3958 6242
429 226 568 294 1479

1682 227 1954 288 ΤΗΕΟΙ).
2001 224 2402 286 BALSAMON

3536 225 3555 286 l
3571 223 3673 288 £80

500 343 749 400 ZONAR.
789 345 844 399 Si
896 344 1015 414 quis
1067 345 1370 414 cpiscopus,
1405 343 1654 414 inquiunt
1687 342 1895 408 Patres,
1929 341 1990 395 sit

2163 340 2405 395 ZQNAP.
2449 338 2577 394 Ἐἀν
2616 337 2940 404 ἐπίσκοπος,
2977 338 3140 407 φασὶν
3173 339 3224 390 οἱ
3250 338 3520 407 Πατέρες,
3543 339 3670 402 ὀξύ·

423 443 490 492 ad
519 436 850 492 iracundiam
881 436 1190 504 proclivior,
1225 435 1514 506 (quamvis
1547 435 1682 490 tales
1711 436 1996 505 episc0pos

424 545 547 584 esse
577 529 983 597 haudquaquam
1013 527 1196 589 deceat
1224 529 1263 596 ),
1304 528 1458 598 isque
1490 530 1772 584 diaconum
1806 543 1997 597 quem-

355 674 358 678 ί
425 623 595 689 piam,
624 629 718 674 aut
767 619 1161 689 presbyterum,
1212 619 1265 673 in
1301 633 1393 674 eos
1429 621 1804 675 vehementius
1849 635 1998 674 com-

426 722 627 776 motus,
654 721 800 762 extra
831 710 1116 764 ecclesiam
1147 710 1347 779 eiiciat,
1370 711 1472 766 hoc
1500 719 1602 775 est,
1630 712 1998 780 segregatione

427 804 654 870 puniat:
689 816 754 855 nc
785 800 871 854 ille
898 812 1141 870 repente,
1195 802 1294 855 hoc
1346 812 1448 863 est,
1484 803 1666 857 subito
1703 811 1756 856 et
1790 802 1998 870 absque

426 908 588 948 causa
619 893 997 948 communione
1042 893 1322 962 privetur,
1351 895 1735 963 providendum
1794 894 1999 949 scilicet

424 995 479 1039 et
505 987 803 1039 curandum
838 995 944 1040 est.
1005 985 1297 1056 Confugiat
1353 1002 1482 1040 vero
1542 987 1610 1052 is,
1663 987 1753 1056 qui
1790 987 1994 1056 ejectus

421 1086 527 1141 est,
560 1077 625 1130 ad
659 1078 1132 1147 metropolitanum
1191 1079 1510 1148 provinciae,
1544 1094 1665 1132 eum
1717 1077 1993 1143 videlicet,

426 1168 515 1224 (υἱ
549 1168 834 1239 episcopus
867 1183 1081 1240 quoque
1117 1169 1205 1225 ille
1231 1180 1419 1225 auctor
1449 1169 1836 1239 segregationis
1866 1169 1995 1222 sub-

420 1263 598 1329 jectus
627 1273 741 1330 cst;
777 1263 1036 1330 illumque
1071 1274 1220 1334 roget
1252 1272 1310 1316 ut
1359 1265 1653 1333 negotium,
1705 1263 1755 1315 id
1790 1259 1995 1315 scilicet

423 1351 568 1420 quod
597 1367 784 1407 contra
817 1355 990 1423 ipsum
1027 1355 1093 1407 ab
1124 1355 1377 1422 episcopo
1408 1367 1587 1408 actum
1628 1362 1733 1420 est,
1766 1353 1994 1422 diligen-

425 1458 507 1498 ter
537 1445 830 1499 examinet.
879 1444 1064 1515 Neque
1093 1461 1219 1500 vero
1269 1456 1361 1500 aut
1406 1446 1673 1514 supplices
1727 1444 1998 1515 negligere

423 1534 505 1587 t'as
529 1542 631 1599 est,
661 1542 753 1588 aut
799 1535 1106 1604 cpiscopus,
1161 1552 1192 1588 ιι
1226 1550 1334 1605 quo
1389 1535 1627 1606 irrogata
1691 1535 1994 1605 segregatio

423 1634 528 1689 est,
558 1640 619 1680 ea
648 1625 1002 1695 inquisitione
1047 1627 1246 1682 olfendi
1280 1668 1294 1691 ,
1335 1627 1464 1696 quin
1508 1628 1560 1681 id
1592 1629 1768 1696 potius
1802 1641 1996 1695 magno

2099 433 2252 502 χολος
2277 428 2332 504 ᾗ,
2367 433 2486 504 ἤτοι
2541 433 2784 502 ὀργίλος,
2817 432 2864 484 εί
2897 432 2990 484 καὶ
3032 431 3132 484 οὐκ
3163 431 3438 500 ἐνδέχεται
3487 431 3670 482 toto-3-

2099 541 2222 586 τους
2253 520 2542 586 εἶναιτοὺς
2578 527 2933 587 ἐπισκόπους,
2964 525 3058 577 καὶ
3089 524 3333 593 κινηθεὶς
3369 525 3451 586 είς
3492 521 3671 592 θυμὸν

2099 615 2240 667 κατά
2274 615 2585 688 διακόνουῆ
2631 615 3007 686 πρεσϐυτέρου
3059 615 3268 687 ἐκϐάλῃ
3315 616 3418 687 τῆς
3466 618 3674 686 ἐκκλη·

2100 705 2222 770 σίας
2254 709 2395 771 τινὰ,
2443 707 2615 778 ᾔγουν
2660 707 2918 780 ἀφορίσῃ,
2957 709 3282 779 προνοητέον
3341 710 3456 780 ἦτοι
3507 727 3678 780 φρον-

2097 797 2328 859 τιστέον,
2393 798 2468 868 μὴ
2523 799 2739 869 ἀθρόον,
2805 800 2976 868 ἤγουν
3029 799 3312 868 αἰφνιδίως
3366 801 3461 852 καὶ
3501 801 3681 870 χωρὶς

2101 890 2326 954 σκοποῦ,
2355 890 2448 944 τὸν
2472 892 2713 945 τοιοῦτον
2742 893 2840 963 τῆς
2868 893 3155 956 κοινωνίας
3182 893 3678 963 ἀποστρεφείσθαι.

2101 984 2513 1053 Καταφευγέτω
2539 984 2595 1037 δὲ
2620 985 2648 1037 6
2680 985 2974 1056 ἐγκληθεὶς
2999 985 3136 1056 πρὸς
3153 987 3246 1038 τὸν
3262 985 3680 1056 μητροπολίτην

2098 1075 2197 1143 τῆς
2259 1076 2552 1147 ἐπαρχίας,
2602 1069 2645 1144 ᾧ
2677 1077 2920 1146 δηλονότι
2988 1077 3274 1131 ὑπόκειται
3322 1077 3351 1128 6
3408 1077 3686 1144 ἀφορίσας

2099 1167 2420 1233 ἐπίσκοπος,
2454 1168 2549 1220 καὶ
2612 1167 2866 1233 ἀξιούτω,
2903 1169 2992 1222 ἵνα
3048 1170 3177 1237 παρ’
3216 1169 3379 1221 αὑτοῦ
3424 1169 3688 1238 ἀκριϐῶς

2103 1257 2366 1329 ἐξετασθῇ
2421 1258 2480 1311 τὸ
2508 1260 2761 1330 πρᾶγμα,
2796 1261 2916 1330 ἦτοι
2947 1263 2982 1331 ἡ
3034 1262 3119 1315 ἐπ’
3170 1262 3315 1332 αὑτῷ
3341 1262 3546 1333 πρᾶξις
3579 1261 3687 1313 τοῦ

2099 1351 2425 1405 ἐπισκόπου.
2472 1351 2547 1404 Οὐ
2579 1352 2685 1422 χρὴ
2740 1352 2848 1422 γὰρ
2879 1353 3227 1425 παρορᾶσθαι
3257 1355 3383 1418 τοὺς
3413 1355 3690 1422 αἰτουμέ-

2101 1458 2248 1506 νους,
2277 1443 2373 1497 καὶ
2401 1442 2584 1513 μηδὲό
2614 1444 2885 1515 ἀφορίσας
2921 1445 3223 1509 ἐπίσκοπος
3253 1447 3647 1514 ἀγανακτείτω
3668 1461 3683 1476 '

2099 1532 2235 1586 ἀλλά
2256 1533 2473 1605 φερέτω
2502 1535 2772 1602 γενναίως
2803 1537 2907 1606 τὴν
2940 1536 3208 1604 ἐξέτασιν,
3257 1538 3345 1591 ἵνα
3376 1539 3409 1608 ἢ
3442 1540 3682 1609 κυρωθῇ

2100 1626 2133 1694 ἡ
2164 1625 2444 1695 ἀπόφασις
2469 1626 2633 1680 αὑτοῦ
2661 1626 2848 1682 δικαία
2872 1627 3031 1693 οὖσα,
3079 1631 3111 1700 ἧ
3168 1630 3460 1700 διορθωθῇ.
3506 1631 3570 1684 Ὀ
3622 1633 3682 1684 δέ

424 1719 609 1773 animo
637 1717 781 1773 ferre
814 1720 998 1784 debcl;
1044 1727 1102 1773 ut
1132 1719 1212 1774 vel
1245 1719 1593 1790 pronuntiata
1628 1720 1918 1784 sententia,
1944 1718 1989 1771 si

2109 1719 2477 1790 ἀφωρισμένος
2507 1719 2608 1771 οὑκ
2639 1719 2847 1787 ὀφείλει
2872 1721 2980 1791 πρὸ
3003 1721 3100 1792 τῆς
3130 1721 3480 1790 διαγνώσεως
3517 1724 3677 1776 ἀναι-

418 1812 566 1882 justa
599 1811 785 1877 fuerit,
816 1816 1207 1869 conﬁrmetur:
1249 1812 1351 1875 vel,
1387 1813 1430 1866 si
1462 1813 1529 1866 ab
1581 1811 1835 1880 aequitate
1882 1811 1994 1865 dis-

423 1903 748 1971 crepaverit,
800 1905 1125 1972 corrigatur.
1152 1903 1254 1970 Qui
1279 1903 1436 1973 503
1464 1918 1589 1958 vero
1617 1905 1993 1974 segregatione

423 1994 714 2049 damnatus
746 2005 848 2059 est,
903 2003 1029 2050 ante
1061 2010 1238 2050 causa:
1292 1997 1654 2065 cognitionem
1707 2012 1775 2051 ne
1822 2011 1880 2051 se
1935 1995 1991 2048 in

423 2085 858 2140 communionem
893 2084 1131 2140 ﬁdelium
1165 2086 1506 2155 impudenter
1536 2087 1793 2142 insinuet.
1838 2087 1993 2152 Quod

427 2174 476 2228 si
511 2174 604 2245 qui
635 2190 700 2230 ex
725 2176 941 2232 clericis
993 2178 1134 2234 illius
1180 2178 1442 2248 episcOpi,
1475 2193 1504 2231 a
1535 2194 1645 2248 quo
1679 2189 1994 2249 segregatus

423 2275 527 2328 est,
559 2266 825 2322 adversus
882 2269 1059 2338 ipsum
1110 2270 1427 2324 insolentius
1473 2270 1650 2326 eﬂ‘erri
1687 2271 1835 2326 illum
1882 2272 1995 2325 aui-

424 2357 833 2424 madverterint,
867 2359 1046 2413 verbis
1071 2374 1192 2414 eum
1211 2361 1603 2426 acerbioribus,
1631 2361 1990 2431 gravioribus,

422 2450 875 2506 vehementiorem
899 2451 1105 2507 scilicet
1122 2451 1548 2523 objurgationem
1570 2455 1991 2520 continentibus,

426 2537 750 2605 detcrquere
780 2552 842 2592 ac
872 2537 1109 2603 ﬂectere,
1141 2540 1242 2594 hoc
1264 2552 1369 2606 est,
1399 2543 1465 2597 ad
1501 2543 1667 2598 animi
1718 2545 1993 2600 remissio-

425 2641 548 2680 nem
606 2629 1022 2700 mudestamque
1074 2632 1464 2700 subjectionem
1500 2650 1756 2690 revocare
1788 2651 1992 2691 conen-

427 2729 515 2771 tur
541 2736 555 2772 :
585 2721 730 2789 quod
763 2723 977 2792 quidem
1008 2738 1122 2788 eos,
1155 2734 1408 2794 tanquam
1443 2729 1697 2796 episcopo
1727 2743 1827 2783 suo
1857 2728 1992 2783 sub-

425 2809 724 2866 scrvientes
784 2827 846 2868 ac
915 2815 1232 2884 morigeros,
1282 2828 1539 2886 priestare
1598 2821 1772 2877 decet.
1834 2822 1993 2878 Sicut

424 2903 594 2967 enim,
634 2904 829 2972 inquit,
860 2907 1100 2976 episcopi
1125 2923 1251 2978 erga
1288 2909 1563 2964 ministros
1582 2927 1735 2977 suos,
1765 2914 1992 2972 clericos

423 2993 696 3059 videlicet,
725 2999 993 3051 sinceram
1023 3000 1186 3053 animi
1213 3000 1551 3057 affectionem
1585 3019 1695 3074 prie
1725 3022 1784 3060 se
1813 3007 1990 3073 ferre,

423 3084 504 3138 sic
538 3083 614 3139 illi
646 3085 879 3141 vicissim
912 3089 1179 3156 episcopis
1204 3090 1569 3145 ministerium
1621 3095 1762 3148 nulla
1811 3104 1996 3151 conta-

421 3177 583 3248 gione
638 3178 743 3231 doli
800 3181 1227 3235 contaminatum
1286 3191 1542 3251 praestare
1588 3186 1804 3240 debent.
1843 3186 1993 3254 Quod

421 3281 599 3326 autem
635 3273 712 3327 ait
757 3288 930 3329 canon
986 3275 1169 3338 licere,
1203 3268 1429 3331 absente
1476 3280 1909 3348 metropolitano,
1943 3282 1993 3337 ei

419 3361 512 3430 qui
543 3374 858 3433 segregatus
880 3371 983 3431 est,
1019 3365 1084 3419 ad
1112 3365 1424 3421 viciniorem
1457 3368 1762 3438 episcopum
1789 3387 1985 3441 provo-

421 3470 567 3522 care,
621 3472 895 3526 nunquam
934 3467 1248 3527 usurpatum
1284 3459 1450 3515 fuisse
1499 3463 1785 3531 existimo;
1821 3469 1990 3522 nostri

420 3557 567 3602 certe
617 3552 875 3619 temporis
905 3551 1240 3606 consuetudo
1273 3569 1378 3607 non
1411 3554 1666 3612 admittit.
1705 3557 1988 3624 Quomodo

2094 1812 2201 1876 δῶς
2229 1812 2514 1882 προσιέναι
2545 1815 2608 1882 τῇ
2672 1813 2952 1884 κοινωνίᾳ.
2993 1814 3118 1866 Ἐὰν
3168 1815 3224 1868 δὲ
3257 1815 3444 1868 ἴδωσιν
3510 1817 3677 1870 αὑτόν

2094 1918 2245 1965 τινες
2289 1903 2400 1955 τῶν
2431 1902 2712 1972 κληρικῶν
2745 1904 2839 1957 τοῦ
2871 1905 3232 1974 ἀφορίσαντος
3254 1907 3423 1960 αὐτὸν
3447 1907 3672 1960 ἐπισκό-

2099 2008 2203 2044 που
2243 1992 2610 2064 ἐπαιρόμενόν
2639 2011 2700 2046 τε
2728 1996 2820 2047 καὶ
2870 1994 3333 2066 ἀλαζονευόμενον
3387 1996 3543 2050 κατά
3576 1998 3659 2050 τοῦ

2094 2083 2461 2153 ἀφορίσαντος
2487 2085 2672 2149 αὑτὸν,
2704 2086 3014 2156 ὀφείλουσιν
3065 2087 3420 2158 ἐπιστρέφειν
3477 2091 3666 2152 αὑτὸν,

2093 2176 2368 2231 τουτέστιν
2391 2177 2472 2241 είς
2491 2179 2821 2232 ταπείνωσιν
2880 2180 3037 2249 ἄγειν
3076 2181 3168 2235 καὶ
3220 2181 3535 2252 ὑποταγὴν,
3586 2202 3674 2236 πι-

2100 2269 2383 2340 κροτέροις
2433 2270 2530 2324 καὶ
2579 2269 2906 2342 βαρυτέροις
2965 2275 3228 2345 ῥήμασιν,
3291 2274 3678 2336 ὀνειδιστικοῐς

2097 2361 2302 2432 δηλαδὴ
2330 2363 2427 2418 καὶ
2458 2362 2949 2428 ἐπεξελευστικοῖςο
2979 2365 3136 2420 τοῦτο
3181 2366 3236 2418 δέ
3286 2369 3466 2420 ποιεῖν
3523 2370 3676 2434 ὀφεί-

2095 2452 2295 2520 λουσιν,
2320 2454 2396 2518 ώς
2422 2454 2833 2525 ὑπηρετοῦντες
2863 2458 2958 2511 καὶ
2992 2458 3361 2522 ὑπακούοντες
3386 2460 3483 2512 τοῦ
3549 2462 3672 2513 ἐπι-

2099 2546 2307 2598 σκόπου
2366 2546 2568 2602 αὐτῶν.
2620 2549 2834 2620 Ὥσπερ
2885 2549 3016 2620 γὰρ,
3049 2551 3204 2621 φησι,
3264 2553 3422 2621 χρέος
3472 2554 3590 2622 ἔχει
3649 2557 3676 2608 ό

2095 2638 2392 2702 ἐπίσκοπος
2418 2638 2794 2694 ἐνδείκνυσθαι
2828 2641 3076 2713 καθαρὰν
3095 2642 3340 2696 διάθεσιν
3367 2645 3505 2713 πρὸς
3542 2649 3674 2709 τοὺς

2096 2729 2395 2800 ὑπηρέτας,
2422 2733 2540 2802 ἦτοι
2572 2731 2698 2796 τοὺς
2725 2733 3020 2803 κληρικοὺς
3051 2735 3243 2799 αὑτοῦ,
3278 2735 3456 2800 οὕτως
3482 2739 3672 2808 ἀρίδη-

2095 2820 2187 2874 λόν
2241 2823 2359 2875 ἐστι
2403 2821 2694 2888 κάκείνους
2747 2823 2988 2892 ὀφείλειν
3043 2826 3141 2891 τὴν
3194 2825 3501 2896 ὑπηρεσίαν
3556 2830 3666 2890 τοῖς

2097 2914 2422 2978 ἐπισκόποις
2452 2913 2637 2968 ἄδολον
2663 2915 2924 2972 ἐκτελεῖν.
2965 2916 3039 2969 Τὸ
3061 2917 3117 2970 δὲ
3145 2916 3326 2986 λέγειν
3353 2919 3437 2972 τὸν
3461 2920 3646 2971 κανόνα

2101 3009 2178 3079 μὴ
2231 3007 2592 3078 ἐνδημοῦντος
2640 3009 2734 3061 τοῦ
2785 3007 3186 3080 μητροπολίτου
3232 3011 3330 3074 τῆς
3391 3010 3649 3080 ἐπαρχίας

2099 3100 2471 3168 καταφεύγειν
2492 3099 2586 3152 τὸν
2622 3100 2986 3169 ἀφορισθέντα
3027 3101 3119 3154 ἐπὶ
3149 3101 3239 3154 τὸν
3259 3102 3652 3173 πλησιόχωρον,

2096 3186 2253 3258 οἶμαι
2279 3190 2548 3260 μηδέποτε
2573 3190 2915 3262 ἐνεργῆσαι,,
2943 3190 3083 3253 τέως
3113 3191 3175 3244 δὲ
3218 3193 3302 3243 νῦν
3330 3195 3387 3243 οὐ
3416 3195 3647 3258 γίνεται.

2097 3282 2221 3344 Πῶς
2245 3282 2356 3351 γὰρ
2378 3284 2506 3353 παρ’
2531 3283 2717 3354 ἐτέρου
2748 3283 3173 3354 μητροπολίτου,
3199 3279 3340 3353 ᾧοῦχ
3357 3283 3634 3336 fin-iacendi

2100 3378 2128 3429 6
2160 3375 2427 3445 ἀφορίσας
2454 3377 2776 3440 ἐπίσκοπος,
2829 3377 3195 3446 πεισθήσεται
3243 3377 3634 3446 δοκιμασθῆναι,

2099 3470 2148 3522 εί
2177 3468 2399 3532 δικαίως
2423 3469 2701 3539 ἀφώρισεν
2753 3471 2786 3539 ἢ
2832 3472 2905 3540 μή
2931 3486 2946 3538 ;
2986 3471 3147 3541 Ζήτει
3175 3473 3268 3524 καὶ
3296 3471 3386 3541 τῆς
3413 3473 3466 3523 ἐν
3498 3473 3640 3541 Καρ-

2100 3562 2304 3632 θαγένη
2331 3563 2530 3616 κανόνα
2555 3560 2660 3618 κθ’.

415 3637 562 3690 enim
597 3639 666 3692 ab
715 3641 882 3696 altero
936 3644 1369 3713 metropolitano,
1423 3647 1510 3700 cui
1557 3648 1832 3716 subjectus
1864 3668 1967 3706 non
2028 3665 2112 3710 est
2165 3657 2454 3726 episcopus
2489 3656 2881 3728 segregationis
2927 3666 3138 3723 auctor,
3175 3658 3240 3711 de
3283 3671 3344 3711 ea
3411 3671 3660 3725 segrega-

422 3731 584 3798 tione,
612 3733 804 3802 jurene
848 3750 916 3789 an
950 3737 1204 3806 injuriam
1252 3739 1464 3796 decreta
1539 3741 1721 3810 fuerit,
1777 3748 2130 3815 quaestionem
2199 3751 2383 3807 haberi
2444 3752 2772 3821 permittat?
2808 3750 2943 3807 Vide
2988 3752 3180 3822 synodi
3221 3753 3667 3822 (Zarthagineusis

417 3840 674 3880 canonem
711 3827 1184 3884 undetricesimltw

416 3939 642 3995 ARIST.
687 3959 705 3992 ι
748 3943 829 3996 Ab
858 3942 1114 3997 iracundo
1148 3946 1554 4013 condemnatus,
1579 3948 1623 4002 si
1661 3950 1863 4005 auxilio
1899 3952 1981 4005 iu-

495 4049 515 4084 ι
555 4034 753 4104 digeat,
787 4035 1082 4089 audiendus
1114 4053 1127 4088 :
1159 4038 1328 4090 donec
1360 4054 1496 4093 vero
1526 4040 1784 4095 auxilium
1817 4044 1987 4113 impe-

495 4142 515 4176 ι
553 4129 792 4190 traverit,
822 4129 1317 4185 excommunicatus
1352 4144 1583 4188 maneat.
1614 4152 1631 4184 ι

490 4216 591 4281 Qui
625 4217 692 4270 ab
716 4216 966 4285 episcopo
998 4219 1065 4272 ad
1101 4221 1235 4272 irani
1265 4220 1487 4274 forsitan
1517 4232 1785 4277 commoto
1811 4239 1989 4295 segre-

419 4319 576 4376 gatur
611 4309 840 4363 clericus
860 4347 877 4374 ,
907 4311 953 4364 si
985 4309 1051 4362 ad
1083 4312 1480 4380 metropolitam
1503 4353 1518 4378 ,
1554 4317 1642 4368 cui
1696 4315 1984 4384 subjicitur

415 4401 724 4472 episcopus,
753 4402 981 4469 accedit,
1019 4411 1074 4455 ut
1110 4406 1501 4474 segregationis
1524 4387 1982 4465 causamexami-

417 4505 546 4560 net;
606 4496 720 4549 sive
748 4509 811 4549 ea
833 4495 978 4565 justa
1027 4495 1137 4562 sit,
1170 4497 1283 4551 sive
1334 4513 1439 4551 non
1483 4499 1592 4564 sit,
1643 4502 1977 4559 admittetur.

415 4589 714 4656 Antequam
749 4598 922 4643 autem
954 4589 1319 4658 examinetur,
1347 4601 1402 4645 et
1437 4603 1617 4648 notum
1643 4596 1714 4650 sit
1750 4612 1816 4650 au
1844 4599 1987 4667 juste

415 4688 727 4750 segregatus
774 4679 935 4734 fuerit
981 4695 1194 4747 necne,
1246 4686 1312 4736 ad
1369 4687 1983 4760 communionemgnou

413 4774 750 4841 admittetur,
777 4775 869 4830 sed
896 4775 949 4829 in
977 4790 1133 4845 pceaa
1164 4778 1420 4834 manebit.

1010 4955 1235 5012 CANON
1279 4957 1394 5014 XV.

424 5068 445 5103 ι
482 5047 540 5104 Si
571 5048 693 5119 quis
713 5049 996 5119 episcopus
1038 5066 1103 5106 ex
1163 5051 1266 5104 alia
1312 5052 1548 5122 paraecia
1592 5053 1719 5109 velit
1757 5055 1988 5112 alienum

498 5161 518 5194 ι
556 5142 882 5207 ministrum,
918 5136 1032 5196 sine
1075 5157 1335 5197 consensu
1385 5145 1584 5213 proprii
1623 5148 1891 5216 episcOpi,
1937 5149 1990 5202 in

499 5254 517 5286 ι
552 5237 730 5304 aliquo
760 5237 923 5304 gradu
953 5238 1317 5301 constituere;
1351 5235 1504 5290 irrita
1528 5247 1581 5291 et
1615 5239 1823 5292 inlirma
1854 5241 1990 5308 ejus-

495 5344 513 5375 ι
549 5327 690 5381 modi
716 5327 1032 5380 constitutio
1059 5327 1418 5381 existimetur.
1461 5327 1516 5382 Si
1565 5329 1654 5396 qui
1682 5340 1856 5384 autem
1888 5334 1988 5385 huc

491 5435 510 5468 ι
546 5417 646 5471 sibi
678 5419 806 5487 ipsis
832 5419 1193 5488 permiserint,
1224 5436 1255 5473 a
1303 5418 1563 5474 fratribus
1583 5431 1632 5476 et
1660 5424 1989 5493 coepiscopis

489 5526 506 5557 ι
542 5515 596 5560 et
622 5509 898 5564 admoneri
932 5522 985 5565 et
1018 5511 1214 5581 corrigi
1245 5509 1456 5567 debent.
1478 5511 1674 5568 Omnes
1697 5514 1943 5568 dixerunt
1970 5532 1984 5569 :

498 5616 516 5648 ι
553 5596 662 5652 Hoc
711 5615 920 5672 quoque
969 5605 1263 5677 decretum
1303 5613 1410 5661 stet
1457 5605 1668 5661 ﬁrmum
1698 5614 1752 5663 et
1789 5606 1983 5662 immo-

493 5707 514 5742 ι
550 5688 672 5746 bile.
713 5709 731 5742 ›

2089 3933 2310 3987 ΑΡΙΣΤ.
2374 3949 2394 3983 ι
2447 3931 2505 3984 '0
2568 3933 2701 4001 παρ’
2741 3931 2996 4003 ὀξυχόλου
3027 3931 3382 4000 κακοὶκριτος,
3437 3933 3668 3984 ἐπικου-

2168 4044 2184 4077 ι
2238 4026 2353 4096 ρίας
2377 4024 2652 4094 δεόμενος,
2705 4025 2803 4077 οὑκ
2833 4026 3082 4095 ἀνήκοος.
3119 4026 3281 4094 ’Δχρι
3311 4025 3369 4077 δὲ
3398 4026 3498 4095 τῆς
3534 4027 3668 4077 ἐπι-

2167 4141 2184 4173 ι
2234 4120 2459 4190 κουρίας
2488 4120 2690 4192 δηλαδὴ
2722 4121 3104 4189 ἀκοινώνητος.
3141 4137 3161 4172 ι

2169 4216 2228 4270 Ὀ
2259 4215 2388 4284 παρ’
2423 4215 2717 4291 ἐπισκόπου
2749 4216 2828 4278 είς
2857 4215 3026 4285 θυμὸν
3047 4215 3121 4277 ὡς
3147 4214 3305 4285 ἔτυχε
3337 4216 3679 4286 κινουμένου

2091 4309 2417 4379 ἀφορισθεὶς
2448 4308 2729 4379 κληρικὸς,
2755 4310 2799 4358 εἰ
2823 4307 3094 4378 προσέλθῃ
3125 4307 3202 4374 τῷ
3221 4309 3600 4380 μητροπολίτῃ

2087 4402 2114 4452 ὀ
2146 4401 2441 4463 ἐπίσκοπος
2471 4400 2775 4464 ὑπόκειται,
2803 4398 2895 4451 ἐπὶ
2924 4399 2984 4451 τὸ
3011 4398 3267 4465 ἐξετάσαι
3325 4401 3424 4470 τὴν
3479 4404 3684 4457 αὲτίαν

2085 4493 2179 4546 τοῦ
2226 4493 2553 4564 ἀφορισμοῦ,
2601 4493 2710 4544 εἴτε
2767 4490 2987 4559 εύλογός
3045 4493 3212 4555 ἐστιν,
3260 4493 3368 4546 είτε
3419 4495 3512 4546 καὶ
3554 4497 3686 4566 μὴν

2093 4582 2564 4654 παραδεχθήσεται
2591 4598 2606 4613 ο
2645 4581 2751 4652 πρὸ
2773 4581 2830 4634 δὲ
2861 4581 2954 4634 τοῦ
3003 4581 3359 4653 ἐξετασθῆναι
3395 4587 3487 4637 καὶ
3547 4585 3684 4639 δια-

2090 4676 2422 4746 γνωσθῆναι,
2457 4676 2567 4729 εἴτε
2599 4674 2779 4739 καλῶς
2801 4674 3112 4745 ἀφωρίσθη,
3159 4676 3271 4729 εἴτε
3318 4678 3411 4728 καὶ
3449 4680 3558 4746 μὴ,
3611 4683 3684 4732 οὐ

2089 4767 2563 4840 παραδεχθὴσεται
2583 4769 2664 4832 είς
2685 4768 2993 4836 κοινωνίαν,
3029 4768 3146 4821 ἀλλ’
3195 4770 3255 4822 ἐν
3283 4768 3362 4838 τῷ
3398 4771 3686 4843 ἐπιτιμίῳ

2085 4861 2256 4918 ἔσται.

2693 4955 2930 5011 ΚΑΝΩΝ
2962 4955 3065 5011 IE’.

2105 5069 2123 5102 ι
2162 5050 2227 5103 Εἴ
2247 5067 2330 5113 τις
2367 5049 2663 5111 ἐπίσκοπος
2706 5048 2764 5113 ἐξ
2818 5048 3006 5118 ἐτέρας
3069 5050 3362 5119 παροικίας
3417 5049 3672 5122 βευληθῇ

2174 5160 2192 5191 ι
2226 5138 2502 5210 ἀλλότριον
2538 5140 2816 5210 ὑπηρέτην
2850 5141 3017 5209 χωρὶς
3055 5141 3155 5208 τῆς
3203 5141 3674 5209 συγκαταθέσεως

2170 5253 2187 5284 ι
2222 5233 2317 5286 τοῦ
2346 5233 2475 5286 ίδίου
2506 5232 2802 5284 ἐπισκόπου
2831 5233 2908 5294 εἰς
2926 5249 3044 5284 τινα
3067 5232 3273 5300 βαθμὸν
3295 5233 3680 5303 καταστῆσαι,

2173 5341 2190 5373 ι
2231 5323 2433 5393 ἄκυρος
2463 5323 2555 5376 καὶ
2587 5320 2840 5383 ἀϐέϐαιος
2883 5324 2914 5390 ὴ
2965 5322 3186 5392 τοιαύτη
3241 5323 3271 5392 ἡ
3320 5322 3686 5387 καοάετασις

2171 5431 2190 5464 ι
2233 5413 2525 5483 νομίζοιτο.
2565 5413 2629 5465 Εἴ
2659 5429 2800 5475 τινες
2828 5411 2871 5463 δ’
2904 5414 2968 5466 ἂν
3001 5412 3160 5466 τοῦτο
3183 5414 3383 5474 ἑαυτοῖς
3435 5413 3684 5483 ἐπιτρέο

2165 5525 2183 5558 ι
2225 5506 2420 5577 ψειαν,
2459 5507 2610 5576 παρὰ
2648 5505 2756 5557 τῶν
2802 5505 3044 5574 ἀδελφῶν
3095 5504 3190 5557 καὶ
3239 5503 3691 5561 συνεπισκόπων

2171 5621 2189 5653 ι
2223 5602 2316 5654 καὶ
2342 5599 2852 5670 ὑπομιμνήσκεσθαι
2891 5599 2985 5651 καὶ
3020 5597 3367 5667 διορθοῦσθαι
3409 5597 3696 5665 ὀφείλου-

2167 5713 2184 5746 ι
2224 5711 2332 5747 σιν.
2367 5693 2640 5758 ’Δπαντες
2673 5693 2925 5764 εἰρήκασι
2950 5709 2962 5722 ·
2983 5693 3093 5744 Καὶ
3115 5688 3269 5755 οὗτος
3288 5692 3315 5744 6
3335 5693 3459 5762 ὅρος
3479 5692 3696 5759 στήτω

2168 5805 2191 5844 ι
2221 5785 2540 5850 ἀσάλευτος.
2574 5803 2596 5840 ι
