3958 6242
332 222 469 289 1481

1461 217 1543 279 ΙΝ
1571 216 1738 280 CAN.
1775 214 1908 280 XVI
1937 213 2146 278 CONC.
2181 217 2486 279 SARDIC.

3406 217 3542 282 1482

384 336 584 393 ΒΔΛΣ.
627 333 684 388 '0
722 329 785 397 ιζ’
846 331 1027 387 κανὼν
1088 334 1188 404 τῆς
1236 333 1403 404 ἕκτης
1449 334 1692 400 συνόδου,
1732 348 1895 404 μετα-

2069 333 2263 392 BALS.
2292 334 2568 404 Septimus
2596 333 2837 389 decimus
2867 346 3040 389 canon
3068 341 3234 388 sextae
3261 331 3450 402 synodi
3476 327 3566 402 qui

316 430 642 499 γενέστερος
665 424 764 491 ὢν,
793 423 1176 495 καθαιρεῖσθαι
1210 423 1508 495 διορίζεται
1532 425 1624 478 καὶ
1651 424 1777 486 τοὺς
1803 422 1894 476 δεσ·

2033 435 2082 480 st
2107 426 2395 492 recentior,
2431 425 2584 497 jubet
2608 439 2702 482 eos
2733 425 2927 495 deponi
2983 433 3036 480 et
3093 425 3182 495 qui
3218 434 3572 494 susceperunt

321 521 589 590 ξαμένους
621 516 716 569 καὶ
745 516 870 577 τοὺς
901 513 1213 584 δεχθέντας.
1250 514 1547 582 Ἀνάγνωθι
1578 514 1791 583 καὶτῆς
1833 515 1894 566 ἐν

2035 526 2054 572 ι
2088 518 2180 599 qui
2207 518 2443 587 suscepti
2477 525 2621 574 sunt.
2661 517 2805 588 Lege
2838 526 2893 572 et
2924 515 3153 572 Nicaeum
3184 517 3376 588 synodi
3407 531 3572 574 cano-

321 609 528 681 Νικαία
563 606 782 661 συνόδου
811 605 1014 660 κανόνα
1048 603 1150 672 ις’,
1184 605 1283 677 τῆς
1334 606 1392 659 ἐν
1444 604 1774 676 Καρθαγένῃ
1820 603 1893 658 νδ⁹

321 702 414 755 καὶ
436 705 485 766 ιιι
517 696 656 769 (80).

390 793 639 847 ΖΩΝΑΡ.
675 792 812 862 Περὶ
841 791 1034 845 τούτου
1063 789 1160 844 καὶ
1184 791 1213 844 ὁ
1237 788 1313 855 ις’
1339 786 1522 843 κανὼν
1565 789 1664 859 τῆς
1708 789 1896 862 ἐνλΝι-

319 885 455 954 καίᾳ
488 883 717 955 πρώτης
749 860 992 949 συνόδου,
1027 883 1123 938 καὶ
1152 884 1179 936 ὁ
1215 880 1281 946 ιζ’
1303 882 1400 950 τῆς
1431 887 1483 946 ς’
1516 860 1898 946 συνόδουίκαὶ

317 977 346 1029 ὁ
372 977 468 1046 τῆς
500 977 560 1029 ἐν
591 973 924 1048 Καρθαγένῃ
948 974 1020 1028 νδ¹
1044 974 1139 1027 καὶ
1191 976 1241 1040 L,’
1273 972 1635 1041 διαλέγονται,
1669 971 1758 1025 ἵνα
1817 971 1894 1042 μή

317 1085 404 1130 τις
428 1067 734 1130 ἐπίσκοπος
763 1069 952 1138 ἐτέρου
981 1065 1282 1120 ἐπισκόπου
1327 1064 1587 1134 κληρικὸν
1645 1065 1894 1136 δέχηται,

320 1157 352 1226 ἢ
386 1158 667 1227 χειροτονῇ
702 1156 866 1208 αὑτὸν
899 1156 979 1219 είς
1007 1155 1232 1227 μείζονα
1272 1155 1527 1224 προάγων
1552 1153 1782 1224 βαθμόν.
1832 1155 1896 1207 Εἰ

319 1248 377 1301 δὲ
403 1248 795 1319 χειροτονήσει,
822 1247 1026 1318 ἄκυρος
1061 1249 1094 1318 ἡ
1123 1247 1430 1318 χειροτονία
1469 1247 1576 1315 εῖη,
1633 1247 1684 1298 εί
1733 1245 1810 1317 μὴ
1866 1245 1895 1297 ὁ

320 1337 587 1409 πρότερος
616 1340 918 1404 ἐπίσκοπος
944 1340 1036 1393 τοῦ
1065 1339 1330 1410 κληρικοῦ
1384 1339 1596 1392 ἐκείνου
1627 1337 1898 1410 ἐπιτρέψῃ

320 1428 421 1496 τὴν
449 1430 806 1499 χειροτονίαν.
845 1431 908 1483 Ol
953 1429 1010 1482 δὲ
1047 1428 1206 1482 τοῦτο
1233 1430 1447 1494 ἐαυτοῖς
1483 1427 1895 1500 ἐπιτρέψαντες,

319 1518 567 1573 τουτέστι
591 1521 650 1573 τὸ
681 1519 1071 1574 οἰκειώσασθαι
1114 1519 1148 1592 ἢ
1179 1519 1276 1574 καὶ
1303 1523 1682 1592 χειροτονῆσαι
1740 1520 1897 1574 ἀλλό-

321 1629 477 1684 τριον
504 1611 790 1683 κληρικδν,
841 1613 1150 1683 ὀφείλουσιν
1200 1613 1720 1683 ύπομιμνήσκεσθαι
1768 1613 1900 1684 περὶ

319 1705 514 1758 τούτου
539 1706 636 1758 καὶ
666 1703 1015 1776 διορθοῦσθαι
1043 1704 1192 1776 παρὰ
1216 1703 1327 1758 τῶν
1371 1704 1616 1773 ἀδελφῶν
1645 1705 1738 1757 καὶ
1768 1720 1895 1757 συν·
1923 1689 1971 1751 Β

320 1797 660 1852 επισκόπων.
706 1797 764 1850 Ὀ
791 1796 846 1849 δὲ
873 1792 936 1849 ιλ⁹
965 1793 1146 1850 κανὼν
1178 1793 1276 1865 τῆς
1329 1791 1383 1860 ς’
1437 1794 1679 1861 συνόδου,
1728 1811 1895 1866 μετα-

320 1886 651 1954 γενεστέρας
689 1884 857 1955 οὔσης
887 1884 1038 1954 παρὰ
1083 1882 1290 1952 ταύτην
1314 1882 1414 1952 τὴν
1473 1881 1710 1947 σύνοδον,
1765 1883 1895 1946 τοὺς

318 1974 509 2026 ἔκτοτε
561 1972 731 2044 χωρὶς
789 1970 1020 2042 γνώμης
1081 1972 1174 2025 τοῦ
1217 1971 1420 2024 οἰκείου
1465 1970 1766 2024 ἐπισκόπου
1813 1973 1896 2035 είς

319 2063 514 2132 ἑτέραν
550 2062 1006 2134 μεταχωροῦντας
1036 2062 1335 2132 ἐκκλησίαν
1372 2061 1756 2133 καθαιρεῖσθαι
1806 2077 1897 2115 κε-

319 2161 486 2227 λεύει,
520 2161 768 2223 καὶτοὺς
809 2158 1244 2229 ὑποδεξαμένους
1285 2156 1506 2222 αὐτούς.

322 2337 548 2396 ΑΡΙΣΤ.
597 2354 615 2389 ι
656 2335 761 2389 Τὸν
792 2335 1074 2405 ἀλλότριον
1119 2332 1399 2404 ὑπηρέτην
1455 2331 1736 2402 ἀλλότριος
1777 2331 1899 2402 δίχα

393 2447 411 2481 ι
444 2429 542 2497 τῆς
572 2427 782 2480 ἐκείνου
822 2426 1050 2496 γνώμης
1099 2424 1384 2496 ἐμϐαθμον
1415 2423 1680 2486 καθιστὰς
1715 2422 1900 2476 καθίσ-

399 2538 418 2572 ι
455 2537 633 2590 τησιν,
673 2519 788 2573 ἀλλ’
815 2518 1086 2572 ἀϐέϐαιον.
1113 2535 1130 2567 ι

396 2697 471 2750 Ού
501 2697 583 2750 δεῖ
629 2695 930 2751 ἐπίσκοπον
963 2695 1246 2766 ἀλλότριον
1281 2694 1550 2765 κληρικδν
1597 2693 1902 2765 παραδέχε-

323 2789 468 2854 σθαι,
501 2787 594 2842 καὶ
643 2791 725 2851 είς
758 2787 969 2858 βαθμόν
987 2804 1110 2841 τινα
1141 2787 1358 2841 τάττειν
1391 2786 1554 2840 αὐτὸν
1603 2785 1727 2838 ἄνευ
1760 2784 1903 2854 γνώ-

322 2897 430 2950 μης
461 2880 553 2932 τοῦ
585 2879 715 2933 ἰδίου
751 2880 1075 2934 ἐπισκόπου.
1113 2880 1175 2933 Εἰ
1203 2878 1258 2931 δέ
1301 2895 1396 2942 τις·
1431 2877 1592 2932 τοῦτο
1649 2879 1900 2948 ποιήσει,

319 2972 414 3024 καὶ
444 2971 534 3023 τὸν
564 2971 851 3040 ἀλλότριον
875 2973 934 3024 ἐν
956 2972 1035 3042 τῷ
1069 2972 1184 3042 ἰδίῳ
1217 2972 1408 3041 κλήρῳ
1459 2971 1866 3039 ἐγκαταστήσει
1885 2979 1899 3000 ⁵

319 3061 519 3131 ἄκυρος
575 3062 671 3116 καὶ
731 3063 988 3127 ἀϐέϐαιος
1035 3066 1069 3134 ἡ
1125 3062 1352 3134 τοιαύτῃ
1405 3061 1558 3117 ἔσται
1619 3061 1896 3116 κατάστα-
1927 3043 2039 3155 ΟΞ

322 3170 428 3216 σις.

912 3247 1152 3301 ΚΑΝΩΝ
1184 3248 1301 3316 ις’.

327 3359 344 3392 ι
399 3339 606 3402 Ἀέτιος
636 3338 942 3402 ἐπίσκοπος
967 3335 1121 3394 εἷπεν
1143 3356 1158 3371 ο
1196 3341 1311 3393 Οὐκ
1339 3342 1583 3408 ἀγνοεῖτε
1623 3341 1783 3394 ὁποία
1808 3342 1903 3396 καὶ

407 3447 425 3480 ι
467 3429 674 3499 πηλίκη
708 3430 968 3497 τυγχάνει
1000 3430 1033 3497 ὴ
1078 3427 1187 3481 τῶν
1220 3429 1669 3483 Θεσσαλονικέων
1697 3432 1900 3502 μητρό-

401 3539 420 3572 ι
458 3520 631 3580 πολις.
659 3517 928 3580 Πολλάκις
954 3518 1248 3586 τοιγαροῦν
1275 3518 1354 3581 εἰς
1375 3519 1546 3589 αὐτὴν
1572 3520 1678 3573 ἀπὸ
1699 3521 1900 3590 ἐτέρων

403 3629 421 3661 ι
462 3610 743 3678 ἐπαρχιῶν
783 3608 1151 3678 πρεσϐύτεροι
1204 3609 1298 3660 καὶ
1376 3609 1616 3662 διάκονοι
1664 3612 1901 3682 παραγί-

408 3721 426 3754 ι
463 3717 669 3768 νονται,
702 3701 800 3754 καὶ
853 3700 956 3752 οὐκ
1002 3698 1335 3770 ἀρκούμενοι
1374 3698 1606 3771 βραχέος
1651 3700 1896 3772 διαγωγῇ

409 3815 426 3846 ι
464 3795 682 3866 χρόνου,
710 3793 1130 3862 ὲναπομένουσι,
1168 3792 1264 3844 καὶ
1290 3792 1511 3846 ἅπαντα
1569 3793 1660 3846 τὸν
1710 3793 1898 3864 χρόνον

408 3905 425 3937 ι
459 3884 648 3939 αὐτόθι
704 3881 988 3946 ποιοῦντες
1029 3880 1387 3950 διατελοῦσιν,
1458 3882 1491 3953 ἢ
1548 3882 1702 3953 μόλις
1759 3885 1900 3954 μετά

409 3997 427 4029 ι
465 3977 722 4029 πλεῖστον
761 3975 951 4046 χρόνον
986 3977 1066 4039 είς
1093 3975 1192 4039 τάς
1225 3974 1437 4028 ἐαυτῶν
1467 3975 1752 4030 ἐπανιέναι
1801 3978 1898 4031 ὲκ-

413 4087 430 4119 ι
469 4066 701 4138 κλησίας
729 4066 1153 4134 ἀναγκάζονται.
1197 4066 1334 4137 Περὶ
1371 4065 1583 4119 τούτων
1640 4066 1734 4120 οὖν
1778 4068 1896 4138 dp:-

403 4179 419 4211 ι
460 4161 634 4212 στέον.
671 4160 857 4222 Ὀσιος
891 4158 1190 4221 ἐπίσκοπος
1231 4155 1422 4211 εἶπεν·
1459 4151 1617 4211 Οὗτοι
1658 4160 1708 4212 οι
1757 4159 1894 4228 ὅροι,

406 4272 422 4304 ι
459 4253 509 4305 οἳ
538 4254 631 4305 καὶ
661 4252 752 4306 ἐπὶ
808 4252 917 4305 τῶν
958 4250 1278 4304 ἐπισκόπων
1326 4250 1642 4320 ὡρισμένοι,
1695 4249 1898 4319 φυλατ-

410 4367 426 4400 ι
468 4347 750 4401 τέσθωσαν
775 4347 870 4400 καὶ
914 4344 1009 4396 ἐπὶ
1036 4342 1242 4396 τούτων
1273 4341 1382 4395 τῶν
1421 4341 1750 4412 προσώπων.

401 4438 593 4492 ΒΑΛΣ.
626 4437 738 4490 Καὶ
759 4431 912 4498 οὗτος
938 4435 966 4487 ὁ
996 4433 1177 4487 κανὼν
1212 4435 1342 4504 περὶ
1368 4432 1476 4486 τῶν
1530 4434 1895 4506 μετατιθεμέ-

329 4547 434 4583 νιιίν
460 4529 742 4601 κληρικῶν
771 4527 881 4580 ἀπὸ
921 4527 1131 4589 πόλεως
1159 4527 1238 4589 εἰς
1269 4524 1428 4578 πόλιν
1458 4525 1651 4596 ἑτέραν
1709 4526 1895 4596 διαγο-

332 4622 503 4691 ρεύει.
534 4620 646 4673 Καὶ
675 4616 950 4686 ἀνάγνωθι
978 4617 1047 4670 τὰ
1092 4615 1222 4686 περὶ
1248 4614 1468 4678 τούτους
1515 4617 1796 4687 γραφέντα
1838 4617 1897 4669 ἐν

329 4713 606 4782 διαφόροις
636 4712 851 4767 κανόσι.

407 4805 654 4860 ΖΩΝΑΡ.
689 4803 798 4857 Καὶ
831 4795 986 4865 οὗτος
1012 4801 1040 4852 ὁ
1071 4800 1260 4854 κανὼν
1303 4800 1433 4871 περὶ
1472 4799 1582 4853 τῶν
1616 4799 1900 4870 μετατιθει-

333 4897 508 4970 μένων
549 4895 828 4966 κληρικῶν
859 4894 969 4948 ἀπὸ
1015 4893 1224 4956 πόλεως
1257 4895 1338 4956 είς
1376 4893 1532 4946 πόλιν
1557 4894 1752 4964 ἐτέραν
1782 4893 1899 4949 δια-

329 4990 567 5061 γορεύει,
600 4991 782 5046 καὶτὰ
812 4991 912 5062 ἤδη
949 4990 1075 5061 περὶ
1094 4989 1273 5042 αὐτῶν
1301 4987 1584 5060 ὡρισμένα
1612 4990 1898 5060 τηρεῖσθαι

329 5083 721 5139 διακελεύεται.

2001 625 2123 666 nem
2157 610 2246 678 t6,
2280 609 2726 679 Carthagineusis
2748 623 2985 665 canones
3010 607 3078 663 64
3102 617 3156 662 et
3189 609 3283 663 90.

2075 789 2327 846 ZONAh‘.
2361 790 2474 846 Hac
2505 790 2570 845 de
2597 806 2655 844 re
2675 767 3137 858 Nicmnae‘quoquqe
3162 774 3347 859 prima!
3376 790 3570 858 synodi

2002 899 2184 940 canon
2213 884 2456 939 decimus
2509 888 2733 947 sextus,
2773 889 2828 936 et
2886 890 3054 936 sexta:
3106 880 3294 949 synodi
3333 880 3574 936 decimus

2000 977 2283 1047 septimus,
2308 985 2364 1032 et
2389 974 2832 1045 Carthaginensis
2853 971 3333 1042 quinquagesimus
3349 981 3574 1042 quartus

2000 1079 2056 1125 ct
2086 1069 2465 1139 nonagesimus
2499 1068 2793 1122 disserunt.
2824 1065 2926 1132 Qui
2951 1064 3171 1134 quidem
3205 1078 3235 1117 a
3257 1078 3576 1132 quocunque

2001 1163 2253 1233 episcopo
2273 1162 2496 1218 alterius
2517 1161 2752 1232 episcopi
2793 1159 3054 1214 clericum
3103 1155 3318 1212 admitti
3348 1194 3362 1221 ,
3411 1164 3577 1224 atque

2003 1258 2073 1313 ab
2093 1271 2158 1313 eo
2184 1257 2250 1312 ad
2282 1256 2529 1312 altiorem
2554 1254 2764 1310 ordinis
2782 1253 3007 1323 gradum
3041 1247 3347 1319 promoveri
3367 1255 3576 1301 vetant.

2003 1349 2082 1406 Ac
2105 1349 2150 1405 si
2179 1350 2322 1419 quis,
2358 1348 2467 1402 nisi
2499 1346 2658 1416 primi
2687 1342 2951 1414 episcopi,
2976 1341 3134 1410 cujus
3161 1353 3192 1394 e
3229 1339 3433 1394 ditione
3461 1336 3577 1393 cle-

2003 1440 2149 1496 ricus
2175 1446 2277 1506 est,
2320 1437 2579 1493 facultate
2608 1434 2978 1490 intercedente
3010 1470 3025 1495 ,
3059 1437 3341 1500 promotus
3371 1425 3574 1489 fuerit,

2005 1530 2344 1586 collationem
2389 1529 2508 1599 ejus
2553 1526 2764 1584 ordinis
2810 1523 3023 1579 irritam
3077 1534 3201 1576 esse
3257 1519 3577 1574 decernunt.

2003 1623 2106 1690 Qui
2137 1637 2269 1678 vero
2290 1621 2390 1677 sibi
2422 1621 2526 1675 hoc
2554 1616 2940 1690 permiserint,
2966 1622 3024 1668 ut
3054 1612 3138 1667 vel
3186 1611 3422 1666 alienum
3466 1607 3580 1662 cle-

2000 1715 2171 1770 ricum
2204 1713 2310 1768 sibi
2339 1711 2639 1776 vindicent,
2673 1707 2757 1762 vel
2783 1707 2957 1761 eidem
2999 1703 3395 1759 ecclesiasticos
3431 1697 3580 1755 ordio

2001 1821 2098 1862 nes
2131 1805 2414 1861 conferant
2437 1842 2454 1868 ,
2486 1816 2547 1858 ea
2575 1803 2641 1856 de
2672 1815 2733 1854 re
2761 1813 2793 1853 a
2833 1795 3095 1852 fratribus
3145 1803 3200 1850 et
3246 1790 3578 1860 coepiscopis

2001 1895 2280 1954 admoneri
2306 1905 2362 1951 et
2389 1891 2585 1960 corrigi
2621 1890 2835 1945 debent.
2870 1888 3050 1944 Sextae
3073 1899 3203 1940 vero
3225 1882 3439 1954 synodi,
3457 1895 3581 1951 qum

2002 1991 2105 2046 bac
2134 1989 2400 2058 posterior
2429 1984 2551 2051 fuit,
2594 1982 2836 2038 decimus
2869 1979 3130 2049 septimus
3160 1991 3356 2042 canon,
3391 1975 3484 2042 qui
3510 1987 3578 2027 ex

2003 2097 2068 2138 eo
2095 2091 2333 2151 tempore
2359 2079 2566 2146 absque
2599 2073 2839 2145 episcopi
2871 2072 2955 2128 sui
3008 2069 3267 2126 facultate
3317 2067 3369 2122 in
3416 2066 3576 2120 aliam

2005 2173 2289 2230 ecclesiam
2343 2168 2703 2232 transierint,
2776 2164 2984 2233 quique
3041 2168 3302 2231 praeterea
3358 2155 3578 2212 eosdem

2007 2263 2328 2333 receperint,
2365 2259 2739 2329 segregatione
2789 2252 3098 2310 multandos
3152 2264 3272 2306 esse
3308 2246 3574 2302 decernit.

2007 2353 2236 2413 ARIST.
2277 2371 2296 2406 ι
2333 2353 2579 2406 Alienum
2604 2350 2916 2404 ministrum
2938 2385 2953 2411 ,
2989 2344 3034 2399 si
3070 2342 3276 2398 alienus
3323 2338 3458 2394 citra
3513 2336 3580 2392 il-

2087 2469 2106 2503 ι
2141 2448 2250 2502 lius
2281 2443 2521 2515 episcopi
2548 2454 2872 2497 consensum
2927 2437 2980 2491 in
3009 2435 3188 2503 aliquo
3232 2432 3400 2501 gradu
3449 2442 3580 2484 cena

2087 2557 2105 2592 ι
2145 2540 2354 2600 stituat,
2384 2533 2664 2591 constituit
2689 2530 2931 2602 quidem,
2962 2530 3056 2584 sed
3080 2523 3353 2582 ordinatio
3381 2530 3465 2578 est
3498 2521 3580 2576 in-

2087 2650 2108 2685 ι
2147 2631 2342 2685 valida.
2387 2647 2404 2680 ι

2080 2724 2196 2780 Non
2222 2729 2436 2792 oportet
2473 2720 2788 2788 episcopum
2835 2716 3071 2771 alienum
3124 2710 3380 2766 clericum
3435 2706 3580 2762 reci-

2015 2833 2164 2890 pere,
2197 2809 2250 2872 e't
2279 2816 2334 2871 in
2371 2815 2551 2883 aliquo
2577 2811 2746 2881 gradu
2783 2824 2904 2864 eum
2959 2805 3252 2868 collocare,
3297 2804 3412 2856 sine
3455 2814 3582 2868 pro-

2011 2912 2112 2983 prii
2140 2909 2377 2981 episcopi
2410 2906 2706 2961 voluntate.
2740 2902 2796 2956 Si
2837 2899 2955 2971 quis
2983 2905 3162 2952 autem
3213 2895 3317 2950 hoc
3350 2891 3578 2956 fecerit,

2013 3017 2068 3064 et
2097 3003 2328 3059 alienum
2355 3001 2409 3055 in
2444 3012 2539 3053 sua
2563 2995 2804 3051 Ecclesia
2831 2990 3193 3056 constituerit,
3221 2986 3376 3043 irrita
3409 2992 3463 3042 et
3494 2983 3580 3039 in-

2028 3101 2163 3155 irma
2201 3095 2305 3152 erit
2334 3087 2638 3149 istiusmodi
2667 3085 3011 3144 constitutio.

2485 3267 2646 3342 504
2667 3264 2894 3325 canon
2934 3264 3070 3320 xvr.

2009 3389 2027 3422 ι
2070 3369 2260 3426 Aetius
2291 3365 2578 3435 episcOpus
2607 3362 2745 3417 dixit
2779 3379 2792 3414 :
2831 3360 2947 3415 Non
2986 3357 3248 3426 ignoratis
3277 3351 3578 3422 cujusmodi

2077 3479 2097 3512 ι
2138 3469 2191 3514 et
2224 3469 2425 3530 quanta
2486 3457 2556 3511 sit
2611 3451 3180 3509 Thessalonicensium
3237 3445 3577 3517 metropolis.

2087 3572 2104 3604 ι
2147 3553 2301 3621 Saepe
2330 3551 2514 3619 itaque
2543 3547 2610 3602 ad
2651 3561 2770 3601 eam
2795 3561 2861 3600 ex
2887 3544 3006 3598 aliis
3033 3541 3326 3613 provinciis
3359 3539 3580 3611 presby-

2084 3665 2102 3698 ι
2141 3645 2242 3701 teri
2271 3653 2326 3698 et
2358 3640 2569 3700 diaconi
2610 3640 2909 3703 accedunt;
2963 3643 3020 3690 et
3073 3633 3254 3689 brevis
3319 3628 3580 3699 temporis

2079 3753 2096 3786 ι
2139 3747 2289 3787 mora
2324 3746 2430 3786 non
2460 3729 2700 3785 contenti
2723 3766 2737 3791 ,
2777 3732 3116 3795 permanent,
3152 3730 3206 3775 et
3232 3735 3393 3774 omne
3441 3725 3581 3772 tem-

2083 3844 2103 3878 ι
2140 3839 2243 3896 pus
2271 3823 2380 3878 illic
2413 3828 2636 3891 agentes
2666 3818 3014 3886 transigunt;
3074 3814 3158 3866 vel
3220 3813 3306 3864 vix
3362 3810 3578 3864 tandem

2085 3939 2105 3973 ι
2145 3927 2267 3992 post
2289 3915 2579 3988 plurimum
2607 3923 2817 3982 tempus
2841 3910 2893 3964 in
2918 3921 3045 3962 suas
3085 3903 3346 3961 ecclesias
3381 3902 3578 3955 reverti

2080 4031 2098 4066 ι
2138 3991 2424 4082 coguntur.
2457 4005 2535 4061 De
2577 4005 2643 4060 iis
2699 4016 2830 4074 ergo
2876 3996 3241 4054 deﬁniendum
3279 4004 3381 4050 est.
3415 3991 3579 4048 Osius

2079 4124 2097 4158 ι
2139 4103 2423 4174 episcopus
2458 4097 2592 4154 dixit
2622 4112 2637 4151 :
2677 4095 2750 4149 Ea
2777 4095 3018 4158 decreta,
3050 4105 3168 4161 qua:
3198 4086 3266 4143 de
3311 4085 3578 4156 episcopis

2077 4214 2095 4248 ι
2131 4191 2425 4250 constituta
2456 4195 2604 4256 sunt,
2630 4193 2914 4243 serventur
2958 4181 3122 4238 etiam
3168 4178 3222 4234 in
3273 4174 3577 4247 bujusmodi

2077 4305 2096 4339 ι
2132 4281 2404 4354 personis.
2446 4296 2465 4331 ι

2075 4461 2269 4521 BALS.
2308 4459 2406 4517 llic
2435 4471 2647 4528 quoque
2674 4469 2846 4511 canon
2877 4453 2942 4508 de
2973 4449 3207 4517 clericis,
3234 4448 3325 4518 qui
3363 4461 3392 4500 a
3446 4445 3576 4498 civi-

2006 4562 2117 4609 tate
2169 4554 2224 4607 in
2264 4552 2422 4605 aliam
2451 4549 2723 4604 civitatem
2782 4551 3084 4610 transeunt,
3140 4539 3397 4610 loquitur.
3445 4534 3579 4591 Vide

2006 4661 2124 4718 quae
2151 4647 2218 4701 de
2249 4659 2314 4700 eo
2343 4643 2541 4711 scripta
2576 4650 2703 4695 sunt
2730 4639 2782 4693 in
2811 4635 3039 4692 diversis
3073 4632 3390 4689 canonibus.

2078 4820 2328 4877 ZONAR.
2364 4818 2462 4874 llic
2490 4830 2708 4888 quoque
2739 4829 2914 4871 canon
2954 4813 3021 4869 de
3051 4811 3263 4867 clericis
3297 4823 3362 4863 ex
3385 4807 3490 4862 alia
3521 4808 3572 4861 iu

2008 4915 2169 4971 aliam
2196 4914 2381 4970 urbem
2444 4908 2808 4982 migrantibus
2858 4905 3134 4976 loquitur;
3185 4915 3414 4972 qumque
3464 4899 3575 4970 jam

2009 5019 2132 5067 ante
2157 5010 2225 5066 de
2253 5009 2319 5065 iis
2353 5005 2653 5064 constituta
2688 5010 2814 5061 sunt
2846 4999 3051 5058 servari
3076 4996 3245 5066 jubet.

1553 5226 1746 5291 Guill.
1783 5229 2116 5315 Beveregii
2157 5236 2343 5296 notet.

333 5443 372 5496 Β
405 5371 515 5496 s80)
561 5373 673 5457 Τῆς
696 5373 765 5429 ἐν
785 5377 1130 5458 Καρθαγξνῃ
1157 5376 1245 5432 γε’
1277 5379 1372 5434 καὶ
1418 5380 1490 5463 ιις.
1517 5378 1662 5463 Loco
1700 5379 1897 5437 borum

378 5459 405 5496 a
432 5459 674 5496 samoms
716 5450 1006 5496 verborum
1036 5463 1089 5496 tn
1138 5463 1243 5496 ms-
1283 5448 1615 5496 Ᾱζιοῃιρηςι-
1667 5451 1778 5496 hmo
1811 5455 1890 5496 Te-

378 5448 674 5500 alsamonis
716 5450 1007 5503 verborum
1036 5449 1089 5501 in
1137 5463 1243 5502 ms.
1280 5448 1616 5514 Eteniensi,
1667 5451 1778 5504 haec
1811 5455 1890 5505 Ie-

332 5523 557 5590 guntur,
597 5515 707 5590 Τῆς
737 5518 802 5590 ἐν
825 5518 1137 5590 ,Ἀντιοχείᾳ
1173 5522 1372 5590 κανόνα
1403 5519 1507 5590 κβ¹⁶
1536 5520 1637 5588 τῆς
1679 5522 1737 5572 ἐν
1762 5522 1905 5574 Χαλ-

332 5584 517 5654 κηδόνι
549 5584 749 5638 κανόνα
781 5584 1145 5643 δέκατον-ἐκαὶ
1177 5587 1246 5641 κ’·
1271 5584 1502 5644 ἐνταῦθα
1527 5584 1726 5643 κανόνα
1759 5592 1909 5654 πρῶ-

329 5651 442 5724 τον,
470 5651 538 5724 β’,
569 5661 631 5709 ιε’
666 5657 920 5710 συνόδουο
952 5659 1315 5730 Καρθαγένης
1362 5661 1434 5714 νδ⁹
1479 5662 1573 5715 καὶ
1618 5657 1667 5727 ις
1693 5651 1908 5716 συνόδου

648 5749 914 5815 Panos.
957 5751 1069 5813 Gn.
1109 5753 1453 5816 CXXXVII.

3314 5324 3336 5346 7

2008 5388 2056 5450 ιη’
2088 5383 2287 5436 κανόνα
2324 5380 2386 5445 ιζ’
2439 5378 2532 5432 καὶ
2588 5379 2660 5432 κ’.
2701 5375 2902 5450 Synodi
2943 5369 3280 5450 Adplicﬁhenw
3326 5383 3574 5420 canonem

2007 5440 2101 5508 9'2.
2131 5440 2571 5508 Chalcedonensis
2615 5440 2842 5502 confit)
2868 5453 2915 5500 et
2943 5445 3035 5497 20.
3092 5440 3266 5508 Hujus
3300 5454 3417 5507 syn.
3453 5454 3574 5492 can.

2015 5526 2066 5587 1,
2102 5524 2138 5576 2
2161 5533 2210 5576 et
2244 5523 2330 5576 15.
2381 5520 2583 5590 Synodt'
2608 5515 3042 5590 Cartftaginensis
3081 5512 3217 5590 ὄξει
3243 5511 3313 5565 90
3343 5518 3390 5561 et
3415 5518 3577 5590 sexta:

2015 5580 2204 5663 synodi
2241 5580 2496 5646 canoném
2531 5590 2596 5642 l7
2623 5599 2668 5643 et
2694 5586 2786 5641 ‘20.
2813 5580 2923 5640 Sed
2957 5586 3074 5666 llaec
3123 5580 3433 5664 Balsamoni
3470 5595 3576 5632 non

2019 5662 2380 5719 adscribenda
2411 5669 2569 5716 sunt°
2607 5673 2785 5730 neque
2817 5657 2870 5712 in
2900 5656 3006 5710 alio
3034 5650 3223 5708 codice
3251 5655 3490 5704 exstant.

3141 5743 3208 5804 47
