3958 6242
455 199 593 266 1483

1715 192 1988 254 ΤΗΕΟΙ).
2036 192 2437 258 BALSAMON

3561 187 3704 252 1484

513 302 742 362 Αιιιετ.
769 323 788 358 ι
816 304 946 372 Quae
975 302 1045 359 de
1072 300 1301 373 longiori
1331 299 1707 371 episcoporum
1732 314 1885 356 mora
1916 301 2012 356 de-

2138 302 2337 356 ιΡιΣΤ.
2375 319 2395 352 t
2453 301 2516 356 Οί
2575 300 2669 354 ἐπὶ
2704 302 2803 373 τῆς
2852 300 2963 355 τῶν
3005 299 3320 356 ἐπισκόπων
3368 300 3707 373 βραδύτητας

519 418 538 452 ι
576 399 721 455 ﬁnita
753 406 897 461 sunt,
929 396 995 451 de
1045 392 1380 465 presbyteris
1439 392 1600 449 etiam
1655 404 1725 448 ac
1779 392 2018 447 diaconis

516 508 537 542 ι
574 489 679 544 vim
713 487 933 543 habent.
979 503 997 536 ι

512 582 795 635 Decretum
827 585 909 632 est
940 574 1249 644 episcopum
1286 587 1451 630 suum
1500 587 1715 647 gregem
1763 590 1869 631 ηοη
1923 575 2020 630 de.

441 684 642 735 serere,
674 678 727 724 et
758 668 810 721 in
847 665 1019 721 aliena
1044 665 1267 720 civitate
1297 665 1583 734 plusquam
1618 675 1733 722 tres
1759 667 2019 738 septima-

441 776 537 817 nas
570 773 744 830 agere.
772 756 916 813 ldem
948 756 1132 827 itaque
1165 763 1219 811 et
1240 756 1305 811 de
1335 757 1666 828 presbyteris
1689 766 1746 812 et
1764 755 2019 813 diaconis

442 863 680 922 praesens
704 862 878 904 canon
911 849 1191 915 decernit;
1228 856 1282 903 et
1311 861 1407 902 eos
1433 846 1689 901 nimirum
1735 847 2017 916 plusquam

443 953 550 999 tres
588 941 917 1013 septimanas
972 940 1230 996 ecclesias
1278 952 1405 994 suas
1459 954 1567 995 non
1624 939 2018 1011 derelinquere.

1023 1113 1249 1171 CANON
1277 1112 1444 1169 XVII.

445 1229 463 1263 ι
501 1209 614 1265 lloc
640 1221 853 1279 quoque
876 1206 1098 1276 placuit,
1130 1217 1187 1259 ut
1218 1207 1261 1261 si
1285 1207 1405 1276 quis
1433 1207 1718 1276 episcopus
1752 1206 1857 1259 vim
1881 1220 2011 1274 pas-

514 1320 534 1355 ι
572 1316 665 1357 sus
696 1300 891 1368 injuste
921 1298 1128 1367 eiectus
1155 1301 1244 1365 sit,
1283 1300 1366 1355 vel
1417 1308 1637 1368 propter
1685 1298 1968 1353 scientiam
1993 1334 2010 1361 ,

512 1411 532 1446 ι
572 1393 651 1447 vel
684 1398 904 1461 propter
923 1390 1205 1446 catholicae
1247 1391 1505 1446 Ecclesia:
1566 1389 1963 1446 confessionem
1995 1430 2011 1455 ,

514 1500 534 1536 ι
566 1482 650 1537 vel
682 1490 902 1551 propter
943 1481 1187 1535 veritatis
1244 1481 1657 1545 defensionem,
1713 1489 1769 1535 et
1810 1480 2023 1551 fugiens

513 1592 533 1627 ι
576 1574 898 1645 periculum,
928 1572 1192 1629 innocens
1233 1583 1289 1627 et
1343 1571 1710 1628 exsecrationi
1748 1572 2020 1642 subjectus

512 1683 533 1719 ι
570 1667 624 1721 in
656 1666 817 1720 aliam
860 1663 1047 1719 urbem
1094 1666 1348 1730 venerit,
1399 1679 1467 1719 ne
1510 1663 2013 1734 prohibeaturillic
2042 1646 2091 1706 Β

515 1773 537 1809 ι
569 1756 750 1811 tandiu
779 1770 957 1824 agere,
989 1756 1159 1810 donec
1196 1764 1524 1819 revertatur,
1558 1755 1639 1810 vel
1667 1771 1694 1807 a
1730 1754 1875 1810 facta
1906 1756 2009 1810 sibi

514 1863 534 1897 ι
568 1846 760 1914 injuria
812 1844 982 1913 possit
1036 1844 1407 1900 liberationem
1462 1845 1750 1901 invenire.
1811 1845 2013 1900 Durum

514 1956 533 1990 ι
570 1938 712 1992 enim
742 1944 857 2001 est,
894 1944 1058 2005 atque
1088 1935 1223 1990 adeo
1257 1936 1638 2005 gravissimum
1669 1976 1685 2002 ,
1721 1952 1843 1991 eum
1873 1976 1890 2002 ,
1920 1938 2014 2006 qui

514 2046 535 2081 ι
566 2027 818 2097 injustam
866 2026 1184 2096 eiectionem
1215 2040 1405 2095 passus
1436 2035 1558 2092 est,
1617 2040 1646 2080 a
1696 2028 1851 2083 nobis
1901 2043 2008 2083 non

513 2141 533 2175 ι
568 2121 788 2190 suscipi.
819 2120 868 2176 ls
890 2120 1031 2176 enim
1063 2122 1218 2176 debet
1275 2136 1303 2173 a
1356 2121 1512 2177 nobis
1569 2122 1801 2190 plurima
1863 2124 2017 2178 beni-

514 2230 533 2263 ι
571 2211 777 2281 guitatc
802 2220 858 2267 et
896 2212 1228 2266 humanitate
1259 2212 1458 2279 excipi.
1497 2230 1515 2263 ι

507 2300 704 2355 BALS.
758 2300 894 2355 Cum
942 2301 1157 2370 plurimi
1207 2316 1445 2358 canones
1504 2313 1749 2358 statuant
1788 2307 2010 2363 nonde-

438 2396 567 2450 here
619 2394 929 2465 episcopum
983 2396 1034 2447 in
1092 2392 1265 2449 aliena
1314 2396 1529 2464 regione
1583 2396 1721 2451 ultra
1786 2408 2002 2468 tempus

442 2486 763 2554 praefinitum
792 2485 994 2541 versari
1023 2524 1036 2549 ,
1075 2500 1221 2540 nunc
1273 2487 1457 2541 dicunt
1499 2487 1685 2543 Patres
1726 2489 1826 2543 hoc
1892 2506 1999 2543 non

441 2576 643 2630 habere
674 2576 849 2630 locum
891 2576 942 2630 in
978 2576 1245 2645 episcopis
1273 2591 1339 2630 ex
1380 2577 1629 2632 ecclesiis
1658 2579 1770 2632 suis
1794 2578 2006 2648 ejectis,

438 2665 522 2718 vel
554 2673 775 2735 propter
809 2664 1116 2731 scientiam,
1136 2665 1189 2719 id
1223 2676 1327 2731 est,
1358 2667 1666 2723 divinorum
1695 2669 2004 2740 dogmatum

441 2756 634 2809 bonam
667 2750 987 2820 doctrinam,
1018 2756 1098 2810 vel
1116 2757 1257 2826 quod
1290 2758 1647 2829 orthodoxam
1686 2759 1845 2816 iidem
1878 2778 2010 2817 con-

328 2878 334 2881 ι
441 2846 714 2911 fiteantur,
771 2848 851 2901 vel
893 2848 1034 2915 quod
1063 2863 1156 2903 eos
1187 2849 1480 2904 defetillant
1507 2891 1523 2916 ,
1560 2852 1649 2920 qui
1707 2851 1903 2921 injuria
1935 2853 2015 2909 af-

438 2936 561 2990 fecti
596 2944 761 3003 sunt;
799 2940 854 2991 et
906 2938 1025 2992 ideo
1067 2948 1288 3007 propter
1338 2956 1590 3009 magnam
1637 2957 1856 3000 causam
1885 2983 1902 3009 ,
1952 2956 2007 2999 et

442 3042 695 3098 tanquam
728 3028 1026 3097 periculum
1056 3030 1354 3097 fugientes,
1397 3040 1455 3084 ut
1481 3032 1571 3099 qui
1594 3033 1662 3086 ab
1689 3034 1767 3087 eis
1790 3073 1805 3099 ,
1843 3049 1871 3087 a
1900 3036 2016 3104 qui-

441 3122 542 3177 bus
576 3120 786 3189 expulsi
814 3127 963 3183 sunl,
987 3134 1084 3188 pro
1106 3120 1401 3173 exsecratis
1426 3120 1751 3187 habeantur,
1785 3124 1893 3177 sint
1924 3140 2019 3176 au-

440 3219 549 3265 tem
580 3224 763 3266 revera
786 3210 1026 3264 insontes
1054 3225 1069 3263 :
1103 3210 1196 3263 sed
1226 3209 1337 3264 sint
1367 3211 1420 3264 in
1468 3208 1590 3265 aliis
1624 3226 1839 3281 quoque
1881 3213 2019 3266 civi-

443 3305 643 3357 tatibus
664 3302 781 3357 sine
818 3300 1221 3371 impedimento,
1253 3301 1424 3356 donec
1456 3302 1618 3357 minte
1643 3302 1867 3370 periculi
1896 3318 2017 3358 ces-

441 3392 634 3455 sarint,
689 3401 745 3444 et
804 3390 1045 3459 potuerit
1105 3389 1393 3459 episcopus
1438 3391 1489 3444 in
1539 3392 1827 3447 ecclesiam
1887 3408 2008 3462 qua:

440 3481 589 3535 illum
612 3481 800 3536 sortita
830 3489 937 3544 est,
967 3479 1161 3533 reverti
1190 3519 1206 3545 ,
1234 3480 1315 3533 vel
1360 3481 1410 3534 ei
1461 3481 1602 3537 facta
1656 3483 1709 3535 in
1754 3482 2017 3552 ejectione

445 3570 640 3640 injuria
666 3570 941 3625 vindicata
974 3570 1155 3625 fuerit.
1185 3569 1385 3624 Durum
1431 3580 1514 3626 est
1558 3571 1700 3625 enim
1742 3580 1797 3627 et
1858 3572 2015 3627 inhu-

442 3677 684 3729 manum,
715 3677 836 3717 eum
868 3675 973 3714 non
1011 3675 1131 3715 cum
1158 3661 1305 3715 omni
1357 3661 1691 3731 benignitate
1746 3676 1777 3716 a
1837 3662 2017 3717 fratri-

439 3755 540 3810 bus
566 3754 678 3809 suis
707 3752 901 3822 excipi.
930 3750 1111 3816 Quare
1136 3761 1287 3816 nota,
1312 3752 1456 3820 quod
1490 3754 1559 3807 ab
1585 3754 1798 3809 urbium
1835 3754 2017 3824 regina

438 3845 633 3915 expelli
667 3858 773 3899 non
831 3842 1029 3898 debent
1076 3841 1377 3897 Orientales
1436 3843 1671 3914 episcopi
1718 3844 1809 3913 qui
1863 3844 2020 3899 sedes

439 3951 547 3991 non
579 3935 799 3999 habent,
838 3948 1030 4004 nempe
1068 3947 1189 3987 cum
1223 3933 1468 3989 ecclesiae
1515 3951 1545 3987 a
1576 3933 1828 4004 gentibus
1878 3932 2020 3989 deti-

440 4036 675 4082 neantur
713 4032 814 4081 :et
845 4025 940 4094 qui
982 4025 1051 4081 ab
1101 4025 1301 4095 iniquis
1340 4025 1687 4080 exactoribus
1734 4024 2017 4092 expellun-

442 4125 547 4183 tur,
576 4131 642 4173 eo
670 4116 811 4187 quod
836 4131 934 4187 pro
956 4119 1046 4173 eis
1073 4117 1273 4184 dicant,
1306 4116 1397 4187 qui
1438 4116 1635 4185 iniuria
1689 4114 2015 4171 afﬁciuntur.

2195 409 2213 443 ι
2252 393 2369 463 ὁροι
2396 394 2491 446 καὶ
2522 394 2615 447 ἐπὶ
2644 393 3038 465 πρεσϐυτέρων
3070 394 3167 449 καὶ
3220 394 3483 449 διακόνων
3510 396 3637 466 ἔχου
3650 413 3715 449 σι

2195 503 2213 536 ι
2254 483 2501 555 δύναμιν.
2531 503 2551 538 ι

2188 576 2443 646 Ὠρισται
2470 578 2565 632 τὸν
2600 578 2903 634 ἐπίσκοπον
2948 579 3024 651 μὴ
3070 579 3170 649 τὴν
3200 580 3412 634 οίκείαν
3458 580 3720 650 ποίμνην

2119 669 2578 740 καταλιμπάνειν,
2619 672 2712 725 καὶ
2738 673 2797 725 ἐν
2827 672 2993 743 ἑτέρᾳ
3030 674 3183 726 πόλει
3210 672 3372 727 πλέον
3401 672 3570 743 τριῶν
3606 673 3721 725 ἐϐ-

2118 759 2369 828 δομάδων
2394 762 2777 833 ἐνδιατρίϐειν.
2813 764 2986 817 Τοῦτο
3006 765 3139 835 γοῦν
3166 764 3260 819 καὶ
3295 766 3391 819 ἐπὶ
3453 764 3724 837 πρεσϐυ-

2119 848 2296 920 τέρων
2326 853 2421 905 καὶ
2453 855 2719 910 διακόνων
2746 858 2775 911 ὁ
2805 856 2999 928 παρὼν
3031 857 3205 927 ὁρίζει
3258 857 3465 921 κανὼν,
3511 858 3575 911 τὸ
3636 858 3724 926 μὴ

2122 939 2289 994 πλέον
2317 943 2488 1015 τριῶν
2512 946 2828 1017 ἑϐδομάδων
2852 950 2948 1005 καὶ
2971 950 3171 1014 αὐτοὺς
3203 946 3303 1013 τὰς
3334 949 3544 1002 ἑαυτῶν
3618 950 3731 1002 ἐκ-

2120 1032 2350 1103 κλησίας
2395 1039 2899 1109 ἀπολιμπάνεσθαι.

2732 1132 2969 1187 ΚΑΝΩΝ
3010 1132 3111 1188 1Ζ’.

2125 1268 2143 1300 ι
2183 1251 2293 1303 Καὶ
2315 1247 2473 1303 τοῦτο
2507 1247 2726 1317 ἤρεσεν,
2763 1246 2869 1310 ἵνα,
2905 1246 2960 1298 ετ
2989 1265 3073 1309 τις
3104 1246 3401 1312 ἐπίσκοπος
3426 1249 3550 1320 βίαν
3575 1251 3730 1306 ὑπο.

2189 1358 2206 1391 t
2246 1340 2434 1410 μείνας
2482 1338 2682 1396 ἀδίκως
2711 1336 2949 1407 ἐκϐληθῇ
2983 1337 3014 1406 ἢ
3042 1336 3131 1390 διὰ
3171 1338 3269 1408 τὴν
3299 1340 3657 1410 ἐπιστήμην,
3688 1344 3722 1416 ἢ

2196 1449 2215 1483 ι
2251 1431 2341 1485 διὰ
2360 1430 2457 1501 τὴν
2484 1428 2782 1500 ὁμολογίαν
2819 1430 2918 1496 τῆς
2955 1427 3248 1497 καθολικῆς
3283 1428 3655 1499 Ἐκκλησίας,
3689 1434 3722 1504 ἦ

2197 1543 2215 1577 t
2255 1524 2342 1577 διά
2377 1524 2476 1593 τὴν
2531 1522 2631 1591 τῆς
2661 1520 2922 1591 ἀληθείας
2952 1520 3215 1585 ἐκδικίαν,
3246 1521 3338 1574 καὶ
3364 1521 3605 1589 φεύγων
3632 1525 3723 1578 τὸν

2198 1635 2215 1667 ι
2252 1614 2518 1676 κίνδυνον,
2543 1613 2716 1675 ἀθῶος
2734 1611 2829 1664 καὶ
2847 1611 3272 1680 καθωσιωμένος
3298 1612 3373 1665 ὢν
3401 1615 3483 1676 είς
3515 1615 3717 1685 ἑτέραν

2198 1725 2218 1760 t
2263 1706 2394 1778 ἐλθῃ
2432 1706 2609 1769 πόλιν,
2647 1705 2722 1775 μὴ
2744 1705 3021 1772 κωλύηται
3047 1705 3226 1756 ἐκεῖσε
3291 1705 3385 1756 ἐπὶ
3446 1706 3717 1760 τοσοῦτον

2199 1816 2217 1849 ι
2256 1798 2483 1868 διάγειν,
2532 1798 2639 1861 ἕως
2669 1798 2737 1851 ἂν
2783 1795 3080 1869 ἐπανέλθῃ,
3119 1796 3151 1866 ἢ
3198 1798 3294 1868 τῆς
3324 1798 3555 1870 ὕϐρεως
3620 1804 3709 1874 τῆς

2204 1909 2222 1941 ι
2258 1893 2558 1961 γενομένης
2592 1890 2746 1960 αὑτῷ
2788 1890 3116 1961 ἀπαλλαγὴν
3166 1890 3427 1963 εὑρέσθαι
3475 1895 3702 1966 δυνηθῇ.

2209 2000 2227 2035 ι
2268 1982 2508 2054 Σκληρδν
2532 1982 2639 2053 γὰρ
2658 1982 2754 2035 καὶ
2780 1981 3083 2051 βαρύτατον
3112 1981 3334 2035 ἐλασίαν
3349 1984 3556 2038 ἄδικον
3583 1989 3688 2039 ὐπο-

2200 2092 2217 2125 ι
2258 2075 2607 2144 μεμενηκότα
2636 2073 2711 2144 μὴ
2738 2073 3099 2143 ὑποδέχεσθαι
3129 2074 3221 2143 ὑφ’
3249 2076 3435 2145 ἡμῶν.
3464 2076 3691 2148 Hlalm

2202 2182 2221 2214 ι
2262 2164 2369 2234 γὰρ
2400 2164 2781 2235 καλοκαγαθία
2811 2163 2901 2218 καὶ
2936 2165 3306 2238 φιλοφροσύνῃ
3340 2169 3567 2238 ὀφείλει
3610 2190 3698 2227 πα-

2197 2274 2216 2307 ι
2253 2255 2565 2328 ραδέχεσθαι
2586 2259 2614 2310 ὁ
2635 2255 2892 2321 τοιοῦτος.
2927 2276 2946 2309 ι

2191 2349 2388 2402 ΒΛΛΣ.
2418 2349 2699 2419 Διαςρόρων
2733 2350 2972 2403 κανόνων
3012 2349 3405 2420 διοριζομένων
3468 2354 3550 2424 μὴ
3598 2354 3696 2409 διά-

2117 2457 2236 2508 γειν
2271 2440 2569 2495 ἐπίσκοπον
2600 2442 2679 2502 εἰς
2708 2441 2903 2510 ἑτέραν
2929 2440 3146 2510 ἐνῖιρίαν
3174 2443 3440 2496 ἐπέκεινα
3488 2445 3589 2498 τοῦ
3618 2464 3696 2500 νε-

2120 2532 2451 2602 νομισμένου
2503 2534 2719 2602 καιροῦ,
2762 2532 2887 2602 ἄρτι
2941 2534 3106 2601 φασιν
3146 2533 3193 2586 οἱ
3244 2534 3495 2606 Πατέρες
3546 2538 3694 2591 τοῦτο

2120 2625 2196 2695 μὴ
2226 2627 2446 2696 κρατεῖν
2478 2626 2558 2688 είς
2582 2624 2709 2688 τοὺς
2740 2614 3080 2688 ἐπισκόπους
3109 2627 3692 2697 τοὺςέκϐαλλομένους

2115 2716 2221 2768 ἀπο
2248 2714 2356 2767 τῶν
2388 2714 2690 2783 ἐκκλησιῶν
2726 2714 2904 2766 αὐτῶν
2926 2754 2943 2781 ,
2980 2713 3013 2784 ἢ
3064 2714 3154 2768 διὰ
3206 2715 3305 2786 τὴν
3364 2719 3689 2790 ἐπιστήμην,

2116 2806 2365 2860 τουτέστι
2397 2808 2494 2876 τὴν
2528 2805 2662 2876 περὶ
2690 2805 2759 2858 τὰ
2802 2806 2919 2858 θεῖα
2977 2806 3225 2876 δόγματα
3268 2809 3563 2865 σπουδαίαν
3616 2812 3686 2864 δι-

2114 2899 2485 2970 δασκαλίαν,ῆ
2511 2900 2596 2953 διὰ
2625 2900 2684 2952 τὸ
2714 2900 2994 2969 ὁμολογεῖν
3014 2900 3111 2970 τὴν
3158 2900 3437 2971 ὁρθὸδοξον
3476 2904 3662 2965 πίσ-τεν,

2120 2992 2263 3062 ἢδιά
2286 2993 2345 3045 τδ
2369 2994 2615 3045 ἐκδικεῖν
2650 2990 2777 3053 τοὺς
2824 2990 3212 3061 ἠδικημένους,
3264 2993 3536 3046 κάντεῦθεν
3586 2992 3672 3045 διὰ

2128 3083 2372 3153 μεγάλην
2402 3084 2580 3135 αἰτίαν
2617 3081 2709 3134 καὶ
2735 3082 2810 3144 ὡς
2844 3081 3149 3150 φεύγοντας
3180 3082 3271 3134 τὸν
3300 3083 3559 3146 κίνδυνον,
3590 3081 3670 3135 λο-

2124 3174 2447 3242 γιζομένους
2479 3174 2578 3242 μὲν
2618 3172 3077 3242 καθωσιωμένους
3105 3173 3254 3242 παρά
3276 3172 3665 3223 τῶνέκὸαλὶόνο

2122 3283 2229 3319 των
2260 3266 2481 3328 αὐτοὺς,
2506 3265 2664 3328 ὄντας
2682 3265 2740 3317 δέ
2768 3267 2834 3335 τῇ
2862 3264 3093 3334 ἀληθείᾳ
3115 3265 3339 3324 ἀθὼους“
3372 3262 3653 3315 ἀλλ’ἐστω·

2126 3373 2223 3409 σαν
2258 3354 2352 3408 καὶ
2411 3356 2491 3419 είς
2533 3355 2728 3425 ἐτέρας
2782 3355 2968 3417 πόλεις
3026 3355 3339 3417 ἀκωλύτως.
3389 3354 3487 3406 ἐπ’
3530 3354 3590 3407 ἂν
3623 3356 3661 3423 ἡ

2125 3446 2324 3519 ἀπειλὴ
2357 3448 2450 3501 τοῦ
2483 3447 2737 3502 κινδύνου
2760 3448 2964 3518 παυθῇ,
2993 3449 3089 3500 καὶ
3111 3447 3313 3518 δυνηθῇ
3334 3450 3362 3500 ὁ
3388 3447 3673 3508 ἐπίσκοπος

2125 3543 2205 3604 εἰς
2234 3540 2332 3611 τὴν
2356 3539 2630 3611 λαχοῦσαν
2667 3541 2828 3594 αὑτὸν
2860 3540 3135 3605 ἀπελθεῖν,
3164 3541 3196 3610 ἢ
3232 3540 3493 3612 ἐκδικηθῇ
3544 3542 3582 3610 ἡ
3623 3544 3683 3591 ἐκ

2124 3632 2221 3703 τῆς
2254 3632 2571 3698 ἀπελάσεως
2594 3633 2957 3703 ἐπιγενομένη
2999 3632 3178 3704 τούτῳ
3226 3633 3405 3707 ὕϐρις.
3454 3634 3687 3704 Σκληρὸν

2123 3723 2233 3793 γὰρ
2257 3725 2350 3777 καὶ
2383 3722 2804 3794 ἀφιλάνθρωπον
2835 3726 2951 3777 ἐστι
2982 3722 3058 3797 μὴ
3084 3724 3532 3795 φιλοφρονεῖσθαι
3560 3725 3692 3794 μετά

2125 3815 2305 3887 πάσης
2338 3815 2674 3889 ἀγαθότητος
2705 3816 2797 3869 τδν
2825 3815 3067 3869 τοιοῦτον
3097 3817 3250 3887 παρά
3279 3816 3389 3869 τῶν
3443 3818 3695 3869 συναδέλ-

2123 3923 2239 3976 φων
2271 3906 2457 3961 αὐτοῦ.
2513 3905 2674 3959 Ὥστε
2732 3908 3037 3979 σημείωσαι
3089 3908 3174 3962 ὅτι
3234 3908 3337 3962 οὐκ
3385 3909 3695 3977 ὀφείλουσιν

2124 3999 2234 4055 ἀπὸ
2264 3999 2364 4069 τῆς
2390 3997 2778 4069 βασιλευούσης
2804 3999 2914 4053 τῶν
2975 4001 3187 4054 πόλεων
3236 3999 3604 4055 ἐκϐάλλεσθαι
3650 4000 3699 4051 el

2122 4090 2429 4148 ἀνατολικοὶ
2461 4091 2773 4156 ἐπίσκοποι,
2804 4091 2853 4144 ei
2888 4091 2965 4161 μὴ
2994 4091 3213 4162 ἔχοντες
3248 4092 3599 4161 καθίσματα,
3626 4091 3700 4155 ὡς

2120 4184 2232 4237 τῶν
2262 4181 2566 4253 ἐκκλησιῶν
2598 4181 2780 4237 αὐτῶν
2808 4182 3194 4253 κατεχομένων
3247 4183 3403 4254 παρά
3452 4184 3574 4236 τῶν
3613 4184 3702 4235 ἐθ-

2123 4274 2264 4330 νῶν·
2290 4277 2386 4329 καὶ
2416 4274 2467 4327 οί
2498 4273 2649 4344 παρά
2676 4274 2787 4326 τῶν
2825 4274 3027 4327 ἀδίκων
3060 4274 3390 4344 πρακτόρων
3435 4273 3706 4345 διωκόμε-

517 4382 762 4440 ZONAR.
803 4383 938 4439 Cum
965 4382 1235 4453 episcopis
1286 4382 1341 4438 in
1391 4382 1549 4438 aliam
1596 4383 1784 4438 urbem
1838 4384 2015 4454 profe-

2138 4382 2223 4432 ροι,
2260 4365 2347 4419 διὰ
2373 4364 2435 4418 τὸ
2460 4341 2643 4433 λέγειν
2670 4366 2811 4436 ὑπὲρ
2848 4364 2956 4419 τῶν
2985 4341 3380 4436 ἀδικουμένων.

438 4475 563 4542 etis,
599 4475 652 4530 in
683 4488 790 4543 qua
814 4474 952 4528 alter
982 4473 1267 4544 episcopus
1298 4472 1395 4542 sit,
1425 4473 1562 4528 ultra
1591 4481 1702 4529 tres
1727 4474 2021 4530 hebdoma-

441 4570 536 4621 das
584 4568 635 4621 in
682 4580 748 4622 ea
798 4565 1123 4621 commorari
1169 4563 1393 4619 vetitum
1452 4578 1572 4620 esse
1627 4562 1787 4633 hujus
1825 4564 2016 4637 synodi

440 4659 632 4714 Patres
665 4657 718 4711 in
749 4656 1119 4725 superioribus
1149 4654 1526 4722 deiiniverlnt;
1551 4654 1656 4710 hoc
1716 4655 1835 4711 loco
1880 4671 2017 4711 non-

439 4751 604 4807 nullis
625 4747 1019 4805 diuturniorem
1061 4746 1115 4802 in
1147 4746 1320 4802 aliena
1367 4745 1591 4802 civitate
1644 4761 1855 4802 moram
1906 4755 2018 4803 tra-

442 4841 606 4896 hendi
635 4838 948 4896 facultatem
978 4851 1100 4893 esse
1128 4836 1445 4893 decernunt.
1500 4835 1661 4908 505
1712 4836 1850 4892 Sunt
1888 4852 2017 4893 vero

439 4931 500 4994 ii,
527 4928 617 5000 qui
654 4942 749 4998 per
775 4926 1028 4997 iniuriam
1054 4928 1121 4980 ab
1150 4924 1396 4981 ecclesiis
1434 4927 1550 4981 suis
1600 4925 1803 4995 depulsi
1851 4933 2013 4992 sunt;

439 5021 555 5074 sive
579 5034 766 5074 casum
802 5020 947 5073 hunc
979 5017 1084 5072 illis
1113 5015 1340 5073 scientia
1380 5015 1715 5082 conciliarit,
1761 5016 1885 5087 quia
1931 5015 2016 5070 ni-

437 5112 659 5178 mirum,
701 5120 952 5180 tanquam
1034 5108 1156 5164 iidei
1205 5108 1452 5177 dogmata
1491 5108 1712 5178 egregie
1758 5107 2013 5162 callerent

437 5216 764 5274 operamque
789 5200 977 5257 iisdem
1015 5199 1291 5256 tradendis
1334 5198 1725 5267 impenderent,
1786 5199 2005 5253 haereti-

435 5307 623 5350 corum
648 5291 1049 5361 conspiratione
1088 5289 1249 5360 ejecti
1305 5287 1505 5342 fuerint
1547 5288 1748 5357 :cuius
1800 5289 2013 5359 generis

437 5383 605 5437 multa
659 5383 1075 5453 imperatoribus
1137 5380 1453 5437 Constantio
1511 5388 1566 5434 et
1633 5377 1861 5435 Valente
1941 5380 2012 5436 ab

437 5472 655 5528 Arianis
686 5484 894 5544 patrata
930 5481 1091 5543 sunt;
1146 5473 1261 5528 sive
1305 5473 1374 5527 ob
1425 5469 1684 5526 Ecclesiae
1724 5469 2011 5526 catholica:

428 5561 869 5628 confessionem,
912 5566 1035 5635 quia
1089 5564 1295 5620 scilicet
1346 5577 1678 5634 quaecunque
1731 5562 2000 5617 catholica

432 5652 683 5711 Ecclesia
726 5656 910 5725 tradit,
932 5655 995 5713 de
1026 5655 1414 5713 incarnationis
1440 5654 1686 5711 videlicet
1724 5652 2001 5722 mysterio,

2191 4457 2437 4512 ZONAP.
2480 4455 2762 4528 ’Δνωτέρω
2805 4455 3195 4526 διαταξάμενοι
3244 4456 3295 4509 οἱ
3334 4456 3441 4527 τῆς
3485 4456 3703 4511 συνόδου

2120 4548 2322 4619 ταύτης
2350 4546 2594 4617 Πατέρες
2626 4548 2751 4611 τοὺς
2788 4545 3056 4608 ἀπιόντας
3085 4548 3431 4611 ἐπισκόπους
3460 4552 3544 4611 είς
3589 4549 3706 4600 ut-

2122 4655 2222 4709 ραν
2253 4638 2406 4691 πόλιν
2437 4636 2669 4707 ἔχουσαν
2700 4638 3003 4692 ἐπίσκοπον
3034 4637 3112 4707 μὴ
3151 4638 3316 4691 πλέον
3360 4639 3480 4693 τῶν
3539 4639 3708 4711 τριῶν

2117 4729 2429 4801 ἑϐδομάδων
2467 4731 2583 4783 ἐκεῖ
2616 4728 2939 4802 διατρίϐειν,
2984 4728 3226 4784 ἐνταῦθά
3273 4745 3389 4782 τισι
3459 4734 3563 4785 καὶ
3615 4731 3707 4783 ἐπὶ

2118 4822 2253 4876 πολὺ
2287 4821 2619 4894 προσμένειν
2673 4819 3075 4892 συγχωροῦσιν.
3126 4813 3287 4874 Οὗτοι
3343 4819 3392 4872 δ’
3454 4823 3610 4873 εἰσὶν
3660 4819 3710 4872 οἱ

2116 4913 2315 4978 ἀδίκως
2338 4914 2727 4985 ἐκϐαλλόμενοι
2758 4912 2868 4967 τῶν
2919 4912 3231 4981 ἐκκλησιῶν
3274 4911 3462 4963 αὐτῶν
3522 4911 3557 4982 ἢ
3620 4910 3711 4963 διὰ

2115 5008 2215 5080 τὴν
2266 5007 2602 5078 ἐπιστήμην,
2657 5006 2827 5076 ἧγουν
2886 5004 2963 5068 ὡς
3014 5003 3373 5073 ἐπιστάμενοι
3441 5004 3549 5072 τὴν
3595 5001 3710 5054 τῶν

2115 5097 2401 5169 δογμάτων
2425 5096 2527 5165 τῆς
2558 5095 2797 5157 πίστεως
2819 5093 3132 5163 ἀκρίϐειαν,
3161 5093 3258 5144 καὶ
3287 5092 3504 5161 ταύτην
3551 5090 3708 5143 διδά-

2103 5205 2366 5255 .σκοντες,
2395 5188 2490 5243 καὶ
2513 5187 2663 5259 παρά
2690 5184 2982 5256 αίρετικῶν
3015 5184 3384 5253 ἐλαυνόμενοι,
3413 5177 3505 5235 οἷα
3536 5181 3707 5250 γεγὸο

2114 5297 2239 5335 νασι
2280 5282 2432 5350 παρά
2451 5280 2560 5333 τῶν
2594 5275 2888 5349 ’Δρειανῶν
2912 5275 3005 5329 ἐπὶ⁸
3049 5272 3145 5327 τοῦ
3183 5272 3573 5328 Κωνσταντίου
3605 5272 3709 5325 καὶ

2112 5371 2208 5425 τοῦ
2238 5372 2560 5438 Οὐάλεντος,
2590 5368 2737 5442 ἤδιά
2763 5368 2864 5441 τὴν
2888 5365 3186 5438 ὁμολογίαν
3240 5365 3339 5435 τῆς
3390 5362 3712 5433 καθολικῑκ

2126 5464 2476 5536 Ἐκκλησίας,
2504 5462 2585 5527 ὡς
2621 5457 3036 5531 ὁμολογοῦντες,
3070 5460 3172 5512 ὅσα
3198 5458 3231 5528 ἡ
3259 5454 3540 5526 καθολικὴ
3575 5454 3711 5507 Ἐκ-

2113 5558 2336 5626 κλησία,
2381 5557 2552 5625 ἧγουν
2602 5552 2704 5623 τὴν
2743 5551 3015 5622 ἐνσαρκον
3062 5546 3396 5617 οἰκονομίαν,
3453 5545 3560 5596 καὶ
3620 5544 3701 5595 ὅτι

2115 5650 2245 5713 Θεδς
2268 5646 2519 5717 ἀληθινός
2549 5646 2700 5700 ἐστιν
2723 5643 2751 5699 ὁ
2778 5640 3035 5711 Χριστὸς,
3067 5640 3160 5695 καὶ
3181 5637 3504 5713 διωκόμενοι
3528 5631 3695 5685 πάλαι
