3958 6242
328 266 469 331 1185

1419 272 1499 331 lN
1527 271 1697 335 CAN.
1733 268 1871 331 XIX
1902 268 2113 329 CONC.
2142 271 2440 335 SARDIC.

3440 284 3574 345 MSS

336 380 433 449 μὲν
466 376 616 447 παρὰ
659 376 770 428 τῶν
808 375 1192 446 παλαιοτέρων
1238 378 1523 447 βασιλέων,
1566 380 1792 452 ὕστερον
1856 381 1912 435 δὲ

2070 400 2191 454 eque
2214 401 2341 441 vera
2368 387 2568 447 Christi
2599 389 2895 454 divinitate,
2925 392 3094 448 teneri
3140 407 3168 447 a
3222 407 3281 449 se
3336 396 3587 450 universa

338 470 430 521 ml.
464 468 615 538 παρά
644 467 738 522 τοῦ
780 468 1156 539 ’ῐουλιανοῦ,ἢ
1197 468 1273 533 ὡς
1319 471 1457 542 ὑπὲρ
1494 474 1593 542 τῆς
1650 473 1906 545 ἀληθείας

333 562 603 629 λέγοντες,
644 562 738 612 καὶ
798 559 1173 629 ἀδικουμένων
1226 563 1320 615 καὶ
1369 564 1903 633 καταδυναστευομέ-

335 670 441 703 νων
471 649 942 721 ὑπερμαχοῦντες,
980 645 1070 703 οἷα
1101 648 1177 722 τῷ
1210 652 1432 722 μεγάλῳ
1488 654 1760 726 Βασιλείῳ
1810 673 1906 723 γε,

336 744 523 811 γόνασι
556 745 651 796 καὶ
679 743 757 812 τῷ
788 742 1179 813 Χρυσοστόμῳ,
1209 746 1300 798 καὶ
1330 745 1513 809 ἄλλοις
1533 747 1769 809 πολλοῖς.
1803 750 1909 803 Τὸν

336 836 466 905 γοῦν
496 836 637 890 οὕτω
674 835 1003 903 διωκόμενον
1036 837 1099 888 ἐκ
1127 837 1225 905 τῆς
1267 838 1564 908 ἐκκλησίας
1594 840 1761 894 αὑτοῦ
1791 842 1908 896 ἅδε-

335 946 448 990 κως
475 930 689 995 ἀνάγκη
722 928 803 990 είς
828 927 1019 998 ἑτέραν
1059 928 1218 982 πόλιν
1250 929 1474 985 ἀπιέναι
1516 932 1788 1000 φεύγοντα
1820 932 1911 987 τὸν

336 1019 601 1084 κίνδυνον,
631 1016 805 1068 ἀθῶον
851 1017 949 1086 μὲν
998 1020 1129 1071 ὄντα
1193 1019 1336 1073 κατά
1369 1020 1430 1073 τὸ
1494 1021 1654 1086 εὖθές
1714 1040 1774 1075 τε
1814 1024 1912 1077 καὶ

336 1111 566 1167 δίκαιον.
594 1108 1016 1179 καθωσιωμένον
1044 1110 1099 1163 δὲ
1127 1110 1217 1165 διὰ
1259 1111 1361 1178 τὴν
1419 1112 1741 1168 δυναστείαν
1799 1115 1913 1169 τῶν

336 1200 642 1252 διωκόντων
690 1200 875 1253 αὐτόν.
932 1200 1370 1270 Καθωσιωμένος
1425 1202 1471 1257 δ’
1524 1204 1671 1257 ἐστὶν
1726 1204 1756 1256 ό
1808 1205 1915 1273 ἀφ-

337 1306 638 1377 ωρισμένος
672 1308 750 1369 είς
786 1306 1024 1362 κόλασιν.
1044 1306 1148 1361 Τὸν
1189 1308 1448 1376 τοιοῦτον,
1469 1310 1634 1380 φησιν
1659 1310 1687 1362 ὁ
1710 1311 1912 1377 κανὼν,

344 1398 425 1467 μὴν
456 1398 767 1450 κωλύεσθαι
797 1398 1099 1467 διατρίϐειν
1128 1400 1186 1452 ἐν
1214 1401 1378 1472 ἑτέρᾳ.
1442 1402 1619 1466 πόλει,
1680 1402 1785 1465 ἓως
1836 1406 1917 1468 είς

340 1490 437 1559 τὴν
469 1490 679 1544 οἰκείαν
711 1491 985 1561 ἐπανέλθῃ
1018 1492 1195 1554 πόλιν,
1228 1493 1320 1547 τὸν
1346 1493 1513 1562 φόϐον
1538 1495 1634 1548 τοῦ
1667 1495 1915 1550 κινδύνου

343 1582 619 1649 ἐκφυγὼν.
656 1582 688 1653 ἢ
742 1583 839 1652 τῆς
883 1583 1095 1654 ὕϐρεως
1128 1585 1228 1654 τῆς
1264 1586 1555 1657 γινομένης
1579 1586 1726 1656 αὑτῷ
1751 1588 1921 1642 ἀπαλ-

343 1675 547 1742 λαγείς.
581 1675 777 1745 Ὕϐριν
806 1674 860 1727 δὲ
905 1669 1061 1744 οἴμαι
1104 1675 1203 1742 τὴν
1251 1678 1514 1731 ἀπέλασιν
1549 1679 1648 1748 τὴν
1701 1680 1768 1732 ὲκ
1825 1680 1919 1733 τοῦ

346 1763 536 1834 θρόνου
571 1763 739 1817 αὑτοῦ
765 1765 1045 1833 ὀνομάζει.
1082 1766 1325 1835 Σκληρὸν
1357 1771 1485 1837 γὰρ,
1520 1770 1674 1837 φησι,
1706 1770 1801 1821 καὶ
1837 1769 1923 1839 βα-

345 1856 597 1926 ρύτατον,
632 1857 724 1909 τὸν
755 1857 953 1918 ἀδίκως
976 1856 1077 1924 τῆς
1114 1858 1323 1919 πόλεως
1370 1858 1534 1912 αὑτοῦ
1582 1859 1925 1915 ἀπελαθέντα

347 1948 423 2015 μὴ
491 1947 847 2017 ὑποδέχεσθαι
897 1947 1046 2015 παρὰ
1128 1948 1236 2000 τῶν
1309 1952 1726 2005 συνεπισκόπων
1787 1954 1925 2021 μετά

342 2039 547 2106 πολλῆς
581 2037 987 2108 φιλοφροσύνης
1020 2039 1114 2091 καὶ
1145 2040 1503 2111 ἀγαθότητος,
1530 2043 1697 2112 ἤγουν
1726 2044 1928 2114 προθύ-

346 2148 463 2199 μως
487 2133 577 2185 καὶ
608 2130 825 2199 ἱλαρῶς.

2013 479 2393 548 proﬁterentur
2425 497 2438 532 :
2473 495 2577 550 qua
2622 495 2686 536 ex
2738 496 2898 538 causn
2952 485 3181 553 primum
3222 486 3469 554 quasdam
3519 485 3588 540 ab

2014 572 2251 641 antiquis
2285 572 2720 643 imperatoribus,
2776 584 2960 644 postea
3004 589 3032 627 a
3082 574 3297 630 Juliano
3350 578 3591 632 adversae

2017 676 2363 738 tempestates
2385 668 2674 737 exstitere;
2700 669 2814 725 sive
2840 668 2909 724 ob
2932 668 3172 723 veritatis
3199 669 3588 736 patrocinium,

2017 776 2223 833 proque
2251 763 2316 816 iis
2343 761 2430 832 qui
2464 762 2822 831 potentiorum
2862 760 3140 815 dominatu
3184 759 3384 829 injuste
3409 761 3593 829 oppri-

2017 868 2295 909 merentur
2324 862 2627 921 susceptam
2656 853 3057 907 dimicationem
3086 892 3101 915 ,
3129 853 3266 921 quod
3310 853 3364 905 in
3401 867 3597 921 magno

2018 944 2235 1008 Basilio,
2267 942 2672 1015 Chrysostomo,
2711 942 2937 1011 aliisque
2978 942 3160 995 multis
3195 941 3450 1011 contigit,
3478 941 3599 995 fue-

2022 1038 2129 1091 rint
2157 1037 2451 1092 exturbati.
2501 1034 2819 1104 Quicunque
2870 1035 3040 1105 igitur
3100 1034 3200 1088 hac
3259 1034 3468 1087 ratione
3528 1032 3598 1087 ab

2022 1130 2249 1185 ecclesia
2278 1144 2373 1184 sua
2408 1143 2502 1199 per
2530 1128 2783 1198 injuriam
2816 1127 3108 1195 depellitur
3141 1165 3155 1190 ,
3192 1125 3248 1178 in
3307 1124 3466 1177 aliam
3507 1139 3601 1177 ur-

2022 1223 2143 1278 bem
2189 1222 2391 1277 vitandi
2444 1219 2668 1291 periculi
2718 1233 2875 1274 causa
2936 1217 3156 1275 secedat
3200 1231 3422 1271 necesse
3472 1224 3599 1281 est;

2024 1313 2277 1368 innoxius
2304 1314 2349 1366 is
2369 1311 2604 1381 quidem,
2634 1310 2678 1364 si
2714 1324 2802 1365 res
2832 1325 2980 1380 requa
3014 1310 3169 1364 lance
3200 1308 3432 1363 libretur
3463 1347 3478 1371 ,
3510 1307 3605 1360 sed

2024 1408 2092 1459 ob
2120 1418 2307 1458 eorum
2349 1404 2682 1473 potentiam,
2730 1401 2823 1472 qui
2880 1403 3152 1456 hominem
3226 1401 3602 1462 insectantur,

2031 1496 2385 1553 exsecrationi
2433 1495 2727 1565 subjectus.
2782 1493 3147 1548 Exseerationi
3207 1502 3386 1547 autem
3429 1489 3609 1558 subje-

2031 1600 2149 1645 ctus
2178 1596 2262 1645 est
2288 1590 2572 1657 quisquam
2603 1586 2868 1656 supplicio
2896 1586 3217 1641 destinatus.
3264 1584 3400 1637 lluie
3442 1583 3608 1653 igitur

2028 1683 2253 1747 homini,
2285 1685 2409 1735 dum
2443 1682 2494 1733 in
2523 1695 2673 1735 suam
2700 1677 2910 1743 urbem,
2936 1679 3139 1732 evitato
3179 1674 3403 1744 periculi
3434 1684 3606 1738 metu,

2027 1787 2122 1831 aut
2152 1773 2457 1844 ignominiaa
2485 1782 2603 1825 nota
2636 1772 2863 1825 liberato
2892 1808 2905 1833 ,
2939 1770 3133 1823 reverti
3186 1768 3347 1822 liceat
3383 1766 3609 1836 (notam

2027 1880 2188 1935 porro
2214 1864 2522 1933 ignominiaa
2546 1904 2559 1928 ,
2596 1863 2735 1931 quod
2774 1876 2802 1914 a
2835 1876 2930 1914 sua
2964 1861 3092 1915 sede
3128 1858 3384 1929 depulsus
3417 1866 3605 1920 esset,

2034 1958 2132 2010 hoc
2167 1955 2284 2010 loco
2309 1953 2499 2022 opinor
2526 1953 2799 2020 intelligi),
2836 1953 2889 2005 in
2963 1950 3136 2006 aliena
3196 1944 3328 2004 urbe
3387 1944 3609 2017 (legendi

2035 2047 2339 2101 facultatem
2379 2059 2498 2100 esse
2534 2059 2705 2098 canon
2743 2043 3006 2097 decernit.
3048 2042 3244 2095 Durum
3296 2040 3441 2094 enim
3469 2080 3484 2101 ,
3520 2038 3607 2094 in-

2034 2140 2172 2209 quit,
2202 2148 2257 2193 et
2288 2151 2450 2203 grave
2480 2136 2765 2191 admodum
2798 2135 2978 2198 fuerit,
3009 2135 3054 2189 si
3086 2132 3362 2187 hominem
3426 2147 3452 2185 a
3512 2146 3610 2187 sua

344 2223 565 2278 civitate
594 2239 688 2292 per
710 2225 963 2293 injuriam
1000 2225 1301 2290 exclusum,
1344 2227 1507 2281 multa
1547 2243 1668 2282 cum
1717 2230 2053 2287 humanitate
2081 2246 2144 2286 ac
2172 2232 2436 2294 bonitate,
2490 2231 2590 2283 hoc
2641 2236 2743 2292 est,
2798 2235 3045 2297 prompto
3093 2224 3367 2294 alacrique
3411 2224 3613 2281 animo,

346 2317 648 2384 coepiscopi
683 2334 786 2370 non
818 2318 1110 2389 excipiant.
1434 2380 1437 2387 ,

348 2408 576 2464 ΑΡΙΣΤ.
613 2428 631 2459 ι
681 2407 908 2470 Ἀδίκως
970 2410 1270 2475 ἐπίσκοπος
1297 2412 1679 2483 ἐλαυνόμενος,
1730 2419 1777 2468 εί
1833 2420 1924 2471 ἐπὶ

435 2519 452 2549 ‹
488 2501 585 2566 τῆς
615 2500 905 2583 ἀλλοτρίας
938 2502 1139 2572 διάγοι,
1189 2503 1429 2571 δεκτέος,
1460 2506 1565 2573 ἕως
1614 2509 1712 2579 τὴν
1769 2508 1928 2581 ὓϐριν

428 2610 448 2644 ι
483 2592 911 2648 ὲπανασὼσαιτο.
945 2612 964 2645 ι

432 2702 452 2735 ι
488 2684 593 2737 Τὸν
620 2684 785 2753 τῦφον
812 2686 907 2740 καὶ
935 2687 1035 2756 τὴν
1080 2687 1405 2751 ἀλαζονείαν
1434 2692 1485 2744 oi
1522 2690 1764 2762 Πατέρες
1816 2710 1932 2745 κωρ

356 2778 575 2841 λύοντες
607 2777 949 2848 προσέταξαν
983 2779 1058 2850 μὴ
1082 2780 1172 2848 ἐφ’
1196 2781 1384 2834 ίκανδν
1411 2783 1604 2854 καιρὸν
1633 2784 1934 2839 ἐπίσκοπον

358 2870 418 2920 ἐν
442 2868 704 2940 ἀλλοτρία
734 2871 1011 2942 ἐπισκοπῇ
1059 2871 1395 2943 διατρίϐεινσ
1454 2875 1502 2927 ei
1541 2874 1596 2928 δέ
1638 2892 1725 2939 τις
1775 2876 1809 2946 ἢ
1846 2876 1936 2929 διὰ

358 2961 458 3027 τὴν
480 2960 769 3028 ὁμολογίαν
800 2961 896 3031 τῆς
925 2962 1202 3033 ἡμετέρας
1240 2963 1500 3029 πίστεως,
1540 2966 1572 3037 ἢ
1605 2966 1691 3019 διὰ
1712 2966 1812 3038 τὴν
1841 2969 1938 3036 τῆς

359 3051 621 3121 ἀληθείας
648 3052 952 3122 ἐκδίκησιν,
1001 3055 1098 3125 τῆς
1157 3054 1294 3118 ιδίας
1345 3056 1555 3117 πόλεως
1619 3057 1936 3129 ἐκϐληθείη.

2028 2417 2255 2474 ARIST.
2303 2435 2323 2467 ι
2358 2414 2650 2482 Episcopus
2694 2411 2888 2478 injuste
2924 2410 3196 2480 expulsus,
3239 2408 3283 2461 si
3335 2410 3388 2462 in
3440 2407 3611 2460 aliena

2111 2533 2129 2565 c
2165 2508 2441 2580 provincia
2473 2508 2656 2578 degat,
2692 2503 3089 2573 suscipiendus,
3130 2501 3300 2555 donec
3323 2498 3389 2552 ab
3422 2496 3618 2566 injuria

2112 2625 2130 2658 ι
2170 2605 2455 2660 liberetur.
2497 2622 2514 2655 ι

2110 2701 2336 2756 Fastum
2373 2706 2427 2753 et
2460 2694 2873 2752 ostentationem
2929 2689 3276 2762 prohibentes
3304 2687 3492 2742 Patres
3518 2728 3531 2751 ,
3565 2687 3617 2739 in

2041 2790 2307 2847 mandatis
2344 2789 2608 2845 dederunt
2649 2787 2961 2855 episcopum
3000 2784 3051 2836 in
3106 2781 3282 2835 alieno
3309 2779 3619 2847 episcopatu

2042 2886 2266 2939 multum
2298 2881 2555 2951 temporis
2583 2894 2690 2934 non
2725 2881 3026 2932 absumere.
3060 2873 3119 2929 Si
3153 2873 3275 2942 quis
3324 2880 3503 2925 autem
3537 2869 3620 2922 vel

2042 2986 2260 3049 propter
2287 2975 2402 3030 lidei
2433 2981 2632 3028 nostra:
2672 2968 3088 3030 confessionem,
3134 2964 3217 3018 vel
3269 2968 3488 3032 prepter
3528 2972 3623 3015 vc-

2047 3068 2220 3124 ritatis
2244 3065 2695 3128 vindicationem,
2723 3077 2816 3118 sua
2847 3061 3065 3115 civitate
3092 3057 3360 3126 ejiciatur,
3388 3061 3441 3136 et
3465 3051 3621 3107 aliam

363 3144 456 3196 καὶ
479 3146 558 3208 είς
596 3144 789 3212 ἑτέραν
824 3146 1032 3217 ἀπέλθῃ
1069 3149 1242 3213 πόλιν,
1277 3150 1337 3203 οὐ
1373 3150 1746 3219 κωλυθήσεται
1823 3153 1937 3206 ἐκεῖ

2076 3161 2197 3213 deat
2232 3157 2523 3216 civitatem,
2561 3154 2635 3207 ibi
2671 3152 2868 3222 degere
2900 3164 3003 3201 non
3028 3143 3429 3217 prohibebitur,
3453 3153 3625 3209 usque

361 3235 586 3301 διᾶγειν,
618 3235 815 3305 μέχρις
861 3238 928 3291 ἂν
976 3240 1304 3311 ἀπαλλαγὴν
1354 3243 1538 3311 εὑρεῖν
1586 3245 1788 3314 δυνηθῇ
1843 3247 1939 3315 τῆς

362 3326 499 3391 πρὸς
519 3323 681 3379 αὑτὸν
711 3325 1013 3397 γενομένης
1062 3329 1298 3399 ὖὸρεως.

958 3418 1196 3470 ΚΑΝΩΝ
1229 3417 1336 3473 ιη’.

372 3522 388 3552 ι
424 3503 745 3567 Γαυδέντιος
778 3504 1077 3569 ἐπίσκοπος
1106 3502 1293 3559 εἶπεν·
1329 3505 1513 3575 Οἶδας,
1563 3513 1758 3583 ἀδελφὲ
1823 3515 1943 3568 Ἀέ-

442 3612 459 3642 σ
495 3611 600 3656 τιε,
629 3594 703 3655 ὡς
731 3594 791 3646 τὸ
822 3595 1130 3664 τηνικαῦτά
1184 3615 1313 3650 ποτε
1369 3604 1807 3668 κατασταθέντος
1849 3607 1943 3657 σοῦ

444 3699 463 3732 ι
503 3681 808 3734 ἐπισκόπου
866 3684 899 3753 ἠ
966 3684 1158 3755 εἰρήνη
1210 3687 1395 3740 λοιπὸν
1439 3690 1810 3759 ἐϐράϐευσεν·
1859 3697 1947 3749 ἵνα

444 3792 461 3823 ι
504 3769 578 3843 μή
614 3791 736 3827 τινα
765 3772 995 3842 λείψανα
1028 3775 1293 3845 διχονοίας
1319 3780 1445 3850 περὶ
1469 3781 1578 3833 τῶν
1639 3784 1946 3855 ἐκκλησιῶν

451 3881 469 3913 ι
507 3863 867 3935 ὲναπομείνῃ,
925 3862 1072 3929 ἔδοξε
1130 3866 1227 3919 καὶ
1283 3868 1409 3933 τοὺς
1460 3873 1613 3942 παρά
1663 3874 1945 3927 Μουσαίου

448 3971 466 4003 ι
502 3954 939 4020 κατασταθέντας
958 3957 1052 4009 καὶ
1080 3959 1205 4022 τοὺς
1228 3959 1376 4030 παρά
1404 3958 1764 4031 Εὐτυχιανοῦ,
1797 3966 1948 4017 ἐπει·

449 4065 466 4097 ι
505 4045 569 4117 δὴ
602 4046 784 4101 αὐτῶν
809 4048 1036 4120 οὐδεμία
1052 4050 1341 4123 εὑρίσκετο
1373 4056 1543 4121 αἰτία,
1578 4056 1787 4121 πάντας
1817 4058 1948 4112 ὐπο-

439 4155 456 4187 ι
497 4138 768 4208 δεχθῆναι.
825 4161 842 4193 ι

979 4235 1217 4289 ΚΑΝΩΝ
1250 4237 1350 4291 ΙΘ’.

380 4341 398 4375 ι
442 4325 627 4387 "Octo;
653 4325 955 4390 ἐπίσκοπος
977 4325 1134 4381 εἷπε·
1173 4329 1285 4399 Τῆς
1311 4330 1451 4401 ὲμῆς
1508 4332 1867 4404 μετριότητος
1913 4338 1947 4404 ἡ

447 4436 467 4467 ‹
503 4417 776 4489 ἀπόφασίς
808 4420 923 4472 ἐστι
980 4419 1154 4488 αὖτηο
1211 4420 1401 4492 ἐπειδὴ
1423 4422 1618 4492 ἥσυχοι
1674 4424 1767 4477 καὶ
1809 4424 1947 4478 ὑπο-
1984 4440 2026 4494 ι)

454 4528 471 4561 ι
511 4510 793 4579 μονητικοὶ
823 4510 1113 4582 ὀφείλομεν
1144 4505 1307 4573 εἶναι,
1352 4514 1449 4565 καὶ
1473 4514 1670 4587 διαρκῆ
1699 4516 1788 4570 τον
1817 4516 1953 4587 πρὸς

460 4619 480 4651 ι
517 4600 723 4665 πάντας
750 4599 894 4672 ἔχειν
932 4597 1135 4668 οἶκτον,
1181 4603 1329 4669 ἅπαξ
1363 4606 1489 4668 τοὺς
1529 4611 1611 4668 εις
1640 4607 1841 4679 κλῆρον
1869 4610 1958 4663 ὲκ-

457 4710 475 4742 ι
513 4691 904 4769 κλησιαστικδν
927 4693 1311 4764 προαχθέντας
1358 4696 1464 4749 ὑπό
1492 4713 1658 4751 τινων
1712 4700 1957 4768 ἀδελφῶν

460 4801 477 4833 r
514 4781 690 4851 ἡμῶν,
722 4782 770 4835 εί
826 4784 900 4854 μὴ
930 4782 1202 4854 βούλοιντο
1241 4783 1633 4856 ἐπανέρχεσθαι
1664 4787 1742 4850 είς
1766 4784 1830 4851 ἀς
1859 4806 1957 4843 κα-

455 4895 473 4925 (
505 4875 931 4947 τωνομάσθησαν
988 4876 1303 4948 ἐκκλησίας,
1336 4876 1429 4932 τοῦ
1483 4878 1673 4933 λοιποῦ
1714 4881 1788 4950 μὴ
1824 4882 1957 4935 ὑπο-

448 4978 483 5019 ἰ
522 4968 801 5037 δέχεσθαι·
838 4969 1168 5039 Εὐτυχιανδν
1196 4969 1254 5023 δὲ
1301 4972 1440 5041 μήτε
1474 4971 1780 5026 ἐπισκόπου
1826 4975 1956 5026 ἑαυ-

468 5082 485 5113 ι
520 5062 595 5133 τῷ
618 5062 904 5118 διεκδικεῖν
958 5065 1129 5135 ὄνομα
1158 5080 1171 5095 ·
1215 5064 1328 5117 ἀλλ’
1372 5065 1493 5117 οὐδὲ
1551 5066 1827 5121 Μουσαῖον
1884 5066 1958 5129 ὡς

465 5174 483 5207 ι
517 5155 814 5211 ἐπίσκοπον
845 5156 1186 5227 νομίζεσθαι.
1230 5158 1293 5211 Ei
1334 5157 1391 5211 δὲ
1428 5158 1622 5223 λαῖκὴν
1669 5164 1959 5213 κοινωνίαν

458 5267 475 5297 ι
516 5248 822 5315 ἀπαιτοῖεν,
858 5248 932 5319 μὴ
960 5250 1159 5320 χρῆναι
1193 5248 1378 5312 αὐτοῖς
1407 5248 1714 5316 ἀρνεῖσθαι.
1746 5248 1953 5313 Πάντες

460 5357 479 5389 ι
520 5334 716 5394 εἶπανο
760 5341 1035 5411 ’Δρέσκει.

462 5430 663 5495 ΒᾹΛΣ.
702 5430 766 5485 '0
797 5431 1074 5495 Μουσαῖος
1099 5431 1192 5487 καί
1217 5433 1246 5485 ὁ
1293 5432 1649 5505 Εὐτυχιανὸς,
1678 5434 1961 5505 ἀχειροτό-

384 5540 535 5592 νητοι
559 5524 735 5588 ὅντες,
763 5524 837 5588 ὡς
867 5524 1161 5579 ἐπίσκοποι
1200 5525 1502 5598 κληρικούς
1556 5544 1711 5591 τινας
1746 5529 1960 5598 ἑχειρο-

384 5611 641 5682 τόνησαν.
673 5613 781 5667 Τοῦ
822 5612 954 5681 γοῦν
996 5613 1324 5670 Γαυδεντίου
1375 5614 1715 5688 ζητήσαντος
1740 5617 1830 5671 διὰ
1862 5616 1962 5687 τὴν

390 5703 529 5758 κατᾶ
566 5703 698 5759 Θεὸν
758 5705 983 5778 εἰρήνην
1038 5704 1293 5779 δεχθῆναι
1344 5708 1470 5773 τοὺς
1526 5708 1681 5780 ποιρά
1751 5708 1958 5763 τούτων

2049 3251 2173 3303 dtnn
2205 3249 2270 3301 ab
2296 3248 2489 3317 injuria
2519 3246 2618 3300 sibi
2652 3245 2789 3297 facta
2825 3239 3038 3294 liberari
3070 3244 3263 3308 potest.

2615 3418 2843 3475 CANON
2877 3416 3061 3470 XVlll.

2062 3534 2078 3565 ι
2122 3514 2455 3570 Gaudentius
2485 3513 2772 3582 episcopus
2803 3510 2939 3563 dixit
2973 3527 2985 3562 :
3025 3508 3145 3563 Scis
3172 3547 3185 3570 ,
3234 3506 3403 3561 frater
3431 3500 3584 3558 Aetie
3610 3543 3625 3564 ,

2130 3626 2148 3657 ι
2184 3607 2325 3676 quod
2359 3615 2482 3660 tunc
2506 3646 2519 3669 ,
2548 3618 2674 3658 eum
2726 3603 3010 3672 episcopus
3042 3599 3367 3655 constitutus
3395 3610 3455 3652 es
3478 3635 3492 3662 ,
3525 3608 3627 3662 pax

2058 3730 2067 3735 ς
2132 3716 2150 3747 ι
2186 3696 2438 3764 deinceps
2480 3694 2684 3764 viguit;
2719 3708 2784 3747 ne
2820 3692 3012 3760 aliqua:
3040 3691 3433 3746 discordiarum
3497 3685 3630 3740 reli-

2135 3803 2152 3836 ι
2190 3786 2326 3853 quite
2350 3786 2414 3839 de
2436 3785 2676 3838 ecclesiis
2709 3789 3039 3846 remaneant,
3065 3781 3241 3833 visum
3296 3785 3400 3843 est,
3442 3787 3501 3830 ut
3539 3776 3629 3844 qui

2136 3897 2153 3928 ι
2191 3892 2221 3930 a
2252 3876 2449 3929 Musaeo
2485 3882 2537 3927 et
2570 3871 2907 3945 Eutychiano
2956 3869 3231 3924 constituti
3284 3875 3411 3922 sunt
3445 3904 3460 3930 ,
3507 3864 3629 3935 quia

2112 3989 2154 4039 ει
2195 3967 2340 4022 nulla
2376 3979 2560 4019 eorum
2592 3962 2745 4032 culpa
2776 3960 3150 4029 inveniebatur
3174 3999 3189 4023 ,
3235 3971 3426 4013 omnes
3462 3956 3634 4019 suscic

2142 4081 2159 4114 ι
2198 4067 2477 4131 perentur.
2519 4076 2537 4107 ι

2656 4232 2884 4294 CANON
2907 4232 3052 4287 XIX.

2070 4356 2088 4389 ι
2127 4335 2288 4391 Osius
2318 4333 2604 4404 episcopus
2624 4329 2760 4384 dixit
2795 4343 2807 4378 :
2849 4326 2978 4382 Meae
3001 4323 3388 4381 mediocritatis
3412 4324 3523 4378 haec
3552 4331 3634 4378 est

2131 4448 2150 4482 ι
2188 4426 2475 4483 sententia.
2507 4423 2640 4490 Quia
2673 4420 2837 4491 quieti
2893 4428 2947 4473 et
2993 4417 3255 4486 patientes
3303 4429 3422 4470 esse
3471 4414 3635 4469 debe-

2138 4541 2156 4572 ι
2197 4536 2335 4581 mus,
2371 4527 2424 4573 ct
2451 4514 2803 4571 sufficientem
2837 4526 2962 4579 erga
3001 4522 3189 4563 omnes
3222 4506 3424 4561 habere
3470 4504 3635 4559 mise-

2137 4631 2156 4663 ι
2198 4609 2487 4665 ricordiam
2518 4621 2634 4671 eos,
2672 4605 2762 4675 qui
2791 4602 2955 4657 semel
2981 4604 3032 4655 in
3069 4599 3271 4655 clerum
3294 4595 3635 4653 'ecclesiasti-

2140 4722 2159 4755 ι
2198 4716 2318 4756 eum
2386 4701 2453 4753 ab
2510 4697 2777 4767 aliquibus
2832 4692 3090 4748 fratribus
3148 4691 3347 4746 nostris
3402 4687 3633 4757 promoti

2142 4813 2160 4846 ι
2199 4803 2346 4857 sunt,
2385 4792 2428 4846 si
2463 4788 2716 4844 nolintad
2745 4786 3000 4841 ecclesias
3031 4826 3046 4850 ,
3093 4785 3148 4838 in
3181 4798 3316 4854 quas
3373 4778 3633 4834 nominati

2141 4907 2159 4939 ι
2203 4895 2329 4941 sunt
2359 4883 2554 4945 redire,
2586 4881 2839 4949 deinceps
2897 4896 3001 4933 non
3052 4874 3301 4932 admitti:
3340 4871 3635 4942 Eutychia-

2139 4996 2157 5031 ι
2192 4991 2316 5030 num
2368 4982 2547 5030 autem
2605 4989 2675 5029 ne
2721 4971 2957 5040 episcopi
3011 4968 3226 5037 quidem
3277 4964 3379 5019 sibi
3439 4977 3632 5017 nomen

2141 5084 2158 5116 ι
2194 5079 2489 5134 usurpare;
2540 5063 2630 5118 sed
2693 5077 2865 5132 neque
2923 5059 3179 5111 Musteutn
3231 5063 3285 5109 et
3310 5053 3628 5123 episcopum

2142 5177 2159 5209 ι
2199 5157 2518 5213 existimari.
2576 5156 2632 5211 Si
2705 5165 2883 5208 autem
2946 5153 3137 5207 laicam
3200 5145 3634 5204 communionem

2141 5268 2158 5298 ι
2196 5247 2507 5316 petiverint,
2539 5261 2647 5300 non
2702 5252 2951 5313 oportere
2983 5242 3064 5297 eis
3114 5236 3390 5307 denegari.
3438 5233 3636 5290 Omnes

2146 5356 2164 5389 ι
2206 5339 2457 5393 dixerunt
2489 5356 2503 5391 :
2534 5336 2738 5390 Placet.
2771 5353 2789 5386 ι

2137 5430 2329 5486 BALS.
2361 5429 2595 5484 Musaeus
2626 5438 2680 5484 et
2714 5426 3084 5496 Eutychianus
3116 5465 3131 5491 ,
3159 5439 3278 5480 cum
3315 5438 3420 5477 non
3457 5432 3638 5478 essent

2063 5523 2319 5587 ordinati,
2342 5531 2598 5590 tanquam
2637 5520 2876 5589 episcopi
2907 5519 3138 5575 clericos
3179 5505 3637 5587 aliquos'ordina-

2065 5623 2209 5670 runt.
2247 5615 2382 5671 Cum
2413 5616 2593 5684 itaque
2626 5611 2961 5669 Gaudentius
2987 5610 3290 5681 petivisset,
3324 5620 3383 5663 ttt
3417 5618 3636 5679 propter

2067 5722 2277 5780 pacem,
2336 5707 2590 5767 omnibus
2653 5704 2827 5762 modis
2884 5704 3188 5761 divinorum
3248 5708 3634 5772 praceptorum
