3958 6242
426 247 558 316 1491

394 1095 633 1166 episcopi
662 1099 785 1169 jura
813 1104 900 1159 vel
928 1121 1122 1164 nomen
1153 1112 1292 1166 haud
1317 1129 1562 1186 quaerant
1594 1137 1609 1174 :
1649 1123 1734 1176 sin
1791 1135 1971 1182 autem

393 1197 452 1240 ut
491 1189 612 1244 laici
639 1197 1042 1255 communicare
1070 1201 1235 1258 velint
1259 1245 1274 1271 ,
1303 1207 1512 1264 excludi
1539 1225 1646 1267 non
1675 1215 1869 1282 placet.

395 1278 630 1338 ARIST.
662 1303 682 1336 ι
712 1284 960 1345 Clericus
986 1292 1074 1360 qui
1109 1310 1214 1350 non
1237 1297 1383 1367 degit
1422 1301 1474 1356 in
1515 1278 1745 1361 ecclesia
1781 1324 1886 1378 qua
1917 1312 1968 1367 in

476 1379 498 1424 ι
531 1374 735 1431 clerum
770 1391 1052 1450 cooptatus
1076 1396 1156 1440 est
1186 1429 1200 1454 ,
1257 1405 1362 1445 non
1416 1396 1774 1463 recipiendus.
1799 1374 1970 1476 Euty-

464 1482 483 1515 ι
521 1465 750 1524 cbianus
779 1482 979 1539 autem,
1011 1484 1064 1530 et
1093 1476 1320 1536 Musaeus
1350 1485 1587 1556 episcopi
1639 1465 1955 1559 appellatio-

463 1570 483 1604 ι
520 1567 641 1608 nem
678 1557 779 1612 sibi
823 1575 931 1616 non
965 1564 1330 1624 vindicabunt.
1359 1557 1803 1634 Communioniem
1836 1597 1966 1637 vero

461 1663 481 1695 ι
515 1659 639 1700 cum
673 1648 844 1718 laicis,
881 1653 924 1708 si
968 1655 1266 1725 voluerint,
1293 1673 1713 1732 consequentur.
1747 1688 1766 1721 ι

469 1736 821 1797 Abomnibus
850 1743 962 1801 fere
986 1751 1205 1817 synodis
1225 1761 1279 1806 et
1311 1753 1360 1808 in
1395 1756 1642 1824 plurimis
1671 1764 1968 1822 canonibus
1997 1737 2040 1793 Β

382 1827 714 1896 decernitur,
749 1833 974 1890 clericos
1001 1839 1207 1896 alienos
1253 1845 1320 1898 ab
1370 1846 1492 1902 aliis
1539 1850 1808 1922 episcOpis
1857 1871 1962 1912 non

380 1916 756 1985 suscipiendos
786 1937 932 1989 esse,
967 1934 1023 1980 et
1053 1928 1121 1983 ab
1162 1930 1226 1985 iis
1268 1934 1334 1986 ad
1363 1916 1588 2004 gradum
1638 1916 1964 1999 ecclesiasti-

379 2017 501 2058 cum
531 2012 947 2076 promovendos.
977 2016 1088 2072 Hoc
1118 2020 1278 2088 igitur
1300 2038 1533 2092 praesens
1569 2043 1742 2086 canon
1773 2033 1952 2093 docet.

379 2093 448 2153 Et
477 2102 685 2166 statuit,
745 2101 1143 2176 Eutychianum
1189 2123 1245 2168 et
1288 2115 1542 2172 Musmum
1591 2123 1963 2184 schismaticos

378 2185 554 2243 iactos
579 2201 632 2244 et
646 2191 940 2262 depositos,
969 2199 1013 2252 si
1045 2204 1420 2270 pmnitentiam
1451 2220 1635 2278 agunt,
1686 2223 1741 2268 ct
1779 2215 1960 2284 digni-

379 2289 539 2334 tatem
579 2283 936 2355 episcopalem
972 2293 1053 2366 vel
1107 2309 1301 2351 nomen
1361 2311 1648 2368 usurpem,
1696 2320 1806 2361 non
1859 2323 1958 2362 au-

375 2369 602 2428 diendos
625 2387 766 2462 esse,
799 2394 988 2436 verum
1029 2394 1087 2438 ut
1118 2387 1308 2455 iaicos,
1342 2391 1386 2446 si
1418 2393 1606 2462 velint,
1633 2397 1698 2452 ad
1720 2412 1958 2454 commu-

371 2457 597 2516 nionem.
622 2442 1007 2527 admittendos.

953 2691 1183 2754 CANON
1220 2699 1338 2757 XX.

376 2827 394 2860 ι
427 2809 764 2874 Gaudentius
811 2823 1096 2897 episcopus
1161 2832 1298 2890 dixit
1333 2855 1347 2892 :
1393 2838 1520 2899 Haec
1564 2849 1874 2914 salutariter
1897 2869 1954 2918 et

447 2921 466 2954 ι
499 2919 894 2977 consequenter
915 2918 1133 2976 deiinita
1158 2936 1212 2979 et
1247 2933 1415 2987 nostri
1469 2943 1812 3004 sacerdotum
1867 2951 1953 3006 di-

447 3011 466 3044 t
506 2997 713 3064 gnitate
744 3007 1150 3079 convenienter,
1181 3026 1235 3070 et
1263 3034 1383 3088 quae
1412 3023 1523 3080 Deo
1553 3040 1609 3084 et
1645 3034 1949 3098 hominibus
1976 3063 2020 3123 α

447 3105 462 3123 ι
499 3086 810 3123 nitu-nar...”
871 3101 1162 3123 nAI4_|:‘_--
1248 3117 1259 3123 -
1355 3113 1365 3123 .

442 3105 463 3137 ι
497 3086 838 3158 placuerunt,
871 3101 1168 3165 potentiam
1212 3086 1460 3169 etrvircs
1517 3132 1648 3176 suas
1704 3128 1950 3188 obtinere

417 3195 458 3227 ιι
497 3193 604 3234 non
631 3189 925 3252 poterunt;
961 3190 1060 3245 nisi
1093 3195 1255 3250 etiam
1309 3213 1481 3258 metus
1516 3209 1690 3266 editas
1727 3228 1948 3274 senten-

437 3286 458 3320 ι
500 3269 600 3325 tias
621 3286 941 3333 consecutus
971 3280 1157 3341 fuerit.
1187 3289 1294 3358 lpsl
1334 3293 1476 3348 enim
1536 3300 1762 3371 scimus,
1803 3323 1944 3379 saepe

435 3381 452 3411 ι
496 3374 718 3431 propter
746 3383 1041 3435 paucorum
1061 3375 1466 3451 impudentiam,
1501 3390 1740 3450 divinum
1771 3409 1826 3453 et
1854 3374 1945 3454 in-

435 3470 460 3502 «ε
495 3455 685 3521 primis
730 3466 1089 3520 venerandum
1137 3475 1428 3529 sacerdotii
1465 3495 1660 3537 nomen
1692 3485 1745 3538 in
1788 3488 1946 3542 dam-

429 3560 446 3591 ι
487 3544 759 3601 nationem
820 3551 1132 3612 incurrisse.
1178 3559 1233 3614 Si
1282 3564 1404 3632 quis
1435 3581 1562 3636 ergo
1607 3584 1804 3639 praeter
1835 3592 1896 3631 ea
1921 3620 1939 3647 ,

429 3651 448 3684 ι
487 3648 606 3704 qua:
630 3639 882 3698 omnibus
918 3646 1028 3700 visa
1085 3659 1417 3719 sunt,ausus
1461 3659 1624 3718 fuerit
1671 3639 1942 3735 (fastuiet

429 3744 448 3778 ι
488 3733 814 3800 arrogantia:
843 3738 1010 3807 magis
1042 3756 1205 3809 quam
1245 3745 1356 3804 Deo
1408 3752 1626 3820 placere
1672 3733 1938 3832 cupiens)

433 3837 462 3868 ι-
485 3819 689 3890 aliquid
723 3826 867 3880 aliud
895 3844 1057 3898 agere
1085 3849 1100 3887 :
1135 3835 1273 3891 sciat
1299 3840 1409 3906 jam
1443 3857 1502 3897 se
1524 3844 1703 3915 ipsum
1757 3851 1941 3906 crimi-

435 3927 454 3958 ι
490 3910 574 3964 nis
599 3913 906 3972 defensioni
931 3920 1224 3980 obnoxium
1253 3910 1605 4002 constituere,
1633 3947 1687 3993 et
1726 3941 1929 4010 cpisco-

426 4021 444 4053 ι
478 4012 637 4071 patus
655 4005 915 4065 honorem
958 4021 1014 4068 et
1045 4021 1420 4105 auctoritatem
1451 4030 1718 4088 amittere.
1737 4033 1936 4092 Omnes

423 4113 442 4146 σ
481 4098 915 4164 responderunt:
946 4102 1110 4162 Decet
1150 4098 1230 4166 vet
1281 4113 1455 4182 placet
1489 4121 1644 4176 nobis
1673 4123 1788 4180 haec
1813 4142 1934 4181 sen-

424 4203 444 4236 ι
489 4189 682 4242 tentia.
727 4208 748 4242 ι

415 4274 610 4334 ΒΆιὸ.
643 4279 774 4337 Cum
825 4285 889 4340 de
931 4285 1163 4346 diversis
1184 4295 1570 4357 ecclesiasticis
1604 4309 1930 4374 questioni-

1657 277 1938 344 THEOD.
1982 285 2387 355 BALSAMON

411 380 605 421 causas
633 368 977 440 episcopatus
1008 385 1153 432 esset
1197 381 1753 454 abrogandus;.adhuc
1806 403 1986 452 tamen
2015 405 2064 462 Α
2091 404 2294 468 αὐτοὺς

407 467 534 511 cum
569 471 664 513 eos
690 463 1110 533 constituerent,
1161 471 1362 541 quippe
1397 476 1490 542 qui
1537 478 1830 548 aliquando
1875 487 1986 555 epi-

407 549 558 619 scopi
583 553 752 608 creati
783 554 1020 624 fuerant,
1049 560 1421 632 episcoporum
1465 568 1586 636 jura
1636 549 1937 634 retinebant
1966 596 1981 635 :

403 651 564 708 quam
611 643 684 698 ob
712 661 958 716 causam,
993 660 1048 706 et
1085 667 1180 708 eos
1205 671 1340 726 quos
1393 659 1492 730 ipsi
1540 663 1594 717 in
1623 666 1827 722 clerum
1881 671 1983 725 ad-

402 730 704 799 scivissent,
724 737 962 806 synodos
985 754 1200 813 quoque
1224 749 1434 802 censuit
1467 753 1800 812 retinendos.
1824 757 1981 825 Quod

399 820 445 875 si
473 823 541 876 ad
575 837 668 878 eas
696 827 980 895 ecclesias,
1023 833 1075 888 in
1098 836 1296 904 quibus
1327 841 1587 898 nominati
1619 859 1742 901 sunt
1769 848 1976 917 clerici,

397 913 578 968 redire
607 915 822 984 nolint,
853 935 922 976 ne
945 922 1017 978 illi
1047 925 1097 980 in
1129 927 1250 984 aliis
1273 930 1523 988 videlicet
1574 936 1820 995 ecclesiis
1863 957 1978 996 am-

400 1003 543 1072 plius
573 1007 929 1076 recipiantur.
987 1015 1358 1088 Eutychianus
1413 1035 1592 1082 autem
1641 1040 1696 1084 et
1742 1030 1974 1092 Milesius

2085 686 2260 742 ελθεῖν
2298 693 2380 755 εἷς
2415 694 2515 758 τὰς
2547 697 2864 768 ἐκκλησίας,
2915 694 2990 755 ὧν
3030 703 3431 777 ὠνομάσθησαν
3462 712 3716 782 κληρο-

2083 781 2190 848 κοὶ,
2227 785 2424 854 μηκέτι
2455 788 2906 860 ὑποδεχέσθωσαν
2932 795 2992 847 ἐν
3017 796 3210 861 ἄλλαις
3223 799 3426 872 δηλαδὴ
3454 781 3709 875 ἐκκλη-

2081 873 2248 937 σίαις.
2289 875 2348 930 Ὀ
2376 878 2435 932 δὲ
2459 880 2792 952 Εὐτυχιανδς
2816 886 2912 939 καὶ
2954 889 2984 941 ὁ
3024 890 3299 955 Μουσαῖος
3346 873 3703 951 ἐπισκόπει-υ

2077 964 2529 1042 δίκαιαῆδνομα
2586 976 2662 1045 μὴ
2719 975 3103 1047 ζητείτωσαν’
3145 985 3196 1036 εί
3258 985 3318 1038 δὲ
3391 987 3468 1052 ὡς
3537 989 3701 1044 λαῖ-

2078 1057 2164 1112 κοὶ
2193 1057 2475 1128 βούλονται
2525 1073 2803 1124 κοινωνεῖν
2835 1071 2897 1125 ού
2928 1073 3035 1144 χρὴ
3092 1075 3291 1139 αὐτοὺς
3321 1079 3702 1151 ἀποπέμπε-

2078 1151 2224 1206 σθαι.

2073 1245 2298 1302 ΑΡΙΣΤ.
2334 1265 2353 1298 ι
2394 1247 2655 1314 Ἀδεκτος
2713 1252 2741 1304 ὁ
2777 1251 3039 1324 κληρικδς
3077 1259 3105 1310 ὁ
3139 1258 3213 1330 μὴ
3240 1261 3412 1314 τελῶν
3447 1263 3535 1328 εἰς
3563 1265 3688 1336 τὴν

2151 1356 2171 1390 ι
2212 1339 2512 1412 ἐκκλησίαν
2553 1344 2612 1396 ἐν
2747 1348 2842 1399 καὶ
2888 1349 3263 1420 κεκλήρωται.
3311 1355 3680 1426 Εὑτυχιανὺς

2148 1449 2168 1485 ι
2207 1432 2390 1502 μέντοι
2422 1435 2516 1490 καὶ
2545 1435 2821 1501 Μουσαῖος
2848 1440 3154 1496 ἐπισκόπου
3199 1445 3390 1517 κλῆσιν
3420 1449 3527 1503 ούκ
3563 1454 3673 1504 ὲκ·

2143 1543 2164 1576 ι
2203 1525 2519 1596 δικήσουσι·
2554 1531 2840 1593 κοινωνίας
2899 1533 3109 1602 μέντοι,
3153 1539 3296 1592 κατὰ
3347 1541 3481 1606 τοὺς
3534 1542 3677 1598 la?-

2147 1633 2166 1667 ι
2203 1617 2354 1683 κοὺς,
2377 1618 2472 1672 ἐὰν
2503 1621 2754 1686 θέλωσιν,
2773 1625 3173 1691 ἐπιτεύξονται.
3191 1644 3212 1680 s

2149 1708 2286 1763 Ὑπὸ
2318 1710 2426 1764 τῶν
2457 1713 2690 1765 συνόδων
2725 1714 2914 1784 σχεδὸν
2950 1718 3160 1783 πασῶν,
3196 1721 3289 1772 καὶ
3315 1721 3374 1775 ἐν
3429 1721 3674 1788 πολλοῖς

2076 1801 2298 1856 κανόσιν
2319 1801 2548 1873 ὥρισται
2570 1803 2648 1870 τὸ,
2671 1807 2746 1876 μὴ
2775 1807 3136 1878 ὑποδέχεσθαι
3167 1812 3295 1875 τοὺς
3327 1813 3668 1883 ἀλλοτρίους

2067 1891 2360 1962 κληρικοὺς
2382 1894 2512 1964 παρ’
2539 1897 2856 1952 ἐπισκόπων
2886 1901 3110 1970 ἐτέρων,
3137 1903 3232 1956 καὶ
3289 1905 3398 1958 ὑπὸ
3449 1908 3671 1978 ἐκκλη-

2068 1985 2346 2040 σιαστικὸν
2379 1987 2585 2057 βαθμὸν
2605 1989 2870 2058 προάγειν
2902 1992 3300 2056 αὐτούς.Τοῦτο
3325 1997 3462 2064 γοῦν
3497 2002 3600 2051 καὶ
3633 2002 3667 2053 δ

2066 2077 2262 2149 παρὼν
2303 2079 2544 2138 διδάσκει
2576 2082 2773 2136 κανών.
2806 2084 3133 2154 Εύτυχιανδν
3195 2088 3382 2157 μέντοι
3433 2091 3537 2142 καὶ
3564 2091 3662 2145 τδν

2064 2173 2356 2237 Μουσαῖον,
2383 2175 2773 2244 σχισματικοὺς
2828 2178 3195 2245 γενομένους,
3224 2181 3321 2232 καὶ
3382 2182 3656 2253 καθαιρε-

2063 2262 2272 2329 θέντας,
2302 2264 2498 2336 ὁρίζει,
2523 2267 2572 2318 εί
2610 2267 3050 2336 μεταμεληθῶσι,
3080 2269 3176 2324 καὶ
3203 2271 3264 2323 τὸ
3285 2273 3388 2340 τῆς
3415 2273 3652 2328 ἐπισκο-

2061 2357 2168 2426 πῆς
2205 2357 2562 2411 διεκδικοῦσιν
2621 2357 2836 2428 ἀξίωμα
2870 2360 2902 2431 ἢ
2938 2360 2997 2413 τὸ
3025 2360 3233 2430 ὄνομα,
3269 2363 3347 2435 μὴ
3385 2365 3650 2420 εἰσακου-

2060 2449 2270 2520 σθῆναι,
2297 2448 2372 2513 ὡς
2407 2449 2628 2514 λαῖκοὺς
2666 2449 2871 2521 μέντοι,
2915 2452 2964 2504 εί
2995 2451 3298 2522 βούλονται,
3328 2455 3411 2520 είς
3453 2475 3648 2512 κοινω-

2057 2542 2176 2596 νίαν
2229 2542 2657 2613 παραδεχθῆναι.

2668 2683 2910 2740 ΚΑΝΩΝ
2941 2687 3023 2741 K'.

2061 2837 2082 2873 ι
2117 2819 2438 2883 Γαυδέντιος
2482 2821 2784 2888 ἐπίσκοπος
2830 2819 2991 2878 εἷπε·
3028 2824 3216 2882 Ταῦτα
3267 2829 3625 2900 empirici;

2129 2929 2152 2967 ι
2195 2913 2289 2967 καὶ
2327 2913 2639 2979 ἀκολούθως
2681 2916 2971 2986 ὁρισθέντα
3036 2918 3132 2970 καὶ
3177 2923 3487 2988 πρεπόντως
3540 2923 3603 2987 τῇ

2130 3021 2153 3059 ί
2184 3004 2436 3076 ἐπιτιμία
2467 3004 2626 3075 ἡμῶν
2673 3006 2782 3060 τῶν
2819 3007 3029 3078 ἱερέων,
3062 3010 3157 3062 καὶ
3192 3011 3310 3080 Θεῷ
3347 3012 3607 3080 ἀρέσαντα

2125 3113 2145 3148 t
2179 3097 2274 3150 καὶ
2299 3097 2629 3166 ἀνθρώποις,
2663 3098 2763 3170 τὴν
2791 3098 3027 3171 δύναμιν
3061 3103 3152 3155 καὶ
3180 3103 3278 3174 τὴν
3310 3105 3459 3173 ίσχὶον
3483 3105 3610 3157 ἐαυ-

2131 3205 2150 3238 ι
2189 3186 2298 3240 τῶν
2329 3192 2623 3259 κατασχεῖν
2662 3190 2724 3244 οὐ
2751 3190 3111 3262 δυνήσονται·
3143 3193 3329 3262 ἐὰνιμὴ
3380 3197 3473 3246 καὶ
3515 3195 3600 3261 φό-
3644 3200 3650 3208 ’

2125 3295 2144 3329 ι
2185 3278 2274 3340 6ος
2296 3282 2418 3342 ταῖς
2445 3281 2844 3351 ἐξενεχθείσαις
2886 3283 3226 3352 άποιράσεσιν
3263 3284 3590 3355 ἀκολουθείη.

2125 3390 2143 3423 ι
2183 3373 2372 3442 Ἴσμεν
2403 3374 2511 3443 γὰρ
2535 3376 2630 3428 καὶ
2661 3375 2816 3429 αὐτοὶ
2842 3378 3134 3442 πλεονάκις
3175 3378 3261 3432 διὰ
3281 3379 3374 3449 τὴν
3411 3381 3604 3447 ὀλίγων

2125 3479 2144 3513 ι
2179 3463 2564 3539 ἀναισχυντίαν
2581 3464 2642 3518 τὸ
2667 3464 2810 3520 θεῖον
2829 3467 2922 3520 καὶ
2957 3468 3396 3539 σεϐασμιὼτατον
3439 3471 3616 3538 δνομα

2121 3571 2140 3604 ι
2178 3553 2277 3623 τῆς
2312 3536 2614 3626 ίερωσύῧης
2648 3558 2729 3617 εἰς
2772 3536 3142 3626 κατάγνωσιν⁷
3179 3536 3611 3630 ἐληλυθέναιίεί

2118 3665 2136 3699 ι
2175 3647 2354 3702 τοίνυν
2375 3665 2459 3712 τις
2482 3648 2549 3701 τὰ
2571 3649 2718 3720 παρὰ
2740 3651 3114 3717 πᾶσιδόξαντα
3140 3655 3428 3724 τολμήσει,
3451 3673 3612 3708 σπου-

2119 3757 2139 3790 (
2172 3737 2350 3802 δάζων
2380 3739 2539 3812 τύφῳ
2603 3741 2800 3810 μᾶλλον
2849 3745 2944 3798 καὶ
2987 3746 3275 3818 ἀλαζονείᾳ
3306 3748 3340 3819 ἦ
3380 3749 3456 3818 τῷ
3495 3748 3609 3820 Θεῷ

2114 3848 2132 3882 ι
2169 3829 2386 3900 ἀρέσαι,
2421 3831 2608 3902 ἕτερον
2635 3849 2688 3885 τι
2710 3833 3132 3904 διαπράξασθαι,
3170 3838 3269 3909 ήδη
3295 3842 3606 3906 γινωσκέτω

2113 3940 2133 3975 ι
2171 3923 2479 3994 ἐγκλήματι
2499 3926 2792 3996 ἀπολογίας
2811 3927 3002 3982 ἑαυτὸν
3029 3929 3331 3985 ὑπεύθυνον
3353 3932 3604 3986 καθίστα-

2113 4036 2133 4070 ι
2173 4019 2317 4084 σθαι,
2347 4022 2441 4073 καὶ
2469 4020 2568 4092 τὴν
2605 4022 2772 4092 τιμὴν
2801 4023 2896 4076 καὶ
2924 4023 2986 4076 τὸ
3011 4023 3233 4095 ἀξίωμα
3257 4027 3356 4095 τῆς
3388 4030 3603 4080 ἐπισκο-

2109 4129 2130 4163 ι
2164 4111 2272 4180 πῆς
2293 4111 2640 4167 ἀποϐάλλειν.
2667 4114 3348 4189 Ἀπαντεςάπεκρὶναντοο
3381 4121 3596 4192 Πρέπει,

2109 4223 2128 4255 ι
2171 4206 2266 4258 καὶ
2301 4206 2527 4275 ἀρέσκει
2551 4207 2734 4276 ήμῖνη
2761 4207 2990 4277 τοιαύτη
3028 4212 3247 4281 γνώμη.
3290 4232 3308 4264 ι

2111 4297 2310 4350 ΒΑΛΣ.
2344 4297 2484 4368 Περὶ
2512 4297 2790 4369 διαφόρων
2822 4301 3300 4371 ἐκκλησιαστικῶν
3352 4304 3590 4375 ζητημάο

345 4368 446 4424 bus
477 4367 663 4427 Patres
695 4373 747 4428 in
777 4377 878 4432 hac
897 4382 1100 4450 synodo
1131 4387 1539 4446 constituissent
1579 4435 1594 4458 ,
1622 4367 1698 4451 ὀι
1745 4400 1925 4469 despi-

2074 4405 2136 4441 uuv
2153 4367 2578 4460 ὁροθετήσαντες
2602 4390 2652 4443 oi
2680 4367 2935 4462 νΠατέρες
2966 4367 3024 4446 ἐν
3046 4397 3112 4466 τῇ
3137 4367 3374 4469 τοιαύτῃ⁷

342 4462 484 4514 eatui
514 4460 652 4517 forte
679 4465 926 4523 habenda
953 4487 1071 4540 qua:
1119 4481 1410 4536 constituta
1452 4497 1606 4541 erant
1674 4460 1930 4560 reputas-

339 4560 490 4619 sent,
504 4567 568 4609 eo
601 4556 742 4625 quod
765 4561 1144 4621 ecclesiasticis
1173 4571 1344 4639 pinnis
1363 4586 1581 4645 propter
1607 4556 1880 4653 transgres
1896 4619 1918 4630 -

338 4641 547 4699 sionem
592 4659 698 4700 non
750 4647 912 4720 507
953 4658 1271 4716 conﬁrmata
1319 4641 1384 4718 ac
1425 4641 1661 4725 stabilita
1688 4641 1905 4732 essent:

335 4742 681 4803 statuerunt,
725 4749 786 4794 ut
828 4747 1046 4810 postrei
1079 4752 1444 4819 cognitionem
1489 4759 1586 4828 (id
1641 4764 1785 4818 enim
1833 4779 1917 4823 est

336 4827 580 4886 criminis
611 4831 885 4905 defensio)
916 4835 974 4901 ii,
1026 4839 1122 4908 qui
1149 4852 1638 4918 contemnuntque:
1661 4855 1763 4912 illis
1791 4873 1920 4913 con-

338 4929 484 4974 tenta
514 4931 668 4988 sunt,
689 4924 1033 4996 episcopatus
1057 4929 1317 4988 honorem
1334 4946 1388 4992 et
1411 4939 1728 5010 dignitatem
1757 4950 1921 5004 amit-

335 5019 470 5066 tant.
493 5011 596 5069 Die
617 5030 772 5086 ergo,
794 5021 936 5087 quod
964 5036 1032 5076 ex
1058 5025 1239 5080 verbis
1267 5041 1384 5094 eos,
1423 5033 1515 5100 qui
1551 5047 1908 5097 contemnunt

334 5117 452 5169 qua:
479 5119 508 5156 a
547 5109 748 5176 synodo
768 5111 1056 5168 constituta
1109 5127 1236 5172 sunt
1269 5161 1285 5187 ,
1328 5123 1741 5196 damnantibus,
1807 5149 1912 5190 non

333 5194 506 5249 solum
543 5196 632 5265 qui
669 5210 794 5255 sunt
824 5206 1056 5273 sacrati,
1075 5210 1170 5264 sed
1199 5213 1365 5267 etiam
1418 5214 1541 5273 laici
1593 5194 1907 5290 puniuntur.

334 5283 410 5338 Ex
440 5298 507 5340 eo
538 5288 703 5356 enim,
729 5296 870 5361 quod
904 5297 1041 5352 dixit
1071 5315 1268 5368 canon,
1293 5306 1554 5364 honorem
1604 5328 1698 5370 eos
1747 5319 1911 5372 amit-

335 5387 469 5438 tere,
501 5375 666 5434 laicos
712 5383 992 5442 deIIOlaVil
1027 5405 1134 5445 :ex
1178 5406 1242 5446 eo
1287 5408 1465 5452 autem
1492 5441 1506 5464 ,
1569 5404 1711 5472 quod
1768 5408 1911 5477 ipsos

331 5469 587 5523 statuerit
635 5474 984 5547 episc0patus
1015 5480 1331 5552 dignitatem
1375 5469 1636 5561 perdere,
1665 5469 1909 5556 sacratos

329 5558 672 5629 signiﬁcavit.
715 5565 812 5620 V'cl
851 5571 937 5624 dic
972 5571 1037 5624 de
1083 5576 1212 5631 solis
1257 5582 1486 5638 sacratis
1531 5558 1732 5640 editum
1783 5602 1908 5646 esse

333 5643 620 5717 canonum,
641 5662 692 5709 et
717 5656 901 5726 accipe
927 5659 1076 5732 illud,
1105 5663 1189 5730 Et,
1222 5669 1363 5735 quod
1390 5671 1628 5730 additum
1677 5688 1778 5744 est,
1807 5695 1902 5750 pro

2032 4483 2124 4535 καὶ
2155 4482 2611 4553 ἀναλογισάμενοι
2661 4485 3119 4558 εὐκαταφρόνητα
3170 4489 3304 4557 ἴσως
3347 4491 3587 4558 γενέσθαι

2031 4573 2100 4626 τὰ
2125 4572 2433 4644 ὁρισθέντα,
2461 4574 2549 4628 διὰ
2573 4577 2633 4629 τὸ
2668 4577 2744 4647 μὴ
2787 4581 3281 4652 κατι-ἐμπεδωθῆναι
3333 4587 3472 4639 αὐτὰ
3504 4605 3589 4639 κο-

2028 4663 2250 4719 λάσεσιν
2284 4667 2776 4737 ἐκκλησιαστικαῖς
2800 4671 2866 4724 ἐκ
2910 4674 3318 4744 παραϐάσεως·
3390 4677 3587 4748 ὥρισαν

2027 4759 2168 4829 μετὰ
2196 4757 2489 4826 διάγνωσιν
2523 4758 2701 4831 (τοῦτο
2732 4764 2840 4832 γάρ
2872 4763 3020 4817 ἐστιν
3051 4765 3082 4835 ἡ
3126 4765 3219 4819 τοῦ
3250 4769 3588 4840 ἐγκλήματος

2034 4850 2324 4921 ἀπολογία)
2370 4853 2498 4914 τοὺς
2548 4851 2912 4922 ἁθετήσοντας
2963 4857 3032 4910 τὰ
3076 4859 3132 4911 ὲν
3183 4859 3394 4924 τούτοις
3443 4878 3588 4931 περι-

2023 4941 2278 5012 οχόμενα,
2301 4944 2400 5010 τὴν
2420 4945 2586 5015 τιμὴν
2613 4944 2786 5000 καὶτὸ
2815 4946 3034 5016 ἀξίωμα
3068 4950 3320 5005 ἀπόλλειν
3345 4951 3443 5022 τῆς
3474 4955 3588 5006 ἐπι.

2025 5036 2255 5107 σκοπῆς.
2289 5037 2423 5090 Εἰπὲ
2461 5038 2554 5090 οὖν
2582 5039 2658 5104 ὡς
2684 5040 2746 5092 ἐκ
2795 5041 2906 5094 τῶν
2941 5043 3206 5132 ῥημάτων
3261 5046 3371 5098 τῶν
3422 5062 3586 5099 καταο

2023 5127 2326 5198 κρινάντων
2364 5129 2487 5191 τοὺς
2521 5129 2790 5198 ἁθετητὰς
2816 5131 2923 5184 τῶν
2950 5127 3332 5202 διορισθέντων
3364 5136 3467 5188 ὑπὸ
3494 5137 3584 5205 τῆς

2025 5221 2270 5286 συνόδου,
2303 5221 2366 5274 ού
2411 5222 2572 5290 μόνον
2603 5225 2651 5276 oi
2686 5224 2999 5294 ίερωμένοι,
3024 5227 3164 5279 ἀλλὰ
3209 5229 3299 5282 καὶ
3326 5232 3375 5281 οἱ
3412 5229 3588 5282 λαῖκοὶ

2020 5313 2358 5377 κολάζονται.
2405 5314 2537 5368 Ἀπὸ
2583 5316 2682 5384 μέν
2735 5319 2842 5386 γριρ
2885 5317 2979 5370 τοῦ
3035 5319 3209 5374 εἰπεῖν
3258 5321 3350 5374 τὸν
3388 5324 3590 5375 κανόνα

2020 5405 2119 5476 τὴν
2147 5404 2313 5475 τιμὴν
2339 5405 2564 5471 τούτους
2612 5408 2941 5462 άπόὸαλλειν
2967 5411 3094 5472 τοὺς
3126 5411 3350 5476 λαῖκοὺς
3386 5414 3589 5484 ἐδήλω‹

2023 5516 2144 5554 σεν“
2197 5500 2306 5553 ἀπὸ
2336 5499 2394 5554 δὲ
2423 5501 2516 5554 τοῦ
2548 5499 2806 5560 θεσπίσαι
2837 5503 3097 5557 ἀπόλλειν
3123 5505 3320 5565 αὐτοὺς
3344 5505 3402 5557 τὸ
3423 5507 3593 5572 ἀξίω-

2022 5607 2098 5659 μα
2148 5590 2242 5658 τῆς
2305 5591 2614 5659 ἐπισκοπῆς
2670 5592 2908 5662 ἐδήλωσε
2967 5595 3092 5657 τοὺς
3127 5595 3487 5666 ίερωμένους.
3523 5599 3589 5650 Ἦ

2020 5683 2139 5736 εἰπὲ
2175 5683 2303 5749 περ).
2333 5683 2642 5754 ἱερωμένων
2697 5685 2877 5756 μόνων
2936 5687 3318 5759 ἐκφωνηθῆναι
3357 5688 3449 5744 τὸν
3487 5707 3584 5743 κα-

3537 314 3736 380 Μθέ

2318 411 2656 472 ἐπισκοπικά
2688 419 2874 475 δίκαια
2901 417 3067 495 εξχον,
3101 425 3178 491 ὡς
3199 438 3728 504 κεχειροτονημὲ-

2089 516 2189 567 νοι,
2225 505 2318 558 καὶ
2350 505 2439 560 διὰ
2475 511 2630 565 τοῦτο
2654 511 2872 578 ἐδέξατο
2897 516 3142 582 καὶτοὺς
3177 523 3312 591 παρ’
3338 525 3528 580 αὐτῶν
3556 546 3729 598 χει-

2089 597 2476 666 ροτονηθέντας
2505 604 2538 672 ἡ
2565 603 2800 668 σύνοδος.
2835 606 2900 660 Ei
2939 608 2996 662 δὲ
3030 611 3106 680 μὴ
3157 612 3440 682 βούλονται
3492 597 3725 674 ἐπαν-
