  <div class='ocr_page' id='page_1' title='image "/cluster/home/n/w/nwhite01/storage/ocr_20150623/137/hvd.32044073502536/796.png"; bbox 0 0 3958 6242; ppageno 0'>
   <div class='ocr_carea' id='block_1_1' title="bbox 247 337 408 407">
    <p class='ocr_par' dir='ltr' id='par_1_1' title="bbox 247 337 408 407">
     <span class='ocr_line' id='line_1_1' title="bbox 247 337 408 407; baseline 0.025 -4"><span class='ocrx_word' id='word_1_1' title='bbox 247 337 408 407; x_wconf 71' lang='grc'><strong>1493</strong></span> 
     </span>
    </p>
   </div>
   <div class='ocr_carea' id='block_1_2' title="bbox 1405 343 2469 409">
    <p class='ocr_par' dir='ltr' id='par_1_2' title="bbox 1405 343 2469 409">
     <span class='ocr_line' id='line_1_2' title="bbox 1405 343 2469 409; baseline 0.001 -2"><span class='ocrx_word' id='word_1_2' title='bbox 1405 349 1488 409; x_wconf 90' lang='grc' dir='ltr'>ΙΝ</span> <span class='ocrx_word' id='word_1_3' title='bbox 1522 345 1691 409; x_wconf 77' lang='lat' dir='ltr'><strong>CAN.</strong></span> <span class='ocrx_word' id='word_1_4' title='bbox 1730 345 1871 406; x_wconf 74' lang='lat' dir='ltr'><strong>XXI</strong></span> <span class='ocrx_word' id='word_1_5' title='bbox 1909 343 2122 406; x_wconf 87' lang='lat' dir='ltr'><strong>CONC.</strong></span> <span class='ocrx_word' id='word_1_6' title='bbox 2164 343 2469 409; x_wconf 75' lang='lat' dir='ltr'><strong>SARDIC.</strong></span> 
     </span>
    </p>
   </div>
   <div class='ocr_carea' id='block_1_3' title="bbox 3420 352 3556 419">
    <p class='ocr_par' dir='ltr' id='par_1_3' title="bbox 3420 352 3556 419">
     <span class='ocr_line' id='line_1_3' title="bbox 3420 352 3556 419; baseline 0.007 -1"><span class='ocrx_word' id='word_1_7' title='bbox 3420 352 3556 419; x_wconf 68' lang='grc'><strong>1494</strong></span> 
     </span>
    </p>
   </div>
   <div class='ocr_carea' id='block_1_4' title="bbox 240 455 1876 543">
    <p class='ocr_par' dir='ltr' id='par_1_4' title="bbox 240 457 1876 530">
     <span class='ocr_line' id='line_1_4' title="bbox 240 457 1876 530; baseline 0 -20"><span class='ocrx_word' id='word_1_8' title='bbox 240 457 420 521; x_wconf 82' lang='grc' dir='ltr'>νόνα.</span> <span class='ocrx_word' id='word_1_9' title='bbox 462 458 569 513; x_wconf 71' lang='grc' dir='ltr'>καὶ</span> <span class='ocrx_word' id='word_1_10' title='bbox 608 458 853 515; x_wconf 73' lang='grc' dir='ltr'>ἐκλαϐοῦ</span> <span class='ocrx_word' id='word_1_11' title='bbox 882 459 963 526; x_wconf 77' lang='grc' dir='ltr'>τὸ,</span> <span class='ocrx_word' id='word_1_12' title='bbox 986 459 1115 523; x_wconf 79' lang='grc' dir='ltr'>Καὶ,</span> <span class='ocrx_word' id='word_1_13' title='bbox 1141 458 1207 512; x_wconf 73' lang='grc' dir='ltr'>τὸ</span> <span class='ocrx_word' id='word_1_14' title='bbox 1241 457 1541 530; x_wconf 68' lang='grc' dir='ltr'>προστεθὲν</span> <span class='ocrx_word' id='word_1_15' title='bbox 1593 458 1715 513; x_wconf 78' lang='grc' dir='ltr'>ἀντὶ</span> <span class='ocrx_word' id='word_1_16' title='bbox 1764 457 1876 522; x_wconf 82' lang='grc' dir='ltr'>τοῦ,</span> 
     </span>
    </p>
   </div>
   <div class='ocr_carea' id='block_1_5' title="bbox 1999 455 3556 543">
    <p class='ocr_par' dir='ltr' id='par_1_5' title="bbox 1999 455 3556 543">
     <span class='ocr_line' id='line_1_5' title="bbox 1999 455 3556 543; baseline 0.011 -33"><span class='ocrx_word' id='word_1_17' title='bbox 1999 455 2133 523; x_wconf 75' lang='lat' dir='ltr'><strong>Seu;</strong></span> <span class='ocrx_word' id='word_1_18' title='bbox 2164 467 2217 511; x_wconf 91' lang='lat' dir='ltr'><strong>et</strong></span> <span class='ocrx_word' id='word_1_19' title='bbox 2244 458 2334 513; x_wconf 91' lang='lat' dir='ltr'><strong>dic</strong></span> <span class='ocrx_word' id='word_1_20' title='bbox 2374 468 2779 531; x_wconf 87' lang='lat' dir='ltr'><strong>contemptores</strong></span> <span class='ocrx_word' id='word_1_21' title='bbox 2826 461 3095 543; x_wconf 11' lang='lat' dir='ltr'><strong>amittere!</strong></span> <span class='ocrx_word' id='word_1_22' title='bbox 3135 466 3394 524; x_wconf 83' lang='lat' dir='ltr'><strong>honorem</strong></span> <span class='ocrx_word' id='word_1_23' title='bbox 3458 484 3556 527; x_wconf 82' lang='lat' dir='ltr'><strong>seu</strong></span> 
     </span>
    </p>
   </div>
   <div class='ocr_carea' id='block_1_6' title="bbox 250 547 1880 622">
    <p class='ocr_par' dir='ltr' id='par_1_6' title="bbox 250 547 1880 622">
     <span class='ocr_line' id='line_1_6' title="bbox 250 547 1880 622; baseline 0.002 -21"><span class='ocrx_word' id='word_1_24' title='bbox 250 547 434 603; x_wconf 82' lang='grc' dir='ltr'>Ἤτοι</span> <span class='ocrx_word' id='word_1_25' title='bbox 459 565 477 581; x_wconf 79' lang='grc'>⁶</span> <span class='ocrx_word' id='word_1_26' title='bbox 533 549 645 604; x_wconf 76' lang='grc' dir='ltr'><strong>καὶ</strong></span> <span class='ocrx_word' id='word_1_27' title='bbox 677 550 803 618; x_wconf 77' lang='grc' dir='ltr'>λέγε</span> <span class='ocrx_word' id='word_1_28' title='bbox 834 552 1161 606; x_wconf 87' lang='grc' dir='ltr'>ἀποϐάλλειν</span> <span class='ocrx_word' id='word_1_29' title='bbox 1188 552 1317 614; x_wconf 85' lang='grc' dir='ltr'>τοὺς</span> <span class='ocrx_word' id='word_1_30' title='bbox 1348 550 1617 622; x_wconf 84' lang='grc' dir='ltr'>ἀθετητὰς</span> <span class='ocrx_word' id='word_1_31' title='bbox 1667 551 1766 622; x_wconf 80' lang='grc' dir='ltr'>τὴν</span> <span class='ocrx_word' id='word_1_32' title='bbox 1797 567 1880 604; x_wconf 68' lang='grc' dir='ltr'>τις</span> 
     </span>
    </p>
   </div>
   <div class='ocr_carea' id='block_1_7' title="bbox 252 640 1394 715">
    <p class='ocr_par' dir='ltr' id='par_1_7' title="bbox 252 640 1394 715">
     <span class='ocr_line' id='line_1_7' title="bbox 252 640 1394 715; baseline 0.008 -25"><span class='ocrx_word' id='word_1_33' title='bbox 252 640 376 711; x_wconf 80' lang='grc' dir='ltr'>μὴν</span> <span class='ocrx_word' id='word_1_34' title='bbox 406 643 541 711; x_wconf 76' lang='grc' dir='ltr'>ἦτοι</span> <span class='ocrx_word' id='word_1_35' title='bbox 585 643 658 696; x_wconf 80' lang='grc' dir='ltr'>τὸ</span> <span class='ocrx_word' id='word_1_36' title='bbox 686 643 905 713; x_wconf 77' lang='grc' dir='ltr'>ἀξίωμα</span> <span class='ocrx_word' id='word_1_37' title='bbox 927 644 1024 715; x_wconf 85' lang='grc' dir='ltr'>τῆς</span> <span class='ocrx_word' id='word_1_38' title='bbox 1059 643 1394 712; x_wconf 71' lang='grc' dir='ltr'>ἐπισκοπῆς.</span> 
     </span>
    </p>
   </div>
   <div class='ocr_carea' id='block_1_8' title="bbox 332 729 1881 805">
    <p class='ocr_par' dir='ltr' id='par_1_8' title="bbox 332 729 1881 805">
     <span class='ocr_line' id='line_1_8' title="bbox 332 729 1881 805; baseline 0.003 -22"><span class='ocrx_word' id='word_1_39' title='bbox 332 729 625 788; x_wconf 79' lang='grc' dir='ltr'><strong>ΖΩΝΑΡ.</strong></span> <span class='ocrx_word' id='word_1_40' title='bbox 673 732 883 799; x_wconf 79' lang='grc' dir='ltr'>Ταῦτα,</span> <span class='ocrx_word' id='word_1_41' title='bbox 942 735 1111 803; x_wconf 80' lang='grc' dir='ltr'>φησὶν</span> <span class='ocrx_word' id='word_1_42' title='bbox 1163 736 1191 787; x_wconf 86' lang='grc' dir='ltr'>ὁ</span> <span class='ocrx_word' id='word_1_43' title='bbox 1235 733 1436 800; x_wconf 84' lang='grc' dir='ltr'>κανὼν,</span> <span class='ocrx_word' id='word_1_44' title='bbox 1485 734 1578 787; x_wconf 77' lang='grc' dir='ltr'><strong>ἐπὶ</strong></span> <span class='ocrx_word' id='word_1_45' title='bbox 1631 734 1881 805; x_wconf 69' lang='grc' dir='ltr'>σωτηρίᾳ.</span> 
     </span>
    </p>
   </div>
   <div class='ocr_carea' id='block_1_9' title="bbox 257 819 1878 897">
    <p class='ocr_par' dir='ltr' id='par_1_9' title="bbox 257 819 1878 897">
     <span class='ocr_line' id='line_1_9' title="bbox 257 819 1878 897; baseline 0.007 -28"><span class='ocrx_word' id='word_1_46' title='bbox 257 819 616 889; x_wconf 73' lang='grc' dir='ltr'><strong>ὁρισθέντα,</strong></span> <span class='ocrx_word' id='word_1_47' title='bbox 646 823 744 876; x_wconf 79' lang='grc' dir='ltr'>καὶ</span> <span class='ocrx_word' id='word_1_48' title='bbox 770 822 913 876; x_wconf 79' lang='grc' dir='ltr'>κατὰ</span> <span class='ocrx_word' id='word_1_49' title='bbox 940 824 1001 877; x_wconf 83' lang='grc' dir='ltr'>τὸ</span> <span class='ocrx_word' id='word_1_50' title='bbox 1025 824 1236 893; x_wconf 79' lang='grc' dir='ltr'><strong>πρέπον</strong></span> <span class='ocrx_word' id='word_1_51' title='bbox 1262 827 1328 895; x_wconf 79' lang='grc' dir='ltr'><strong>τῇ</strong></span> <span class='ocrx_word' id='word_1_52' title='bbox 1356 825 1507 891; x_wconf 77' lang='grc' dir='ltr'>τάξει</span> <span class='ocrx_word' id='word_1_53' title='bbox 1524 825 1617 878; x_wconf 79' lang='grc' dir='ltr'>καὶ</span> <span class='ocrx_word' id='word_1_54' title='bbox 1642 826 1710 897; x_wconf 78' lang='grc' dir='ltr'>τῇ</span> <span class='ocrx_word' id='word_1_55' title='bbox 1745 825 1878 896; x_wconf 77' lang='grc' dir='ltr'>τιμῇ</span> 
     </span>
    </p>
   </div>
   <div class='ocr_carea' id='block_1_10' title="bbox 252 911 1882 987">
    <p class='ocr_par' dir='ltr' id='par_1_10' title="bbox 252 911 1882 987">
     <span class='ocr_line' id='line_1_10' title="bbox 252 911 1882 987; baseline 0.006 -26"><span class='ocrx_word' id='word_1_56' title='bbox 252 913 327 981; x_wconf 78' lang='grc' dir='ltr'><strong>τῇ</strong></span> <span class='ocrx_word' id='word_1_57' title='bbox 395 911 711 986; x_wconf 79' lang='grc' dir='ltr'>ίερατικῇ,</span> <span class='ocrx_word' id='word_1_58' title='bbox 771 915 868 969; x_wconf 78' lang='grc' dir='ltr'>καὶ</span> <span class='ocrx_word' id='word_1_59' title='bbox 915 915 1185 987; x_wconf 81' lang='grc' dir='ltr'>θεάρεστα</span> <span class='ocrx_word' id='word_1_60' title='bbox 1232 916 1361 969; x_wconf 77' lang='grc' dir='ltr'>ὄντα</span> <span class='ocrx_word' id='word_1_61' title='bbox 1416 917 1511 970; x_wconf 75' lang='grc' dir='ltr'>καὶ</span> <span class='ocrx_word' id='word_1_62' title='bbox 1568 916 1882 987; x_wconf 82' lang='grc' dir='ltr'>ἀνθρώποις</span> 
     </span>
    </p>
   </div>
   <div class='ocr_carea' id='block_1_11' title="bbox 258 1004 1880 1080">
    <p class='ocr_par' dir='ltr' id='par_1_11' title="bbox 258 1004 1880 1080">
     <span class='ocr_line' id='line_1_11' title="bbox 258 1004 1880 1080; baseline 0.004 -24"><span class='ocrx_word' id='word_1_63' title='bbox 258 1004 611 1073; x_wconf 79' lang='grc' dir='ltr'>ἀποδεκτὰ,</span> <span class='ocrx_word' id='word_1_64' title='bbox 643 1008 744 1062; x_wconf 84' lang='grc' dir='ltr'>οὐκ</span> <span class='ocrx_word' id='word_1_65' title='bbox 777 1008 1110 1079; x_wconf 73' lang='grc' dir='ltr'><strong>ἰσχύσουσιν,</strong></span> <span class='ocrx_word' id='word_1_66' title='bbox 1143 1007 1266 1062; x_wconf 77' lang='grc' dir='ltr'>οὐδὲ</span> <span class='ocrx_word' id='word_1_67' title='bbox 1300 1010 1688 1079; x_wconf 79' lang='grc' dir='ltr'>κρατήσουσιν,</span> <span class='ocrx_word' id='word_1_68' title='bbox 1720 1011 1771 1063; x_wconf 88' lang='grc' dir='ltr'><strong>εἱ</strong></span> <span class='ocrx_word' id='word_1_69' title='bbox 1803 1008 1880 1080; x_wconf 78' lang='grc' dir='ltr'>μὴ</span> 
     </span>
    </p>
   </div>
   <div class='ocr_carea' id='block_1_12' title="bbox 252 1098 1881 1171">
    <p class='ocr_par' dir='ltr' id='par_1_12' title="bbox 252 1098 1881 1171">
     <span class='ocr_line' id='line_1_12' title="bbox 252 1098 1881 1171; baseline 0.005 -23"><span class='ocrx_word' id='word_1_70' title='bbox 252 1098 366 1149; x_wconf 57' lang='grc' dir='ltr'><strong>καὶ⁸</strong></span> <span class='ocrx_word' id='word_1_71' title='bbox 401 1098 599 1165; x_wconf 81' lang='grc' dir='ltr'>φόϐος</span> <span class='ocrx_word' id='word_1_72' title='bbox 633 1099 909 1163; x_wconf 70' lang='grc' dir='ltr'>κολάσεων</span> <span class='ocrx_word' id='word_1_73' title='bbox 937 1103 1030 1154; x_wconf 90' lang='grc' dir='ltr'><strong>καί</strong></span> <span class='ocrx_word' id='word_1_74' title='bbox 1055 1101 1350 1171; x_wconf 76' lang='grc' dir='ltr'><strong>ἐπιτιμίων</strong></span> <span class='ocrx_word' id='word_1_75' title='bbox 1383 1104 1506 1165; x_wconf 85' lang='grc' dir='ltr'>ταῖς</span> <span class='ocrx_word' id='word_1_76' title='bbox 1537 1102 1881 1171; x_wconf 77' lang='grc' dir='ltr'>ἀποφάσεσιν</span> 
     </span>
    </p>
   </div>
   <div class='ocr_carea' id='block_1_13' title="bbox 254 1191 1876 1267">
    <p class='ocr_par' dir='ltr' id='par_1_13' title="bbox 254 1191 1876 1267">
     <span class='ocr_line' id='line_1_13' title="bbox 254 1191 1876 1267; baseline 0.004 -26"><span class='ocrx_word' id='word_1_77' title='bbox 254 1191 761 1263; x_wconf 73' lang='grc' dir='ltr'>ἐπακολουθήσει,</span> <span class='ocrx_word' id='word_1_78' title='bbox 788 1194 928 1248; x_wconf 80' lang='grc' dir='ltr'>ὥστε</span> <span class='ocrx_word' id='word_1_79' title='bbox 959 1194 1243 1264; x_wconf 83' lang='grc' dir='ltr'>φοϐεῖσθαι</span> <span class='ocrx_word' id='word_1_80' title='bbox 1272 1196 1395 1258; x_wconf 78' lang='grc' dir='ltr'>τοὺς</span> <span class='ocrx_word' id='word_1_81' title='bbox 1418 1195 1876 1267; x_wconf 87' lang='grc' dir='ltr'>παραϐαίνοντας,</span> 
     </span>
    </p>
   </div>
   <div class='ocr_carea' id='block_1_14' title="bbox 255 1281 1881 1356">
    <p class='ocr_par' dir='ltr' id='par_1_14' title="bbox 255 1281 1881 1356">
     <span class='ocr_line' id='line_1_14' title="bbox 255 1281 1881 1356; baseline 0.002 -22"><span class='ocrx_word' id='word_1_82' title='bbox 255 1281 359 1335; x_wconf 78' lang='grc' dir='ltr'>ὅτε</span> <span class='ocrx_word' id='word_1_83' title='bbox 392 1284 940 1356; x_wconf 80' lang='grc' dir='ltr'>ὲπιτιμηθήσονται.</span> <span class='ocrx_word' id='word_1_84' title='bbox 971 1286 1319 1356; x_wconf 88' lang='grc' dir='ltr'>Γινώσκομεν</span> <span class='ocrx_word' id='word_1_85' title='bbox 1356 1286 1466 1356; x_wconf 84' lang='grc' dir='ltr'>γὰρ</span> <span class='ocrx_word' id='word_1_86' title='bbox 1492 1288 1573 1341; x_wconf 85' lang='grc' dir='ltr'>ὅτι</span> <span class='ocrx_word' id='word_1_87' title='bbox 1619 1285 1881 1349; x_wconf 81' lang='grc' dir='ltr'>πολλάκις</span> 
     </span>
    </p>
   </div>
   <div class='ocr_carea' id='block_1_15' title="bbox 256 1375 1881 1451">
    <p class='ocr_par' dir='ltr' id='par_1_15' title="bbox 256 1375 1881 1451">
     <span class='ocr_line' id='line_1_15' title="bbox 256 1375 1881 1451; baseline 0.004 -25"><span class='ocrx_word' id='word_1_88' title='bbox 256 1375 447 1427; x_wconf 84' lang='grc' dir='ltr'>τινῶν</span> <span class='ocrx_word' id='word_1_89' title='bbox 472 1376 691 1446; x_wconf 84' lang='grc' dir='ltr'>ὀλίγων</span> <span class='ocrx_word' id='word_1_90' title='bbox 720 1378 781 1443; x_wconf 76' lang='grc' dir='ltr'>ἐξ</span> <span class='ocrx_word' id='word_1_91' title='bbox 818 1379 1204 1449; x_wconf 78' lang='grc' dir='ltr'>ἀναισχυντίας</span> <span class='ocrx_word' id='word_1_92' title='bbox 1252 1379 1701 1451; x_wconf 82' lang='grc' dir='ltr'>παραϐαινόντων</span> <span class='ocrx_word' id='word_1_93' title='bbox 1753 1380 1881 1441; x_wconf 83' lang='grc' dir='ltr'>τοὺς</span> 
     </span>
    </p>
   </div>
   <div class='ocr_carea' id='block_1_16' title="bbox 261 1469 1882 1541">
    <p class='ocr_par' dir='ltr' id='par_1_16' title="bbox 261 1469 1882 1541">
     <span class='ocr_line' id='line_1_16' title="bbox 261 1469 1882 1541; baseline 0.001 -21"><span class='ocrx_word' id='word_1_94' title='bbox 261 1469 536 1531; x_wconf 78' lang='grc' dir='ltr'>κανόνας</span> <span class='ocrx_word' id='word_1_95' title='bbox 577 1472 1058 1540; x_wconf 84' lang='grc' dir='ltr'>καταγινώσκεται</span> <span class='ocrx_word' id='word_1_96' title='bbox 1101 1472 1163 1526; x_wconf 83' lang='grc' dir='ltr'>τὸ</span> <span class='ocrx_word' id='word_1_97' title='bbox 1193 1471 1337 1525; x_wconf 84' lang='grc' dir='ltr'>θεῖον</span> <span class='ocrx_word' id='word_1_98' title='bbox 1366 1472 1542 1541; x_wconf 75' lang='grc' dir='ltr'>ὄνομα</span> <span class='ocrx_word' id='word_1_99' title='bbox 1593 1471 1693 1541; x_wconf 82' lang='grc' dir='ltr'>τῆς</span> <span class='ocrx_word' id='word_1_100' title='bbox 1724 1471 1882 1541; x_wconf 84' lang='grc' dir='ltr'>ἱερω-</span> 
     </span>
    </p>
   </div>
   <div class='ocr_carea' id='block_1_17' title="bbox 261 1558 1883 1635">
    <p class='ocr_par' dir='ltr' id='par_1_17' title="bbox 261 1558 1883 1635">
     <span class='ocr_line' id='line_1_17' title="bbox 261 1558 1883 1635; baseline 0.004 -25"><span class='ocrx_word' id='word_1_101' title='bbox 261 1558 484 1632; x_wconf 86' lang='grc' dir='ltr'>σύνης,</span> <span class='ocrx_word' id='word_1_102' title='bbox 521 1564 591 1616; x_wconf 83' lang='grc' dir='ltr'><strong>ού</strong></span> <span class='ocrx_word' id='word_1_103' title='bbox 623 1564 731 1617; x_wconf 82' lang='grc' dir='ltr'><strong>τῶν</strong></span> <span class='ocrx_word' id='word_1_104' title='bbox 761 1563 1191 1635; x_wconf 81' lang='grc' dir='ltr'>ἁμαρτανόντων</span> <span class='ocrx_word' id='word_1_105' title='bbox 1213 1565 1408 1635; x_wconf 90' lang='grc' dir='ltr'>ἱερέων</span> <span class='ocrx_word' id='word_1_106' title='bbox 1440 1562 1601 1633; x_wconf 85' lang='grc' dir='ltr'>μόνον</span> <span class='ocrx_word' id='word_1_107' title='bbox 1634 1560 1883 1632; x_wconf 80' lang='grc' dir='ltr'>βλασφη-</span> 
     </span>
    </p>
   </div>
   <div class='ocr_carea' id='block_1_18' title="bbox 268 1652 1883 1726">
    <p class='ocr_par' dir='ltr' id='par_1_18' title="bbox 268 1652 1883 1726">
     <span class='ocr_line' id='line_1_18' title="bbox 268 1652 1883 1726; baseline -0.009 -17"><span class='ocrx_word' id='word_1_108' title='bbox 268 1656 629 1723; x_wconf 78' lang='grc' dir='ltr'>μουμένων,</span> <span class='ocrx_word' id='word_1_109' title='bbox 662 1655 779 1709; x_wconf 87' lang='grc' dir='ltr'>ἀλλ’</span> <span class='ocrx_word' id='word_1_110' title='bbox 810 1656 948 1726; x_wconf 82' lang='grc' dir='ltr'>ὁμοῦ</span> <span class='ocrx_word' id='word_1_111' title='bbox 974 1655 1225 1711; x_wconf 87' lang='grc' dir='ltr'>πάντων·</span> <span class='ocrx_word' id='word_1_112' title='bbox 1279 1655 1368 1709; x_wconf 85' lang='grc' dir='ltr'><strong>διά</strong></span> <span class='ocrx_word' id='word_1_113' title='bbox 1389 1655 1497 1725; x_wconf 83' lang='grc' dir='ltr'><strong>γὰρ</strong></span> <span class='ocrx_word' id='word_1_114' title='bbox 1527 1655 1625 1723; x_wconf 73' lang='grc' dir='ltr'>τῆς</span> <span class='ocrx_word' id='word_1_115' title='bbox 1654 1652 1883 1724; x_wconf 78' lang='grc' dir='ltr'>ἱερωσύ-</span> 
     </span>
    </p>
   </div>
   <div class='ocr_carea' id='block_1_19' title="bbox 269 1741 1879 1819">
    <p class='ocr_par' dir='ltr' id='par_1_19' title="bbox 269 1741 1879 1819">
     <span class='ocr_line' id='line_1_19' title="bbox 269 1741 1879 1819; baseline -0.001 -19"><span class='ocrx_word' id='word_1_116' title='bbox 269 1764 384 1817; x_wconf 84' lang='grc' dir='ltr'><strong>νης</strong></span> <span class='ocrx_word' id='word_1_117' title='bbox 426 1750 655 1812; x_wconf 81' lang='grc' dir='ltr'>πάντας</span> <span class='ocrx_word' id='word_1_118' title='bbox 680 1750 806 1812; x_wconf 81' lang='grc' dir='ltr'>τοὺς</span> <span class='ocrx_word' id='word_1_119' title='bbox 850 1749 1020 1818; x_wconf 89' lang='grc' dir='ltr'>ἱερεῖς</span> <span class='ocrx_word' id='word_1_120' title='bbox 1074 1749 1352 1819; x_wconf 70' lang='grc' dir='ltr'>ἐνέφηνεν,</span> <span class='ocrx_word' id='word_1_121' title='bbox 1384 1747 1447 1800; x_wconf 85' lang='grc' dir='ltr'>Εί</span> <span class='ocrx_word' id='word_1_122' title='bbox 1474 1741 1569 1800; x_wconf 85' lang='grc' dir='ltr'>οὖν</span> <span class='ocrx_word' id='word_1_123' title='bbox 1617 1744 1879 1816; x_wconf 80' lang='grc' dir='ltr'>τολμήσει</span> 
     </span>
    </p>
   </div>
   <div class='ocr_carea' id='block_1_20' title="bbox 266 1838 1882 1913">
    <p class='ocr_par' dir='ltr' id='par_1_20' title="bbox 266 1838 1882 1913">
     <span class='ocr_line' id='line_1_20' title="bbox 266 1838 1882 1913; baseline -0.001 -21"><span class='ocrx_word' id='word_1_124' title='bbox 266 1856 366 1903; x_wconf 89' lang='grc' dir='ltr'><strong>τις</strong></span> <span class='ocrx_word' id='word_1_125' title='bbox 404 1841 555 1896; x_wconf 75' lang='grc' dir='ltr'>ἄλλο</span> <span class='ocrx_word' id='word_1_126' title='bbox 583 1859 632 1895; x_wconf 91' lang='grc' dir='ltr'><strong>τι</strong></span> <span class='ocrx_word' id='word_1_127' title='bbox 654 1841 1059 1910; x_wconf 80' lang='grc' dir='ltr'>διαπράξασθαι</span> <span class='ocrx_word' id='word_1_128' title='bbox 1110 1840 1265 1913; x_wconf 83' lang='grc' dir='ltr'><strong>παρά</strong></span> <span class='ocrx_word' id='word_1_129' title='bbox 1314 1838 1383 1894; x_wconf 82' lang='grc' dir='ltr'>τὰ</span> <span class='ocrx_word' id='word_1_130' title='bbox 1424 1839 1652 1906; x_wconf 76' lang='grc' dir='ltr'>δόξαντα</span> <span class='ocrx_word' id='word_1_131' title='bbox 1712 1840 1882 1893; x_wconf 78' lang='grc' dir='ltr'>πᾶσιν</span> 
     </span>
    </p>
   </div>
   <div class='ocr_carea' id='block_1_21' title="bbox 270 1924 1881 2002">
    <p class='ocr_par' dir='ltr' id='par_1_21' title="bbox 270 1924 1881 2002">
     <span class='ocr_line' id='line_1_21' title="bbox 270 1924 1881 2002; baseline -0.001 -18"><span class='ocrx_word' id='word_1_132' title='bbox 270 1931 778 2002; x_wconf 77' lang='grc' dir='ltr'>ἀλαζονευόμενος</span> <span class='ocrx_word' id='word_1_133' title='bbox 824 1933 921 1986; x_wconf 73' lang='grc' dir='ltr'>καὶ</span> <span class='ocrx_word' id='word_1_134' title='bbox 956 1932 1340 2002; x_wconf 71' lang='grc' dir='ltr'>ἐπαιρόμενος,</span> <span class='ocrx_word' id='word_1_135' title='bbox 1376 1924 1575 2001; x_wconf 76' lang='grc' dir='ltr'>καὶ’μὴ</span> <span class='ocrx_word' id='word_1_136' title='bbox 1634 1930 1881 1985; x_wconf 82' lang='grc' dir='ltr'>σπεύδων</span> 
     </span>
    </p>
   </div>
   <div class='ocr_carea' id='block_1_22' title="bbox 269 2020 1882 2093">
    <p class='ocr_par' dir='ltr' id='par_1_22' title="bbox 269 2020 1882 2093">
     <span class='ocr_line' id='line_1_22' title="bbox 269 2020 1882 2093; baseline -0.001 -19"><span class='ocrx_word' id='word_1_137' title='bbox 269 2021 359 2088; x_wconf 85' lang='grc' dir='ltr'>τῷ</span> <span class='ocrx_word' id='word_1_138' title='bbox 385 2022 522 2092; x_wconf 86' lang='grc' dir='ltr'><strong>Θεῷ</strong></span> <span class='ocrx_word' id='word_1_139' title='bbox 564 2023 785 2093; x_wconf 81' lang='grc' dir='ltr'>ἀρέσαι,</span> <span class='ocrx_word' id='word_1_140' title='bbox 834 2024 1153 2090; x_wconf 84' lang='grc' dir='ltr'>γινωσκέτω</span> <span class='ocrx_word' id='word_1_141' title='bbox 1218 2021 1300 2074; x_wconf 87' lang='grc' dir='ltr'>ὅτι</span> <span class='ocrx_word' id='word_1_142' title='bbox 1346 2020 1646 2073; x_wconf 83' lang='grc' dir='ltr'>ὑπεύθυνον</span> <span class='ocrx_word' id='word_1_143' title='bbox 1690 2020 1882 2073; x_wconf 79' lang='grc' dir='ltr'>ἑαυτὸν</span> 
     </span>
    </p>
   </div>
   <div class='ocr_carea' id='block_1_23' title="bbox 274 2111 1881 2185">
    <p class='ocr_par' dir='ltr' id='par_1_23' title="bbox 274 2111 1881 2185">
     <span class='ocr_line' id='line_1_23' title="bbox 274 2111 1881 2185; baseline -0.002 -17"><span class='ocrx_word' id='word_1_144' title='bbox 274 2111 651 2185; x_wconf 78' lang='grc' dir='ltr'>καταστήσει</span> <span class='ocrx_word' id='word_1_145' title='bbox 712 2114 1020 2183; x_wconf 73' lang='grc' dir='ltr'>ἐγκλήματι</span> <span class='ocrx_word' id='word_1_146' title='bbox 1086 2113 1408 2181; x_wconf 79' lang='grc' dir='ltr'>ἀπολογίας,</span> <span class='ocrx_word' id='word_1_147' title='bbox 1469 2112 1750 2166; x_wconf 77' lang='grc' dir='ltr'>τουτέστιν</span> <span class='ocrx_word' id='word_1_148' title='bbox 1818 2111 1881 2164; x_wconf 83' lang='grc' dir='ltr'>οὐ</span> 
     </span>
    </p>
   </div>
   <div class='ocr_carea' id='block_1_24' title="bbox 282 2203 1880 2275">
    <p class='ocr_par' dir='ltr' id='par_1_24' title="bbox 282 2203 1880 2275">
     <span class='ocr_line' id='line_1_24' title="bbox 282 2203 1880 2275; baseline -0.001 -19"><span class='ocrx_word' id='word_1_149' title='bbox 282 2220 513 2274; x_wconf 83' lang='grc' dir='ltr'>μονομε</span> <span class='ocrx_word' id='word_1_150' title='bbox 526 2204 633 2275; x_wconf 87' lang='grc' dir='ltr'>ρῶς</span> <span class='ocrx_word' id='word_1_151' title='bbox 661 2203 1149 2275; x_wconf 77' lang='grc' dir='ltr'>κατακριθήσεται,</span> <span class='ocrx_word' id='word_1_152' title='bbox 1174 2204 1311 2256; x_wconf 92' lang='grc' dir='ltr'><strong>άλλά</strong></span> <span class='ocrx_word' id='word_1_153' title='bbox 1340 2204 1436 2257; x_wconf 74' lang='grc' dir='ltr'>καὶ</span> <span class='ocrx_word' id='word_1_154' title='bbox 1479 2203 1880 2273; x_wconf 78' lang='grc' dir='ltr'>ἑλκυσθήσεται</span> 
     </span>
    </p>
   </div>
   <div class='ocr_carea' id='block_1_25' title="bbox 278 2292 1885 2365">
    <p class='ocr_par' dir='ltr' id='par_1_25' title="bbox 278 2292 1885 2365">
     <span class='ocr_line' id='line_1_25' title="bbox 278 2292 1885 2365; baseline 0.004 -20"><span class='ocrx_word' id='word_1_155' title='bbox 278 2294 369 2357; x_wconf 76' lang='grc' dir='ltr'>εἰς</span> <span class='ocrx_word' id='word_1_156' title='bbox 394 2292 787 2364; x_wconf 85' lang='grc' dir='ltr'>δικαστήριον,</span> <span class='ocrx_word' id='word_1_157' title='bbox 823 2296 918 2347; x_wconf 74' lang='grc' dir='ltr'>καὶ</span> <span class='ocrx_word' id='word_1_158' title='bbox 949 2294 1023 2357; x_wconf 83' lang='grc' dir='ltr'>ὡς</span> <span class='ocrx_word' id='word_1_159' title='bbox 1044 2293 1295 2365; x_wconf 73' lang='grc' dir='ltr'>ἔγκλημα</span> <span class='ocrx_word' id='word_1_160' title='bbox 1341 2297 1579 2363; x_wconf 78' lang='grc' dir='ltr'>ποιήσας</span> <span class='ocrx_word' id='word_1_161' title='bbox 1609 2295 1885 2365; x_wconf 84' lang='grc' dir='ltr'>ἀπολογή-</span> 
     </span>
    </p>
   </div>
   <div class='ocr_carea' id='block_1_26' title="bbox 285 2385 1883 2457">
    <p class='ocr_par' dir='ltr' id='par_1_26' title="bbox 285 2385 1883 2457">
     <span class='ocr_line' id='line_1_26' title="bbox 285 2385 1883 2457; baseline 0.001 -18"><span class='ocrx_word' id='word_1_162' title='bbox 285 2385 509 2440; x_wconf 84' lang='grc' dir='ltr'>σασθαι</span> <span class='ocrx_word' id='word_1_163' title='bbox 545 2386 1007 2455; x_wconf 76' lang='grc' dir='ltr'>ἀπαιτηθήσεται,</span> <span class='ocrx_word' id='word_1_164' title='bbox 1032 2386 1128 2439; x_wconf 72' lang='grc' dir='ltr'>καὶ</span> <span class='ocrx_word' id='word_1_165' title='bbox 1149 2386 1418 2440; x_wconf 86' lang='grc' dir='ltr'>ἀποϐαλεῖ</span> <span class='ocrx_word' id='word_1_166' title='bbox 1439 2386 1677 2456; x_wconf 77' lang='grc' dir='ltr'>ἀξίωμα,</span> <span class='ocrx_word' id='word_1_167' title='bbox 1716 2388 1883 2457; x_wconf 77' lang='grc' dir='ltr'>ἦγουν</span> 
     </span>
    </p>
   </div>
   <div class='ocr_carea' id='block_1_27' title="bbox 288 2478 1881 2550">
    <p class='ocr_par' dir='ltr' id='par_1_27' title="bbox 288 2478 1881 2550">
     <span class='ocr_line' id='line_1_27' title="bbox 288 2478 1881 2550; baseline 0.003 -21"><span class='ocrx_word' id='word_1_168' title='bbox 288 2478 714 2549; x_wconf 82' lang='grc' dir='ltr'>στερηθήσεται</span> <span class='ocrx_word' id='word_1_169' title='bbox 738 2478 838 2547; x_wconf 86' lang='grc' dir='ltr'>τῆς</span> <span class='ocrx_word' id='word_1_170' title='bbox 868 2480 1034 2547; x_wconf 82' lang='grc' dir='ltr'>τιμῆς</span> <span class='ocrx_word' id='word_1_171' title='bbox 1068 2479 1161 2532; x_wconf 81' lang='grc' dir='ltr'>τοῦ</span> <span class='ocrx_word' id='word_1_172' title='bbox 1192 2478 1507 2550; x_wconf 80' lang='grc' dir='ltr'>ἀξιώματος</span> <span class='ocrx_word' id='word_1_173' title='bbox 1526 2480 1628 2550; x_wconf 82' lang='grc' dir='ltr'>τῆς</span> <span class='ocrx_word' id='word_1_174' title='bbox 1656 2480 1881 2533; x_wconf 75' lang='grc' dir='ltr'>ἐπισκο-</span> 
     </span>
    </p>
   </div>
   <div class='ocr_carea' id='block_1_28' title="bbox 287 2570 1163 2643">
    <p class='ocr_par' dir='ltr' id='par_1_28' title="bbox 287 2570 1163 2643">
     <span class='ocr_line' id='line_1_28' title="bbox 287 2570 1163 2643; baseline 0.006 -21"><span class='ocrx_word' id='word_1_175' title='bbox 287 2571 377 2640; x_wconf 77' lang='grc' dir='ltr'><strong>πῆ</strong></span> <span class='ocrx_word' id='word_1_176' title='bbox 392 2589 408 2631; x_wconf 79' lang='grc' dir='ltr'><strong>ς</strong></span> <span class='ocrx_word' id='word_1_177' title='bbox 424 2610 439 2635; x_wconf 88' lang='grc'><strong>,</strong></span> <span class='ocrx_word' id='word_1_178' title='bbox 472 2571 644 2641; x_wconf 71' lang='grc' dir='ltr'>ἤγουν</span> <span class='ocrx_word' id='word_1_179' title='bbox 672 2570 1163 2643; x_wconf 75' lang='grc' dir='ltr'>καθαιρεθήσεται.</span> 
     </span>
    </p>
   </div>
   <div class='ocr_carea' id='block_1_29' title="bbox 904 2742 1322 2799">
    <p class='ocr_par' dir='ltr' id='par_1_29' title="bbox 904 2742 1322 2799">
     <span class='ocr_line' id='line_1_29' title="bbox 904 2742 1322 2799; baseline 0 0"><span class='ocrx_word' id='word_1_180' title='bbox 904 2745 1144 2799; x_wconf 77' lang='grc' dir='ltr'><strong>ΚΑΝΩΝ</strong></span> <span class='ocrx_word' id='word_1_181' title='bbox 1192 2742 1322 2799; x_wconf 77' lang='lat' dir='ltr'><strong>KA&#39;.</strong></span> 
     </span>
    </p>
   </div>
   <div class='ocr_carea' id='block_1_30' title="bbox 299 2834 1880 2906">
    <p class='ocr_par' dir='ltr' id='par_1_30' title="bbox 299 2834 1880 2906">
     <span class='ocr_line' id='line_1_30' title="bbox 299 2834 1880 2906; baseline 0.001 -18"><span class='ocrx_word' id='word_1_182' title='bbox 299 2856 319 2888; x_wconf 72' lang='grc' dir='ltr'><strong>ι</strong></span> <span class='ocrx_word' id='word_1_183' title='bbox 368 2837 492 2891; x_wconf 71' lang='grc' dir='ltr'><strong>Καὶ</strong></span> <span class='ocrx_word' id='word_1_184' title='bbox 517 2836 678 2891; x_wconf 83' lang='grc' dir='ltr'>τοῦτο</span> <span class='ocrx_word' id='word_1_185' title='bbox 706 2836 763 2889; x_wconf 70' lang='grc' dir='ltr'>δὲ</span> <span class='ocrx_word' id='word_1_186' title='bbox 786 2836 995 2891; x_wconf 78' lang='grc' dir='ltr'>ἐκεῖθεν</span> <span class='ocrx_word' id='word_1_187' title='bbox 1022 2836 1260 2906; x_wconf 83' lang='grc' dir='ltr'>μάλιστα</span> <span class='ocrx_word' id='word_1_188' title='bbox 1277 2834 1553 2906; x_wconf 82' lang='grc' dir='ltr'>γνώριμον</span> <span class='ocrx_word' id='word_1_189' title='bbox 1571 2835 1880 2905; x_wconf 86' lang='grc' dir='ltr'>γενήσεται,</span> 
     </span>
    </p>
   </div>
   <div class='ocr_carea' id='block_1_31' title="bbox 381 2928 1883 3001">
    <p class='ocr_par' dir='ltr' id='par_1_31' title="bbox 381 2928 1883 3001">
     <span class='ocr_line' id='line_1_31' title="bbox 381 2928 1883 3001; baseline -0.001 -18"><span class='ocrx_word' id='word_1_190' title='bbox 381 2950 403 2982; x_wconf 73' lang='grc' dir='ltr'><strong>ι</strong></span> <span class='ocrx_word' id='word_1_191' title='bbox 451 2935 547 2983; x_wconf 67' lang='grc' dir='ltr'>καὶ</span> <span class='ocrx_word' id='word_1_192' title='bbox 584 2931 1031 3001; x_wconf 75' lang='grc' dir='ltr'>πληρωθήσεται,</span> <span class='ocrx_word' id='word_1_193' title='bbox 1063 2930 1159 2983; x_wconf 81' lang='grc' dir='ltr'><strong>ἐὰν</strong></span> <span class='ocrx_word' id='word_1_194' title='bbox 1189 2929 1423 2989; x_wconf 76' lang='grc' dir='ltr'>ἕκαστος</span> <span class='ocrx_word' id='word_1_195' title='bbox 1457 2928 1638 3000; x_wconf 81' lang='grc' dir='ltr'>ἡμῶν,</span> <span class='ocrx_word' id='word_1_196' title='bbox 1663 2929 1774 2982; x_wconf 86' lang='grc' dir='ltr'><strong>τῶν</strong></span> <span class='ocrx_word' id='word_1_197' title='bbox 1825 2930 1883 2982; x_wconf 84' lang='grc' dir='ltr'>ὲν</span> 
     </span>
    </p>
   </div>
   <div class='ocr_carea' id='block_1_32' title="bbox 381 3019 1883 3092">
    <p class='ocr_par' dir='ltr' id='par_1_32' title="bbox 381 3019 1883 3092">
     <span class='ocr_line' id='line_1_32' title="bbox 381 3019 1883 3092; baseline 0.002 -21"><span class='ocrx_word' id='word_1_198' title='bbox 381 3042 400 3071; x_wconf 78' lang='grc' dir='ltr'><strong>ι</strong></span> <span class='ocrx_word' id='word_1_199' title='bbox 443 3026 563 3084; x_wconf 82' lang='grc' dir='ltr'>ταῖς</span> <span class='ocrx_word' id='word_1_200' title='bbox 623 3022 901 3092; x_wconf 83' lang='grc' dir='ltr'>παρόδοις,</span> <span class='ocrx_word' id='word_1_201' title='bbox 968 3022 1137 3091; x_wconf 79' lang='grc' dir='ltr'>ἦγουν</span> <span class='ocrx_word' id='word_1_202' title='bbox 1206 3020 1467 3090; x_wconf 83' lang='grc' dir='ltr'>καναλίῳ,</span> <span class='ocrx_word' id='word_1_203' title='bbox 1525 3019 1883 3074; x_wconf 84' lang='grc' dir='ltr'>καθεστώτων</span> 
     </span>
    </p>
   </div>
   <div class='ocr_carea' id='block_1_33' title="bbox 384 3111 1951 3194">
    <p class='ocr_par' dir='ltr' id='par_1_33' title="bbox 384 3111 1951 3194">
     <span class='ocr_line' id='line_1_33' title="bbox 384 3111 1951 3194; baseline -0.002 -29"><span class='ocrx_word' id='word_1_204' title='bbox 384 3131 404 3165; x_wconf 78' lang='grc' dir='ltr'><strong>ι</strong></span> <span class='ocrx_word' id='word_1_205' title='bbox 447 3115 785 3180; x_wconf 78' lang='grc' dir='ltr'>ἐπισκόπων,</span> <span class='ocrx_word' id='word_1_206' title='bbox 848 3113 1185 3183; x_wconf 81' lang='grc' dir='ltr'>θεασάμενος</span> <span class='ocrx_word' id='word_1_207' title='bbox 1224 3111 1547 3176; x_wconf 73' lang='grc' dir='ltr'>ἐπίσκοπον,</span> <span class='ocrx_word' id='word_1_208' title='bbox 1593 3111 1878 3181; x_wconf 78' lang='grc' dir='ltr'>ἐπιζητοίη</span> <span class='ocrx_word' id='word_1_209' title='bbox 1907 3134 1951 3194; x_wconf 77' lang='lat' dir='ltr'><strong>C</strong></span> 
     </span>
    </p>
   </div>
   <div class='ocr_carea' id='block_1_34' title="bbox 377 3202 1881 3275">
    <p class='ocr_par' dir='ltr' id='par_1_34' title="bbox 377 3202 1881 3275">
     <span class='ocr_line' id='line_1_34' title="bbox 377 3202 1881 3275; baseline 0.001 -19"><span class='ocrx_word' id='word_1_210' title='bbox 377 3223 397 3256; x_wconf 70' lang='grc' dir='ltr'><strong>ι</strong></span> <span class='ocrx_word' id='word_1_211' title='bbox 443 3205 542 3275; x_wconf 81' lang='grc' dir='ltr'>τὴν</span> <span class='ocrx_word' id='word_1_212' title='bbox 573 3205 754 3257; x_wconf 83' lang='grc' dir='ltr'>αἰτίαν</span> <span class='ocrx_word' id='word_1_213' title='bbox 785 3205 884 3274; x_wconf 82' lang='grc' dir='ltr'>τῆς</span> <span class='ocrx_word' id='word_1_214' title='bbox 908 3205 1165 3274; x_wconf 82' lang='grc' dir='ltr'>παρόδου,</span> <span class='ocrx_word' id='word_1_215' title='bbox 1214 3209 1307 3258; x_wconf 73' lang='grc' dir='ltr'>καὶ</span> <span class='ocrx_word' id='word_1_216' title='bbox 1341 3202 1443 3257; x_wconf 81' lang='grc' dir='ltr'><strong>ποῦ</strong></span> <span class='ocrx_word' id='word_1_217' title='bbox 1497 3204 1597 3272; x_wconf 86' lang='grc' dir='ltr'>τὴν</span> <span class='ocrx_word' id='word_1_218' title='bbox 1649 3202 1881 3272; x_wconf 80' lang='grc' dir='ltr'>πορείαν</span> 
     </span>
    </p>
   </div>
   <div class='ocr_carea' id='block_1_35' title="bbox 384 3293 1878 3367">
    <p class='ocr_par' dir='ltr' id='par_1_35' title="bbox 384 3293 1878 3367">
     <span class='ocr_line' id='line_1_35' title="bbox 384 3293 1878 3367; baseline -0.003 -17"><span class='ocrx_word' id='word_1_219' title='bbox 384 3317 405 3350; x_wconf 74' lang='grc' dir='ltr'><strong>ι</strong></span> <span class='ocrx_word' id='word_1_220' title='bbox 450 3298 717 3349; x_wconf 82' lang='grc' dir='ltr'>ποιεῖται⁶</span> <span class='ocrx_word' id='word_1_221' title='bbox 753 3297 849 3348; x_wconf 77' lang='grc' dir='ltr'>καὶ</span> <span class='ocrx_word' id='word_1_222' title='bbox 882 3297 977 3349; x_wconf 81' lang='grc' dir='ltr'><strong>ἐὰν</strong></span> <span class='ocrx_word' id='word_1_223' title='bbox 1013 3296 1112 3365; x_wconf 83' lang='grc' dir='ltr'>μὲν</span> <span class='ocrx_word' id='word_1_224' title='bbox 1144 3297 1280 3367; x_wconf 76' lang='grc' dir='ltr'>εὕρῃ</span> <span class='ocrx_word' id='word_1_225' title='bbox 1312 3296 1477 3349; x_wconf 69' lang='grc' dir='ltr'>αὑτὸν</span> <span class='ocrx_word' id='word_1_226' title='bbox 1518 3295 1613 3348; x_wconf 75' lang='grc' dir='ltr'><strong>ἐπὶ</strong></span> <span class='ocrx_word' id='word_1_227' title='bbox 1645 3293 1878 3364; x_wconf 89' lang='grc' dir='ltr'>στρατό-</span> 
     </span>
    </p>
   </div>
   <div class='ocr_carea' id='block_1_36' title="bbox 379 3382 1878 3455">
    <p class='ocr_par' dir='ltr' id='par_1_36' title="bbox 379 3382 1878 3455">
     <span class='ocr_line' id='line_1_36' title="bbox 379 3382 1878 3455; baseline -0.003 -16"><span class='ocrx_word' id='word_1_228' title='bbox 379 3406 400 3439; x_wconf 75' lang='lat' dir='ltr'><strong>t</strong></span> <span class='ocrx_word' id='word_1_229' title='bbox 442 3387 602 3439; x_wconf 87' lang='grc' dir='ltr'>πεδον</span> <span class='ocrx_word' id='word_1_230' title='bbox 659 3386 908 3447; x_wconf 82' lang='grc' dir='ltr'>ἀπιόντα,</span> <span class='ocrx_word' id='word_1_231' title='bbox 959 3386 1284 3455; x_wconf 78' lang='grc' dir='ltr'>ἐπιζητήσει</span> <span class='ocrx_word' id='word_1_232' title='bbox 1334 3384 1434 3447; x_wconf 84' lang='grc' dir='ltr'>τὰς</span> <span class='ocrx_word' id='word_1_233' title='bbox 1490 3386 1733 3453; x_wconf 77' lang='grc' dir='ltr'>αἱρέσεις</span> <span class='ocrx_word' id='word_1_234' title='bbox 1780 3382 1878 3446; x_wconf 86' lang='grc' dir='ltr'><strong>τὰς</strong></span> 
     </span>
    </p>
   </div>
   <div class='ocr_carea' id='block_1_37' title="bbox 381 3475 1881 3545">
    <p class='ocr_par' dir='ltr' id='par_1_37' title="bbox 381 3475 1881 3545">
     <span class='ocr_line' id='line_1_37' title="bbox 381 3475 1881 3545; baseline -0.003 -15"><span class='ocrx_word' id='word_1_235' title='bbox 381 3497 401 3530; x_wconf 75' lang='grc' dir='ltr'><strong>ε</strong></span> <span class='ocrx_word' id='word_1_236' title='bbox 448 3478 636 3530; x_wconf 79' lang='grc' dir='ltr'>ἐπάνω</span> <span class='ocrx_word' id='word_1_237' title='bbox 694 3476 1089 3544; x_wconf 80' lang='grc' dir='ltr'>προκειμένας.</span> <span class='ocrx_word' id='word_1_238' title='bbox 1129 3476 1246 3529; x_wconf 81' lang='grc' dir='ltr'>Κᾶν</span> <span class='ocrx_word' id='word_1_239' title='bbox 1273 3476 1612 3545; x_wconf 80' lang='grc' dir='ltr'>κεκλημένος</span> <span class='ocrx_word' id='word_1_240' title='bbox 1643 3475 1881 3544; x_wconf 79' lang='grc' dir='ltr'>ἀφικνῆ-</span> 
     </span>
    </p>
   </div>
   <div class='ocr_carea' id='block_1_38' title="bbox 384 3565 1878 3635">
    <p class='ocr_par' dir='ltr' id='par_1_38' title="bbox 384 3565 1878 3635">
     <span class='ocr_line' id='line_1_38' title="bbox 384 3565 1878 3635; baseline -0.002 -17"><span class='ocrx_word' id='word_1_241' title='bbox 384 3588 403 3618; x_wconf 84' lang='grc'><strong>‹</strong></span> <span class='ocrx_word' id='word_1_242' title='bbox 447 3585 558 3630; x_wconf 87' lang='grc' dir='ltr'>ται,</span> <span class='ocrx_word' id='word_1_243' title='bbox 587 3567 800 3620; x_wconf 86' lang='grc' dir='ltr'>ἀπιόντι</span> <span class='ocrx_word' id='word_1_244' title='bbox 828 3565 977 3635; x_wconf 84' lang='grc' dir='ltr'><strong>αὑτῷ</strong></span> <span class='ocrx_word' id='word_1_245' title='bbox 1009 3565 1177 3633; x_wconf 77' lang='grc' dir='ltr'>μηδὲν</span> <span class='ocrx_word' id='word_1_246' title='bbox 1210 3567 1470 3633; x_wconf 79' lang='grc' dir='ltr'>ἐμπόδιον</span> <span class='ocrx_word' id='word_1_247' title='bbox 1526 3566 1768 3633; x_wconf 84' lang='grc' dir='ltr'>γίγνοιτο</span> <span class='ocrx_word' id='word_1_248' title='bbox 1787 3581 1801 3597; x_wconf 68' lang='grc' dir='ltr'>α</span> <span class='ocrx_word' id='word_1_249' title='bbox 1828 3566 1878 3616; x_wconf 89' lang='grc' dir='ltr'><strong>εί</strong></span> 
     </span>
    </p>
   </div>
   <div class='ocr_carea' id='block_1_39' title="bbox 385 3658 1876 3729">
    <p class='ocr_par' dir='ltr' id='par_1_39' title="bbox 385 3658 1876 3729">
     <span class='ocr_line' id='line_1_39' title="bbox 385 3658 1876 3729; baseline 0 -19"><span class='ocrx_word' id='word_1_250' title='bbox 385 3678 404 3710; x_wconf 75' lang='grc' dir='ltr'><strong>ι</strong></span> <span class='ocrx_word' id='word_1_251' title='bbox 442 3660 499 3712; x_wconf 78' lang='grc' dir='ltr'>δὲ</span> <span class='ocrx_word' id='word_1_252' title='bbox 562 3658 881 3721; x_wconf 76' lang='grc' dir='ltr'>ἐπιδείξεως</span> <span class='ocrx_word' id='word_1_253' title='bbox 941 3658 1121 3727; x_wconf 84' lang='grc' dir='ltr'>χάριν,</span> <span class='ocrx_word' id='word_1_254' title='bbox 1197 3659 1379 3721; x_wconf 86' lang='grc' dir='ltr'>καθὼς</span> <span class='ocrx_word' id='word_1_255' title='bbox 1435 3659 1757 3729; x_wconf 86' lang='grc' dir='ltr'>προείρηται</span> <span class='ocrx_word' id='word_1_256' title='bbox 1809 3659 1876 3726; x_wconf 82' lang='grc' dir='ltr'>τῇ</span> 
     </span>
    </p>
   </div>
   <div class='ocr_carea' id='block_1_40' title="bbox 385 3748 1879 3822">
    <p class='ocr_par' dir='ltr' id='par_1_40' title="bbox 385 3748 1879 3822">
     <span class='ocr_line' id='line_1_40' title="bbox 385 3748 1879 3822; baseline -0.001 -18"><span class='ocrx_word' id='word_1_257' title='bbox 385 3771 403 3804; x_wconf 82' lang='grc' dir='ltr'><strong>ι</strong></span> <span class='ocrx_word' id='word_1_258' title='bbox 444 3751 687 3822; x_wconf 79' lang='grc' dir='ltr'>ὑμετέρᾳ</span> <span class='ocrx_word' id='word_1_259' title='bbox 712 3752 927 3820; x_wconf 85' lang='grc' dir='ltr'>ἀγάπῃ,</span> <span class='ocrx_word' id='word_1_260' title='bbox 954 3751 985 3821; x_wconf 77' lang='grc' dir='ltr'>ἢ</span> <span class='ocrx_word' id='word_1_261' title='bbox 1017 3751 1106 3804; x_wconf 89' lang='grc' dir='ltr'><strong>διά</strong></span> <span class='ocrx_word' id='word_1_262' title='bbox 1149 3767 1312 3805; x_wconf 87' lang='grc' dir='ltr'>τινων</span> <span class='ocrx_word' id='word_1_263' title='bbox 1355 3752 1607 3817; x_wconf 79' lang='grc' dir='ltr'>ἀξιώσεις</span> <span class='ocrx_word' id='word_1_264' title='bbox 1645 3748 1879 3803; x_wconf 80' lang='grc' dir='ltr'>σπουδά-</span> 
     </span>
    </p>
   </div>
   <div class='ocr_carea' id='block_1_41' title="bbox 384 3842 1864 3914">
    <p class='ocr_par' dir='ltr' id='par_1_41' title="bbox 384 3842 1864 3914">
     <span class='ocr_line' id='line_1_41' title="bbox 384 3842 1864 3914; baseline 0 -19"><span class='ocrx_word' id='word_1_265' title='bbox 384 3862 401 3895; x_wconf 86' lang='grc' dir='ltr'><strong>ι</strong></span> <span class='ocrx_word' id='word_1_266' title='bbox 441 3842 523 3907; x_wconf 74' lang='grc' dir='ltr'>ζει</span> <span class='ocrx_word' id='word_1_267' title='bbox 550 3844 643 3895; x_wconf 69' lang='grc' dir='ltr'><strong>ἐπὶ</strong></span> <span class='ocrx_word' id='word_1_268' title='bbox 675 3844 736 3895; x_wconf 85' lang='grc' dir='ltr'>τὸ</span> <span class='ocrx_word' id='word_1_269' title='bbox 765 3842 1147 3913; x_wconf 86' lang='grc' dir='ltr'>στρατόπεδον,</span> <span class='ocrx_word' id='word_1_270' title='bbox 1203 3844 1340 3914; x_wconf 88' lang='grc' dir='ltr'>μήτε</span> <span class='ocrx_word' id='word_1_271' title='bbox 1368 3846 1483 3906; x_wconf 84' lang='grc' dir='ltr'>τοῖς</span> <span class='ocrx_word' id='word_1_272' title='bbox 1539 3843 1864 3914; x_wconf 81' lang='grc' dir='ltr'>γράμμασιν</span> 
     </span>
    </p>
   </div>
   <div class='ocr_carea' id='block_1_42' title="bbox 387 3934 1873 4006">
    <p class='ocr_par' dir='ltr' id='par_1_42' title="bbox 387 3934 1873 4006">
     <span class='ocr_line' id='line_1_42' title="bbox 387 3934 1873 4006; baseline 0.003 -20"><span class='ocrx_word' id='word_1_273' title='bbox 387 3954 405 3986; x_wconf 84' lang='grc' dir='ltr'><strong>ι</strong></span> <span class='ocrx_word' id='word_1_274' title='bbox 453 3934 619 3989; x_wconf 82' lang='grc' dir='ltr'>αὑτοῦ</span> <span class='ocrx_word' id='word_1_275' title='bbox 650 3934 1010 4004; x_wconf 74' lang='grc' dir='ltr'>ὑπογράφειν,</span> <span class='ocrx_word' id='word_1_276' title='bbox 1051 3936 1187 4004; x_wconf 86' lang='grc' dir='ltr'>μήτε</span> <span class='ocrx_word' id='word_1_277' title='bbox 1218 3938 1494 3988; x_wconf 83' lang='grc' dir='ltr'>κοινωνεῖν</span> <span class='ocrx_word' id='word_1_278' title='bbox 1525 3936 1601 4006; x_wconf 84' lang='grc' dir='ltr'>τῷ</span> <span class='ocrx_word' id='word_1_279' title='bbox 1624 3935 1873 4003; x_wconf 82' lang='grc' dir='ltr'>τοιούτῳ.</span> 
     </span>
    </p>
   </div>
   <div class='ocr_carea' id='block_1_43' title="bbox 373 4024 1653 4097">
    <p class='ocr_par' dir='ltr' id='par_1_43' title="bbox 373 4024 1653 4097">
     <span class='ocr_line' id='line_1_43' title="bbox 373 4024 1653 4097; baseline 0 -16"><span class='ocrx_word' id='word_1_280' title='bbox 373 4048 391 4081; x_wconf 82' lang='grc' dir='ltr'><strong>ι</strong></span> <span class='ocrx_word' id='word_1_281' title='bbox 441 4027 715 4090; x_wconf 73' lang='grc' dir='ltr'>Ἅπαντες</span> <span class='ocrx_word' id='word_1_282' title='bbox 741 4024 922 4079; x_wconf 78' lang='grc' dir='ltr'>εἶπαν·</span> <span class='ocrx_word' id='word_1_283' title='bbox 960 4026 1261 4097; x_wconf 75' lang='grc' dir='ltr'>Ὀριζέσθω</span> <span class='ocrx_word' id='word_1_284' title='bbox 1292 4030 1387 4081; x_wconf 76' lang='grc' dir='ltr'>καὶ</span> <span class='ocrx_word' id='word_1_285' title='bbox 1418 4029 1600 4082; x_wconf 83' lang='grc' dir='ltr'>τοῦτο.</span> <span class='ocrx_word' id='word_1_286' title='bbox 1634 4048 1653 4081; x_wconf 73' lang='grc' dir='ltr'><strong>ι</strong></span> 
     </span>
    </p>
   </div>
   <div class='ocr_carea' id='block_1_44' title="bbox 378 4117 1873 4193">
    <p class='ocr_par' dir='ltr' id='par_1_44' title="bbox 378 4117 1873 4193">
     <span class='ocr_line' id='line_1_44' title="bbox 378 4117 1873 4193; baseline 0.003 -20"><span class='ocrx_word' id='word_1_287' title='bbox 378 4121 573 4174; x_wconf 76' lang='grc' dir='ltr'><strong>ΒΑΛΣ.</strong></span> <span class='ocrx_word' id='word_1_288' title='bbox 622 4120 729 4172; x_wconf 70' lang='grc' dir='ltr'><strong>Καὶ</strong></span> <span class='ocrx_word' id='word_1_289' title='bbox 778 4117 937 4171; x_wconf 80' lang='grc' dir='ltr'>τοῦτο</span> <span class='ocrx_word' id='word_1_290' title='bbox 986 4118 1261 4190; x_wconf 84' lang='grc' dir='ltr'>γνώριμον</span> <span class='ocrx_word' id='word_1_291' title='bbox 1320 4125 1629 4191; x_wconf 86' lang='grc' dir='ltr'>γενήσεται.</span> <span class='ocrx_word' id='word_1_292' title='bbox 1682 4124 1873 4193; x_wconf 81' lang='grc' dir='ltr'>Τοῦτο,</span> 
     </span>
    </p>
   </div>
   <div class='ocr_carea' id='block_1_45' title="bbox 302 4211 1877 4287">
    <p class='ocr_par' dir='ltr' id='par_1_45' title="bbox 302 4211 1877 4287">
     <span class='ocr_line' id='line_1_45' title="bbox 302 4211 1877 4287; baseline 0.002 -19"><span class='ocrx_word' id='word_1_293' title='bbox 302 4217 495 4280; x_wconf 64' lang='lat' dir='ltr'><strong>mimi;</strong></span> <span class='ocrx_word' id='word_1_294' title='bbox 538 4212 611 4265; x_wconf 81' lang='grc' dir='ltr'>Τὸ</span> <span class='ocrx_word' id='word_1_295' title='bbox 640 4211 716 4282; x_wconf 82' lang='grc' dir='ltr'>μὴ</span> <span class='ocrx_word' id='word_1_296' title='bbox 750 4211 1265 4280; x_wconf 88' lang='grc' dir='ltr'>καταγινώσκεσθαι</span> <span class='ocrx_word' id='word_1_297' title='bbox 1300 4213 1401 4280; x_wconf 80' lang='grc' dir='ltr'><strong>τήν</strong></span> <span class='ocrx_word' id='word_1_298' title='bbox 1448 4215 1752 4287; x_wconf 83' lang='grc' dir='ltr'>ἱερωσύνην</span> <span class='ocrx_word' id='word_1_299' title='bbox 1784 4218 1877 4271; x_wconf 82' lang='grc' dir='ltr'>δ’ιά</span> 
     </span>
    </p>
   </div>
   <div class='ocr_carea' id='block_1_46' title="bbox 303 4302 1867 4379">
    <p class='ocr_par' dir='ltr' id='par_1_46' title="bbox 303 4302 1867 4379">
     <span class='ocr_line' id='line_1_46' title="bbox 303 4302 1867 4379; baseline 0.004 -22"><span class='ocrx_word' id='word_1_300' title='bbox 303 4306 402 4375; x_wconf 43' lang='grc' dir='ltr'><strong>χὴν</strong></span> <span class='ocrx_word' id='word_1_301' title='bbox 432 4303 541 4357; x_wconf 85' lang='grc' dir='ltr'>τῶν</span> <span class='ocrx_word' id='word_1_302' title='bbox 570 4302 770 4371; x_wconf 81' lang='grc' dir='ltr'>ὀλίγων</span> <span class='ocrx_word' id='word_1_303' title='bbox 799 4303 1210 4373; x_wconf 89' lang='grc' dir='ltr'>ἀναισχυντίαν.</span> <span class='ocrx_word' id='word_1_304' title='bbox 1267 4306 1381 4358; x_wconf 76' lang='grc' dir='ltr'><strong>Καὶ</strong></span> <span class='ocrx_word' id='word_1_305' title='bbox 1419 4307 1867 4379; x_wconf 86' lang='grc' dir='ltr'>πληρωθήσεται.</span> 
     </span>
    </p>
   </div>
   <div class='ocr_carea' id='block_1_47' title="bbox 300 4396 1873 4469">
    <p class='ocr_par' dir='ltr' id='par_1_47' title="bbox 300 4396 1873 4469">
     <span class='ocr_line' id='line_1_47' title="bbox 300 4396 1873 4469; baseline 0.003 -19"><span class='ocrx_word' id='word_1_306' title='bbox 300 4396 468 4462; x_wconf 82' lang='grc' dir='ltr'><strong>Πῶς;</strong></span> <span class='ocrx_word' id='word_1_307' title='bbox 511 4396 638 4450; x_wconf 77' lang='grc' dir='ltr'>Ἐὰν</span> <span class='ocrx_word' id='word_1_308' title='bbox 667 4396 904 4459; x_wconf 70' lang='grc' dir='ltr'>ἕκαστος</span> <span class='ocrx_word' id='word_1_309' title='bbox 957 4397 1117 4467; x_wconf 84' lang='grc' dir='ltr'>ήμῶν</span> <span class='ocrx_word' id='word_1_310' title='bbox 1164 4398 1274 4451; x_wconf 85' lang='grc' dir='ltr'><strong>τῶν</strong></span> <span class='ocrx_word' id='word_1_311' title='bbox 1314 4399 1375 4451; x_wconf 80' lang='grc' dir='ltr'>ὲν</span> <span class='ocrx_word' id='word_1_312' title='bbox 1432 4402 1553 4462; x_wconf 85' lang='grc' dir='ltr'>ταῖς</span> <span class='ocrx_word' id='word_1_313' title='bbox 1613 4400 1873 4469; x_wconf 81' lang='grc' dir='ltr'>παρόδοις</span> 
     </span>
    </p>
   </div>
   <div class='ocr_carea' id='block_1_48' title="bbox 1987 547 2697 620">
    <p class='ocr_par' dir='ltr' id='par_1_48' title="bbox 1987 547 2697 620">
     <span class='ocr_line' id='line_1_48' title="bbox 1987 547 2697 620; baseline 0.004 -17"><span class='ocrx_word' id='word_1_314' title='bbox 1987 547 2311 616; x_wconf 83' lang='lat' dir='ltr'><strong>dignitatem</strong></span> <span class='ocrx_word' id='word_1_315' title='bbox 2334 550 2697 620; x_wconf 84' lang='lat' dir='ltr'><strong>episcopatus.</strong></span> 
     </span>
    </p>
   </div>
   <div class='ocr_carea' id='block_1_49' title="bbox 2053 723 3552 804">
    <p class='ocr_par' dir='ltr' id='par_1_49' title="bbox 2053 723 3552 804">
     <span class='ocr_line' id='line_1_49' title="bbox 2053 723 3552 804; baseline 0.011 -25"><span class='ocrx_word' id='word_1_316' title='bbox 2053 723 2307 781; x_wconf 76' lang='lat' dir='ltr'><strong>ZONAR.</strong></span> <span class='ocrx_word' id='word_1_317' title='bbox 2351 724 2627 782; x_wconf 87' lang='lat' dir='ltr'><strong>Salutaria</strong></span> <span class='ocrx_word' id='word_1_318' title='bbox 2678 728 2795 785; x_wconf 73' lang='lat' dir='ltr'><strong>haec</strong></span> <span class='ocrx_word' id='word_1_319' title='bbox 2835 730 3076 800; x_wconf 90' lang='lat' dir='ltr'><strong>decreta,</strong></span> <span class='ocrx_word' id='word_1_320' title='bbox 3130 733 3306 804; x_wconf 80' lang='lat' dir='ltr'><strong>inquit</strong></span> <span class='ocrx_word' id='word_1_321' title='bbox 3354 752 3552 804; x_wconf 88' lang='lat' dir='ltr'><strong>canon.</strong></span> 
     </span>
    </p>
   </div>
   <div class='ocr_carea' id='block_1_50' title="bbox 1984 815 3555 897">
    <p class='ocr_par' dir='ltr' id='par_1_50' title="bbox 1984 815 3555 897">
     <span class='ocr_line' id='line_1_50' title="bbox 1984 815 3555 897; baseline 0.006 -24"><span class='ocrx_word' id='word_1_322' title='bbox 1984 815 2127 873; x_wconf 66' lang='lat' dir='ltr'><strong>Sacri</strong></span> <span class='ocrx_word' id='word_1_323' title='bbox 2176 816 2383 873; x_wconf 78' lang='lat' dir='ltr'><strong>ordinis</strong></span> <span class='ocrx_word' id='word_1_324' title='bbox 2435 818 2633 875; x_wconf 91' lang='lat' dir='ltr'><strong>decoro</strong></span> <span class='ocrx_word' id='word_1_325' title='bbox 2695 822 3055 893; x_wconf 78' lang='lat' dir='ltr'><strong>dignitatique</strong></span> <span class='ocrx_word' id='word_1_326' title='bbox 3126 830 3555 897; x_wconf 82' lang='lat' dir='ltr'><strong>accommodata,</strong></span> 
     </span>
    </p>
   </div>
   <div class='ocr_carea' id='block_1_51' title="bbox 1986 907 3558 986">
    <p class='ocr_par' dir='ltr' id='par_1_51' title="bbox 1986 907 3558 986">
     <span class='ocr_line' id='line_1_51' title="bbox 1986 907 3558 986; baseline 0.01 -25"><span class='ocrx_word' id='word_1_327' title='bbox 1986 907 2203 978; x_wconf 84' lang='lat' dir='ltr'><strong>Deoqne</strong></span> <span class='ocrx_word' id='word_1_328' title='bbox 2230 917 2408 978; x_wconf 83' lang='lat' dir='ltr'><strong>grata,</strong></span> <span class='ocrx_word' id='word_1_329' title='bbox 2440 920 2496 964; x_wconf 89' lang='lat' dir='ltr'><strong>et</strong></span> <span class='ocrx_word' id='word_1_330' title='bbox 2524 910 2837 967; x_wconf 87' lang='lat' dir='ltr'><strong>hominibus</strong></span> <span class='ocrx_word' id='word_1_331' title='bbox 2865 924 3113 985; x_wconf 84' lang='lat' dir='ltr'><strong>accepta,</strong></span> <span class='ocrx_word' id='word_1_332' title='bbox 3162 932 3436 986; x_wconf 79' lang='lat' dir='ltr'><strong>nunquam</strong></span> <span class='ocrx_word' id='word_1_333' title='bbox 3463 936 3558 975; x_wconf 79' lang='lat' dir='ltr'><strong>ro-</strong></span> 
     </span>
    </p>
   </div>
   <div class='ocr_carea' id='block_1_52' title="bbox 1984 998 3559 1071">
    <p class='ocr_par' dir='ltr' id='par_1_52' title="bbox 1984 998 3559 1071">
     <span class='ocr_line' id='line_1_52' title="bbox 1984 998 3559 1071; baseline 0.008 -16"><span class='ocrx_word' id='word_1_334' title='bbox 1984 998 2085 1055; x_wconf 88' lang='lat' dir='ltr'><strong>bur</strong></span> <span class='ocrx_word' id='word_1_335' title='bbox 2139 1013 2294 1054; x_wconf 88' lang='lat' dir='ltr'><strong>suum</strong></span> <span class='ocrx_word' id='word_1_336' title='bbox 2350 1015 2415 1057; x_wconf 89' lang='lat' dir='ltr'><strong>ac</strong></span> <span class='ocrx_word' id='word_1_337' title='bbox 2444 1004 2590 1057; x_wconf 87' lang='lat' dir='ltr'><strong>vires</strong></span> <span class='ocrx_word' id='word_1_338' title='bbox 2640 1002 3001 1071; x_wconf 87' lang='lat' dir='ltr'><strong>obtinebunt,</strong></span> <span class='ocrx_word' id='word_1_339' title='bbox 3053 1009 3155 1063; x_wconf 83' lang='lat' dir='ltr'><strong>nisi</strong></span> <span class='ocrx_word' id='word_1_340' title='bbox 3217 1011 3559 1067; x_wconf 87' lang='lat' dir='ltr'><strong>decretorum</strong></span> 
     </span>
    </p>
   </div>
   <div class='ocr_carea' id='block_1_53' title="bbox 1983 1091 3559 1175">
    <p class='ocr_par' dir='ltr' id='par_1_53' title="bbox 1983 1091 3559 1175">
     <span class='ocr_line' id='line_1_53' title="bbox 1983 1091 3559 1175; baseline 0.008 -31"><span class='ocrx_word' id='word_1_341' title='bbox 1983 1091 2408 1163; x_wconf 86' lang='lat' dir='ltr'><strong>promulgationi</strong></span> <span class='ocrx_word' id='word_1_342' title='bbox 2440 1110 2723 1165; x_wconf 67' lang='lat' dir='ltr'><strong>poenarum</strong></span> <span class='ocrx_word' id='word_1_343' title='bbox 2762 1108 2936 1155; x_wconf 88' lang='lat' dir='ltr'><strong>metus</strong></span> <span class='ocrx_word' id='word_1_344' title='bbox 2989 1101 3234 1167; x_wconf 80' lang='lat' dir='ltr'><strong>accedat,</strong></span> <span class='ocrx_word' id='word_1_345' title='bbox 3268 1119 3404 1171; x_wconf 74' lang='lat' dir='ltr'><strong>quas</strong></span> <span class='ocrx_word' id='word_1_346' title='bbox 3434 1107 3559 1175; x_wconf 84' lang='lat' dir='ltr'><strong>sibi,</strong></span> 
     </span>
    </p>
   </div>
   <div class='ocr_carea' id='block_1_54' title="bbox 1983 1184 3561 1271">
    <p class='ocr_par' dir='ltr' id='par_1_54' title="bbox 1983 1184 3561 1271">
     <span class='ocr_line' id='line_1_54' title="bbox 1983 1184 3561 1271; baseline 0.009 -33"><span class='ocrx_word' id='word_1_347' title='bbox 1983 1184 2077 1253; x_wconf 87' lang='lat' dir='ltr'><strong>qui</strong></span> <span class='ocrx_word' id='word_1_348' title='bbox 2109 1186 2223 1241; x_wconf 67' lang='lat' dir='ltr'><strong>haec</strong></span> <span class='ocrx_word' id='word_1_349' title='bbox 2258 1186 2601 1271; x_wconf 75' lang='lat' dir='ltr'><strong>violaverim.</strong></span> <span class='ocrx_word' id='word_1_350' title='bbox 2640 1203 2859 1261; x_wconf 86' lang='lat' dir='ltr'><strong>paratas</strong></span> <span class='ocrx_word' id='word_1_351' title='bbox 2881 1193 3208 1262; x_wconf 77' lang='lat' dir='ltr'><strong>intelligant.</strong></span> <span class='ocrx_word' id='word_1_352' title='bbox 3239 1197 3369 1251; x_wconf 87' lang='lat' dir='ltr'><strong>Illud</strong></span> <span class='ocrx_word' id='word_1_353' title='bbox 3405 1215 3561 1252; x_wconf 76' lang='lat' dir='ltr'><strong>nam-</strong></span> 
     </span>
    </p>
   </div>
   <div class='ocr_carea' id='block_1_55' title="bbox 1984 1278 3562 1356">
    <p class='ocr_par' dir='ltr' id='par_1_55' title="bbox 1984 1278 3562 1356">
     <span class='ocr_line' id='line_1_55' title="bbox 1984 1278 3562 1356; baseline 0.01 -25"><span class='ocrx_word' id='word_1_354' title='bbox 1984 1291 2090 1346; x_wconf 88' lang='lat' dir='ltr'><strong>que</strong></span> <span class='ocrx_word' id='word_1_355' title='bbox 2122 1278 2375 1334; x_wconf 79' lang='lat' dir='ltr'><strong>novimus</strong></span> <span class='ocrx_word' id='word_1_356' title='bbox 2406 1282 2646 1346; x_wconf 86' lang='lat' dir='ltr'><strong>evenire,</strong></span> <span class='ocrx_word' id='word_1_357' title='bbox 2682 1293 2740 1338; x_wconf 90' lang='lat' dir='ltr'><strong>ut</strong></span> <span class='ocrx_word' id='word_1_358' title='bbox 2772 1286 2960 1355; x_wconf 80' lang='lat' dir='ltr'><strong>paucis</strong></span> <span class='ocrx_word' id='word_1_359' title='bbox 2991 1287 3313 1356; x_wconf 88' lang='lat' dir='ltr'><strong>quibusdam</strong></span> <span class='ocrx_word' id='word_1_360' title='bbox 3341 1290 3562 1346; x_wconf 88' lang='lat' dir='ltr'><strong>decreta</strong></span> 
     </span>
    </p>
   </div>
   <div class='ocr_carea' id='block_1_56' title="bbox 1984 1369 3561 1445">
    <p class='ocr_par' dir='ltr' id='par_1_56' title="bbox 1984 1369 3561 1445">
     <span class='ocr_line' id='line_1_56' title="bbox 1984 1369 3561 1445; baseline 0.007 -25"><span class='ocrx_word' id='word_1_361' title='bbox 1984 1381 2254 1422; x_wconf 82' lang='lat' dir='ltr'><strong>canonum</strong></span> <span class='ocrx_word' id='word_1_362' title='bbox 2315 1384 2412 1439; x_wconf 87' lang='lat' dir='ltr'><strong>per</strong></span> <span class='ocrx_word' id='word_1_363' title='bbox 2466 1369 2854 1440; x_wconf 89' lang='lat' dir='ltr'><strong>impudentiam</strong></span> <span class='ocrx_word' id='word_1_364' title='bbox 2907 1375 3268 1445; x_wconf 81' lang='lat' dir='ltr'><strong>violantibus,</strong></span> <span class='ocrx_word' id='word_1_365' title='bbox 3318 1379 3561 1433; x_wconf 87' lang='lat' dir='ltr'><strong>divinum</strong></span> 
     </span>
    </p>
   </div>
   <div class='ocr_carea' id='block_1_57' title="bbox 1982 1460 3564 1540">
    <p class='ocr_par' dir='ltr' id='par_1_57' title="bbox 1982 1460 3564 1540">
     <span class='ocr_line' id='line_1_57' title="bbox 1982 1460 3564 1540; baseline 0.006 -26"><span class='ocrx_word' id='word_1_366' title='bbox 1982 1460 2272 1515; x_wconf 80' lang='lat' dir='ltr'><strong>sacerdotii</strong></span> <span class='ocrx_word' id='word_1_367' title='bbox 2303 1475 2496 1517; x_wconf 86' lang='lat' dir='ltr'><strong>nomen</strong></span> <span class='ocrx_word' id='word_1_368' title='bbox 2529 1464 2843 1533; x_wconf 73' lang='lat' dir='ltr'><strong>damnetur;</strong></span> <span class='ocrx_word' id='word_1_369' title='bbox 2878 1482 2976 1522; x_wconf 89' lang='lat' dir='ltr'><strong>nec</strong></span> <span class='ocrx_word' id='word_1_370' title='bbox 3004 1467 3037 1521; x_wconf 88' lang='lat' dir='ltr'><strong>ii</strong></span> <span class='ocrx_word' id='word_1_371' title='bbox 3070 1469 3270 1536; x_wconf 89' lang='lat' dir='ltr'><strong>solum,</strong></span> <span class='ocrx_word' id='word_1_372' title='bbox 3311 1472 3400 1539; x_wconf 90' lang='lat' dir='ltr'><strong>qni</strong></span> <span class='ocrx_word' id='word_1_373' title='bbox 3438 1485 3564 1540; x_wconf 88' lang='lat' dir='ltr'><strong>pec-</strong></span> 
     </span>
    </p>
   </div>
   <div class='ocr_carea' id='block_1_58' title="bbox 1982 1555 3564 1633">
    <p class='ocr_par' dir='ltr' id='par_1_58' title="bbox 1982 1555 3564 1633">
     <span class='ocr_line' id='line_1_58' title="bbox 1982 1555 3564 1633; baseline 0.006 -28"><span class='ocrx_word' id='word_1_374' title='bbox 1982 1561 2200 1617; x_wconf 84' lang='lat' dir='ltr'><strong>carunt,</strong></span> <span class='ocrx_word' id='word_1_375' title='bbox 2237 1555 2331 1607; x_wconf 86' lang='lat' dir='ltr'><strong>sed</strong></span> <span class='ocrx_word' id='word_1_376' title='bbox 2367 1569 2558 1610; x_wconf 88' lang='lat' dir='ltr'><strong>omnes</strong></span> <span class='ocrx_word' id='word_1_377' title='bbox 2588 1557 2746 1610; x_wconf 86' lang='lat' dir='ltr'><strong>simul</strong></span> <span class='ocrx_word' id='word_1_378' title='bbox 2796 1560 3111 1613; x_wconf 85' lang='lat' dir='ltr'><strong>sacerdotes</strong></span> <span class='ocrx_word' id='word_1_379' title='bbox 3157 1558 3463 1633; x_wconf 86' lang='lat' dir='ltr'><strong>(universos</strong></span> <span class='ocrx_word' id='word_1_380' title='bbox 3489 1561 3564 1615; x_wconf 86' lang='lat' dir='ltr'><strong>si-</strong></span> 
     </span>
    </p>
   </div>
   <div class='ocr_carea' id='block_1_59' title="bbox 1983 1643 3564 1723">
    <p class='ocr_par' dir='ltr' id='par_1_59' title="bbox 1983 1643 3564 1723">
     <span class='ocr_line' id='line_1_59' title="bbox 1983 1643 3564 1723; baseline 0.006 -28"><span class='ocrx_word' id='word_1_381' title='bbox 1983 1643 2202 1714; x_wconf 83' lang='lat' dir='ltr'><strong>quidem</strong></span> <span class='ocrx_word' id='word_1_382' title='bbox 2239 1646 2530 1702; x_wconf 84' lang='lat' dir='ltr'><strong>sacerdotii</strong></span> <span class='ocrx_word' id='word_1_383' title='bbox 2587 1650 2806 1704; x_wconf 88' lang='lat' dir='ltr'><strong>nomine</strong></span> <span class='ocrx_word' id='word_1_384' title='bbox 2838 1649 3138 1720; x_wconf 87' lang='lat' dir='ltr'><strong>signiﬁcari</strong></span> <span class='ocrx_word' id='word_1_385' title='bbox 3170 1650 3359 1723; x_wconf 77' lang='lat' dir='ltr'><strong>voluit)</strong></span> <span class='ocrx_word' id='word_1_386' title='bbox 3397 1652 3564 1705; x_wconf 81' lang='lat' dir='ltr'><strong>male-</strong></span> 
     </span>
    </p>
   </div>
   <div class='ocr_carea' id='block_1_60' title="bbox 1986 1735 3562 1797">
    <p class='ocr_par' dir='ltr' id='par_1_60' title="bbox 1986 1735 3562 1797">
     <span class='ocr_line' id='line_1_60' title="bbox 1986 1735 3562 1797; baseline 0.005 -8"><span class='ocrx_word' id='word_1_387' title='bbox 1986 1735 2122 1791; x_wconf 88' lang='lat' dir='ltr'><strong>dicis</strong></span> <span class='ocrx_word' id='word_1_388' title='bbox 2185 1736 2617 1793; x_wconf 82' lang='lat' dir='ltr'><strong>obtrectatorum</strong></span> <span class='ocrx_word' id='word_1_389' title='bbox 2684 1741 3158 1797; x_wconf 80' lang='lat' dir='ltr'><strong>criminationibus</strong></span> <span class='ocrx_word' id='word_1_390' title='bbox 3233 1742 3562 1797; x_wconf 70' lang='lat' dir='ltr'><strong>lacerentur.</strong></span> 
     </span>
    </p>
   </div>
   <div class='ocr_carea' id='block_1_61' title="bbox 1984 1827 3565 1903">
    <p class='ocr_par' dir='ltr' id='par_1_61' title="bbox 1984 1827 3565 1903">
     <span class='ocr_line' id='line_1_61' title="bbox 1984 1827 3565 1903; baseline 0.003 -20"><span class='ocrx_word' id='word_1_391' title='bbox 1984 1827 2041 1883; x_wconf 90' lang='lat' dir='ltr'><strong>Si</strong></span> <span class='ocrx_word' id='word_1_392' title='bbox 2080 1828 2203 1897; x_wconf 84' lang='lat' dir='ltr'><strong>quis</strong></span> <span class='ocrx_word' id='word_1_393' title='bbox 2232 1830 2397 1899; x_wconf 82' lang='lat' dir='ltr'><strong>igitur</strong></span> <span class='ocrx_word' id='word_1_394' title='bbox 2447 1832 2709 1887; x_wconf 84' lang='lat' dir='ltr'><strong>adversus</strong></span> <span class='ocrx_word' id='word_1_395' title='bbox 2755 1845 2844 1897; x_wconf 87' lang='lat' dir='ltr'><strong>ea,</strong></span> <span class='ocrx_word' id='word_1_396' title='bbox 2897 1848 3018 1903; x_wconf 66' lang='lat' dir='ltr'><strong>qua:</strong></span> <span class='ocrx_word' id='word_1_397' title='bbox 3048 1833 3285 1887; x_wconf 79' lang='lat' dir='ltr'><strong>unanimi</strong></span> <span class='ocrx_word' id='word_1_398' title='bbox 3319 1835 3565 1889; x_wconf 84' lang='lat' dir='ltr'><strong>omnium</strong></span> 
     </span>
    </p>
   </div>
   <div class='ocr_carea' id='block_1_62' title="bbox 1985 1921 3563 1994">
    <p class='ocr_par' dir='ltr' id='par_1_62' title="bbox 1985 1921 3563 1994">
     <span class='ocr_line' id='line_1_62' title="bbox 1985 1921 3563 1994; baseline 0.004 -21"><span class='ocrx_word' id='word_1_399' title='bbox 1985 1934 2251 1974; x_wconf 87' lang='lat' dir='ltr'><strong>consensu</strong></span> <span class='ocrx_word' id='word_1_400' title='bbox 2287 1921 2503 1977; x_wconf 88' lang='lat' dir='ltr'><strong>decreta</strong></span> <span class='ocrx_word' id='word_1_401' title='bbox 2532 1932 2657 1976; x_wconf 91' lang='lat' dir='ltr'><strong>sunt</strong></span> <span class='ocrx_word' id='word_1_402' title='bbox 2678 1960 2694 1983; x_wconf 86' lang='lat'><strong>,</strong></span> <span class='ocrx_word' id='word_1_403' title='bbox 2727 1924 3037 1993; x_wconf 75' lang='lat' dir='ltr'><strong>arrogantia</strong></span> <span class='ocrx_word' id='word_1_404' title='bbox 3072 1940 3133 1980; x_wconf 85' lang='lat' dir='ltr'><strong>ac</strong></span> <span class='ocrx_word' id='word_1_405' title='bbox 3167 1927 3421 1994; x_wconf 84' lang='lat' dir='ltr'><strong>superbia</strong></span> <span class='ocrx_word' id='word_1_406' title='bbox 3447 1927 3563 1981; x_wconf 85' lang='lat' dir='ltr'><strong>ela-</strong></span> 
     </span>
    </p>
   </div>
   <div class='ocr_carea' id='block_1_63' title="bbox 1987 2012 3564 2083">
    <p class='ocr_par' dir='ltr' id='par_1_63' title="bbox 1987 2012 3564 2083">
     <span class='ocr_line' id='line_1_63' title="bbox 1987 2012 3564 2083; baseline 0.005 -20"><span class='ocrx_word' id='word_1_407' title='bbox 1987 2018 2096 2076; x_wconf 89' lang='lat' dir='ltr'><strong>tus,</strong></span> <span class='ocrx_word' id='word_1_408' title='bbox 2129 2025 2307 2082; x_wconf 88' lang='lat' dir='ltr'><strong>neque</strong></span> <span class='ocrx_word' id='word_1_409' title='bbox 2363 2014 2605 2067; x_wconf 89' lang='lat' dir='ltr'><strong>numinis</strong></span> <span class='ocrx_word' id='word_1_410' title='bbox 2633 2012 2894 2083; x_wconf 89' lang='lat' dir='ltr'><strong>obsequio</strong></span> <span class='ocrx_word' id='word_1_411' title='bbox 2921 2015 3230 2070; x_wconf 88' lang='lat' dir='ltr'><strong>demerendi</strong></span> <span class='ocrx_word' id='word_1_412' title='bbox 3282 2018 3564 2072; x_wconf 81' lang='lat' dir='ltr'><strong>studiosus</strong></span> 
     </span>
    </p>
   </div>
   <div class='ocr_carea' id='block_1_64' title="bbox 1984 2105 3564 2175">
    <p class='ocr_par' dir='ltr' id='par_1_64' title="bbox 1984 2105 3564 2175">
     <span class='ocr_line' id='line_1_64' title="bbox 1984 2105 3564 2175; baseline 0.004 -17"><span class='ocrx_word' id='word_1_413' title='bbox 1984 2105 2275 2175; x_wconf 86' lang='lat' dir='ltr'><strong>quidquam</strong></span> <span class='ocrx_word' id='word_1_414' title='bbox 2302 2105 2586 2160; x_wconf 85' lang='lat' dir='ltr'><strong>admittere</strong></span> <span class='ocrx_word' id='word_1_415' title='bbox 2637 2106 2882 2160; x_wconf 85' lang='lat' dir='ltr'><strong>audeat:</strong></span> <span class='ocrx_word' id='word_1_416' title='bbox 2938 2107 3286 2175; x_wconf 88' lang='lat' dir='ltr'><strong>semetipsum</strong></span> <span class='ocrx_word' id='word_1_417' title='bbox 3318 2110 3564 2165; x_wconf 75' lang='lat' dir='ltr'><strong>criminis</strong></span> 
     </span>
    </p>
   </div>
   <div class='ocr_carea' id='block_1_65' title="bbox 1986 2192 3561 2262">
    <p class='ocr_par' dir='ltr' id='par_1_65' title="bbox 1986 2192 3561 2262">
     <span class='ocr_line' id='line_1_65' title="bbox 1986 2192 3561 2262; baseline 0.004 -14"><span class='ocrx_word' id='word_1_418' title='bbox 1986 2192 2286 2249; x_wconf 78' lang='lat' dir='ltr'><strong>defensioni</strong></span> <span class='ocrx_word' id='word_1_419' title='bbox 2316 2195 2612 2251; x_wconf 82' lang='lat' dir='ltr'><strong>obnoxium</strong></span> <span class='ocrx_word' id='word_1_420' title='bbox 2644 2196 3001 2260; x_wconf 86' lang='lat' dir='ltr'><strong>constituere,</strong></span> <span class='ocrx_word' id='word_1_421' title='bbox 3059 2198 3163 2252; x_wconf 86' lang='lat' dir='ltr'><strong>hoc</strong></span> <span class='ocrx_word' id='word_1_422' title='bbox 3194 2207 3302 2262; x_wconf 91' lang='lat' dir='ltr'><strong>est,</strong></span> <span class='ocrx_word' id='word_1_423' title='bbox 3358 2214 3462 2252; x_wconf 93' lang='lat' dir='ltr'><strong>non</strong></span> <span class='ocrx_word' id='word_1_424' title='bbox 3496 2214 3561 2254; x_wconf 91' lang='lat' dir='ltr'><strong>se</strong></span> 
     </span>
    </p>
   </div>
   <div class='ocr_carea' id='block_1_66' title="bbox 1985 2286 3562 2357">
    <p class='ocr_par' dir='ltr' id='par_1_66' title="bbox 1985 2286 3562 2357">
     <span class='ocr_line' id='line_1_66' title="bbox 1985 2286 3562 2357; baseline 0.004 -19"><span class='ocrx_word' id='word_1_425' title='bbox 1985 2299 2308 2355; x_wconf 85' lang='lat' dir='ltr'><strong>quacunque</strong></span> <span class='ocrx_word' id='word_1_426' title='bbox 2334 2286 2544 2342; x_wconf 84' lang='lat' dir='ltr'><strong>ratione</strong></span> <span class='ocrx_word' id='word_1_427' title='bbox 2570 2287 3064 2352; x_wconf 87' lang='lat' dir='ltr'><strong>condemnandum,</strong></span> <span class='ocrx_word' id='word_1_428' title='bbox 3094 2289 3189 2344; x_wconf 86' lang='lat' dir='ltr'><strong>sed</strong></span> <span class='ocrx_word' id='word_1_429' title='bbox 3220 2293 3275 2342; x_wconf 88' lang='lat' dir='ltr'><strong>in</strong></span> <span class='ocrx_word' id='word_1_430' title='bbox 3301 2288 3562 2357; x_wconf 88' lang='lat' dir='ltr'><strong>judicium</strong></span> 
     </span>
    </p>
   </div>
   <div class='ocr_carea' id='block_1_67' title="bbox 1986 2376 3563 2448">
    <p class='ocr_par' dir='ltr' id='par_1_67' title="bbox 1986 2376 3563 2448">
     <span class='ocr_line' id='line_1_67' title="bbox 1986 2376 3563 2448; baseline 0.003 -19"><span class='ocrx_word' id='word_1_431' title='bbox 1986 2376 2333 2443; x_wconf 87' lang='lat' dir='ltr'><strong>trahendum,</strong></span> <span class='ocrx_word' id='word_1_432' title='bbox 2388 2378 2548 2447; x_wconf 85' lang='lat' dir='ltr'><strong>eique</strong></span> <span class='ocrx_word' id='word_1_433' title='bbox 2579 2379 2726 2433; x_wconf 85' lang='lat' dir='ltr'><strong>velut</strong></span> <span class='ocrx_word' id='word_1_434' title='bbox 2761 2388 2978 2448; x_wconf 85' lang='lat' dir='ltr'><strong>patrato</strong></span> <span class='ocrx_word' id='word_1_435' title='bbox 3054 2379 3297 2434; x_wconf 75' lang='lat' dir='ltr'><strong>facinore</strong></span> <span class='ocrx_word' id='word_1_436' title='bbox 3344 2394 3563 2436; x_wconf 80' lang='lat' dir='ltr'><strong>causam</strong></span> 
     </span>
    </p>
   </div>
   <div class='ocr_carea' id='block_1_68' title="bbox 1985 2467 3566 2541">
    <p class='ocr_par' dir='ltr' id='par_1_68' title="bbox 1985 2467 3566 2541">
     <span class='ocr_line' id='line_1_68' title="bbox 1985 2467 3566 2541; baseline 0.003 -18"><span class='ocrx_word' id='word_1_437' title='bbox 1985 2481 2107 2523; x_wconf 88' lang='lat' dir='ltr'><strong>esse</strong></span> <span class='ocrx_word' id='word_1_438' title='bbox 2160 2467 2465 2537; x_wconf 88' lang='lat' dir='ltr'><strong>dicendam,</strong></span> <span class='ocrx_word' id='word_1_439' title='bbox 2522 2471 2948 2541; x_wconf 88' lang='lat' dir='ltr'><strong>dignitatemque</strong></span> <span class='ocrx_word' id='word_1_440' title='bbox 3007 2471 3394 2538; x_wconf 83' lang='lat' dir='ltr'><strong>abjiciendam,</strong></span> <span class='ocrx_word' id='word_1_441' title='bbox 3462 2474 3566 2527; x_wconf 87' lang='lat' dir='ltr'><strong>hoc</strong></span> 
     </span>
    </p>
   </div>
   <div class='ocr_carea' id='block_1_69' title="bbox 1984 2559 3563 2633">
    <p class='ocr_par' dir='ltr' id='par_1_69' title="bbox 1984 2559 3563 2633">
     <span class='ocr_line' id='line_1_69' title="bbox 1984 2559 3563 2633; baseline 0.002 -19"><span class='ocrx_word' id='word_1_442' title='bbox 1984 2568 2091 2624; x_wconf 90' lang='lat' dir='ltr'><strong>est,</strong></span> <span class='ocrx_word' id='word_1_443' title='bbox 2128 2559 2423 2631; x_wconf 84' lang='lat' dir='ltr'><strong>episcopali</strong></span> <span class='ocrx_word' id='word_1_444' title='bbox 2477 2577 2535 2617; x_wconf 91' lang='lat' dir='ltr'><strong>se</strong></span> <span class='ocrx_word' id='word_1_445' title='bbox 2568 2563 2776 2619; x_wconf 88' lang='lat' dir='ltr'><strong>honore</strong></span> <span class='ocrx_word' id='word_1_446' title='bbox 2804 2576 2867 2617; x_wconf 90' lang='lat' dir='ltr'><strong>ac</strong></span> <span class='ocrx_word' id='word_1_447' title='bbox 2905 2562 3168 2633; x_wconf 88' lang='lat' dir='ltr'><strong>dignitate</strong></span> <span class='ocrx_word' id='word_1_448' title='bbox 3218 2562 3563 2633; x_wconf 80' lang='lat' dir='ltr'><strong>privandum,</strong></span> 
     </span>
    </p>
   </div>
   <div class='ocr_carea' id='block_1_70' title="bbox 1984 2648 3315 2722">
    <p class='ocr_par' dir='ltr' id='par_1_70' title="bbox 1984 2648 3315 2722">
     <span class='ocr_line' id='line_1_70' title="bbox 1984 2648 3315 2722; baseline 0.003 -19"><span class='ocrx_word' id='word_1_449' title='bbox 1984 2648 2100 2704; x_wconf 89' lang='lat' dir='ltr'><strong>sive</strong></span> <span class='ocrx_word' id='word_1_450' title='bbox 2132 2648 2471 2718; x_wconf 84' lang='lat' dir='ltr'><strong>depositione</strong></span> <span class='ocrx_word' id='word_1_451' title='bbox 2507 2651 2841 2704; x_wconf 78' lang='lat' dir='ltr'><strong>multandum</strong></span> <span class='ocrx_word' id='word_1_452' title='bbox 2872 2666 2992 2707; x_wconf 87' lang='lat' dir='ltr'><strong>esse</strong></span> <span class='ocrx_word' id='word_1_453' title='bbox 3030 2651 3315 2722; x_wconf 82' lang='lat' dir='ltr'><strong>intelligat.</strong></span> 
     </span>
    </p>
   </div>
   <div class='ocr_carea' id='block_1_71' title="bbox 2558 2742 2999 2800">
    <p class='ocr_par' dir='ltr' id='par_1_71' title="bbox 2558 2742 2999 2800">
     <span class='ocr_line' id='line_1_71' title="bbox 2558 2742 2999 2800; baseline 0.002 -2"><span class='ocrx_word' id='word_1_454' title='bbox 2558 2742 2791 2798; x_wconf 77' lang='lat' dir='ltr'><strong>CANON</strong></span> <span class='ocrx_word' id='word_1_455' title='bbox 2855 2743 2999 2800; x_wconf 77' lang='lat' dir='ltr'><strong>XXI.</strong></span> 
     </span>
    </p>
   </div>
   <div class='ocr_carea' id='block_1_72' title="bbox 1990 2832 3566 2904">
    <p class='ocr_par' dir='ltr' id='par_1_72' title="bbox 1990 2832 3566 2904">
     <span class='ocr_line' id='line_1_72' title="bbox 1990 2832 3566 2904; baseline 0.003 -21"><span class='ocrx_word' id='word_1_456' title='bbox 1990 2852 2007 2883; x_wconf 76' lang='grc' dir='ltr'><strong>ι</strong></span> <span class='ocrx_word' id='word_1_457' title='bbox 2042 2832 2213 2890; x_wconf 91' lang='lat' dir='ltr'><strong>Porro</strong></span> <span class='ocrx_word' id='word_1_458' title='bbox 2237 2840 2420 2888; x_wconf 87' lang='lat' dir='ltr'><strong>autem</strong></span> <span class='ocrx_word' id='word_1_459' title='bbox 2450 2832 2556 2888; x_wconf 89' lang='lat' dir='ltr'><strong>hoe</strong></span> <span class='ocrx_word' id='word_1_460' title='bbox 2593 2847 2815 2904; x_wconf 90' lang='lat' dir='ltr'><strong>quoque</strong></span> <span class='ocrx_word' id='word_1_461' title='bbox 2849 2834 3000 2889; x_wconf 91' lang='lat' dir='ltr'><strong>illinc</strong></span> <span class='ocrx_word' id='word_1_462' title='bbox 3046 2843 3152 2889; x_wconf 79' lang='lat' dir='ltr'><strong>erit</strong></span> <span class='ocrx_word' id='word_1_463' title='bbox 3200 2834 3439 2891; x_wconf 83' lang='lat' dir='ltr'><strong>maxime</strong></span> <span class='ocrx_word' id='word_1_464' title='bbox 3468 2849 3566 2889; x_wconf 88' lang='lat' dir='ltr'><strong>no-</strong></span> 
     </span>
    </p>
   </div>
   <div class='ocr_carea' id='block_1_73' title="bbox 2064 2926 3551 2997">
    <p class='ocr_par' dir='ltr' id='par_1_73' title="bbox 2064 2926 3551 2997">
     <span class='ocr_line' id='line_1_73' title="bbox 2064 2926 3551 2997; baseline 0.003 -19"><span class='ocrx_word' id='word_1_465' title='bbox 2064 2942 2087 2978; x_wconf 76' lang='lat' dir='ltr'><strong>t</strong></span> <span class='ocrx_word' id='word_1_466' title='bbox 2116 2934 2229 2981; x_wconf 92' lang='lat' dir='ltr'><strong>tum</strong></span> <span class='ocrx_word' id='word_1_467' title='bbox 2265 2933 2318 2983; x_wconf 90' lang='lat' dir='ltr'><strong>et</strong></span> <span class='ocrx_word' id='word_1_468' title='bbox 2350 2926 2783 2996; x_wconf 86' lang='lat' dir='ltr'><strong>comprobatum,</strong></span> <span class='ocrx_word' id='word_1_469' title='bbox 2816 2927 2859 2981; x_wconf 85' lang='lat' dir='ltr'><strong>si</strong></span> <span class='ocrx_word' id='word_1_470' title='bbox 2897 2929 3277 2997; x_wconf 87' lang='lat' dir='ltr'><strong>unusquisque</strong></span> <span class='ocrx_word' id='word_1_471' title='bbox 3304 2940 3551 2984; x_wconf 83' lang='lat' dir='ltr'><strong>nostrum</strong></span> 
     </span>
    </p>
   </div>
   <div class='ocr_carea' id='block_1_74' title="bbox 2059 3017 3565 3089">
    <p class='ocr_par' dir='ltr' id='par_1_74' title="bbox 2059 3017 3565 3089">
     <span class='ocr_line' id='line_1_74' title="bbox 2059 3017 3565 3089; baseline 0.003 -19"><span class='ocrx_word' id='word_1_472' title='bbox 2059 3034 2080 3070; x_wconf 79' lang='grc' dir='ltr'><strong>ι</strong></span> <span class='ocrx_word' id='word_1_473' title='bbox 2111 3017 2203 3087; x_wconf 88' lang='lat' dir='ltr'><strong>qui</strong></span> <span class='ocrx_word' id='word_1_474' title='bbox 2232 3019 2286 3072; x_wconf 91' lang='lat' dir='ltr'><strong>in</strong></span> <span class='ocrx_word' id='word_1_475' title='bbox 2327 3020 2557 3073; x_wconf 88' lang='lat' dir='ltr'><strong>transitu</strong></span> <span class='ocrx_word' id='word_1_476' title='bbox 2586 3033 2681 3074; x_wconf 88' lang='lat' dir='ltr'><strong>seu</strong></span> <span class='ocrx_word' id='word_1_477' title='bbox 2712 3020 2887 3074; x_wconf 87' lang='lat' dir='ltr'><strong>canali</strong></span> <span class='ocrx_word' id='word_1_478' title='bbox 2916 3022 3195 3075; x_wconf 87' lang='lat' dir='ltr'><strong>constituti</strong></span> <span class='ocrx_word' id='word_1_479' title='bbox 3228 3035 3413 3076; x_wconf 87' lang='lat' dir='ltr'><strong>sumus</strong></span> <span class='ocrx_word' id='word_1_480' title='bbox 3446 3022 3565 3089; x_wconf 77' lang='lat' dir='ltr'><strong>epi-</strong></span> 
     </span>
    </p>
   </div>
   <div class='ocr_carea' id='block_1_75' title="bbox 2060 3109 3564 3182">
    <p class='ocr_par' dir='ltr' id='par_1_75' title="bbox 2060 3109 3564 3182">
     <span class='ocr_line' id='line_1_75' title="bbox 2060 3109 3564 3182; baseline 0.003 -21"><span class='ocrx_word' id='word_1_481' title='bbox 2060 3124 2082 3161; x_wconf 79' lang='lat' dir='ltr'><strong>t</strong></span> <span class='ocrx_word' id='word_1_482' title='bbox 2112 3109 2288 3176; x_wconf 88' lang='lat' dir='ltr'><strong>scopi,</strong></span> <span class='ocrx_word' id='word_1_483' title='bbox 2338 3123 2462 3163; x_wconf 89' lang='lat' dir='ltr'><strong>cum</strong></span> <span class='ocrx_word' id='word_1_484' title='bbox 2496 3110 2693 3165; x_wconf 89' lang='lat' dir='ltr'><strong>viderit</strong></span> <span class='ocrx_word' id='word_1_485' title='bbox 2721 3111 3057 3182; x_wconf 81' lang='lat' dir='ltr'><strong>episcOpum,</strong></span> <span class='ocrx_word' id='word_1_486' title='bbox 3108 3120 3317 3181; x_wconf 65' lang='lat' dir='ltr'><strong>quaerat</strong></span> <span class='ocrx_word' id='word_1_487' title='bbox 3343 3128 3564 3168; x_wconf 87' lang='lat' dir='ltr'><strong>causam</strong></span> 
     </span>
    </p>
   </div>
   <div class='ocr_carea' id='block_1_76' title="bbox 2061 3201 3564 3275">
    <p class='ocr_par' dir='ltr' id='par_1_76' title="bbox 2061 3201 3564 3275">
     <span class='ocr_line' id='line_1_76' title="bbox 2061 3201 3564 3275; baseline 0.003 -22"><span class='ocrx_word' id='word_1_488' title='bbox 2061 3219 2080 3253; x_wconf 82' lang='lat' dir='ltr'><strong>t</strong></span> <span class='ocrx_word' id='word_1_489' title='bbox 2114 3201 2405 3269; x_wconf 82' lang='lat' dir='ltr'><strong>adventus,</strong></span> <span class='ocrx_word' id='word_1_490' title='bbox 2434 3212 2489 3256; x_wconf 87' lang='lat' dir='ltr'><strong>et</strong></span> <span class='ocrx_word' id='word_1_491' title='bbox 2514 3218 2621 3272; x_wconf 90' lang='lat' dir='ltr'><strong>quo</strong></span> <span class='ocrx_word' id='word_1_492' title='bbox 2651 3204 2825 3275; x_wconf 80' lang='lat' dir='ltr'><strong>pergit</strong></span> <span class='ocrx_word' id='word_1_493' title='bbox 2856 3224 2871 3260; x_wconf 92' lang='lat'><strong>:</strong></span> <span class='ocrx_word' id='word_1_494' title='bbox 2928 3214 2984 3259; x_wconf 89' lang='lat' dir='ltr'><strong>et</strong></span> <span class='ocrx_word' id='word_1_495' title='bbox 3021 3205 3067 3258; x_wconf 78' lang='lat' dir='ltr'><strong>si</strong></span> <span class='ocrx_word' id='word_1_496' title='bbox 3104 3221 3224 3260; x_wconf 89' lang='lat' dir='ltr'><strong>eum</strong></span> <span class='ocrx_word' id='word_1_497' title='bbox 3262 3206 3479 3272; x_wconf 84' lang='lat' dir='ltr'><strong>quidem</strong></span> <span class='ocrx_word' id='word_1_498' title='bbox 3510 3205 3564 3257; x_wconf 90' lang='lat' dir='ltr'><strong>in</strong></span> 
     </span>
    </p>
   </div>
   <div class='ocr_carea' id='block_1_77' title="bbox 2062 3297 3566 3368">
    <p class='ocr_par' dir='ltr' id='par_1_77' title="bbox 2062 3297 3566 3368">
     <span class='ocr_line' id='line_1_77' title="bbox 2062 3297 3566 3368; baseline 0.001 -19"><span class='ocrx_word' id='word_1_499' title='bbox 2062 3316 2081 3349; x_wconf 74' lang='grc' dir='ltr'><strong>ι</strong></span> <span class='ocrx_word' id='word_1_500' title='bbox 2110 3309 2290 3353; x_wconf 88' lang='lat' dir='ltr'><strong>castra</strong></span> <span class='ocrx_word' id='word_1_501' title='bbox 2324 3297 2760 3368; x_wconf 88' lang='lat' dir='ltr'><strong>proﬁciscentem</strong></span> <span class='ocrx_word' id='word_1_502' title='bbox 2800 3297 3088 3360; x_wconf 88' lang='lat' dir='ltr'><strong>invenerit,</strong></span> <span class='ocrx_word' id='word_1_503' title='bbox 3137 3307 3344 3366; x_wconf 70' lang='lat' dir='ltr'><strong>qumret</strong></span> <span class='ocrx_word' id='word_1_504' title='bbox 3374 3298 3566 3351; x_wconf 86' lang='lat' dir='ltr'><strong>condi-</strong></span> 
     </span>
    </p>
   </div>
   <div class='ocr_carea' id='block_1_78' title="bbox 2060 3389 3567 3458">
    <p class='ocr_par' dir='ltr' id='par_1_78' title="bbox 2060 3389 3567 3458">
     <span class='ocr_line' id='line_1_78' title="bbox 2060 3389 3567 3458; baseline 0.001 -18"><span class='ocrx_word' id='word_1_505' title='bbox 2060 3407 2078 3440; x_wconf 85' lang='grc' dir='ltr'><strong>ι</strong></span> <span class='ocrx_word' id='word_1_506' title='bbox 2111 3390 2286 3445; x_wconf 90' lang='lat' dir='ltr'><strong>tiones</strong></span> <span class='ocrx_word' id='word_1_507' title='bbox 2306 3405 2427 3458; x_wconf 77' lang='lat' dir='ltr'><strong>qua:</strong></span> <span class='ocrx_word' id='word_1_508' title='bbox 2442 3390 2696 3457; x_wconf 89' lang='lat' dir='ltr'><strong>superius</strong></span> <span class='ocrx_word' id='word_1_509' title='bbox 2718 3389 3011 3457; x_wconf 66' lang='lat' dir='ltr'><strong>proposita:</strong></span> <span class='ocrx_word' id='word_1_510' title='bbox 3040 3399 3188 3442; x_wconf 92' lang='lat' dir='ltr'><strong>sunt.</strong></span> <span class='ocrx_word' id='word_1_511' title='bbox 3219 3389 3343 3443; x_wconf 86' lang='lat' dir='ltr'><strong>Etsi</strong></span> <span class='ocrx_word' id='word_1_512' title='bbox 3373 3405 3567 3443; x_wconf 83' lang='lat' dir='ltr'><strong>evoca-</strong></span> 
     </span>
    </p>
   </div>
   <div class='ocr_carea' id='block_1_79' title="bbox 2057 3479 3563 3551">
    <p class='ocr_par' dir='ltr' id='par_1_79' title="bbox 2057 3479 3563 3551">
     <span class='ocr_line' id='line_1_79' title="bbox 2057 3479 3563 3551; baseline 0.002 -20"><span class='ocrx_word' id='word_1_513' title='bbox 2057 3499 2076 3531; x_wconf 76' lang='grc' dir='ltr'><strong>ι</strong></span> <span class='ocrx_word' id='word_1_514' title='bbox 2110 3491 2197 3535; x_wconf 89' lang='lat' dir='ltr'><strong>tus</strong></span> <span class='ocrx_word' id='word_1_515' title='bbox 2226 3481 2427 3544; x_wconf 87' lang='lat' dir='ltr'><strong>veniat,</strong></span> <span class='ocrx_word' id='word_1_516' title='bbox 2447 3480 2495 3535; x_wconf 88' lang='lat' dir='ltr'><strong>ei</strong></span> <span class='ocrx_word' id='word_1_517' title='bbox 2519 3480 2737 3534; x_wconf 86' lang='lat' dir='ltr'><strong>abeunti</strong></span> <span class='ocrx_word' id='word_1_518' title='bbox 2761 3479 2894 3534; x_wconf 84' lang='lat' dir='ltr'><strong>nihil</strong></span> <span class='ocrx_word' id='word_1_519' title='bbox 2922 3481 3291 3551; x_wconf 81' lang='lat' dir='ltr'><strong>impedimenti</strong></span> <span class='ocrx_word' id='word_1_520' title='bbox 3319 3481 3410 3535; x_wconf 81' lang='lat' dir='ltr'><strong>ﬁat</strong></span> <span class='ocrx_word' id='word_1_521' title='bbox 3434 3498 3449 3534; x_wconf 91' lang='lat'><strong>:</strong></span> <span class='ocrx_word' id='word_1_522' title='bbox 3480 3482 3563 3536; x_wconf 90' lang='lat' dir='ltr'><strong>sin</strong></span> 
     </span>
    </p>
   </div>
   <div class='ocr_carea' id='block_1_80' title="bbox 2062 3569 3564 3639">
    <p class='ocr_par' dir='ltr' id='par_1_80' title="bbox 2062 3569 3564 3639">
     <span class='ocr_line' id='line_1_80' title="bbox 2062 3569 3564 3639; baseline 0.001 -18"><span class='ocrx_word' id='word_1_523' title='bbox 2062 3587 2080 3621; x_wconf 85' lang='grc' dir='ltr'><strong>ι</strong></span> <span class='ocrx_word' id='word_1_524' title='bbox 2114 3581 2297 3624; x_wconf 88' lang='lat' dir='ltr'><strong>autem</strong></span> <span class='ocrx_word' id='word_1_525' title='bbox 2329 3569 2709 3623; x_wconf 84' lang='lat' dir='ltr'><strong>ostentationis</strong></span> <span class='ocrx_word' id='word_1_526' title='bbox 2756 3570 2947 3638; x_wconf 85' lang='lat' dir='ltr'><strong>gratia,</strong></span> <span class='ocrx_word' id='word_1_527' title='bbox 2985 3569 3437 3639; x_wconf 80' lang='lat' dir='ltr'><strong>quemadmodum</strong></span> <span class='ocrx_word' id='word_1_528' title='bbox 3474 3583 3564 3622; x_wconf 77' lang='lat' dir='ltr'><strong>re-</strong></span> 
     </span>
    </p>
   </div>
   <div class='ocr_carea' id='block_1_81' title="bbox 2066 3661 3567 3731">
    <p class='ocr_par' dir='ltr' id='par_1_81' title="bbox 2066 3661 3567 3731">
     <span class='ocr_line' id='line_1_81' title="bbox 2066 3661 3567 3731; baseline 0.001 -18"><span class='ocrx_word' id='word_1_529' title='bbox 2066 3682 2084 3713; x_wconf 85' lang='grc'><strong><em>‹</em></strong></span> <span class='ocrx_word' id='word_1_530' title='bbox 2119 3675 2246 3718; x_wconf 75' lang='lat' dir='ltr'><strong>strue</strong></span> <span class='ocrx_word' id='word_1_531' title='bbox 2276 3662 2551 3716; x_wconf 84' lang='lat' dir='ltr'><strong>dilectioni</strong></span> <span class='ocrx_word' id='word_1_532' title='bbox 2585 3662 2835 3730; x_wconf 88' lang='lat' dir='ltr'><strong>superius</strong></span> <span class='ocrx_word' id='word_1_533' title='bbox 2853 3662 3052 3715; x_wconf 90' lang='lat' dir='ltr'><strong>dictum</strong></span> <span class='ocrx_word' id='word_1_534' title='bbox 3078 3669 3181 3725; x_wconf 91' lang='lat' dir='ltr'><strong>est,</strong></span> <span class='ocrx_word' id='word_1_535' title='bbox 3224 3661 3308 3714; x_wconf 83' lang='lat' dir='ltr'><strong>vel</strong></span> <span class='ocrx_word' id='word_1_536' title='bbox 3344 3670 3567 3731; x_wconf 86' lang='lat' dir='ltr'><strong>propter</strong></span> 
     </span>
    </p>
   </div>
   <div class='ocr_carea' id='block_1_82' title="bbox 2064 3752 3564 3822">
    <p class='ocr_par' dir='ltr' id='par_1_82' title="bbox 2064 3752 3564 3822">
     <span class='ocr_line' id='line_1_82' title="bbox 2064 3752 3564 3822; baseline 0 -16"><span class='ocrx_word' id='word_1_537' title='bbox 2064 3774 2082 3806; x_wconf 79' lang='grc' dir='ltr'><strong>ι</strong></span> <span class='ocrx_word' id='word_1_538' title='bbox 2117 3753 2424 3822; x_wconf 85' lang='lat' dir='ltr'><strong>aliquorum</strong></span> <span class='ocrx_word' id='word_1_539' title='bbox 2458 3767 2649 3820; x_wconf 87' lang='lat' dir='ltr'><strong>preces</strong></span> <span class='ocrx_word' id='word_1_540' title='bbox 2677 3753 2733 3805; x_wconf 87' lang='lat' dir='ltr'><strong>in</strong></span> <span class='ocrx_word' id='word_1_541' title='bbox 2759 3764 2941 3806; x_wconf 84' lang='lat' dir='ltr'><strong>castra</strong></span> <span class='ocrx_word' id='word_1_542' title='bbox 2984 3752 3250 3815; x_wconf 75' lang='lat' dir='ltr'><strong>festinat;</strong></span> <span class='ocrx_word' id='word_1_543' title='bbox 3288 3768 3387 3806; x_wconf 91' lang='lat' dir='ltr'><strong>nec</strong></span> <span class='ocrx_word' id='word_1_544' title='bbox 3419 3754 3564 3807; x_wconf 86' lang='lat' dir='ltr'><strong>litte-</strong></span> 
     </span>
    </p>
   </div>
   <div class='ocr_carea' id='block_1_83' title="bbox 2065 3843 3556 3913">
    <p class='ocr_par' dir='ltr' id='par_1_83' title="bbox 2065 3843 3556 3913">
     <span class='ocr_line' id='line_1_83' title="bbox 2065 3843 3556 3913; baseline 0.001 -15"><span class='ocrx_word' id='word_1_545' title='bbox 2065 3867 2082 3898; x_wconf 76' lang='grc' dir='ltr'><strong>ι</strong></span> <span class='ocrx_word' id='word_1_546' title='bbox 2122 3845 2197 3900; x_wconf 89' lang='lat' dir='ltr'><strong>ris</strong></span> <span class='ocrx_word' id='word_1_547' title='bbox 2231 3845 2348 3913; x_wconf 87' lang='lat' dir='ltr'><strong>ejus</strong></span> <span class='ocrx_word' id='word_1_548' title='bbox 2380 3843 2713 3911; x_wconf 81' lang='lat' dir='ltr'><strong>subscribat,</strong></span> <span class='ocrx_word' id='word_1_549' title='bbox 2748 3858 2849 3896; x_wconf 91' lang='lat' dir='ltr'><strong>nec</strong></span> <span class='ocrx_word' id='word_1_550' title='bbox 2882 3858 3006 3895; x_wconf 91' lang='lat' dir='ltr'><strong>cum</strong></span> <span class='ocrx_word' id='word_1_551' title='bbox 3054 3860 3117 3897; x_wconf 89' lang='lat' dir='ltr'><strong>eo</strong></span> <span class='ocrx_word' id='word_1_552' title='bbox 3164 3846 3556 3903; x_wconf 87' lang='lat' dir='ltr'><strong>communicet.</strong></span> 
     </span>
    </p>
   </div>
   <div class='ocr_carea' id='block_1_84' title="bbox 2064 3933 3450 4003">
    <p class='ocr_par' dir='ltr' id='par_1_84' title="bbox 2064 3933 3450 4003">
     <span class='ocr_line' id='line_1_84' title="bbox 2064 3933 3450 4003; baseline -0.001 -13"><span class='ocrx_word' id='word_1_553' title='bbox 2064 3957 2083 3990; x_wconf 81' lang='grc' dir='ltr'><strong>ι</strong></span> <span class='ocrx_word' id='word_1_554' title='bbox 2113 3938 2313 3992; x_wconf 80' lang='lat' dir='ltr'><strong>Omnes</strong></span> <span class='ocrx_word' id='word_1_555' title='bbox 2339 3936 2627 3990; x_wconf 76' lang='lat' dir='ltr'><strong>dixerunt:</strong></span> <span class='ocrx_word' id='word_1_556' title='bbox 2663 3933 2777 3989; x_wconf 79' lang='lat' dir='ltr'><strong>Hoc</strong></span> <span class='ocrx_word' id='word_1_557' title='bbox 2800 3948 3015 4003; x_wconf 86' lang='lat' dir='ltr'><strong>quoque</strong></span> <span class='ocrx_word' id='word_1_558' title='bbox 3046 3935 3391 3989; x_wconf 84' lang='lat' dir='ltr'><strong>decernatur.</strong></span> <span class='ocrx_word' id='word_1_559' title='bbox 3431 3955 3450 3989; x_wconf 73' lang='grc' dir='ltr'><strong>ι</strong></span> 
     </span>
    </p>
   </div>
   <div class='ocr_carea' id='block_1_85' title="bbox 2054 4135 3561 4204">
    <p class='ocr_par' dir='ltr' id='par_1_85' title="bbox 2054 4135 3561 4204">
     <span class='ocr_line' id='line_1_85' title="bbox 2054 4135 3561 4204; baseline 0.001 -13"><span class='ocrx_word' id='word_1_560' title='bbox 2054 4137 2251 4193; x_wconf 80' lang='lat' dir='ltr'><strong>BALS.</strong></span> <span class='ocrx_word' id='word_1_561' title='bbox 2289 4138 2463 4191; x_wconf 88' lang='lat' dir='ltr'><strong>Porro</strong></span> <span class='ocrx_word' id='word_1_562' title='bbox 2497 4135 2598 4191; x_wconf 90' lang='lat' dir='ltr'><strong>hoc</strong></span> <span class='ocrx_word' id='word_1_563' title='bbox 2626 4150 2838 4204; x_wconf 90' lang='lat' dir='ltr'><strong>quoque</strong></span> <span class='ocrx_word' id='word_1_564' title='bbox 2876 4145 3061 4190; x_wconf 89' lang='lat' dir='ltr'><strong>notum</strong></span> <span class='ocrx_word' id='word_1_565' title='bbox 3093 4137 3217 4191; x_wconf 88' lang='lat' dir='ltr'><strong>erit.</strong></span> <span class='ocrx_word' id='word_1_566' title='bbox 3254 4137 3393 4202; x_wconf 85' lang='lat' dir='ltr'><strong>Quid</strong></span> <span class='ocrx_word' id='word_1_567' title='bbox 3414 4139 3561 4194; x_wconf 85' lang='lat' dir='ltr'><strong>hoc?</strong></span> 
     </span>
    </p>
   </div>
   <div class='ocr_carea' id='block_1_86' title="bbox 1981 4226 3559 4301">
    <p class='ocr_par' dir='ltr' id='par_1_86' title="bbox 1981 4226 3559 4301">
     <span class='ocr_line' id='line_1_86' title="bbox 1981 4226 3559 4301; baseline 0.001 -19"><span class='ocrx_word' id='word_1_568' title='bbox 1981 4226 2096 4283; x_wconf 87' lang='lat' dir='ltr'><strong>Non</strong></span> <span class='ocrx_word' id='word_1_569' title='bbox 2137 4228 2382 4283; x_wconf 78' lang='lat' dir='ltr'><strong>damnari</strong></span> <span class='ocrx_word' id='word_1_570' title='bbox 2412 4227 3026 4297; x_wconf 74' lang='lat' dir='ltr'><strong>sacerdotiumlproptcr</strong></span> <span class='ocrx_word' id='word_1_571' title='bbox 3057 4242 3348 4297; x_wconf 82' lang='lat' dir='ltr'><strong>paucorum</strong></span> <span class='ocrx_word' id='word_1_572' title='bbox 3380 4229 3559 4301; x_wconf 74' lang='lat' dir='ltr'><strong>impu-</strong></span> 
     </span>
    </p>
   </div>
   <div class='ocr_carea' id='block_1_87' title="bbox 1981 4319 3558 4391">
    <p class='ocr_par' dir='ltr' id='par_1_87' title="bbox 1981 4319 3558 4391">
     <span class='ocr_line' id='line_1_87' title="bbox 1981 4319 3558 4391; baseline 0.001 -15"><span class='ocrx_word' id='word_1_573' title='bbox 1981 4321 2239 4377; x_wconf 88' lang='lat' dir='ltr'><strong>dentiam.</strong></span> <span class='ocrx_word' id='word_1_574' title='bbox 2263 4319 2329 4374; x_wconf 89' lang='lat' dir='ltr'><strong>Et</strong></span> <span class='ocrx_word' id='word_1_575' title='bbox 2348 4320 2807 4391; x_wconf 89' lang='lat' dir='ltr'><strong>comprobabitur.</strong></span> <span class='ocrx_word' id='word_1_576' title='bbox 2831 4320 3157 4385; x_wconf 80' lang='lat' dir='ltr'><strong>Quomodo?</strong></span> <span class='ocrx_word' id='word_1_577' title='bbox 3192 4319 3246 4374; x_wconf 89' lang='lat' dir='ltr'><strong>Si</strong></span> <span class='ocrx_word' id='word_1_578' title='bbox 3269 4324 3558 4390; x_wconf 83' lang='lat' dir='ltr'><strong>unusquis-</strong></span> 
     </span>
    </p>
   </div>
   <div class='ocr_carea' id='block_1_88' title="bbox 1980 4410 3557 4482">
    <p class='ocr_par' dir='ltr' id='par_1_88' title="bbox 1980 4410 3557 4482">
     <span class='ocr_line' id='line_1_88' title="bbox 1980 4410 3557 4482; baseline 0.002 -16"><span class='ocrx_word' id='word_1_579' title='bbox 1980 4426 2086 4482; x_wconf 89' lang='lat' dir='ltr'><strong>que</strong></span> <span class='ocrx_word' id='word_1_580' title='bbox 2146 4420 2419 4475; x_wconf 90' lang='lat' dir='ltr'><strong>nostrum,</strong></span> <span class='ocrx_word' id='word_1_581' title='bbox 2502 4410 2593 4479; x_wconf 86' lang='lat' dir='ltr'><strong>qui</strong></span> <span class='ocrx_word' id='word_1_582' title='bbox 2627 4410 2681 4463; x_wconf 92' lang='lat' dir='ltr'><strong>in</strong></span> <span class='ocrx_word' id='word_1_583' title='bbox 2734 4410 2971 4464; x_wconf 82' lang='lat' dir='ltr'><strong>aditibus</strong></span> <span class='ocrx_word' id='word_1_584' title='bbox 3032 4410 3313 4465; x_wconf 90' lang='lat' dir='ltr'><strong>constituti</strong></span> <span class='ocrx_word' id='word_1_585' title='bbox 3367 4428 3557 4469; x_wconf 86' lang='lat' dir='ltr'><strong>smnus</strong></span> 
     </span>
    </p>
   </div>
   <div class='ocr_carea' id='block_1_89' title="bbox 300 4488 1876 4570">
    <p class='ocr_par' dir='ltr' id='par_1_89' title="bbox 300 4488 1871 4555">
     <span class='ocr_line' id='line_1_89' title="bbox 300 4488 1871 4555; baseline 0.001 -11"><span class='ocrx_word' id='word_1_586' title='bbox 300 4488 663 4544; x_wconf 82' lang='grc' dir='ltr'>καθεστώτων</span> <span class='ocrx_word' id='word_1_587' title='bbox 699 4489 1041 4555; x_wconf 74' lang='grc' dir='ltr'>ἐπισκόπων,</span> <span class='ocrx_word' id='word_1_588' title='bbox 1062 4488 1171 4543; x_wconf 82' lang='grc' dir='ltr'><strong>τῶν</strong></span> <span class='ocrx_word' id='word_1_589' title='bbox 1218 4491 1280 4544; x_wconf 73' lang='grc' dir='ltr'>ἐν</span> <span class='ocrx_word' id='word_1_590' title='bbox 1310 4493 1430 4554; x_wconf 80' lang='grc' dir='ltr'>ταῖς</span> <span class='ocrx_word' id='word_1_591' title='bbox 1458 4491 1680 4545; x_wconf 89' lang='grc' dir='ltr'>πόλεσιν</span> <span class='ocrx_word' id='word_1_592' title='bbox 1701 4493 1871 4547; x_wconf 73' lang='grc' dir='ltr'>ὄντων</span> 
     </span>
    </p>
   </div>
   <div class='ocr_carea' id='block_1_90' title="bbox 1999 4488 3553 4570">
    <p class='ocr_par' dir='ltr' id='par_1_90' title="bbox 1999 4499 3553 4570">
     <span class='ocr_line' id='line_1_90' title="bbox 1999 4499 3553 4570; baseline 0.003 -19"><span class='ocrx_word' id='word_1_593' title='bbox 1999 4500 2238 4570; x_wconf 76' lang='lat' dir='ltr'><strong>:pisc0pi,</strong></span> <span class='ocrx_word' id='word_1_594' title='bbox 2298 4499 2392 4570; x_wconf 90' lang='lat' dir='ltr'><strong>qui</strong></span> <span class='ocrx_word' id='word_1_595' title='bbox 2450 4514 2641 4555; x_wconf 88' lang='lat' dir='ltr'><strong>sumus</strong></span> <span class='ocrx_word' id='word_1_596' title='bbox 2685 4499 2893 4554; x_wconf 84' lang='lat' dir='ltr'><strong>scilicet</strong></span> <span class='ocrx_word' id='word_1_597' title='bbox 2953 4499 3009 4553; x_wconf 89' lang='lat' dir='ltr'><strong>in</strong></span> <span class='ocrx_word' id='word_1_598' title='bbox 3042 4499 3289 4563; x_wconf 87' lang='lat' dir='ltr'><strong>urbibus,</strong></span> <span class='ocrx_word' id='word_1_599' title='bbox 3349 4502 3553 4569; x_wconf 74' lang='lat' dir='ltr'><strong>quzeitt</strong></span> 
     </span>
    </p>
   </div>
   <div class='ocr_carea' id='block_1_91' title="bbox 295 4581 1869 4655">
    <p class='ocr_par' dir='ltr' id='par_1_91' title="bbox 295 4581 1869 4655">
     <span class='ocr_line' id='line_1_91' title="bbox 295 4581 1869 4655; baseline 0.003 -20"><span class='ocrx_word' id='word_1_600' title='bbox 295 4582 499 4652; x_wconf 79' lang='grc' dir='ltr'>δηλαδή</span> <span class='ocrx_word' id='word_1_601' title='bbox 523 4584 646 4644; x_wconf 83' lang='grc' dir='ltr'>ταῖς</span> <span class='ocrx_word' id='word_1_602' title='bbox 672 4581 732 4634; x_wconf 77' lang='grc' dir='ltr'>ὲν</span> <span class='ocrx_word' id='word_1_603' title='bbox 757 4583 880 4644; x_wconf 85' lang='grc' dir='ltr'>ταῖς</span> <span class='ocrx_word' id='word_1_604' title='bbox 906 4581 1201 4652; x_wconf 84' lang='grc' dir='ltr'>δημοσίαις</span> <span class='ocrx_word' id='word_1_605' title='bbox 1227 4583 1518 4654; x_wconf 81' lang='grc' dir='ltr'>κειμέναις</span> <span class='ocrx_word' id='word_1_606' title='bbox 1546 4584 1707 4650; x_wconf 82' lang='grc' dir='ltr'>ὁδοῖς,</span> <span class='ocrx_word' id='word_1_607' title='bbox 1750 4586 1869 4655; x_wconf 82' lang='grc' dir='ltr'>ήτοι</span> 
     </span>
    </p>
   </div>
   <div class='ocr_carea' id='block_1_92' title="bbox 297 4666 1867 4742">
    <p class='ocr_par' dir='ltr' id='par_1_92' title="bbox 297 4666 1867 4742">
     <span class='ocr_line' id='line_1_92' title="bbox 297 4666 1867 4742; baseline 0.002 -17"><span class='ocrx_word' id='word_1_608' title='bbox 297 4672 560 4740; x_wconf 86' lang='grc' dir='ltr'>καναλίῳ,</span> <span class='ocrx_word' id='word_1_609' title='bbox 579 4670 645 4723; x_wconf 86' lang='grc' dir='ltr'>δι’</span> <span class='ocrx_word' id='word_1_610' title='bbox 665 4666 741 4726; x_wconf 82' lang='grc' dir='ltr'><strong>ὧν</strong></span> <span class='ocrx_word' id='word_1_611' title='bbox 767 4671 1075 4742; x_wconf 84' lang='grc' dir='ltr'>διέρχονται</span> <span class='ocrx_word' id='word_1_612' title='bbox 1100 4674 1148 4724; x_wconf 86' lang='grc' dir='ltr'><strong>οἱ</strong></span> <span class='ocrx_word' id='word_1_613' title='bbox 1175 4673 1507 4738; x_wconf 88' lang='grc' dir='ltr'>διοδεύοντες</span> <span class='ocrx_word' id='word_1_614' title='bbox 1532 4674 1867 4742; x_wconf 82' lang='grc' dir='ltr'>άδιακόπως,</span> 
     </span>
    </p>
   </div>
   <div class='ocr_carea' id='block_1_93' title="bbox 295 4760 1869 4833">
    <p class='ocr_par' dir='ltr' id='par_1_93' title="bbox 295 4760 1869 4833">
     <span class='ocr_line' id='line_1_93' title="bbox 295 4760 1869 4833; baseline 0.001 -20"><span class='ocrx_word' id='word_1_615' title='bbox 295 4761 371 4825; x_wconf 81' lang='grc' dir='ltr'>ὡς</span> <span class='ocrx_word' id='word_1_616' title='bbox 395 4760 656 4825; x_wconf 68' lang='grc' dir='ltr'>διέξεισιν</span> <span class='ocrx_word' id='word_1_617' title='bbox 707 4762 766 4815; x_wconf 78' lang='grc' dir='ltr'>ὲν</span> <span class='ocrx_word' id='word_1_618' title='bbox 816 4761 1147 4832; x_wconf 81' lang='grc' dir='ltr'>ὐδραγωγίῳ</span> <span class='ocrx_word' id='word_1_619' title='bbox 1180 4763 1241 4815; x_wconf 81' lang='grc' dir='ltr'>τὸ</span> <span class='ocrx_word' id='word_1_620' title='bbox 1298 4761 1445 4832; x_wconf 79' lang='grc' dir='ltr'>ὕδωρ</span> <span class='ocrx_word' id='word_1_621' title='bbox 1477 4764 1727 4832; x_wconf 87' lang='grc' dir='ltr'>(κανάλις</span> <span class='ocrx_word' id='word_1_622' title='bbox 1760 4763 1869 4833; x_wconf 82' lang='grc' dir='ltr'><strong>γάρ</strong></span> 
     </span>
    </p>
   </div>
   <div class='ocr_carea' id='block_1_94' title="bbox 295 4852 1868 4925">
    <p class='ocr_par' dir='ltr' id='par_1_94' title="bbox 295 4852 1868 4925">
     <span class='ocr_line' id='line_1_94' title="bbox 295 4852 1868 4925; baseline 0 -18"><span class='ocrx_word' id='word_1_623' title='bbox 295 4855 513 4923; x_wconf 80' lang='grc' dir='ltr'>ἀγωγὸς</span> <span class='ocrx_word' id='word_1_624' title='bbox 551 4852 745 4918; x_wconf 76' lang='grc' dir='ltr'>ὓδατος</span> <span class='ocrx_word' id='word_1_625' title='bbox 769 4853 1030 4923; x_wconf 73' lang='grc' dir='ltr'>λέγεται*</span> <span class='ocrx_word' id='word_1_626' title='bbox 1063 4856 1096 4925; x_wconf 90' lang='grc' dir='ltr'><strong>ή</strong></span> <span class='ocrx_word' id='word_1_627' title='bbox 1124 4855 1183 4907; x_wconf 82' lang='grc' dir='ltr'>δὲ</span> <span class='ocrx_word' id='word_1_628' title='bbox 1212 4854 1359 4919; x_wconf 81' lang='grc' dir='ltr'>λέξις</span> <span class='ocrx_word' id='word_1_629' title='bbox 1399 4854 1709 4925; x_wconf 77' lang='grc' dir='ltr'>Ῥωμαῖκή)</span> <span class='ocrx_word' id='word_1_630' title='bbox 1741 4854 1868 4908; x_wconf 87' lang='grc' dir='ltr'>θεα-</span> 
     </span>
    </p>
   </div>
   <div class='ocr_carea' id='block_1_95' title="bbox 299 4947 1868 5019">
    <p class='ocr_par' dir='ltr' id='par_1_95' title="bbox 299 4947 1868 5019">
     <span class='ocr_line' id='line_1_95' title="bbox 299 4947 1868 5019; baseline 0.002 -20"><span class='ocrx_word' id='word_1_631' title='bbox 299 4947 533 5016; x_wconf 81' lang='grc' dir='ltr'>σάμενος</span> <span class='ocrx_word' id='word_1_632' title='bbox 551 4947 848 5001; x_wconf 65' lang='grc' dir='ltr'>ἐπίσκοπον</span> <span class='ocrx_word' id='word_1_633' title='bbox 872 4947 1104 5001; x_wconf 80' lang='grc' dir='ltr'>ἀπιόντα</span> <span class='ocrx_word' id='word_1_634' title='bbox 1127 4965 1255 5010; x_wconf 87' lang='grc' dir='ltr'>που,</span> <span class='ocrx_word' id='word_1_635' title='bbox 1279 4948 1538 5019; x_wconf 81' lang='grc' dir='ltr'>ἐκζητοίη</span> <span class='ocrx_word' id='word_1_636' title='bbox 1565 4948 1665 5016; x_wconf 81' lang='grc' dir='ltr'>τὴν</span> <span class='ocrx_word' id='word_1_637' title='bbox 1686 4948 1868 5002; x_wconf 80' lang='grc' dir='ltr'>αἰτίαν</span> 
     </span>
    </p>
   </div>
   <div class='ocr_carea' id='block_1_96' title="bbox 295 5038 1868 5111">
    <p class='ocr_par' dir='ltr' id='par_1_96' title="bbox 295 5038 1868 5111">
     <span class='ocr_line' id='line_1_96' title="bbox 295 5038 1868 5111; baseline 0 -19"><span class='ocrx_word' id='word_1_638' title='bbox 295 5040 393 5108; x_wconf 84' lang='grc' dir='ltr'>τῆς</span> <span class='ocrx_word' id='word_1_639' title='bbox 429 5039 691 5109; x_wconf 81' lang='grc' dir='ltr'>παρόδου,</span> <span class='ocrx_word' id='word_1_640' title='bbox 743 5042 838 5094; x_wconf 71' lang='grc' dir='ltr'>καὶ</span> <span class='ocrx_word' id='word_1_641' title='bbox 897 5038 993 5093; x_wconf 81' lang='grc' dir='ltr'><strong>τοῦ</strong></span> <span class='ocrx_word' id='word_1_642' title='bbox 1043 5042 1143 5110; x_wconf 76' lang='grc' dir='ltr'>τὴν</span> <span class='ocrx_word' id='word_1_643' title='bbox 1178 5042 1405 5111; x_wconf 83' lang='grc' dir='ltr'>πορείαν</span> <span class='ocrx_word' id='word_1_644' title='bbox 1463 5043 1718 5103; x_wconf 85' lang='grc' dir='ltr'>ποιεῖται,</span> <span class='ocrx_word' id='word_1_645' title='bbox 1770 5039 1868 5093; x_wconf 66' lang='grc' dir='ltr'><strong>καὶ⁹</strong></span> 
     </span>
    </p>
   </div>
   <div class='ocr_carea' id='block_1_97' title="bbox 295 5129 1866 5202">
    <p class='ocr_par' dir='ltr' id='par_1_97' title="bbox 295 5129 1866 5202">
     <span class='ocr_line' id='line_1_97' title="bbox 295 5129 1866 5202; baseline -0.004 -16"><span class='ocrx_word' id='word_1_646' title='bbox 295 5135 381 5188; x_wconf 79' lang='grc' dir='ltr'><strong>διὰ</strong></span> <span class='ocrx_word' id='word_1_647' title='bbox 415 5134 469 5187; x_wconf 90' lang='grc' dir='ltr'><strong>τί</strong></span> <span class='ocrx_word' id='word_1_648' title='bbox 490 5151 502 5165; x_wconf 91' lang='grc'><strong>·</strong></span> <span class='ocrx_word' id='word_1_649' title='bbox 533 5136 626 5187; x_wconf 75' lang='grc' dir='ltr'>καὶ</span> <span class='ocrx_word' id='word_1_650' title='bbox 643 5135 676 5202; x_wconf 88' lang='grc' dir='ltr'><strong>ή</strong></span> <span class='ocrx_word' id='word_1_651' title='bbox 705 5132 857 5185; x_wconf 88' lang='grc' dir='ltr'>αἱτία</span> <span class='ocrx_word' id='word_1_652' title='bbox 884 5133 984 5202; x_wconf 77' lang='grc' dir='ltr'>τῆς</span> <span class='ocrx_word' id='word_1_653' title='bbox 1001 5133 1403 5202; x_wconf 76' lang='grc' dir='ltr'>καταγνώσεως</span> <span class='ocrx_word' id='word_1_654' title='bbox 1425 5132 1533 5183; x_wconf 83' lang='grc' dir='ltr'>τῶν</span> <span class='ocrx_word' id='word_1_655' title='bbox 1549 5129 1866 5182; x_wconf 77' lang='grc' dir='ltr'>ἐπισκόπων</span> 
     </span>
    </p>
   </div>
   <div class='ocr_carea' id='block_1_98' title="bbox 296 5222 1865 5295">
    <p class='ocr_par' dir='ltr' id='par_1_98' title="bbox 296 5222 1865 5295">
     <span class='ocr_line' id='line_1_98' title="bbox 296 5222 1865 5295; baseline -0.004 -16"><span class='ocrx_word' id='word_1_656' title='bbox 296 5226 697 5295; x_wconf 86' lang='grc' dir='ltr'>κωλυθήσεται.</span> <span class='ocrx_word' id='word_1_657' title='bbox 736 5225 844 5277; x_wconf 79' lang='grc' dir='ltr'><strong>Καὶ</strong></span> <span class='ocrx_word' id='word_1_658' title='bbox 879 5225 976 5278; x_wconf 65' lang='lat' dir='ltr'><strong>saw</strong></span> <span class='ocrx_word' id='word_1_659' title='bbox 1006 5224 1107 5293; x_wconf 77' lang='grc' dir='ltr'>μὲν</span> <span class='ocrx_word' id='word_1_660' title='bbox 1143 5222 1257 5293; x_wconf 83' lang='grc' dir='ltr'>γνῷ</span> <span class='ocrx_word' id='word_1_661' title='bbox 1290 5225 1455 5275; x_wconf 78' lang='grc' dir='ltr'>αὑτὸν</span> <span class='ocrx_word' id='word_1_662' title='bbox 1484 5223 1577 5274; x_wconf 76' lang='grc' dir='ltr'><strong>ἐπὶ</strong></span> <span class='ocrx_word' id='word_1_663' title='bbox 1607 5223 1668 5274; x_wconf 82' lang='grc' dir='ltr'><strong>τὺ</strong></span> <span class='ocrx_word' id='word_1_664' title='bbox 1694 5238 1865 5290; x_wconf 86' lang='grc' dir='ltr'>στρα-</span> 
     </span>
    </p>
   </div>
   <div class='ocr_carea' id='block_1_99' title="bbox 295 5313 1864 5385">
    <p class='ocr_par' dir='ltr' id='par_1_99' title="bbox 295 5313 1864 5385">
     <span class='ocr_line' id='line_1_99' title="bbox 295 5313 1864 5385; baseline -0.002 -16"><span class='ocrx_word' id='word_1_665' title='bbox 295 5316 521 5370; x_wconf 88' lang='grc' dir='ltr'>τόπεδον</span> <span class='ocrx_word' id='word_1_666' title='bbox 552 5316 804 5378; x_wconf 84' lang='grc' dir='ltr'>ἀπιόντα,</span> <span class='ocrx_word' id='word_1_667' title='bbox 830 5314 1133 5385; x_wconf 72' lang='grc' dir='ltr'>ἑκζητείτω</span> <span class='ocrx_word' id='word_1_668' title='bbox 1155 5315 1256 5378; x_wconf 83' lang='grc' dir='ltr'><strong>τάς</strong></span> <span class='ocrx_word' id='word_1_669' title='bbox 1280 5315 1523 5385; x_wconf 81' lang='grc' dir='ltr'>αἱρέσεις</span> <span class='ocrx_word' id='word_1_670' title='bbox 1544 5314 1646 5376; x_wconf 78' lang='grc' dir='ltr'><strong>τὰς</strong></span> <span class='ocrx_word' id='word_1_671' title='bbox 1677 5313 1864 5367; x_wconf 75' lang='grc' dir='ltr'>ἐπάνω</span> 
     </span>
    </p>
   </div>
   <div class='ocr_carea' id='block_1_100' title="bbox 295 5405 1864 5478">
    <p class='ocr_par' dir='ltr' id='par_1_100' title="bbox 295 5405 1864 5478">
     <span class='ocr_line' id='line_1_100' title="bbox 295 5405 1864 5478; baseline -0.004 -16"><span class='ocrx_word' id='word_1_672' title='bbox 295 5410 573 5477; x_wconf 79' lang='grc' dir='ltr'>κειμένας,</span> <span class='ocrx_word' id='word_1_673' title='bbox 632 5408 803 5478; x_wconf 74' lang='grc' dir='ltr'>ήγουν</span> <span class='ocrx_word' id='word_1_674' title='bbox 839 5406 940 5468; x_wconf 67' lang='grc' dir='ltr'><strong>τὰς</strong></span> <span class='ocrx_word' id='word_1_675' title='bbox 991 5406 1093 5477; x_wconf 77' lang='grc' dir='ltr'><strong>ήδη</strong></span> <span class='ocrx_word' id='word_1_676' title='bbox 1150 5406 1408 5476; x_wconf 77' lang='grc' dir='ltr'>ῥηθείσας</span> <span class='ocrx_word' id='word_1_677' title='bbox 1454 5405 1749 5469; x_wconf 79' lang='grc' dir='ltr'>διαστίξεις</span> <span class='ocrx_word' id='word_1_678' title='bbox 1803 5406 1864 5457; x_wconf 71' lang='grc' dir='ltr'>ἑν</span> 
     </span>
    </p>
   </div>
   <div class='ocr_carea' id='block_1_101' title="bbox 297 5497 1859 5571">
    <p class='ocr_par' dir='ltr' id='par_1_101' title="bbox 297 5497 1859 5571">
     <span class='ocr_line' id='line_1_101' title="bbox 297 5497 1859 5571; baseline -0.003 -17"><span class='ocrx_word' id='word_1_679' title='bbox 297 5501 374 5571; x_wconf 82' lang='grc' dir='ltr'>τῷ</span> <span class='ocrx_word' id='word_1_680' title='bbox 409 5500 621 5569; x_wconf 79' lang='grc' dir='ltr'>ἑϐδόμῳ</span> <span class='ocrx_word' id='word_1_681' title='bbox 640 5502 733 5552; x_wconf 75' lang='grc' dir='ltr'>καὶ</span> <span class='ocrx_word' id='word_1_682' title='bbox 776 5499 951 5569; x_wconf 83' lang='grc' dir='ltr'>ὀγδόῳ</span> <span class='ocrx_word' id='word_1_683' title='bbox 987 5499 1081 5553; x_wconf 77' lang='grc' dir='ltr'>καὶ</span> <span class='ocrx_word' id='word_1_684' title='bbox 1105 5499 1312 5569; x_wconf 79' lang='grc' dir='ltr'>ὲννάτῳ</span> <span class='ocrx_word' id='word_1_685' title='bbox 1346 5498 1531 5552; x_wconf 82' lang='grc' dir='ltr'>κανόνι</span> <span class='ocrx_word' id='word_1_686' title='bbox 1571 5499 1670 5568; x_wconf 83' lang='grc' dir='ltr'>τῆς</span> <span class='ocrx_word' id='word_1_687' title='bbox 1706 5497 1859 5550; x_wconf 69' lang='grc' dir='ltr'>συνόο</span> 
     </span>
    </p>
   </div>
   <div class='ocr_carea' id='block_1_102' title="bbox 293 5590 1861 5662">
    <p class='ocr_par' dir='ltr' id='par_1_102' title="bbox 293 5590 1861 5662">
     <span class='ocr_line' id='line_1_102' title="bbox 293 5590 1861 5662; baseline -0.001 -17"><span class='ocrx_word' id='word_1_688' title='bbox 293 5593 385 5645; x_wconf 70' lang='lat' dir='ltr'><strong>éou</strong></span> <span class='ocrx_word' id='word_1_689' title='bbox 407 5592 632 5661; x_wconf 85' lang='grc' dir='ltr'>ταύτης.</span> <span class='ocrx_word' id='word_1_690' title='bbox 668 5592 777 5644; x_wconf 80' lang='grc' dir='ltr'><strong>Καὶ</strong></span> <span class='ocrx_word' id='word_1_691' title='bbox 811 5593 859 5644; x_wconf 88' lang='grc' dir='ltr'>εἰ</span> <span class='ocrx_word' id='word_1_692' title='bbox 894 5592 993 5662; x_wconf 82' lang='grc' dir='ltr'>μὲν</span> <span class='ocrx_word' id='word_1_693' title='bbox 1017 5590 1356 5661; x_wconf 78' lang='grc' dir='ltr'>καλούμενος</span> <span class='ocrx_word' id='word_1_694' title='bbox 1386 5595 1473 5661; x_wconf 76' lang='grc' dir='ltr'>εἴη</span> <span class='ocrx_word' id='word_1_695' title='bbox 1507 5592 1659 5661; x_wconf 73' lang='grc' dir='ltr'>παρὰ</span> <span class='ocrx_word' id='word_1_696' title='bbox 1705 5591 1861 5660; x_wconf 81' lang='grc' dir='ltr'>βασι-</span> 
     </span>
    </p>
   </div>
   <div class='ocr_carea' id='block_1_103' title="bbox 292 5682 1859 5754">
    <p class='ocr_par' dir='ltr' id='par_1_103' title="bbox 292 5682 1859 5754">
     <span class='ocr_line' id='line_1_103' title="bbox 292 5682 1859 5754; baseline -0.001 -17"><span class='ocrx_word' id='word_1_697' title='bbox 292 5685 450 5747; x_wconf 68' lang='grc' dir='ltr'>λὲείς,</span> <span class='ocrx_word' id='word_1_698' title='bbox 483 5682 558 5753; x_wconf 83' lang='grc' dir='ltr'>μὴ</span> <span class='ocrx_word' id='word_1_699' title='bbox 583 5682 925 5753; x_wconf 78' lang='grc' dir='ltr'>ἐμποδίζοιτο</span> <span class='ocrx_word' id='word_1_700' title='bbox 951 5684 1171 5738; x_wconf 86' lang='grc' dir='ltr'>ἀπιέναι</span> <span class='ocrx_word' id='word_1_701' title='bbox 1201 5699 1213 5713; x_wconf 92' lang='grc'><strong>·</strong></span> <span class='ocrx_word' id='word_1_702' title='bbox 1247 5685 1296 5737; x_wconf 85' lang='grc' dir='ltr'>εἰ</span> <span class='ocrx_word' id='word_1_703' title='bbox 1336 5684 1393 5736; x_wconf 82' lang='grc' dir='ltr'><strong>δέ</strong></span> <span class='ocrx_word' id='word_1_704' title='bbox 1423 5700 1526 5737; x_wconf 85' lang='grc' dir='ltr'><strong>που</strong></span> <span class='ocrx_word' id='word_1_705' title='bbox 1560 5686 1859 5754; x_wconf 82' lang='grc' dir='ltr'>ἀπέρχεται</span> 
     </span>
    </p>
   </div>
   <div class='ocr_carea' id='block_1_104' title="bbox 293 5776 1851 5850">
    <p class='ocr_par' dir='ltr' id='par_1_104' title="bbox 293 5776 1851 5850">
     <span class='ocr_line' id='line_1_104' title="bbox 293 5776 1851 5850; baseline 0.001 -21"><span class='ocrx_word' id='word_1_706' title='bbox 293 5776 604 5842; x_wconf 67' lang='grc' dir='ltr'>ἐπιδείξεως</span> <span class='ocrx_word' id='word_1_707' title='bbox 659 5779 834 5850; x_wconf 75' lang='grc' dir='ltr'>χάριν,</span> <span class='ocrx_word' id='word_1_708' title='bbox 889 5777 1031 5833; x_wconf 82' lang='grc' dir='ltr'>ὥστε</span> <span class='ocrx_word' id='word_1_709' title='bbox 1080 5777 1454 5843; x_wconf 68' lang='grc' dir='ltr'>ἐπιδείξασθαι</span> <span class='ocrx_word' id='word_1_710' title='bbox 1515 5779 1607 5833; x_wconf 71' lang='grc' dir='ltr'><strong>καὶ</strong></span> <span class='ocrx_word' id='word_1_711' title='bbox 1644 5778 1851 5844; x_wconf 80' lang='grc' dir='ltr'>διδάξαι</span> 
     </span>
    </p>
   </div>
   <div class='ocr_carea' id='block_1_105' title="bbox 1976 4589 3555 4662">
    <p class='ocr_par' dir='ltr' id='par_1_105' title="bbox 1976 4589 3555 4662">
     <span class='ocr_line' id='line_1_105' title="bbox 1976 4589 3555 4662; baseline 0.002 -18"><span class='ocrx_word' id='word_1_712' title='bbox 1976 4592 2081 4646; x_wconf 80' lang='lat' dir='ltr'><strong>viis</strong></span> <span class='ocrx_word' id='word_1_713' title='bbox 2116 4600 2241 4646; x_wconf 88' lang='lat' dir='ltr'><strong>sunt</strong></span> <span class='ocrx_word' id='word_1_714' title='bbox 2272 4589 2529 4660; x_wconf 88' lang='lat' dir='ltr'><strong>publicis,</strong></span> <span class='ocrx_word' id='word_1_715' title='bbox 2566 4591 2680 4646; x_wconf 89' lang='lat' dir='ltr'><strong>sive</strong></span> <span class='ocrx_word' id='word_1_716' title='bbox 2723 4590 2923 4658; x_wconf 90' lang='lat' dir='ltr'><strong>canali,</strong></span> <span class='ocrx_word' id='word_1_717' title='bbox 2973 4606 3071 4662; x_wconf 92' lang='lat' dir='ltr'><strong>per</strong></span> <span class='ocrx_word' id='word_1_718' title='bbox 3103 4606 3222 4661; x_wconf 67' lang='lat' dir='ltr'><strong>quae</strong></span> <span class='ocrx_word' id='word_1_719' title='bbox 3251 4593 3341 4661; x_wconf 92' lang='lat' dir='ltr'><strong>qui</strong></span> <span class='ocrx_word' id='word_1_720' title='bbox 3375 4601 3555 4648; x_wconf 86' lang='lat' dir='ltr'><strong>trans-</strong></span> 
     </span>
    </p>
   </div>
   <div class='ocr_carea' id='block_1_106' title="bbox 1969 4681 3550 4753">
    <p class='ocr_par' dir='ltr' id='par_1_106' title="bbox 1969 4681 3550 4753">
     <span class='ocr_line' id='line_1_106' title="bbox 1969 4681 3550 4753; baseline 0.002 -16"><span class='ocrx_word' id='word_1_721' title='bbox 1969 4693 2099 4737; x_wconf 90' lang='lat' dir='ltr'><strong>eunt</strong></span> <span class='ocrx_word' id='word_1_722' title='bbox 2152 4681 2269 4737; x_wconf 88' lang='lat' dir='ltr'><strong>sine</strong></span> <span class='ocrx_word' id='word_1_723' title='bbox 2321 4681 2506 4736; x_wconf 87' lang='lat' dir='ltr'><strong>labore</strong></span> <span class='ocrx_word' id='word_1_724' title='bbox 2564 4692 2875 4751; x_wconf 74' lang='lat' dir='ltr'><strong>permeant,&quot;</strong></span> <span class='ocrx_word' id='word_1_725' title='bbox 2920 4692 2977 4737; x_wconf 92' lang='lat' dir='ltr'><strong>ut</strong></span> <span class='ocrx_word' id='word_1_726' title='bbox 3039 4697 3179 4753; x_wconf 86' lang='lat' dir='ltr'><strong>aqua</strong></span> <span class='ocrx_word' id='word_1_727' title='bbox 3244 4684 3439 4738; x_wconf 81' lang='lat' dir='ltr'><strong>transit</strong></span> <span class='ocrx_word' id='word_1_728' title='bbox 3497 4687 3550 4740; x_wconf 92' lang='lat' dir='ltr'><strong>in</strong></span> 
     </span>
    </p>
   </div>
   <div class='ocr_carea' id='block_1_107' title="bbox 1971 4771 3554 4843">
    <p class='ocr_par' dir='ltr' id='par_1_107' title="bbox 1971 4771 3554 4843">
     <span class='ocr_line' id='line_1_107' title="bbox 1971 4771 3554 4843; baseline 0.001 -16"><span class='ocrx_word' id='word_1_729' title='bbox 1971 4772 2314 4842; x_wconf 74' lang='lat' dir='ltr'><strong>aquaedttctu.</strong></span> <span class='ocrx_word' id='word_1_730' title='bbox 2348 4771 2598 4842; x_wconf 84' lang='lat' dir='ltr'><strong>(Canalis</strong></span> <span class='ocrx_word' id='word_1_731' title='bbox 2634 4775 2778 4827; x_wconf 88' lang='lat' dir='ltr'><strong>enim</strong></span> <span class='ocrx_word' id='word_1_732' title='bbox 2814 4774 3164 4843; x_wconf 76' lang='lat' dir='ltr'><strong>aquaeductus</strong></span> <span class='ocrx_word' id='word_1_733' title='bbox 3193 4775 3430 4830; x_wconf 89' lang='lat' dir='ltr'><strong>dicitur:</strong></span> <span class='ocrx_word' id='word_1_734' title='bbox 3464 4784 3554 4829; x_wconf 80' lang='lat' dir='ltr'><strong>est</strong></span> 
     </span>
    </p>
   </div>
   <div class='ocr_carea' id='block_1_108' title="bbox 1968 4861 3557 4935">
    <p class='ocr_par' dir='ltr' id='par_1_108' title="bbox 1968 4861 3557 4935">
     <span class='ocr_line' id='line_1_108' title="bbox 1968 4861 3557 4935; baseline 0.002 -18"><span class='ocrx_word' id='word_1_735' title='bbox 1968 4873 2148 4918; x_wconf 85' lang='lat' dir='ltr'><strong>autem</strong></span> <span class='ocrx_word' id='word_1_736' title='bbox 2169 4861 2469 4917; x_wconf 81' lang='lat' dir='ltr'><strong>Romanum</strong></span> <span class='ocrx_word' id='word_1_737' title='bbox 2494 4862 2837 4935; x_wconf 84' lang='lat' dir='ltr'><strong>vocabulum)</strong></span> <span class='ocrx_word' id='word_1_738' title='bbox 2863 4878 2985 4919; x_wconf 90' lang='lat' dir='ltr'><strong>cum</strong></span> <span class='ocrx_word' id='word_1_739' title='bbox 3016 4865 3213 4919; x_wconf 88' lang='lat' dir='ltr'><strong>viderit</strong></span> <span class='ocrx_word' id='word_1_740' title='bbox 3234 4865 3557 4935; x_wconf 78' lang='lat' dir='ltr'><strong>episcOpuin</strong></span> 
     </span>
    </p>
   </div>
   <div class='ocr_carea' id='block_1_109' title="bbox 1970 4954 3550 5026">
    <p class='ocr_par' dir='ltr' id='par_1_109' title="bbox 1970 4954 3550 5026">
     <span class='ocr_line' id='line_1_109' title="bbox 1970 4954 3550 5026; baseline 0.001 -17"><span class='ocrx_word' id='word_1_741' title='bbox 1970 4956 2155 5026; x_wconf 90' lang='lat' dir='ltr'><strong>aliquo</strong></span> <span class='ocrx_word' id='word_1_742' title='bbox 2186 4954 2645 5026; x_wconf 87' lang='lat' dir='ltr'><strong>proﬁciscentem,</strong></span> <span class='ocrx_word' id='word_1_743' title='bbox 2678 4970 2884 5026; x_wconf 82' lang='lat' dir='ltr'><strong>quaerat</strong></span> <span class='ocrx_word' id='word_1_744' title='bbox 2916 4972 3137 5013; x_wconf 84' lang='lat' dir='ltr'><strong>causam</strong></span> <span class='ocrx_word' id='word_1_745' title='bbox 3173 4960 3461 5021; x_wconf 87' lang='lat' dir='ltr'><strong>adventus,</strong></span> <span class='ocrx_word' id='word_1_746' title='bbox 3494 4966 3550 5013; x_wconf 84' lang='lat' dir='ltr'><strong>et</strong></span> 
     </span>
    </p>
   </div>
   <div class='ocr_carea' id='block_1_110' title="bbox 1968 5047 3552 5118">
    <p class='ocr_par' dir='ltr' id='par_1_110' title="bbox 1968 5047 3552 5118">
     <span class='ocr_line' id='line_1_110' title="bbox 1968 5047 3552 5118; baseline 0.003 -18"><span class='ocrx_word' id='word_1_747' title='bbox 1968 5061 2075 5116; x_wconf 88' lang='lat' dir='ltr'><strong>quo</strong></span> <span class='ocrx_word' id='word_1_748' title='bbox 2093 5047 2287 5116; x_wconf 83' lang='lat' dir='ltr'><strong>pergit,</strong></span> <span class='ocrx_word' id='word_1_749' title='bbox 2317 5057 2369 5101; x_wconf 90' lang='lat' dir='ltr'><strong>et</strong></span> <span class='ocrx_word' id='word_1_750' title='bbox 2400 5062 2499 5102; x_wconf 89' lang='lat' dir='ltr'><strong>cur</strong></span> <span class='ocrx_word' id='word_1_751' title='bbox 2525 5065 2538 5114; x_wconf 93' lang='lat'>;</span> <span class='ocrx_word' id='word_1_752' title='bbox 2565 5056 2619 5102; x_wconf 93' lang='lat' dir='ltr'><strong>et</strong></span> <span class='ocrx_word' id='word_1_753' title='bbox 2651 5063 2814 5104; x_wconf 88' lang='lat' dir='ltr'><strong>causa</strong></span> <span class='ocrx_word' id='word_1_754' title='bbox 2842 5049 3308 5105; x_wconf 85' lang='lat' dir='ltr'><strong>condemnationis</strong></span> <span class='ocrx_word' id='word_1_755' title='bbox 3339 5050 3552 5118; x_wconf 87' lang='lat' dir='ltr'><strong>cpisco-</strong></span> 
     </span>
    </p>
   </div>
   <div class='ocr_carea' id='block_1_111' title="bbox 1970 5139 3551 5212">
    <p class='ocr_par' dir='ltr' id='par_1_111' title="bbox 1970 5139 3551 5212">
     <span class='ocr_line' id='line_1_111' title="bbox 1970 5139 3551 5212; baseline 0.004 -21"><span class='ocrx_word' id='word_1_756' title='bbox 1970 5153 2160 5208; x_wconf 87' lang='lat' dir='ltr'><strong>porum</strong></span> <span class='ocrx_word' id='word_1_757' title='bbox 2194 5139 2585 5207; x_wconf 88' lang='lat' dir='ltr'><strong>prohibebitur.</strong></span> <span class='ocrx_word' id='word_1_758' title='bbox 2611 5140 2677 5194; x_wconf 88' lang='lat' dir='ltr'><strong>Et</strong></span> <span class='ocrx_word' id='word_1_759' title='bbox 2699 5141 2744 5196; x_wconf 90' lang='lat' dir='ltr'><strong>si</strong></span> <span class='ocrx_word' id='word_1_760' title='bbox 2776 5144 3086 5212; x_wconf 86' lang='lat' dir='ltr'><strong>cognoverit</strong></span> <span class='ocrx_word' id='word_1_761' title='bbox 3106 5143 3319 5211; x_wconf 90' lang='lat' dir='ltr'><strong>quidem</strong></span> <span class='ocrx_word' id='word_1_762' title='bbox 3344 5159 3467 5195; x_wconf 91' lang='lat' dir='ltr'><strong>eutn</strong></span> <span class='ocrx_word' id='word_1_763' title='bbox 3492 5143 3551 5198; x_wconf 85' lang='lat' dir='ltr'><strong>in</strong></span> 
     </span>
    </p>
   </div>
   <div class='ocr_carea' id='block_1_112' title="bbox 1968 5232 3555 5307">
    <p class='ocr_par' dir='ltr' id='par_1_112' title="bbox 1968 5232 3555 5307">
     <span class='ocr_line' id='line_1_112' title="bbox 1968 5232 3555 5307; baseline 0.005 -23"><span class='ocrx_word' id='word_1_764' title='bbox 1968 5241 2141 5285; x_wconf 90' lang='lat' dir='ltr'><strong>castra</strong></span> <span class='ocrx_word' id='word_1_765' title='bbox 2175 5232 2465 5302; x_wconf 86' lang='lat' dir='ltr'><strong>proﬁcisci,</strong></span> <span class='ocrx_word' id='word_1_766' title='bbox 2500 5236 2749 5305; x_wconf 78' lang='lat' dir='ltr'><strong>exquirat</strong></span> <span class='ocrx_word' id='word_1_767' title='bbox 2801 5236 3139 5292; x_wconf 89' lang='lat' dir='ltr'><strong>conditiones</strong></span> <span class='ocrx_word' id='word_1_768' title='bbox 3171 5239 3419 5307; x_wconf 88' lang='lat' dir='ltr'><strong>superius</strong></span> <span class='ocrx_word' id='word_1_769' title='bbox 3453 5252 3555 5307; x_wconf 81' lang='lat' dir='ltr'><strong>po-</strong></span> 
     </span>
    </p>
   </div>
   <div class='ocr_carea' id='block_1_113' title="bbox 1966 5326 3549 5395">
    <p class='ocr_par' dir='ltr' id='par_1_113' title="bbox 1966 5326 3549 5395">
     <span class='ocr_line' id='line_1_113' title="bbox 1966 5326 3549 5395; baseline 0.003 -15"><span class='ocrx_word' id='word_1_770' title='bbox 1966 5327 2120 5392; x_wconf 86' lang='lat' dir='ltr'><strong>sitas,</strong></span> <span class='ocrx_word' id='word_1_771' title='bbox 2152 5342 2246 5381; x_wconf 86' lang='lat' dir='ltr'><strong>seu</strong></span> <span class='ocrx_word' id='word_1_772' title='bbox 2267 5326 2378 5395; x_wconf 81' lang='lat' dir='ltr'><strong>jam</strong></span> <span class='ocrx_word' id='word_1_773' title='bbox 2411 5326 2587 5382; x_wconf 91' lang='lat' dir='ltr'><strong>dictas</strong></span> <span class='ocrx_word' id='word_1_774' title='bbox 2617 5328 2996 5383; x_wconf 88' lang='lat' dir='ltr'><strong>distinctiones</strong></span> <span class='ocrx_word' id='word_1_775' title='bbox 3021 5327 3075 5381; x_wconf 89' lang='lat' dir='ltr'><strong>in</strong></span> <span class='ocrx_word' id='word_1_776' title='bbox 3105 5328 3406 5384; x_wconf 85' lang='lat' dir='ltr'><strong>canonibus</strong></span> <span class='ocrx_word' id='word_1_777' title='bbox 3433 5329 3487 5393; x_wconf 86' lang='lat'><strong>7,</strong></span> <span class='ocrx_word' id='word_1_778' title='bbox 3512 5329 3549 5385; x_wconf 88' lang='lat'>8</span> 
     </span>
    </p>
   </div>
   <div class='ocr_carea' id='block_1_114' title="bbox 1965 5414 3551 5487">
    <p class='ocr_par' dir='ltr' id='par_1_114' title="bbox 1965 5414 3551 5487">
     <span class='ocr_line' id='line_1_114' title="bbox 1965 5414 3551 5487; baseline 0.003 -18"><span class='ocrx_word' id='word_1_779' title='bbox 1965 5414 2073 5470; x_wconf 70' lang='grc' dir='ltr'><strong>(ξιξ)</strong></span> <span class='ocrx_word' id='word_1_780' title='bbox 2097 5415 2257 5485; x_wconf 84' lang='lat' dir='ltr'><strong>hujus</strong></span> <span class='ocrx_word' id='word_1_781' title='bbox 2276 5417 2491 5484; x_wconf 81' lang='lat' dir='ltr'><strong>synodi.</strong></span> <span class='ocrx_word' id='word_1_782' title='bbox 2527 5415 2593 5470; x_wconf 85' lang='lat' dir='ltr'><strong>Et</strong></span> <span class='ocrx_word' id='word_1_783' title='bbox 2617 5414 2661 5470; x_wconf 89' lang='lat' dir='ltr'><strong>si</strong></span> <span class='ocrx_word' id='word_1_784' title='bbox 2695 5415 2856 5470; x_wconf 81' lang='lat' dir='ltr'><strong>fuerit</strong></span> <span class='ocrx_word' id='word_1_785' title='bbox 2883 5418 3102 5485; x_wconf 85' lang='lat' dir='ltr'><strong>quidem</strong></span> <span class='ocrx_word' id='word_1_786' title='bbox 3133 5418 3199 5471; x_wconf 86' lang='lat' dir='ltr'><strong>ab</strong></span> <span class='ocrx_word' id='word_1_787' title='bbox 3223 5420 3551 5487; x_wconf 79' lang='lat' dir='ltr'><strong>imperatore</strong></span> 
     </span>
    </p>
   </div>
   <div class='ocr_carea' id='block_1_115' title="bbox 1964 5508 3547 5579">
    <p class='ocr_par' dir='ltr' id='par_1_115' title="bbox 1964 5508 3547 5579">
     <span class='ocr_line' id='line_1_115' title="bbox 1964 5508 3547 5579; baseline 0.003 -18"><span class='ocrx_word' id='word_1_788' title='bbox 1964 5508 2281 5571; x_wconf 70' lang='lat' dir='ltr'><strong>accersitus,</strong></span> <span class='ocrx_word' id='word_1_789' title='bbox 2320 5523 2387 5562; x_wconf 92' lang='lat' dir='ltr'><strong>ne</strong></span> <span class='ocrx_word' id='word_1_790' title='bbox 2418 5510 2741 5579; x_wconf 88' lang='lat' dir='ltr'><strong>impediatur</strong></span> <span class='ocrx_word' id='word_1_791' title='bbox 2769 5508 2921 5562; x_wconf 89' lang='lat' dir='ltr'><strong>abire</strong></span> <span class='ocrx_word' id='word_1_792' title='bbox 2956 5524 2972 5563; x_wconf 81' lang='grc' dir='ltr'><strong>ι</strong></span> <span class='ocrx_word' id='word_1_793' title='bbox 3026 5509 3111 5564; x_wconf 89' lang='lat' dir='ltr'><strong>sin</strong></span> <span class='ocrx_word' id='word_1_794' title='bbox 3145 5520 3323 5564; x_wconf 83' lang='lat' dir='ltr'><strong>autem</strong></span> <span class='ocrx_word' id='word_1_795' title='bbox 3358 5522 3547 5567; x_wconf 82' lang='lat' dir='ltr'><strong>osten-</strong></span> 
     </span>
    </p>
   </div>
   <div class='ocr_carea' id='block_1_116' title="bbox 1965 5598 3545 5671">
    <p class='ocr_par' dir='ltr' id='par_1_116' title="bbox 1965 5598 3545 5671">
     <span class='ocr_line' id='line_1_116' title="bbox 1965 5598 3545 5671; baseline 0.004 -20"><span class='ocrx_word' id='word_1_796' title='bbox 1965 5598 2183 5653; x_wconf 88' lang='lat' dir='ltr'><strong>tationis</strong></span> <span class='ocrx_word' id='word_1_797' title='bbox 2210 5604 2385 5670; x_wconf 86' lang='lat' dir='ltr'><strong>gratia</strong></span> <span class='ocrx_word' id='word_1_798' title='bbox 2438 5602 2617 5670; x_wconf 90' lang='lat' dir='ltr'><strong>aliquo</strong></span> <span class='ocrx_word' id='word_1_799' title='bbox 2651 5600 3037 5671; x_wconf 87' lang='lat' dir='ltr'><strong>proﬁciscitur,</strong></span> <span class='ocrx_word' id='word_1_800' title='bbox 3091 5612 3151 5655; x_wconf 92' lang='lat' dir='ltr'><strong>ut</strong></span> <span class='ocrx_word' id='word_1_801' title='bbox 3208 5616 3268 5657; x_wconf 90' lang='lat' dir='ltr'><strong>se</strong></span> <span class='ocrx_word' id='word_1_802' title='bbox 3305 5613 3545 5659; x_wconf 85' lang='lat' dir='ltr'><strong>ostentet</strong></span> 
     </span>
    </p>
   </div>
   <div class='ocr_carea' id='block_1_117' title="bbox 1962 5691 3551 5766">
    <p class='ocr_par' dir='ltr' id='par_1_117' title="bbox 1962 5691 3551 5766">
     <span class='ocr_line' id='line_1_117' title="bbox 1962 5691 3551 5766; baseline 0.004 -23"><span class='ocrx_word' id='word_1_803' title='bbox 1962 5700 2017 5744; x_wconf 86' lang='lat' dir='ltr'><strong>et</strong></span> <span class='ocrx_word' id='word_1_804' title='bbox 2059 5691 2255 5747; x_wconf 86' lang='lat' dir='ltr'><strong>doceat</strong></span> <span class='ocrx_word' id='word_1_805' title='bbox 2284 5691 2337 5747; x_wconf 92' lang='lat' dir='ltr'><strong>in</strong></span> <span class='ocrx_word' id='word_1_806' title='bbox 2371 5691 2543 5746; x_wconf 87' lang='lat' dir='ltr'><strong>aliena</strong></span> <span class='ocrx_word' id='word_1_807' title='bbox 2575 5694 2820 5762; x_wconf 88' lang='lat' dir='ltr'><strong>civitate,</strong></span> <span class='ocrx_word' id='word_1_808' title='bbox 2860 5704 2913 5750; x_wconf 88' lang='lat' dir='ltr'><strong>et</strong></span> <span class='ocrx_word' id='word_1_809' title='bbox 2942 5695 3277 5766; x_wconf 87' lang='lat' dir='ltr'><strong>episcopum,</strong></span> <span class='ocrx_word' id='word_1_810' title='bbox 3314 5697 3404 5764; x_wconf 90' lang='lat' dir='ltr'><strong>qui</strong></span> <span class='ocrx_word' id='word_1_811' title='bbox 3432 5696 3551 5751; x_wconf 83' lang='lat' dir='ltr'><strong>illic</strong></span> 
     </span>
    </p>
   </div>
   <div class='ocr_carea' id='block_1_118' title="bbox 1964 5785 3555 5858">
    <p class='ocr_par' dir='ltr' id='par_1_118' title="bbox 1964 5785 3555 5858">
     <span class='ocr_line' id='line_1_118' title="bbox 1964 5785 3555 5858; baseline 0.004 -20"><span class='ocrx_word' id='word_1_812' title='bbox 1964 5785 2290 5841; x_wconf 80' lang='lat' dir='ltr'><strong>constitutus</strong></span> <span class='ocrx_word' id='word_1_813' title='bbox 2318 5793 2400 5843; x_wconf 87' lang='lat' dir='ltr'><strong>est</strong></span> <span class='ocrx_word' id='word_1_814' title='bbox 2428 5785 2693 5845; x_wconf 88' lang='lat' dir='ltr'><strong>dedecore</strong></span> <span class='ocrx_word' id='word_1_815' title='bbox 2725 5788 2957 5858; x_wconf 76' lang='lat' dir='ltr'><strong>alliciat;</strong></span> <span class='ocrx_word' id='word_1_816' title='bbox 3011 5798 3103 5846; x_wconf 88' lang='lat' dir='ltr'><strong>aut</strong></span> <span class='ocrx_word' id='word_1_817' title='bbox 3138 5789 3192 5846; x_wconf 88' lang='lat' dir='ltr'><strong>in</strong></span> <span class='ocrx_word' id='word_1_818' title='bbox 3224 5799 3401 5846; x_wconf 85' lang='lat' dir='ltr'><strong>castra</strong></span> <span class='ocrx_word' id='word_1_819' title='bbox 3429 5789 3555 5845; x_wconf 23' lang='lat' dir='ltr'><strong>sive.</strong></span> 
     </span>
    </p>
   </div>
  </div>
