3958 6242
432 241 567 307 “95
1678 233 1957 298 THEOD.
2003 228 2403 291 BALSAMON
3532 215 3687 280 1496

424 358 493 411 ad
528 357 909 425 imperatorem
939 351 1324 422 proﬁciscitur,
1359 362 1550 420 preces
1576 363 1674 408 seu
1713 348 2002 420 petitiones
2032 397 2034 405 ,

2138 362 2163 397 ν
2192 342 2331 414 ἄλλῃ
2358 341 2540 403 πόλει,
2568 340 2659 391 καὶ
2694 334 3057 406 καταισχῦναι
3086 333 3175 388 τὸν
3206 333 3321 387 ἐκεῖ
3346 330 3690 387 καθεστῶτα

424 420 745 513 oblatu—rus;
806 462 904 502 nec
934 420 1129 503 litteris
1184 445 1307 516 ejus
1360 446 1695 510 subscribat,
1756 441 1998 514 paciﬁcis

2138 434 2425 497 πίσκοπον,
2462 431 2497 502 ἢ
2526 431 2621 483 ἐπὶ
2666 428 2726 483 τὸ
2782 425 3145 499 στρατόπεδον
3188 421 3521 494 πορεύεται,
3552 420 3688 491 ἦτοι

424 540 631 596 scilicet
660 538 882 603 litteris,
910 551 1008 593 nec
1029 552 1151 594 cum
1177 513 1244 594 eo
1267 537 1664 604 communicet,
1690 513 1863 605 utqui
1887 532 2001 603 jam

2138 526 2241 599 πρὸς
2277 523 2506 597 βασιλέα
2529 523 2771 585 ἄπεισιν,
2799 518 3077 584 ἀξιώσεις,
3096 516 3375 570 τουτέστιν
3401 513 3685 583 αἰτήσεις,

422 632 496 688 sit
523 646 556 686 a
580 643 789 686 canone
820 628 1118 701 depositus.
1153 628 1371 685 Dictum
1400 636 1487 686 est
1524 626 1671 683 enim
1699 626 1753 681 in
1785 604 1997 680 decimo

2138 616 2450 687 ςοιούμενος,
2486 613 2625 685 μήτε
2658 614 2769 675 τοῖς
2832 609 3155 682 γράμμασιν
3226 604 3395 659 αὑτοῦ
3432 604 3689 671 ὑπογρα-

427 735 633 778 canone
661 696 1016 776 Antiochense
1052 721 1283 791 synodi,
1336 734 1443 775 non
1474 732 1637 789 posse
1661 716 1894 787 aliquem
1931 712 2001 771 ad

2138 708 2277 773 μέτω,
2338 707 2462 767 ταῖς
2507 705 2817 775 εἰρηνικαῖς
2859 700 3105 773 δηλονότι
3146 698 3480 761 ἐπιστολαῖς,
3539 696 3688 764 μήτε

428 813 807 882 imperatorem
837 810 1129 880 proﬁcisci,
1163 809 1329 881 508
1353 810 1458 866 nisi
1492 810 1702 865 litteras
1731 817 2004 877 metropo-

428 904 583 962 litani
614 903 930 974 provinciae,
976 912 1030 959 et
1062 902 1182 975 ejus
1211 903 1612 972 episcoporum,
1663 900 1853 955 aﬂ‘erat
1876 915 1897 954 :
1958 897 2006 954 is

434 1002 615 1051 autem
642 995 735 1065 qui
765 1009 869 1050 non
895 994 970 1049 ita
998 992 1152 1062 facit,
1180 1009 1210 1049 a
1247 993 1513 1065 dignitate
1559 991 1795 1048 excidat.
1830 989 1896 1043 Et
1944 988 2005 1043 in

434 1086 522 1141 bis
550 1085 768 1157 quidem
797 1085 1047 1141 consistit
1078 1100 1277 1140 canon.
1306 1083 1569 1139 Existimo
1609 1089 1790 1139 autem
1814 1120 1830 1147 ,
1860 1079 2004 1151 quod

433 1176 539 1232 illis
563 1175 831 1247 episcopis
861 1189 1185 1232 concessum
1233 1182 1317 1231 est
1349 1172 1742 1229 transeuntium
1798 1171 2008 1239 episco-

434 1282 626 1337 porum
661 1281 861 1322 causas
892 1264 1109 1322 curiose
1140 1265 1422 1336 indagare,
1472 1262 1564 1333 qui
1606 1263 1807 1317 habent
1835 1261 1926 1333 jus
1955 1260 2010 1316 iu

435 1359 578 1424 illos,
606 1358 1042 1428 metropolitanis
1069 1357 1278 1415 scilicet
1304 1365 1361 1410 et
1402 1354 1747 1426 patriarchis.
1781 1352 1837 1408 Si
1865 1351 2011 1408 enim

440 1458 666 1508 nonest
712 1451 933 1507 omnino
983 1450 1280 1520 subjectus,
1331 1446 1423 1519 qui
1475 1447 1671 1501 transit
1705 1444 2011 1515 episcopus,

438 1543 671 1599 antistiti
694 1542 784 1611 qui
832 1541 1003 1597 estin
1038 1539 1295 1604 transitu,
1346 1553 1454 1593 non
1491 1536 1897 1593 examinabitur
1945 1535 2014 1590 de

2107 799 2438 856 κοινωνείτω
2468 795 2548 868 τῷ
2576 795 2827 865 τοιούτῳ,
2855 795 2931 857 ὡς
2959 796 3025 845 ἐκ
3045 791 3141 845 τοῦ
3180 789 3408 848 κανόνος
3433 786 3692 858 καθῃρη-

2111 891 2279 961 μένῳ.
2313 890 2545 960 Είρηται
2592 891 2700 957 γὰρ
2731 887 2790 940 ἐν
2841 886 2920 955 τῷ
2974 883 3189 953 δεκάτῳ
3230 880 3416 935 κανόνι
3471 878 3574 944 τῆς
3630 878 3692 928 ἐν

2121 979 2430 1051 Ἀντιοχείᾳ
2451 978 2673 1032 συνόδου
2710 975 2787 1047 μὴ
2816 972 3078 1029 δύνασθαί
3107 989 3231 1027 τινα
3281 970 3420 1041 πρδς
3455 966 3696 1039 βασιλέα

2111 1072 2355 1138 ἀπιέναι,
2383 1073 2433 1125 εἰ
2471 1070 2549 1142 μὴ
2590 1070 2902 1141 γράμματα
2947 1067 3234 1137 κομίζεται
3281 1063 3374 1118 τοῦ
3406 1075 3701 1131 μητροπο-

2112 1165 2259 1220 λίτου
2286 1165 2387 1235 τῆς
2416 1164 2708 1236 ἐπαρχίας,
2738 1162 2834 1216 καὶ
2864 1161 2973 1214 τῶν
3013 1158 3337 1214 ἀπισκόπων
3372 1154 3570 1224 αὐτῆς
3598 1153 3701 1205 τὸν

2112 1254 2171 1311 δὲ
2223 1255 2297 1325 μὴ
2326 1252 2472 1307 οὕτω
2515 1252 2769 1307 ποιοῦντα
2822 1251 3112 1304 ἐκπίπτειν
3162 1248 3261 1319 τῆς
3304 1247 3464 1313 ἀξίας
3496 1242 3696 1298 αὑτοῦ.

2114 1345 2228 1399 Ka‘t
2257 1344 2327 1398 τὰ
2362 1343 2463 1415 μὲν
2488 1343 2583 1397 τοῦ
2613 1344 2837 1405 κανόνος
2866 1346 2925 1397 ἐν
2947 1341 3177 1405 τούτοις.
3237 1340 3466 1409 Νομίζω
3517 1337 3578 1390 δέ
3608 1340 3698 1391 ὅτι

2118 1436 2351 1500 ἐκείνοις
2398 1438 2509 1501 τοῖς
2557 1436 2879 1498 ἐπισκόποις
2937 1433 3153 1504 ἐνεδόθη
3206 1433 3695 1501 πολυπραγμονεῖν

2119 1528 2220 1590 τὰς
2270 1528 2451 1593 αἰτίας
2510 1513 2619 1582 τῶν
2685 1525 3094 1596 παροδευόντων
3167 1524 3508 1587 ἐπισκόπων,
3582 1524 3696 1583 τοῖς

437 1635 610 1690 aditu.
660 1632 747 1689 Ut.
778 1633 823 1687 si
860 1632 1147 1701 episcopus
1199 1626 1449 1682 Examilii
1495 1626 1579 1680 vel
1631 1623 1890 1689 Rtedesti,
1922 1631 2016 1690 per

2138 1618 2300 1689 ἱχουσι
2330 1620 2539 1674 δίκαιον
2575 1618 2719 1672 κατά
2750 1617 2979 1681 τούτων,
3036 1616 3466 1688 μητροπολίταις
3498 1613 3691 1682 δηλον-

440 1685 753 1778 ιιέἰᾶέιοξιέιί
782 1685 1063 1786 Thraciae:
1080 1719 1149 1772 ad
1178 1716 1399 1773 urbium
1445 1714 1686 1786 reginam
1724 1685 2010 1783 pervadat,

2138 1685 2199 1764 ἰτι
2233 1713 2328 1764 καὶ
2362 1712 2747 1783 πατριάρχαις.
2785 1711 2849 1763 Εἰ
2884 1711 2993 1781 γὰρ
3038 1685 3459 1779 Ἰούχ-ύπόκειται
3495 1705 3634 1766 ὅλως
3664 1705 3693 1757 ό

440 1822 587 1869 recte
618 1827 649 1866 a
678 1826 779 1867 suo
812 1809 1254 1880 metropolitano,
1283 1806 1496 1862 scilicet
1528 1804 1802 1859 Heracleas
1830 1802 2013 1857 archi-

438 1904 717 1975 episcopo,
744 1911 969 1972 cogetur
998 1902 1178 1956 dicere
1205 1913 1423 1963 causas,
1456 1906 1677 1967 propter
1701 1910 1836 1965 quas
1863 1893 2013 1950 Con-

441 1994 851 2065 stantinopolim
878 1991 1012 2062 petit
1038 2007 1058 2047 :
1086 1991 1131 2046 si
1159 1991 1282 2061 quis
1303 1999 1481 2044 autem
1512 1988 1817 2059 episcopus,
1850 1986 2010 2042 Thes

442 2087 769 2144 salonicensi
802 2082 1088 2154 metropoli
1119 2080 1424 2152 subjectus,
1479 2094 1575 2150 per
1621 2079 1794 2148 ipsam
1849 2076 2022 2134 Hera-

442 2178 617 2233 cleam
650 2177 717 2233 ad
747 2176 961 2231 urbium
991 2173 1233 2242 reginam
1263 2171 1459 2235 vadat,
1484 2182 1514 2222 a
1548 2165 2017 2224 Thcssaloniccnsi

446 2269 661 2339 quidem
688 2265 1120 2331 examinabitur;
1149 2261 1482 2318 Heracleano
1510 2272 1637 2317 vero
1670 2273 1887 2315 causam
1911 2271 2022 2312 non

448 2360 614 2413 dicet.
674 2354 978 2426 Episcopus
1011 2353 1184 2418 enim,
1228 2350 1319 2420 qui
1363 2356 1665 2414 transeunt,
1700 2346 1784 2404 sul
1815 2346 2024 2401 itineris

448 2448 715 2504 rationem
748 2444 975 2501 reddere
1003 2441 1152 2498 omni
1185 2442 1459 2513 episc0po,
1486 2438 1578 2511 qui
1607 2446 1693 2494 est
1726 2438 1780 2493 in
1811 2437 2025 2499 itinere.

460 2548 518 2593 ut
550 2537 680 2592 mihi
716 2534 937 2607 quidem
970 2532 1201 2597 videtur,
1226 2540 1308 2586 est
1353 2529 1685 2607 contrarium
1709 2527 2029 2593 canonibus,

450 2628 867 2688 decernentibus
888 2626 1313 2694 incompetentes
1339 2622 1613 2678 antistites
1635 2636 1741 2675 non
1758 2620 1955 2675 debere
1974 2633 2034 2675 se

450 2728 505 2783 in
533 2739 732 2783 causas
762 2722 1061 2779 alienorum
1094 2720 1475 2790 episcoporum
1504 2715 1774 2784 ingerere.

2118 1801 2465 1873 διερχόμενος
2500 1805 2800 1868 ἐπίσκοπος
2819 1803 2899 1874 τῷ
2926 1803 3066 1857 κατὰ
3091 1801 3331 1873 πάροδον
3366 1800 3486 1854 δντι
3508 1801 3696 1870 ἀρχιε-

2122 1895 2228 1959 ρεῖ,
2249 1894 2350 1947 ούκ
2371 1893 2805 1964 ἀνακριθήσεται
2835 1894 2965 1964 περὶ
2989 1894 3086 1963 τῆς
3099 1891 3361 1962 παρόδου.
3378 1889 3689 1953 τουτέστιν,

2121 1984 2216 2038 ἐὰν
2246 1983 2544 2047 ἐπίσκοπος
2582 1982 2897 2055 Ἐξαμιλίου
2950 1985 2984 2055 ἢ
3052 1980 3368 2038 Ῥαιδεστοῦ
3420 1981 3694 2053 ἀνατρέχει

2125 2073 2213 2127 διὰ
2237 2075 2337 2144 τῆς
2383 2074 2669 2146 Θρᾳκικῆς
2709 2076 3039 2147 Ἡρακλείας
3070 2076 3149 2139 εἰς
3201 2077 3303 2144 τὴν
3344 2075 3459 2127 τῶν
3494 2076 3694 2127 πόλεων

2126 2165 2736 2236 βασιλεύουσαν,καλῶς
2764 2168 2918 2238 παρὰ
2954 2166 3050 2221 τοῦ
3085 2166 3486 2237 μητροπολίτου
3508 2165 3689 2232 αὐτοῦ,

2126 2260 2293 2329 ἤγουν
2327 2259 2422 2312 τοῦ
2465 2259 2815 2331 Ἡρακλείας,
2848 2259 3339 2329 ἀναγκασθήσεται
3387 2260 3562 2312 εἰπεῖν
3598 2260 3691 2323 τὰς

2129 2348 2305 2415 αἰτίας
2336 2349 2404 2404 δι’
2432 2349 2500 2413 ἃς
2533 2351 2613 2413 εἰς
2644 2348 3215 2405 Κωνσταντινούπολιν
3272 2349 3596 2421 ἀπέρχεται.
3631 2349 3689 2403 El

2096 2424 2100 2428 ’
2131 2438 2189 2493 δέ
2216 2456 2299 2503 τις
2325 2440 2631 2504 ἐπίσκοπος
2654 2439 3022 2510 ὑποκείμενος
3051 2439 3128 2510 τῷ
3160 2440 3539 2512 μητροπολίτῃ
3562 2439 3690 2492 Θεσ-

2132 2531 2421 2602 σαλονίκης
2451 2532 2541 2588 διὰ
2582 2533 2682 2603 τῆς
2712 2533 2887 2603 αὐτῆς
2924 2532 3252 2605 Ἡρακλείας
3280 2536 3356 2596 είς
3384 2533 3483 2604 τὴν
3541 2532 3688 2603 βασι-ι

2129 2622 2394 2678 λεύουσαν
2430 2624 2752 2695 ἀπέρχεται,
2807 2625 2960 2696 παρά
3003 2624 3105 2694 μέν
3155 2623 3251 2678 τοῦ
3297 2624 3689 2693 Θεσσαλονίκης

2138 2713 2596 2785 ἀνακριθήσεται,
2631 2716 2784 2784 παρὰ
2818 2715 2876 2768 δὲ
2912 2714 3007 2769 τοῦ
3067 2713 3399 2785 ’Ἡρακλείας
3444 2715 3507 2768 ού
3547 2715 3693 2781 λογο-

450 2818 894 2894 πραγηθήσεται.
919 2817 996 2871 Τὸ
1024 2815 1134 2886 γὰρ
1163 2813 1364 2869 διδόναι
1391 2811 1588 2881 λόγους
1637 2810 1763 2873 τοὺς
1801 2806 2097 2880 παροδίτας
2123 2809 2463 2873 ἐπισκόπους
2498 2810 2602 2879 τῆς
2669 2809 2883 2863 ἑαυτῶν
2944 2809 3263 2879 ὁδοιπορίας
3329 2807 3462 2879 πρὸς
3515 2809 3678 2860 πάντα

456 2916 715 2989 παρόδων
750 2913 1076 2979 ἐπίσκοπον,
1108 2911 1185 2975 ὡς
1242 2910 1369 2981 ἐμοὶ
1418 2908 1587 2972 δοκεῖ,
1618 2905 1861 2961 ἐναντίον
1915 2904 2035 2958 ἐστί
2058 2906 2171 2966 τοῖς
2217 2907 2428 2971 κανόσι,
2491 2908 2606 2972 τοῖς
2656 2905 3047 2978 διοριζομένοις
3127 2907 3258 2969 τοὺς
3315 2902 3680 2973 ἀπροσφόρους

455 3007 732 3081 ἀρχιερεῖς
768 3004 843 3075 μὴ
878 3001 1291 3073 παρεμϐάλλειν
1333 3002 1564 3063 ἑαυτοὺς
1614 3001 1697 3062 εἰς
1743 2998 2031 3060 ὑποθέσεις
2061 2997 2358 3069 ἀλλοτρίων
2386 3000 2719 3057 ἐπισκόπων.

528 3097 781 3155 ZONAR.
825 3098 994 3152 Porro
1036 3105 1221 3151 autem
1271 3096 1374 3150 hoc
1419 3109 1635 3164 quoque
1678 3102 1861 3148 notum
1898 3092 2027 3146 erit.

2206 3096 2450 3151 ΖΩΝΑΡ.
2501 3096 2612 3149 Καὶ
2644 3096 2803 3150 τοῦτο
2829 3095 3109 3168 γνώριμον
3162 3098 3467 3164 γενήσεται.
3505 3092 3704 3159 Τοῦτο,

458 3193 600 3261 Quid
633 3190 781 3247 hoc?
812 3190 931 3245 Non
968 3188 1218 3243 damnari
1248 3185 1612 3242 sacerdotium
1644 3194 1864 3255 propter
1895 3199 2033 3254 pau-

459 3300 649 3340 corum
683 3281 1096 3350 imprudentiam.
1124 3278 1189 3335 Et
1214 3278 1681 3349 comprobabitur.
1710 3275 2038 3344 Quomodo?

463 3376 523 3431 Si
557 3374 930 3442 unusquisque
962 3380 1205 3427 nostrum
1246 3369 1338 3441 qui
1389 3370 1443 3425 in
1498 3368 1733 3424 aditibus
1763 3366 2038 3423 constituti

463 3479 649 3522 sumus
674 3463 941 3535 episcopi,
971 3462 1063 3532 qui
1099 3476 1285 3517 sumus
1312 3460 1523 3516 scilicet
1553 3460 1608 3515 in
1643 3459 1890 3524 urbibus,
1917 3472 2038 3530 quae

466 3560 521 3613 in
584 3557 686 3611 viis
723 3563 853 3610 sunt
912 3552 1163 3624 publicis,
1227 3552 1343 3606 sive
1371 3552 1569 3613 canali,
1625 3565 1719 3620 per
1748 3564 1892 3620 quae.
1948 3548 2038 3619 qui

470 3654 777 3711 transeunt,
806 3645 930 3701 sine
953 3644 1146 3700 labore
1175 3650 1477 3715 permeant,
1530 3652 1590 3696 ut
1641 3656 1782 3711 aqua
1842 3638 2044 3695 transit

464 3744 521 3798 in
551 3739 875 3811 aquaaductu
937 3735 1167 3807 (canalis
1197 3734 1343 3790 enim
1392 3734 1746 3803 aquasductus
1800 3733 2040 3788 dicitur:

468 3841 555 3887 est
586 3839 766 3886 autem
803 3828 1107 3883 Romanum
1143 3823 1491 3895 vocabulum)
1521 3838 1647 3878 cum
1688 3822 1886 3877 viderit
1928 3821 2047 3892 epi-

472 3934 696 3990 scopum
721 3918 904 3988 aliquo
934 3915 1391 3987 proﬁciscentem,
1439 3922 1646 3983 quaerat
1678 3928 1896 3968 causam
1949 3911 2047 3966 ad-

474 4021 692 4074 ventus,
721 4019 777 4067 et
804 4024 914 4081 quo
941 4009 1135 4080 pergit,
1170 4016 1227 4063 et
1257 4021 1394 4075 cur;
1425 4015 1481 4062 et
1509 4020 1675 4060 causa
1708 4007 2045 4061 condemna-

481 4105 645 4159 tionis
674 4103 1051 4173 episcoporum
1087 4099 1501 4169 prohibebitur:
1551 4106 1608 4153 et
1659 4098 1705 4153 si
1736 4098 2049 4168 cognoverit

476 4196 695 4269 quidem
732 4208 859 4248 eum
892 4193 946 4248 in
976 4201 1154 4247 castra
1182 4189 1473 4261 proﬁcisci,
1502 4190 1749 4260 exquirat
1778 4188 2049 4244 conditio-

481 4301 578 4343 nes
606 4284 854 4355 superius
875 4282 1099 4354 positas,
1121 4295 1218 4337 seu
1247 4280 1359 4352 jam
1390 4280 1568 4334 dictas
1594 4278 1969 4334 distinctiones
1994 4278 2049 4331 in

479 4378 735 4450 septimo,
763 4383 961 4431 octavo
988 4380 1051 4428 et
1075 4384 1221 4427 nouo
1256 4384 1469 4427 canone
1500 4370 1660 4439 hujus
1710 4368 1920 4441 synodi.
1984 4366 2050 4423 Et

2138 3189 2323 3253 ποῖον;
2373 3186 2446 3241 Τδ
2481 3187 2558 3258 μὴ
2578 3188 3091 3258 καταγινώσκεσθαι
3134 3190 3225 3257 τὴν
3275 3187 3581 3256 ἱερωσύνην
3609 3186 3707 3239 διὰ

2137 3278 2235 3349 τὴν
2267 3278 2464 3347 ὀλίγων
2494 3280 2903 3349 ἀναισχυντίαν.
2941 3283 3054 3334 Καὶ
3087 3278 3523 3349 πληρωθήσεται.
3546 3278 3706 3344 πῶςς

2152 3370 2279 3423 Ἐὰν
2303 3371 2533 3434 ἕκαστος
2559 3372 2716 3441 ἡμῶν
2744 3371 2851 3426 τῶν
2879 3373 2939 3425 ἐν
2970 3375 3087 3437 ταῖς
3121 3371 3377 3441 παρόδοις
3421 3369 3702 3423 καθεστώ-

2139 3477 2250 3515 των
2283 3462 2620 3528 ἐπισκόπων,
2646 3461 2754 3515 τῶν
2786 3464 2845 3517 ἐν
2876 3465 2996 3525 ταῖς
3037 3462 3257 3516 πόλεσιν
3310 3462 3484 3515 ὄντων
3513 3461 3700 3531 δηλαδὴ

2141 3552 2251 3606 τῶν
2277 3554 2335 3605 ὲν
2379 3555 2500 3616 ταῖς
2531 3553 2820 3623 δημοσίαις
2862 3554 3136 3624 κειμένων
3158 3554 3319 3618 ὁδοῖς,
3352 3554 3478 3622 ἦτοι
3546 3570 3707 3605 κανα-

2141 3640 2261 3711 λίῳ,
2286 3642 2363 3696 δι’
2395 3636 2470 3697 ὧν
2498 3643 2802 3715 διέρχονται
2827 3644 2877 3697 oi
2921 3644 3249 3707 διοδεύοντες
3281 3644 3619 3706 ἀδιακόπως,
3644 3643 3710 3705 ὡς

2143 3734 2339 3787 δίεισιν
2364 3734 2421 3787 ἐν
2445 3734 2775 3805 ὑδραγωγίῳ
2800 3734 2861 3787 τὸ
2892 3734 3037 3799 ὕδωρ
3076 3735 3325 3805 (κανόιλις
3371 3736 3481 3804 γὰρ
3504 3734 3712 3801 ἀγωγὸς

2146 3824 2335 3885 ὓδατος
2362 3824 2604 3893 λέγεται,
2634 3827 2667 3895 ἡ
2699 3825 2757 3877 δέ
2798 3824 2943 3890 λέξις
2989 3826 3330 3897 Ῥωμαῖκὴ),
3367 3829 3414 3877 εί
3444 3825 3537 3878 οὖν
3587 3826 3711 3877 ἕκα-

2148 3934 2271 3982 στος
2324 3918 2504 3989 ἡμῶν,
2534 3918 2687 3987 φασὶ,
2724 3918 3059 3989 θεασάμενος
3112 3922 3437 3984 ἐπίσκοπον,
3488 3920 3715 3971 ἀπιόντα

2148 4027 2273 4074 που,
2300 4009 2559 4080 ἐκζητοίη
2599 4011 2697 4079 τὴν
2724 4009 2905 4063 αἰτίαν
2935 4012 3033 4080 τῆς
3074 4012 3337 4078 παρόδου,
3373 4012 3468 4064 καὶ
3491 4009 3599 4063 ποῦ
3628 4011 3717 4079 τὴν

2149 4104 2379 4174 πορείαν
2409 4104 2643 4155 ποιεῖται
2668 4103 2761 4155 καὶ
2792 4101 2882 4155 διὰ
2918 4102 2996 4166 τί,
3032 4102 3129 4155 καὶ
3157 4104 3189 4173 ἠ
3245 4101 3395 4155 αἰτία
3426 4104 3521 4172 τῆς
3556 4119 3719 4155 κατα-

2149 4193 2403 4265 γνώσεως
2431 4191 2541 4246 τῶν
2569 4194 2881 4247 ἐπισκόπων
2920 4192 3298 4265 κωλυθήσεται
3323 4210 3338 4225 ·
3368 4194 3465 4246 καὶ
3495 4194 3600 4246 ἐὰν
3628 4194 3721 4263 μὲν

2150 4287 2264 4358 γνῷ
2297 4286 2460 4341 αὑτὸν
2489 4286 2582 4339 ἐπὶ
2626 4285 2687 4339 τὸ
2719 4285 3083 4353 στρατόπεδον
3124 4286 3384 4353 ἀπιόντα,
3419 4286 3723 4356 ἐκζητείτω

2152 4377 2248 4439 τὰς
2279 4374 2523 4446 αἱρέσεις
2542 4375 2641 4437 τὰς
2670 4375 2857 4430 ἐπάνω
2910 4376 3172 4443 κειμένας
3192 4415 3209 4440 ,
3260 4376 3431 4443 {now
3461 4376 3565 4437 τὰς
3628 4375 3719 4444 ήδη

480 4471 527 4525 si
563 4469 729 4526 fuerit
760 4467 978 4538 quidem
1013 4464 1082 4520 ab
1118 4465 1445 4534 imperatore
1490 4461 1807 4527 accersitus,
1839 4473 1905 4515 ne
1947 4459 2034 4514 im-

2156 4466 2417 4539 ῥηθείσας
2443 4466 2737 4531 διαστίξεις
2760 4467 2818 4519 ἐν
2842 4465 2919 4536 τῷ
2956 4463 2999 4531 ζ’
3024 4466 3122 4520 καὶ
3146 4466 3198 4536 η’
3226 4467 3321 4519 καὶ
3340 4467 3384 4519 θ⁸
3413 4466 3610 4519 κανόνι
3633 4466 3725 4533 τῆς

480 4560 732 4632 pediatur
786 4557 978 4611 abire:
1048 4553 1135 4612 sin
1190 4562 1369 4608 autem
1445 4550 1828 4607 ostentationis
1881 4549 2055 4620 gratia

483 4652 667 4723 aliquo
689 4648 1071 4719 proﬁciscitur,
1104 4654 1163 4701 ut
1189 4658 1248 4699 se
1272 4652 1509 4699 ostentet
1535 4651 1591 4698 et
1622 4643 1813 4699 doceat
1834 4642 1887 4697 in
1920 4640 2057 4695 alie-

487 4758 557 4799 na
619 4741 876 4805 civitate,
908 4748 963 4793 et
1003 4738 1253 4803 disserat,
1287 4749 1352 4790 ac
1405 4735 1744 4805 episcopum,
1796 4733 1887 4803 qui
1951 4732 2060 4787 illic

482 4834 814 4890 constitutus
840 4838 944 4896 est,
977 4828 1238 4883 dedecore
1264 4825 1496 4890 alliciat,
1520 4833 1615 4880 aut
1643 4825 1696 4879 in
1730 4833 1911 4879 castra
1944 4824 2059 4879 sive

484 4927 551 4981 ad
578 4926 961 4994 imperatorem
994 4917 1379 4988 proﬁciscitur,
1410 4931 1598 4989 preces
1630 4931 1723 4973 seu
1770 4916 2057 4988 petitiones

487 5015 807 5081 oblaturus;
862 5026 964 5067 nec
1008 5008 1205 5065 litteris
1243 5009 1364 5079 ejus
1425 5008 1757 5075 subscribat,
1817 5006 2057 5079 paciﬁcis

486 5108 697 5163 scilicet
730 5106 949 5170 litteris,
981 5118 1083 5160 nec
1137 5116 1260 5156 cum
1288 5116 1353 5156 eo
1408 5101 1793 5166 communicet,
1854 5108 1916 5155 ut
1964 5099 2056 5169 qui

482 5198 594 5269 jam
627 5199 757 5253 sita
816 5210 1023 5252 canone
1079 5194 1373 5264 depositus.
1432 5192 1641 5247 Dictum
1695 5200 1781 5247 est
1828 5192 1972 5251 enim
2004 5192 2058 5247 in

486 5291 705 5369 decimo
733 5304 939 5345 canone
984 5286 1335 5344 Antiochena:
1366 5284 1578 5356 synodi,
1631 5297 1735 5339 non
1771 5297 1929 5353 posse
1956 5281 2060 5337 ali-

492 5397 655 5453 quem
685 5382 751 5436 ad
780 5382 1161 5450 imperatorem
1212 5376 1504 5447 proﬁcisci,
1541 5374 1646 5431 nisi
1694 5374 1907 5430 litteras
1941 5390 2055 5430 me-

493 5471 805 5542 tr0politani
853 5472 1145 5540 provincia:
1175 5478 1230 5523 et
1262 5466 1382 5538 ejus
1415 5466 1788 5535 episcoporum
1820 5463 2012 5521 afferat
2041 5483 2056 5521 :

493 5567 540 5620 is
575 5571 777 5628 autem,
806 5563 897 5632 qui
933 5576 1035 5615 non
1068 5562 1143 5615 ita
1179 5557 1329 5624 facit,
1362 5572 1392 5611 a
1424 5557 1685 5626 dignitate
1713 5555 1951 5613 excidat.

2158 4560 2377 4614 συνόδου
2408 4560 2635 4632 ταύτης.
2684 4560 2795 4615 Καὶ
2827 4562 2877 4614 εἰ
2909 4560 3011 4630 μέν
3051 4560 3392 4630 καλούμενος
3445 4563 3531 4631 εἰη
3580 4558 3724 4628 παρὰ

2157 4650 2445 4721 βασιλέως,
2469 4650 2547 4722 μὴ
2580 4651 2927 4721 ἐμποδίζοιτο
2955 4650 3178 4707 ἀπιέναι
3205 4666 3220 4681 ⁸
3250 4652 3299 4704 εἰ
3326 4651 3385 4704 δέ
3413 4668 3516 4703 που
3554 4651 3727 4716 ἀπέρ-

2156 4759 2315 4813 χεται
2345 4742 2659 4807 ἐπιδείξεως
2680 4743 2866 4813 χάριν,
2895 4743 3035 4796 ὥστε
3060 4741 3439 4806 ἐπιδείξασθαι
3465 4744 3565 4795 καὶ
3591 4743 3725 4796 διδά-

2160 4834 2247 4901 ξαι
2281 4836 2341 4888 ἐν
2371 4835 2510 4907 ἄλλῃ
2532 4836 2705 4899 πόλει,
2739 4834 3087 4899 διαλέξασθαί
3120 4852 3180 4887 τε
3224 4837 3317 4887 καί⁵
3365 4836 3726 4905 καταισχῦναι

2161 4928 2256 4981 τὸν
2282 4930 2397 4981 ἐκεῖ
2448 4926 2766 4981 καθεστῶτα
2797 4926 3116 4993 ἐπίσκοπον,
3141 4927 3174 4997 ἦ
3205 4927 3299 4980 ἐπὶ
3330 4927 3391 4979 τὸ
3431 4928 3732 4997 στρατόπε-

2161 5017 2252 5073 δον
2297 5017 2661 5088 πεπόρευται,
2696 5018 2815 5088 ἦτοι
2846 5017 2984 5088 πρὸς
3011 5017 3237 5088 βασιλέα
3286 5016 3531 5080 ἄπεισιν,
3567 5017 3728 5081 ἀξιὼ-

2165 5125 2301 5172 σεις,
2371 5108 2654 5161 τουτέστιν
2703 5107 2972 5176 αἰτήσεις,
3035 5108 3377 5174 ποιούμενος,
3428 5106 3568 5174 μήτε
3617 5105 3726 5165 τοῖς

2166 5200 2495 5270 γράμμασιν
2521 5196 2686 5252 αὑτοῦ
2715 5198 3107 5268 ύπογραφέτω,
3132 5198 3254 5258 ταῖς
3279 5195 3586 5265 εἰρηνικαῖς
3632 5191 3730 5261 δη-

2167 5289 2345 5344 λονότι
2366 5290 2701 5357 ἐπιστολαῖς,
2735 5290 2875 5360 μήτε
2901 5291 3229 5342 κοινωνείτω
3256 5288 3334 5357 τῷ
3368 5286 3621 5356 τοιούτῳ,
3655 5282 3728 5343 ὡς

2167 5382 2232 5435 ἐκ
2261 5382 2358 5435 τοῦ
2407 5382 2636 5445 κανόνος
2690 5381 3086 5453 καθῃρημένφ.
3146 5380 3375 5452 Εἴρηται
3428 5379 3536 5447 γὰρ
3566 5380 3626 5429 ἐν
3656 5372 3723 5440 τῷ

2164 5471 2379 5544 δεκάτῳ
2406 5474 2593 5527 κανόνι
2630 5472 2732 5541 τῆς
2767 5475 2827 5526 ἐν
2863 5470 3165 5541 Ἀντιοχείᾳ
3192 5471 3417 5524 συνόδου
3463 5472 3536 5539 μὴ
3567 5466 3714 5522 δύνα-

2168 5564 2295 5618 σθαί
2316 5582 2440 5619 τινα
2477 5565 2613 5636 πρὸς
2641 5563 2871 5635 βασιλέα
2899 5563 3144 5630 ἀπιέναι,
3192 5564 3243 5616 εί
3294 5564 3369 5634 μὴ
3424 5565 3702 5632 γράμματι

493 5655 779 5741 κομίζεται
805 5668 896 5712 suo
923 5667 1321 5731 μητροπολιτου
1346 5656 1443 5723 τῆς
1473 5651 1742 5721 ἐπαρχίας
1792 5653 1888 5708 καὶ
1934 5655 2042 5714 τῶν
2070 5659 2385 5718 ἐπισκόπων
2440 5659 2609 5730 αὐτῆς
2643 5674 2656 5691 ο
2693 5659 2785 5715 τὸν
2819 5659 2875 5715 δὲ
2938 5657 3015 5729 μὴ
3070 5656 3211 5712 οὓτω
3273 5657 3524 5711 ποιοῦντα
3570 5644 3695 5703 £335-

492 5772 645 5813 πτειν
670 5754 764 5824 τῆς
794 5751 948 5818 ἀξίας
982 5749 1167 5806 αὑτοῦ.
