3958 6242
297 257 452 321 1497

1444 263 1520 325 1N
1559 263 1727 324 CAN.
1771 264 1906 324 XXI
1950 260 2165 323 CONC.
2199 262 2495 324 SARDlC.

3433 262 3568 327 149ς

286 377 544 433 ΔΡΙΣΤ.
584 395 603 430 ι
652 376 709 431 '0
736 377 802 431 τὰ
837 378 1039 469 καλῶςί
1062 379 1157 433 καὶ
1188 378 1503 452 θεαρέστως
1553 380 1883 452 ἐνηνεγμενα

2008 377 2215 435 \RIST.
2262 395 2283 431 ι
2312 378 2413 446 Qui
2465 392 2529 433 ea
2578 392 2699 448 qua:
2750 376 2969 447 pulchre
2997 388 3051 432 et
3082 377 3191 434 Deo
3224 386 3376 449 grate
3423 379 3565 435 edita

375 489 397 521 ι
433 471 604 542 τύφῳ
636 471 1053 540 παρασαλεῦσαι
1076 472 1417 545 πειρώμενος
1444 476 1545 529 οὐκ
1567 476 1888 540 ἐπίσκοπος.

376 581 398 615 ι
447 563 805 632 Τεθεαμένος
831 563 1133 629 ἐπίσκοπος
1167 566 1469 621 ἐπίσκοπον
1492 569 1786 639 ἐρχόμενον
1810 569 1891 634 είς

376 670 397 704 ι
438 652 838 723 στρατόπεδον,
856 654 1105 725 ἐμποδὼν
1130 657 1206 727 μὴ
1231 657 1484 725 γινέσθω,
1513 660 1563 711 εί
1580 659 1732 728 γνοίη
1751 659 1891 714 κατά

379 760 400 794 ι
438 760 499 796 τι
538 744 650 798 τῶν
678 745 1095 817 προειρημένων
1148 749 1445 820 ἐρχόμενον
1467 765 1481 778 ·
1510 751 1559 805 εί
1614 751 1660 804 δ’
1689 750 1886 817 ἄλλως,

384 852 407 887 ι
439 837 875 908 προαγγελλέτω
900 836 961 890 τὺ
988 838 1376 911 ἀκοινώνητον.
1417 860 1436 895 ι

382 1014 453 1069 '0
492 1015 570 1087 μὴ
597 1015 885 1084 φυλάττων
908 1018 979 1073 τὰ
1022 1018 1204 1083 καλῶς
1234 1020 1328 1074 καὶ
1373 1020 1685 1091 θεαρέστως
1711 1040 1886 1078 καινι-

294 1108 540 1175 σθέντα,
567 1109 703 1165 ἀλλὰ
729 1111 887 1181 τύφῳ
913 1113 1006 1166 καὶ
1024 1113 1316 1184 ἀλαζονείᾳ
1345 1113 1427 1177 είς
1450 1113 1635 1183 ἔτερόν
1672 1131 1727 1168 τι
1775 1133 1885 1186 χω-

294 1206 429 1272 ρεῖν
454 1203 676 1275 τολμῶν
724 1208 858 1277 παρ’
885 1206 1049 1270 αὐτὰ,
1082 1205 1182 1277 τὴν
1228 1208 1398 1277 τιμὴν
1430 1208 1524 1263 καὶ
1569 1208 1631 1261 τὸ
1667 1208 1885 1279 ἀξίωμα

291 1293 404 1363 τῆς
446 1295 760 1366 ἐπισκοπῆς
788 1297 1249 1369 ἀφαιρεθήσεται.
1296 1298 1455 1352 Ἐπεὶ
1482 1299 1539 1352 δὲ
1580 1300 1681 1369 ῆδῆ
1714 1317 1885 1353 κεκα-

291 1386 558 1440 νόνισται
595 1388 669 1458 μὴ
698 1388 870 1451 ἄλλως
896 1388 1237 1458 ἀπέρχεσθαι
1272 1388 1574 1445 ἐπίσκοπον
1604 1392 1685 1454 είς
1712 1409 1884 1462 στρα-

289 1478 565 1542 τόπεδον,
602 1481 650 1532 εί
686 1478 762 1550 μὴ
808 1480 1112 1549 βασιλικοῖς
1140 1481 1435 1551 γράμμασι
1478 1483 1837 1551 μετακαλοῖτο
1863 1499 1879 1516 ’

292 1569 384 1623 δεῖ
422 1571 518 1624 τὸν
543 1571 892 1644 διερχόμενον
920 1572 1227 1627 ἐπίσκοπον
1277 1575 1378 1643 τὴν
1415 1575 1603 1629 αἰτίαν
1658 1577 1887 1631 ἁπαιτεῖ

299 1663 444 1716 σθαι
475 1663 576 1733 τῆς
611 1665 852 1735 παρόδου
882 1666 1033 1735 παρὰ
1054 1668 1148 1719 τοῦ
1176 1668 1498 1732 ἐπισκόπου,
1538 1687 1597 1723 εν
1627 1666 1670 1738 ᾧ
1718 1688 1885 1724 κατα-

297 1753 470 1809 λύσει
494 1773 509 1789 ο
544 1758 638 1810 καὶ
658 1759 704 1810 εί
737 1759 835 1825 μὲν
859 1757 1085 1828 εὑρήσει
1136 1759 1299 1811 αὐτὸν
1341 1763 1769 1833 τοιουτοτρόποις
1802 1765 1884 1828 είς

296 1848 365 1899 τὸ
423 1849 791 1919 στρατόπεδον
843 1850 1239 1920 ἀπερχόμενον,
1312 1853 1456 1904 κατὰ
1514 1853 1682 1923 μηδὲν
1734 1854 1882 1924 αὐτῷ

296 1941 570 2010 ἐμποδὼν
599 1940 870 2008 γίνεσθαι,
898 1941 1034 1994 ἀλλὰ
1066 1943 1158 1995 καὶ
1194 1945 1331 2012 μετά
1353 1944 1520 2014 τιμῆ;
1570 1947 1881 2016 ἐκπέμπειν

296 2031 496 2096 αὐτὸν,
528 2033 623 2082 καὶ
646 2032 880 2100 γράφειν
913 2034 1023 2094 τοῖς
1053 2032 1111 2083 ἐν
1153 2034 1391 2103 ἐπαρχίᾳ
1440 2036 1533 2087 καὶ
1572 2038 1682 2099 τοῖς
1719 2053 1883 2091 συνα-

298 2121 527 2187 δέλφοις
555 2120 721 2172 αὑτοῦ
753 2122 918 2172 πᾶσιν
950 2120 1308 2191 ὑποδέχεσθαι
1332 2122 1497 2176 αὑτὸν
1523 2124 1877 2206 ἁδιακρίτως,

302 2211 384 2271 ὡς
411 2212 511 2281 τὴν
531 2211 759 2281 πορείαν
790 2210 1115 2281 ποιούμενον
1147 2214 1447 2278 κανονικῶς
1474 2231 1533 2267 τε
1564 2219 1656 2269 καὶ
1679 2218 1881 2270 ἀσκαν-

300 2305 564 2358 δαλιστον
587 2321 603 2336 ο
630 2305 678 2356 εί
712 2304 758 2357 δ’
788 2303 962 2367 ἄλλως
1012 2304 1237 2375 εὑρήσει
1270 2304 1458 2358 τοῦτον
1501 2308 1581 2370 εἰς
1606 2307 1668 2359 τὸ
1714 2325 1882 2379 στρα-

299 2396 540 2449 τόπεδον
596 2395 1017 2465 ἀφικνούμενον,
1069 2396 1175 2466 ἢδί
1202 2398 1489 2462 ἐπίδειξιν,
1523 2399 1555 2468 ἢ
1602 2399 1690 2455 διά
1718 2417 1882 2455 τινων

304 2487 593 2554 ἀξιώσεις,
659 2486 733 2558 μὴ
776 2489 1087 2558 ἀνηκουσας
1146 2488 1318 2558 αὑτῷ,
1371 2487 1445 2551 ὡς
1498 2490 1767 2561 ἀρχιερεῖ,
1803 2492 1880 2563 μὴ

306 2581 593 2634 κοινωνεῖν
610 2577 831 2651 αὐτῷ,ῆ
862 2583 975 2641 τοῖς
1006 2580 1332 2651 γράμμασιν
1353 2579 1517 2634 αὐτοῦ
1537 2581 1876 2651 ὑπογράφειν

304 2683 341 2750 ἦ
375 2672 628 2742 προνοῖας
661 2672 805 2735 τινὲς
834 2671 970 2735 ὅλως
993 2673 1155 2728 αὑτὸν
1173 2672 1381 2739 ἀξιοῦν.

2070 490 2091 524 ι
2124 476 2271 535 sunt,
2297 485 2407 539 prae
2438 470 2580 524 fastu
2610 468 2945 526 labefactare
2972 478 3221 537 conatur,
3252 470 3564 540 episcopatu

2069 580 2089 615 ι
2122 563 2346 620 excidit.
2405 560 2700 630 Episcopus
2730 560 2822 629 qui
2880 559 3190 628 episcopum
3250 560 3449 615 viderit
3499 562 3567 614 ad

2067 674 2086 709 ι
2120 665 2297 711 castra
2324 652 2786 724 proﬁciscentem,
2832 650 2875 705 si
2932 649 3151 704 sciverit
3181 664 3302 703 eum
3351 658 3568 719 propter

2069 765 2089 800 ι
2119 749 2356 817 aliquam
2389 762 2452 802 ex
2491 744 2667 801 causis
2697 742 2970 813 pradictis
2999 742 3328 808 venientem,
3362 757 3429 797 ne
3460 744 3565 797 im-

2069 857 2088 891 ι
2123 840 2428 908 pedimento
2457 838 2505 891 ei
2539 837 2649 904 sit;
2702 836 2789 891 sin
2842 834 3019 900 aliter,
3052 832 3564 889 excommunicatio-

2067 946 2089 980 ι
2123 943 2243 983 nem
2272 927 2322 983 ei
2351 925 2652 982 denuntiet.
2683 943 2702 977 ι

2061 1060 2162 1128 Qui
2191 1075 2254 1116 ea
2281 1075 2402 1129 quae
2431 1058 2657 1130 pulchre
2705 1064 2787 1112 et
2815 1056 2923 1112 Deo
2958 1067 3111 1128 grate
3156 1056 3363 1111 sancita
3416 1068 3563 1124 sunt,

1986 1168 2093 1208 non
2125 1152 2397 1215 observat,
2430 1152 2523 1206 sed
2570 1165 2681 1219 pra:
2708 1148 2849 1204 fastu
2883 1159 2933 1204 el
2972 1150 3283 1218 arrogantia
3320 1149 3384 1203 ad
3414 1151 3562 1205 aliud

1990 1256 2187 1316 praeter
2217 1258 2281 1298 ea
2330 1242 2610 1298 discedere
2649 1256 2815 1296 ausus
2854 1240 3035 1307 fuerit,
3090 1241 3352 1298 honorem
3381 1251 3436 1296 et
3487 1243 3567 1296 di-

1987 1335 2244 1406 gnitatem
2323 1333 2692 1403 episcopalem
2752 1332 2982 1387 amittet.
3057 1331 3321 1397 Quoniam
3382 1339 3561 1386 autem

1987 1428 2257 1482 sancitum
2286 1433 2390 1490 est,
2426 1424 2738 1495 episcopum
2771 1440 2876 1478 non
2911 1424 3068 1478 aliter
3111 1424 3177 1478 ad
3226 1434 3400 1478 castra
3428 1441 3559 1495 pro-

1986 1519 2285 1586 ﬁcisci,nisi
2314 1519 2503 1574 litteris
2526 1518 2889 1587 imperatoriis
2908 1526 3236 1584 accersatur,
3256 1518 3559 1588 episcopus,

1986 1614 2127 1682 apud
2157 1625 2313 1679 quem
2348 1609 2584 1674 dirertit,
2616 1609 2681 1663 ab
2709 1610 2967 1679 episcopo
2999 1618 3305 1664 transeunte
3339 1624 3557 1662 causam

1922 1704 2185 1779 Bitineris
2230 1714 2471 1769 quaerere
2501 1699 2698 1766 debet;
2733 1709 2785 1753 et
2810 1702 2854 1753 si
2889 1715 3008 1754 eum
3037 1699 3303 1753 invenerit
3326 1714 3389 1753 eo
3413 1711 3564 1752 moro

1988 1795 2055 1849 ad
2086 1804 2262 1849 castra
2294 1793 2743 1863 proﬁciscentem,
2794 1791 2927 1846 nihil
2954 1790 3002 1845 ei
3035 1791 3399 1859 impedimenti
3436 1790 3549 1856 ﬁat,

1988 1886 2083 1939 sed
2110 1899 2233 1939 cum
2264 1883 2469 1939 battore
2497 1897 2618 1937 eum
2645 1881 3063 1944 transmittat,et
3096 1881 3161 1935 ad
3196 1896 3288 1935 eos
3322 1881 3411 1949 qui
3436 1888 3561 1933 sunt

1990 1975 2044 2029 in
2084 1974 2358 2044 provincia
2388 1987 2680 2043 omnesque
2710 1972 2905 2027 fratres
2936 1987 3063 2027 suos
3092 1972 3312 2035 scribat,
3347 1978 3405 2025 ut
3433 1985 3557 2025 eum

1988 2068 2198 2122 sincere
2222 2066 2511 2136 excipiant,
2546 2075 2606 2119 ut
2636 2056 2857 2135 qui'iter
2887 2064 3050 2119 faciat
3075 2063 3331 2118 canonice
3364 2071 3416 2117 et
3441 2063 3559 2119 sine

1997 2158 2276 2215 seandalo.
2312 2158 2463 2224 Quod
2513 2159 2559 2214 si
2590 2175 2713 2214 eum
2749 2158 3011 2213 invenerit
3057 2158 3213 2212 aliter
3264 2156 3330 2211 ad
3381 2165 3558 2211 castra

1994 2253 2311 2315 abeuntem,
2345 2249 2427 2303 vel
2457 2248 2840 2305 ostentationis
2871 2249 3067 2316 gratia,
3102 2248 3182 2302 vel
3213 2258 3433 2318 propter
3461 2246 3559 2301 ali—

1988 2355 2220 2411 quorum
2256 2356 2472 2411 preces,
2503 2355 2625 2411 qua:
2673 2341 2740 2393 ad
2774 2342 2946 2408 ipsum
2977 2348 3032 2393 ut
3080 2340 3413 2394 sacerdotem
3443 2353 3553 2393 non

1990 2433 2287 2505 pertinent,
2319 2433 2367 2486 ei
2397 2446 2464 2488 ne
2511 2430 2893 2495 communicet,
2933 2438 3027 2485 aut
3062 2429 3256 2486 litteris
3286 2430 3405 2500 ejus
3426 2430 3553 2484 sub-

1989 2525 2218 2591 scribat,
2253 2531 2345 2578 aut
2372 2522 2686 2593 provisione
2723 2522 2899 2592 aliqua
2934 2524 3106 2594 ipsunt
3140 2524 3406 2594 dignetur.
