4466 5578
945 449 1004 501 ll
1972 445 2262 501 W160le
2302 447 2548 503 DECANI
2589 445 3106 506 PHYUHTWANC.
4107 466 4174 518 η

1682 549 1769 605 Π.

1152 653 1218 692 AD
1252 652 1556 694 UUTOLDUI
1590 653 1875 695 EPISCOPU!
1915 654 2286 697 AUGUSTARDI.

939 729 1104 799 Rogat
1149 741 1202 783 ut
1228 732 1375 785 rebus
1404 732 1457 784 in
1485 746 1576 785 suo
1616 733 1942 802 monasterio
1972 732 2322 802 aﬂlictissimis
2361 749 2509 802 opem

1647 800 1805 869 ferat.

1006 911 1071 966 L.
1102 910 1267 967 Pallio
1302 912 1495 968 summi
1542 913 1827 968 sacerdotii
1860 912 2071 971 coalitus
2100 913 2387 982 indusiato,
2414 913 2506 969 W.

936 1001 1298 1072 rongregandi
1365 1002 1691 1071 gregarninis
1742 1002 1963 1074 inermis
2002 1002 2206 1073 opilio,
2254 1003 2507 1074 gaudium

936 1104 1182 1160 superna:
1212 1090 1487 1144 fclicitatis
1518 1090 1572 1143 in
1601 1089 1838 1144 Christo.

1006 1179 1234 1235 Cursum
1265 1178 1565 1234 cﬂ‘ectuosa:
1594 1178 1871 1247 legationis
1898 1180 1963 1233 ad
1995 1180 2378 1236 monasterium
2406 1195 2506 1235 no-

936 1282 1107 1325 strum
1135 1269 1249 1324 fore
1278 1278 1671 1340 prosperatum,
1707 1285 1918 1325 summo
1960 1271 2070 1325 Deo
2100 1272 2330 1340 primum
2355 1273 2507 1341 hym-

937 1361 1177 1413 nizamus
1202 1398 1215 1423 ,
1241 1360 1330 1427 qui
1359 1359 1666 1413 directaueo
1702 1374 1911 1429 gressu,
1942 1360 2174 1430 vialique
2201 1361 2506 1415 ductamine

932 1464 1146 1517 semper
1193 1449 1373 1515 dirigit
1416 1464 1596 1502 secum
1644 1448 1824 1503 cordis
1877 1451 2158 1503 conamine
2204 1460 2502 1504 versantes.

934 1538 1205 1592 Fraternm
1257 1548 1435 1593 autem
1504 1539 1838 1593 deductionis
1902 1548 2249 1608 augmentum
2312 1540 2505 1594 merito

935 1636 1130 1683 vestrae
1174 1628 1387 1696 pietatis
1417 1628 1771 1691 ascrihimus,
1801 1629 1925 1698 quia
1970 1629 2269 1697 pcllil‘erum
2322 1639 2502 1684 nostra

930 1717 1213 1771 inscientia
1263 1716 1484 1771 minime
1528 1716 1808 1782 edoctum,
1861 1726 1915 1771 ct
1966 1719 2198 1786 tepentia
2232 1718 2502 1772 schcdula:

927 1809 1091 1863 verba
1113 1847 1127 1873 ,
1157 1808 1332 1861 vivida
1381 1816 1537 1861 aucta
1568 1805 1848 1861 facecilatc
1891 1808 1988 1861 via:
2030 1809 2321 1861 ditexistis.
2354 1808 2499 1862 illam

929 1896 1425 1951 incommoditatem
1476 1896 1782 1965 importune
1826 1897 2189 1961 sustinemus,
2238 1898 2359 1950 cum
2402 1896 2494 1951 Dei
2528 1887 2571 1944 Β

932 1986 1231 2040 ministerio
1255 1984 1510 2039 Ecclesia:
1534 1998 1947 2054 congregamur,
1989 1986 2130 2054 quod
2156 1984 2500 2054 conglobata-

926 2093 1044 2130 rum
1075 2076 1252 2129 avium
1282 2075 1516 2145 garritus
1562 2074 1827 2127 cantando
1880 2089 2135 2142 superare
2186 2074 2497 2143 nequimus,

926 2166 1067 2235 quod
1110 2164 1345 2234 undique
1374 2162 1666 2233 pennigero
1710 2162 2263 2221 volatuAinvchuntur
2301 2162 2499 2232 patulis

925 2256 1199 2318 fenestris,
1229 2264 1282 2307 et
1311 2254 1524 2322 quando
1555 2254 1741 2306 nivoso
1770 2253 2162 2322 prosternimur
2190 2254 2499 2321 pavimento

923 2360 989 2398 ex
1031 2344 1174 2398 omni
1218 2358 1370 2412 parte
1416 2341 1537 2394 nive
1561 2340 1763 2404 afﬂati,
1796 2340 2001 2394 emnosi
2036 2340 2358 2394 volutamur.
2392 2340 2499 2395 Sed

927 2444 1104 2487 tamen
1136 2433 1497 2487 comnnmiter
1526 2431 1781 2499 degentes
1823 2430 1936 2483 hate
1969 2439 2269 2499 opportune
2297 2429 2497 2484 tolera-

922 2538 1126 2585 remus,
1177 2523 1221 2575 si
1268 2520 1603 2574 Dominicum
1639 2518 1810 2574 altare
1851 2535 1879 2572 a
1914 2521 2170 2590 ninguine
2212 2519 2497 2575 defendere

920 2629 1223 2685 possemus.
1256 2613 1510 2666 Accensae.
1550 2611 1782 2667 candela}
1816 2610 2030 2667 ﬂamine
2072 2622 2353 2668 ventorum
2380 2624 2497 2667 tur-

921 2706 1080 2770 hanc,
1110 2704 1333 2757 multum
1375 2702 1735 2773 lacrymantes
1765 2703 2204 2772 exstinguuntur.
2238 2704 2321 2758 Ad
2349 2704 2497 2759 clau-

929 2810 1112 2850 suram
1147 2794 1525 2857 fenestrarum,
1558 2792 1601 2845 si
1639 2792 1847 2861 aliquos
1878 2792 2049 2847 lineos
2082 2793 2317 2848 tribuitis
2361 2809 2495 2865 pan-

929 2902 1062 2950 nos,
1116 2884 1342 2954 potestis
1398 2881 1553 2936 facile
1611 2871 1767 2937 istam
1829 2883 2221 2953 querimoniam
2272 2884 2493 2939 sarcire.

922 2976 1321 3045 Qnantumlihet
1361 2974 1605 3042 chalybis
1641 2972 1965 3027 ferramenta
2016 2974 2300 3028 sarcienda
2328 3013 2343 3033 ,
2377 2988 2496 3041 qua:

922 3070 1077 3122 nobis
1115 3076 1239 3121 sunt
1270 3064 1571 3119 necessaria
1599 3105 1612 3127 ,
1661 3062 1797 3119 ﬂexo
1827 3066 2060 3134 petimus
2104 3064 2274 3130 collo,
2306 3072 2495 3120 nostro

918 3158 1154 3228 jnbeatis
1183 3154 1474 3208 transmitti
1504 3153 1763 3209 Vulcano.

1679 3246 1743 3299 ν.

1101 3353 1167 3390 AD
1206 3352 1523 3392 GOZPCRTUI
1563 3351 1805 3390 ABBATEI
1847 3350 2307 3392 TEGERNSEENSEI.

920 3447 1147 3515 Exponit
1174 3447 1219 3498 ci
1248 3444 1631 3513 difﬁcultatem,
1664 3444 1779 3496 nari
1808 3442 2113 3515 Monasterii
2146 3444 2229 3496 sui
2260 3453 2497 3515 constru-

990 3512 1157 3567 ctione
1199 3512 1487 3576 causatam,
1546 3522 1789 3583 rogatque
1828 3523 1883 3564 ut
1926 3512 2254 3583 Weicherum
2293 3513 2495 3579 solatii,

998 3585 1335 3654 Sigiltardum
1364 3582 1657 3636 studiorum
1686 3584 1856 3652 gratia
1881 3582 1948 3635 ad
1977 3598 2031 3635 se
2061 3584 2249 3634 mittat.

988 3696 1182 3751 Abbati
1229 3695 1292 3748 (ἱ.
1336 3694 1629 3747 monastica
1672 3692 1999 3747 firmitudine
2038 3692 2337 3763 priscorum
2381 3693 2497 3748 vice

922 3789 1243 3842 Sanctorqu
1270 3784 1604 3855 patrissanti,
1626 3782 1785 3839 cho
1807 3798 1929 3837 cum
1967 3781 2277 3847 fratercuio,
2314 3798 2495 3839 secum

914 3880 974 3932 .in
1021 3877 1375 3932 ministerium
1418 3875 1704 3943 deputata,
1755 3871 2012 3942 quidquid
2060 3872 2237 3925 tenelli
2288 3880 2497 3927 maturo

919 3970 1151 4040 parenti.

992 4058 1155 4112 Novae
1192 4055 1539 4127 plantationis
1583 4054 1824 4125 germina
1856 4056 2082 4109 brumali
2134 4065 2372 4124 tempore
2402 4070 2499 4108 vos

918 4149 1057 4203 velle
1088 4161 1403 4218 propagare.
1429 4146 1732 4200 mirandum
1770 4160 1906 4200 nova
1934 4146 2347 4215 conscriptione,
2376 4161 2497 4200 cum

921 4241 1107 4293 nivosa
1139 4239 1325 4307 hyems
1366 4252 1469 4290 non
1499 4236 1824 4290 viridescere
1863 4237 1914 4289 iu
1960 4235 2162 4306 fruges,
2205 4237 2297 4290 sed
2331 4236 2499 4305 magis

919 4328 1091 4383 soleat
1123 4327 1174 4380 in
1200 4326 1401 4395 lapides
1424 4325 1688 4395 rigescere
1711 4324 2024 4379 albicantes.
2054 4325 2253 4379 Tamen
2285 4326 2497 4379 ornatui

920 4416 1310 4471 Salomouiaca:
1340 4414 1528 4468 domus
1556 4413 1778 4467 nimium
1810 4414 2014 4468 habiles
2048 4414 2091 4467 si
2131 4414 2379 4467 volumus
2416 4411 2499 4479 ja-

917 4519 1046 4561 cere
1074 4503 1263 4559 similis
1299 4511 1583 4557 structura:
1612 4502 2024 4570 profunditates,
2064 4500 2351 4571 gloriosum
2395 4502 2489 4554 Sa-

918 4595 1186 4649 lomoncm
1225 4592 1401 4647 omnis
1443 4591 1594 4660 capia
1642 4591 1905 4645 Davidicaa
1948 4591 2352 4661 praeparationis
2384 4606 2489 4644 non

921 4693 1124 4737 tantum
1164 4681 1506 4747 sublevabat,
1537 4688 1797 4749 quantum
1845 4682 2013 4735 nostri
2056 4681 2232 4735 cordis
2270 4682 2492 4736 domici-

919 4776 1047 4829 lium
1088 4771 1323 4828 laetiﬂcat
1374 4772 1568 4826 decora
1614 4770 1922 4835 aediﬁcatio,
1953 4787 2071 4841 quae
2110 4788 2214 4826 non
2253 4772 2489 4841 lapidosa

917 4864 1164 4928 materia,
1201 4871 1255 4916 et
1282 4862 1600 4932 quandoque
1634 4877 1847 4928 casura,
1877 4878 2062 4916 verum
2084 4864 2228 4916 cultu
2254 4864 2489 4917 mansuri

917 4954 1244 5009 fundamiuis
1272 4964 1468 5009 vestra:
1494 4952 1826 5009 celsitudinis
1847 4953 2124 5023 juvamine
2148 4962 2333 5008 nostro
2355 4952 2491 5007 Pon-

920 5043 1047 5098 tiﬂci
1079 5054 1162 5099 est
1189 5044 1525 5100 stabilienda.
1556 5043 1895 5099 Gaudeamus
1919 5058 2016 5099 nos
2042 5044 2276 5099 directos
2304 5060 2492 5098 norma

914 5134 1209 5193 Dominiea:
1254 5134 1649 5199 ordinationis,
1717 5148 1820 5203 qua
1878 5133 2153 5189 duodenos
2208 5134 2497 5204 discipulos

917 5227 1064 5282 misit
1091 5227 1157 5281 ad
1192 5225 1557 5296 praedicandos
1584 5222 1839 5293 populos;
1874 5234 1925 5278 et
1954 5222 2163 5276 illorum
2209 5224 2494 5279 ministerii

916 5332 1051 5388 opus
1078 5332 1182 5371 non
1223 5331 1381 5385 posse
1422 5314 1620 5369 imitari
1653 5313 1923 5377 dolemus;
1970 5328 2089 5366 cum
2136 5312 2206 5365 illi
2237 5314 2418 5367 tricies
2447 5324 2499 5368 et

917 5408 1097 5463 sexies
1133 5408 1185 5461 in
1212 5407 1478 5460 binarium
1507 5404 1685 5468 divisi,
1732 5404 1778 5458 si
1808 5418 1914 5456 non
1958 5402 2267 5466 sanctitate,
2312 5403 2392 5457 vel
2440 5413 2498 5456 ut

915 5501 985 5526 ξι..
1018 5499 1344 5526 ηηιιιῖηιιηιηη
1400 5495 1645 5526 nmnnlum
1686 5494 1784 5526 οἶιιῖ
1838 5492 2087 5526 ἶηῖιιηηιηη
2120 5493 2491 5526 ῇρηιηηιιοῖηηῖο

2536 557 2585 615 Α
2615 562 2822 609 tantum
2874 557 3112 612 arrident
3141 573 3232 615 eos
3260 600 3275 625 ,
3316 571 3551 618 vomntes
3582 580 3647 621 eo
3684 580 3743 623 se
3778 569 4012 638 quotidie
4041 576 4180 641 apud

2615 659 2838 713 superos
2886 645 3116 701 deficare
3168 647 3264 719 [ita
3294 652 3408 704 cod.
3470 653 3509 721 ι’.
3565 655 3857 729 deificare].
3915 659 4178 727 Quocirca

2611 735 2845 801 petimus
2867 734 2931 789 de
2954 745 3146 790 vestrae
3164 741 3503 807 paternitatis
3523 743 3799 800 clementia
3818 764 3914 804 nos
3940 752 4180 819 adjuvari

2612 823 2805 877 solatio
2831 822 3014 880 fratris
3042 829 3210 882 nostri
3238 829 3516 896 Weiclieri,
3541 843 3601 887 ut
3625 837 3773 889 radix
3800 839 4025 909 alicujus
4054 844 4179 898 houi

2611 908 2817 1003 fructus
2838 912 3170 981 proﬂuxioue
3201 917 3419 985 majoris
3444 921 3770 992 irrigationis
3800 908 3966 996 possit
3995 934 4180 1003 augeri

2608 998 2663 1051 in
2691 998 2808 1053 loco
2836 1002 2988 1056 nobis
3025 1005 3327 1069 commisso,
3354 1018 3615 1076 quatenus
3652 1016 3894 1070 cumulus
3938 998 4182 1078 superna:

2610 1088 2871 1142 mercedis
2921 1104 2950 1142 a
2998 1090 3222 1145 Domino
3269 1093 3546 1153 Salvatore
3617 1104 3931 1158 remetiatur
4003 1081 4179 1163 votis.

2611 1175 2950 1248 Sigihardum
2989 1182 3209 1237 fratrem
3252 1197 3529 1251 nostrum,
3556 1207 3712 1260 quem
3764 1202 4002 1264 tempore
4052 1199 4182 1251 viri-

2608 1268 2875 1324 dcscentis
2909 1273 3032 1326 anni
3063 1274 3293 1345 dirigere
3324 1277 3633 1333 decrevistis
3662 1298 3820 1336 causa
3846 1285 4102 1350 discendi,
4132 1291 4177 1343 si

2602 1356 2751 1421 vult,
2792 1365 2846 1411 et
2890 1361 2933 1413 si
2976 1361 3305 1431 diguamini,
3340 1383 3481 1422 nunc
3507 1369 3666 1422 etiam
3711 1374 3844 1426 mitti
3874 1390 4176 1444 precamur.

2610 1445 2811 1502 Valete.

3356 1544 3439 1599 Vl.

2817 1642 2883 1681 AD
2922 1643 3224 1686 ιιυτοιυωι
3265 1648 3553 1689 ΕΡΙΒΟΟΡΗΙ
3591 1653 3961 1696 Αυσυετλκυκ.

2603 1732 2672 1788 Ut
2700 1752 2787 1790 eos
2815 1750 3000 1805 [ratres
3022 1781 3035 1805 ,
3059 1757 3186 1807 quos
3208 1754 3506 1797 monasterii
3546 1764 3627 1799 sui
3671 1751 3937 1804 commodo
3974 1769 4005 1805 a
4042 1750 4177 1807 Goz-

2671 1817 2828 1891 perto‘
2850 1808 3032 1891 abbate
3063 1808 3305 1878 ’l'egerns.
3337 1814 3650 1891 iiiipetrnvit,
3681 1818 3893 1891 benigne
3931 1824 4174 1891 accipiat,

2683 1884 2730 1927 et
2760 1876 2828 1926 ad
2864 1892 2916 1929 se
2939 1878 3087 1932 rebus
3112 1876 3419 1933 necessariis
3449 1876 3674 1949 provisus
3700 1876 3892 1940 mitiat.

2674 1980 2989 2038 l’rtesuli'L.
3018 2001 3145 2040 cura
3173 1989 3422 2055 pastorali
3457 1994 3740 2048 custodela:
3773 1996 3951 2051 ovium
3974 1998 4177 2055 Christi

2600 2070 2819 2136 provida
2854 2072 3063 2126 cautela
3102 2074 3415 2143 iuvigilanti,
3450 2077 3537 2130 W.
3574 2096 3692 2133 cum
3732 2083 3904 2138 ﬂdt'HO
3936 2087 4027 2139 Dei
4059 2087 4181 2149 Sal-

2602 2159 2805 2213 vatoris
2836 2160 3053 2230 indigno
3086 2164 3375 2229 tirunculo,
3424 2181 3664 2237 superna:
3706 2172 4017 2229 salvationis
4048 2176 4177 2247 jugc

2600 2263 2885 2316 precamen
2916 2252 2971 2304 in
2997 2252 3230 2306 Christo.

2667 2338 3003 2396 Auctoritate
3058 2346 3365 2399 sanctitatis
3413 2358 3644 2411 vestrm,
3702 2367 3910 2408 summe
3956 2365 4173 2425 pastor,

2599 2426 2774 2496 lepide
2800 2431 3082 2497 persuasi,
3124 2433 3494 2503 solidariazque
3525 2442 3949 2496 conversationis
3980 2454 4177 2498 nostra:

2599 2519 2977 2589 singularitate
3004 2524 3263 2592 compulsi
3302 2526 3681 2581 solidissimqu
3714 2532 3860 2586 littus
3900 2536 4173 2603 slagnina-

2599 2625 2716 2663 rum
2752 2612 3152 2680 impulsionum,
3194 2616 3594 2685 anchoramque
3625 2623 3915 2673 verissimze
3941 2624 4049 2691 spei
4080 2640 4175 2691 per

2598 2701 2844 2754 nuntium
2892 2704 3206 2758 adnavimus
3229 2745 3243 2768 ,
3284 2708 3578 2761 tutissimos
3606 2711 3849 2764 videlicet
3890 2715 4041 2768 sinus
4074 2718 4173 2768 ah-

2598 2794 2738 2845 batis
2774 2795 2963 2857 nostri,
2993 2810 3099 2863 quo
3135 2794 3509 2852 ﬂuctuationcs
3547 2799 3781 2854 fraterna
3818 2807 4037 2859 raritate
4078 2822 4175 2859 no-

2597 2882 2679 2936 bis
2722 2882 2924 2949 illisas,
2967 2884 3145 2952 aliquo
3193 2888 3554 2941 consolatorio
3605 2891 3932 2947 stabilimine
3983 2896 4172 2950 sedare

2594 2973 2682 3043 pia
2731 2976 3168 3042 augmentatione
3200 2976 3427 3031 fratrum
3464 2979 3735 3049 dignetur.
3759 2981 3904 3047 Quos
3941 2985 3983 3038 si
4029 3002 4168 3055 prae-

2596 3064 2980 3119 destinationis
3022 3065 3113 3119 Dei
3154 3066 3237 3118 via
3268 3068 3523 3122 direxerit
3561 3070 3626 3122 ad
3655 3074 3941 3129 Augustam
3982 3076 4171 3129 civita-

2600 3166 2728 3223 tcm,
2763 3158 3105 3225 adjunctione
3140 3159 3410 3239 sociorum
3436 3161 3663 3225 itineris,
3698 3162 3968 3219 fulcimine
3997 3182 4166 3235 equo-

2599 3264 2756 3313 rum,
2808 3264 3178 3318 equorumque
3245 3250 3445 3320 aurigis
3511 3253 3813 3307 sublevatos
3884 3270 4169 3322 precamur

2598 3338 2827 3390 humane
2872 3337 3070 3405 suscipi
3111 3335 3386 3404 jubeatis,
3433 3348 3707 3407 susceptos
3753 3343 3905 3395 nobis
3955 3345 4168 3398 mittere

2595 3427 2910 3499 dignamini.

2669 3516 3031 3571 Vuillihardus
3075 3518 3301 3571 clericus
3339 3535 3366 3570 a
3415 3519 3566 3574 vobis
3596 3535 3870 3589 regressus
3911 3522 4057 3576 venit
4100 3525 4168 3577 ad

2597 3620 2693 3660 nos
2720 3605 2904 3675 quinta
2936 3604 3066 3660 feria
3099 3615 3222 3660 ante
3261 3605 3697 3677 Theophaniam.
3736 3610 3826 3677 qui
3875 3610 4165 3674 intimavit,

2608 3673 2751 3762 quod
2797 3694 3158 3755 admiramini,
3211 3695 3351 3761 quod
3393 3673 3565 3762 neque
3613 3711 3705 3763 per
3754 3673 4030 3759 nuntium,
4075 3673 4168 3753 aut

2595 3798 2693 3852 per
2745 3782 3022 3852 epistolam
3080 3781 3423 3845 innotuimus,
3473 3782 3601 3849 quid
3634 3782 3948 3848 faceremus,
3989 3786 4166 3854 quali-

2599 3883 2744 3928 terve
2772 3887 3073 3941 possemus.
3126 3872 3384 3926 V'aletudo
3415 3865 3712 3928 sanctitatis
3740 3884 3933 3929 vestrm
3961 3886 4165 3930 tantum

2598 3970 2760 4029 queat
2782 3961 2836 4013 in
2870 3960 3121 4012 Domino!
3154 3961 3295 4013 circa
3326 3974 3422 4013 nos
3447 3960 3515 4014 ob
3536 3964 3762 4031 gratiam
3794 3966 3953 4018 vestri
3989 3968 4168 4021 omnia

2598 4049 2732 4102 bene
2781 4056 3032 4117 aguntur.
3066 4047 3134 4101 Ut
3177 4048 3243 4101 de
3292 4049 3436 4101 omni
3454 4050 3849 4129 'incertitmfiae
3885 4068 4172 4109 conversa-

2602 4139 2760 4191 tionis
2792 4148 2991 4191 nostra:
3020 4136 3401 4202 certiﬂcemus,
3434 4140 3614 4192 omnia
3641 4141 3929 4194 ordinatim
3959 4144 4169 4197 innota-

2602 4243 2720 4281 mus
2762 4228 2982 4295 scripta.
3028 4227 3188 4280 Sexta
3238 4226 3403 4289 feria,
3453 4244 3571 4296 qua:
3618 4231 3858 4295 proxima
3901 4232 4014 4287 dies
4052 4244 4170 4289 erat

2601 4326 2717 4385 post
2749 4317 2924 4371 natale
2955 4316 3263 4379 infantium,
3286 4316 3578 4370 direximus
3605 4320 3879 4386 epistulam
3909 4338 4005 4391 per
4032 4341 4170 4378 nun-

2603 4409 2754 4471 tium,
2793 4418 2849 4462 ut
2896 4408 3066 4462 oculis
3092 4409 3287 4462 vestris
3315 4420 3620 4477 perspecta,
3660 4411 3704 4463 si
3736 4413 3922 4467 essetis
3966 4414 4016 4467 in
4055 4416 4166 4467 Au-

2600 4508 2777 4567 gusta,
2808 4498 3160 4565 impressione
3190 4498 3349 4568 sigilli
3382 4499 3542 4553 vestri
3573 4500 3885 4555 bullaretur.
3927 4502 4039 4559 Iloc
4076 4519 4167 4559 au-

2598 4600 2698 4643 tem
2727 4589 3003 4661 exemplar
3026 4591 3281 4660 epistolae.

3324 4681 3430 4735 ΠΙ.

2897 4781 3164 4823 εριδτοωε
3205 4785 3494 4825 PREDICTE
3534 4788 3845 4830 EXEMPLCH.

2582 4878 2930 4949 Commendat
2962 4878 3114 4949 Wigo
3138 4881 3267 4932 duos
3306 4881 3523 4948 juvenes
3556 4887 3833 4939 monac/tos
3865 4887 3931 4941 ι’.
3966 4891 4170 4945 schola-

2664 4950 2791 5029 stica
2822 4948 3156 5017 Augustuuo,
3184 4952 3378 5020 sibique
3414 4950 3678 5006 Prisciani
3724 4958 3937 5026 majoris
3967 4964 4167 5029 capiam

2670 5018 2785 5086 ﬁeri
2816 5028 2981 5086 rogat.

2669 5128 2990 5199 Apostolicis
3038 5130 3339 5200 agminibus
3380 5134 3571 5189 ordine
3603 5136 3939 5193 hzereditario
3980 5140 4167 5195 ccelico

2598 5230 2728 5274 nutu
2751 5229 3137 5274 connumerato
3184 5220 3244 5274 F.
3278 5238 3523 5292 superum
3551 5221 3855 5294 sponsionis
3882 5231 4167 5298 pcrdignos

2586 5309 2941 5377 judicantiutn
2967 5310 3181 5377 gradus.

2666 5400 2999 5453 Institutione
3028 5400 3150 5454 vitae
3174 5398 3526 5455 Benedictinm
3552 5406 3756 5471 muriti,
3784 5411 4166 5466 monomachia

2599 5493 2839 5526 anni-nun
2866 5490 3155 5526 nhurlilinni
3207 5500 3385 5526 manta
3418 5495 3636 5526 cuhnccu
3702 5508 3959 5526 vnn-AnnAn‘lA
4003 5502 4136 5526 ...ητ-
