4466 5578
346 407 408 459 is
1793 373 2172 431 El‘lS'l‘Ol..-F..
3518 361 3576 411 μ

345 512 617 578 piissimus
645 514 851 577 pastor,
881 503 1163 573 quemdam
1191 498 1411 550 fratrem
1446 492 1617 545 vivida
1641 476 1916 556 jnvcutnie
1951 495 1994 547 Α
2023 486 2200 536 renda-
2244 483 2453 534 diih-rrc
2497 480 2668 530 velitis
2695 479 2762 528 ob
2790 494 3002 528 causam
3041 485 3233 528 ttnslra-
3275 475 3580 524 lnziniltime

345 605 619 654 florentem
653 576 936 648 commisit
994 589 1121 644 mihi
1187 588 1250 640 ad
1313 582 1632 640 docendum,
1688 576 1910 641 alicujus

351 675 501 742 rivnli
527 685 788 754 guttulam
814 697 896 735 me
916 693 1139 748 sperans
1163 674 1348 746 sapida
1381 680 1556 724 mente
1583 669 1911 736 (IcgllsIaSsc.

349 780 596 833 (minium
630 789 859 842 namque
896 772 1174 823 doctorum
1203 766 1340 817 fama
1394 776 1454 814 se
1503 768 1729 811 testatur
1773 770 1916 804 com-

350 873 581 939 perisse,
615 865 846 917 maxime
903 861 1178 913 abundare
1226 854 1498 908 civitatem
1553 858 1742 901 vestrm
1777 845 1919 896 sedis

351 967 666 1011 cunctarum
691 952 987 1006 liberalium
1011 950 1206 1002 artium
1239 942 1583 996 docibililate.
1616 936 1776 1001 Cujus
1807 933 1918 1001 spei

352 1050 638 1101 Securitate
666 1043 967 1101 roboratus,
1000 1048 1278 1104 vestraque
1317 1032 1477 1084 fultus
1509 1026 1745 1082 suasibili
1788 1025 1921 1094 peti-

354 1143 496 1191 tione
530 1138 692 1190 etiam
719 1135 880 1186 alium
909 1145 1004 1184 sua
1041 1136 1230 1196 sponte
1260 1124 1552 1176 admiserat
1582 1117 1822 1170 fratrem.
1869 1115 1921 1166 In

353 1229 547 1296 quibus
576 1241 685 1278 sua:
708 1236 1042 1290 nequaquam
1077 1230 1358 1286 possumus
1392 1210 1611 1278 implere
1640 1207 1926 1257 voluntatis

349 1323 664 1390 jussiouem,
717 1317 816 1369 nisi
851 1325 1040 1367 vestra:
1079 1311 1369 1387 habeamus
1405 1300 1786 1356 consolationis
1829 1296 1929 1348 ful-

354 1416 550 1466 cimen.
583 1409 837 1475 Maiorem
872 1405 1065 1457 librum
1107 1383 1364 1453 Prisciani
1400 1393 1630 1463 petimus
1661 1389 1832 1444 nobis.
1873 1395 1932 1438 ut

350 1500 584 1567 iubeatis
634 1492 1019 1564 aliquantulum
1065 1487 1319 1555 temporis
1367 1480 1645 1550 pra-stari,
1691 1494 1796 1544 quo
1849 1476 1930 1527 vel

360 1592 494 1640 duos
518 1586 725 1638 libellos
757 1582 1027 1649 legendos,
1055 1577 1192 1628 sicut
1219 1571 1350 1641 jussi
1385 1583 1590 1629 sumus,
1625 1566 1930 1619 facultatem

361 1677 674 1735 habeamus,
698 1689 762 1725 ne
795 1669 1165 1724 inohedientiae
1195 1663 1404 1730 culpam
1434 1659 1752 1718 incidamus,
1779 1659 1821 1707 si
1857 1656 1932 1705 iu-

353 1766 536 1832 juncta
566 1762 717 1829 quasi
746 1759 1098 1827 despicientes
1120 1753 1460 1810 omittamus;
1487 1756 1576 1799 aut
1603 1762 1668 1799 ne
1687 1747 1936 1797 inexhau-

2016 573 2319 643 pezitionis,
2371 585 2534 637 usque
2584 571 2705 620 dum
2751 584 2843 618 nos
2887 568 3180 618 fatictcnus
3222 566 3584 629 t-nlloquenti-s

2016 667 2312 718 videamus.
2351 661 2460 712 Non
2503 661 2621 711 idco
2657 661 2752 710 hoc
2785 667 2958 708 autem
2989 657 3346 724 deposcimus,
3381 663 3430 703 ut
3463 668 3584 704 eum

2017 763 2198 806 vestro
2225 751 2440 803 servitio
2483 765 2820 805 cxcrrsenins,
2855 747 2978 797 dum
3032 760 3127 797 nos
3177 760 3296 796 cum
3343 744 3588 795 univiilzns

2023 843 2218 897 nostris
2270 845 2457 893 devota
2516 840 2730 890 servitia
2791 837 3156 904 inqn'mlamus
3203 853 3212 884 :
3273 835 3362 884 sed
3428 835 3590 883 multa

2020 937 2181 987 etiam
2229 933 2330 985 alia
2366 947 2524 999 penes
2564 947 2673 992 vos,
2729 931 2770 981 si
2823 929 3133 995 dignamini,
3179 928 3437 978 habemus
3484 937 3592 975 tra-

2023 1025 2236 1079 clauda.
2276 1025 2476 1076 Valete.
2784 1090 2824 1142 Χ

2597 1219 2661 1255 ΑΙ)
2700 1219 2748 1255 Ε.
2787 1217 3043 1256 COMITEX.

2033 1317 2185 1370 Hanc
2226 1318 2406 1368 salina'
2432 1316 2704 1383 cujusdam
2745 1330 2908 1383 uapor
2945 1315 3042 1366 sibi
3080 1314 3318 1378 donatae,
3348 1316 3602 1382 totiusque

2101 1387 2398 1438 monasterii
2453 1382 2509 1437 S.
2556 1384 2844 1438 Salratoris
2886 1382 3378 1453 l‘hyuhtwaagensis
3426 1387 3602 1452 defru-

2100 1475 2264 1509 δυο-ειη
2293 1473 2398 1508 csse
2426 1456 2583 1522 cupit.

2104 1572 2163 1625 E.
2203 1569 2498 1623 l-‘unctione
2541 1568 2775 1621 comitati
2827 1567 3134 1635 famosaque
3172 1567 3426 1620 virtutum
3461 1566 3603 1619 cultu

2036 1660 2349 1712 alterutrius
2386 1657 2760 1724 generositatis
2810 1657 3098 1726 gloriosum
3147 1666 3373 1708 stemma
3420 1657 3605 1707 nobili-

2039 1749 2170 1802 Ianti
2216 1747 2304 1800 W.
2350 1756 2528 1799 custos
2581 1748 2812 1800 constitn
2843 1764 2903 1798 ιις
2957 1749 3007 1800 ἰη
3057 1748 3196 1811 loco,
3251 1746 3607 1801 Pbiuhtvvanc

361 1865 456 1907 sta:
479 1852 819 1904 abundantiae
863 1846 1194 1900 bibliotheca:
1238 1841 1485 1895 Ecclesiae
1513 1849 1703 1891 veslrzc
1729 1835 1937 1902 culpam
1974 1832 2009 1888 Β
2045 1840 2338 1902 nominato,
2363 1854 2483 1890 cum
2513 1840 2725 1906 agmine
2754 1837 2992 1890 fraterno
3026 1837 3274 1891 devotum
3309 1837 3606 1891 Salutamcn

367 1944 559 2010 inopize
584 1949 1007 2010 prmsumptuose
1041 1935 1316 1986 videamur
1345 1931 1602 1996 irrogare,
1633 1927 1675 1978 si
1708 1926 1936 1991 cnipiam

366 2045 716 2087 externorum
753 2044 848 2097 pro
873 2028 962 2079 tali
1004 2025 1322 2078 necessitate
1359 2021 1536 2089 inepte
1570 2033 1704 2086 genu
1730 2017 1940 2068 llcctcre

367 2123 762 2193 compellimur.
789 2118 989 2172 Valete.

1101 2203 1229 2256 VIII.

363 2315 598 2355 COIIIL'NI
626 2312 833 2351 δυοιιωι
866 2309 1060 2347 ΝΘἎΙΙΧΙΖ
1088 2307 1150 2344 ΑΒ
1180 2302 1464 2343 ιιεικῐιιεωι
1497 2301 1721 2338 noun”:
1754 2298 1943 2336 υυιτεδι.

369 2411 547 2464 Pisces
597 2409 692 2461 sibi
735 2421 826 2474 pro
873 2402 1176 2457 celebrando
1225 2398 1450 2466 festirias
1515 2393 1769 2446 I’aschate
1815 2393 1949 2444 mitti

1091 2483 1254 2536 rogat.

446 2565 512 2618 II.
556 2564 876 2618 Christiana:
929 2559 1102 2626 gentis
1152 2555 1359 2608 ductori
1424 2549 1949 2621 praecellentissimo,

370 2658 567 2710 fratres
595 2649 1078 2724 l’hyuhtwangcnsi
1102 2644 1406 2714 congregati
1430 2641 1776 2702 monasterio,
1797 2640 1956 2692 devo-

374 2747 581 2798 tissima
619 2741 796 2796 munia
827 2752 1044 2808 precum
1071 2737 1123 2787 in
1154 2734 1390 2788 Christo.
1440 2739 1442 2741 ’

447 2832 692 2886 Monachi
725 2829 891 2882 solius
922 2826 1153 2880 nominis
1181 2824 1483 2892 adjectione
1519 2820 1768 2881 vocitati,
1816 2817 1954 2872 servi

373 2924 578 2993 egregii
623 2929 935 2991 potentatus
982 2918 1183 2979 vestri,
1227 2925 1281 2968 et
1323 2913 1592 2967 fraterculi
1648 2908 1956 2964 monasterii

375 3013 550 3067 sancti
576 3012 782 3077 Quirini
827 3017 1090 3078 praacepto
1134 3005 1301 3074 patris
1343 3004 1511 3055 nostri
1552 3001 1821 3068 Gozperti,
1861 3015 1960 3051 c;e-

379 3104 512 3155 tcris
584 3097 1045 3152 commanentibus
1132 3107 1527 3147 commorantur
1597 3091 1649 3142 in
1717 3089 1962 3140 ctuttohio

2043 1930 2094 1981 in
2125 1929 2356 1982 Christo.

2113 2017 2426 2072 Fructuosis
2478 2017 2966 2084 dispensationihus
3025 2015 3314 2070 multorum
3373 2015 3612 2069 fidelium

2045 2109 2410 2177 possessiones
2440 2108 2502 2158 ad
2533 2118 2718 2160 sancta
2754 2107 2866 2160 loca
2898 2109 3144 2168 traditas,
3176 2108 3414 2159 onmium
3445 2107 3612 2158 hono-

2048 2213 2164 2250 rum
2212 2198 2406 2264 gaudet
2452 2197 2821 2257 conscientia,
2887 2197 2976 2263 qui
3037 2197 3349 2249 luereditate
3399 2206 3613 2250 terrena

2049 2288 2345 2355 coriiparari
2371 2301 2525 2353 posse
2557 2302 2659 2337 non
2685 2287 2927 2338 dubitant
2957 2302 3204 2355 superna.
3230 2287 3429 2340 Amore
3461 2289 3618 2356 hujus

2051 2378 2217 2430 beata:
2239 2378 2370 2443 spei,
2402 2386 2453 2427 nt
2484 2377 2784 2428 audivimus
2807 2394 2833 2430 a
2860 2379 3222 2437 narrantibus,
3253 2379 3395 2431 ducti
3429 2395 3619 2447 pari-n-

2055 2475 2133 2519 tes
2181 2466 2341 2518 vestri
2380 2476 2583 2533 partem
2631 2468 2792 2519 fontis
2818 2507 2832 2527 ,
2879 2469 3052 2520 vivida
3093 2471 3415 2534 scaturigine
3454 2472 3618 2523 SiIIt'II‘

2054 2558 2427 2618 scaturientis,
2472 2558 2802 2610 tradiderunt
2839 2561 3165 2612 monasterio
3202 2560 3498 2615 Salvatnris
3529 2579 3622 2614 nn-

2055 2649 2173 2711 stri,
2203 2650 2343 2716 quod
2390 2650 2588 2716 optime
2625 2665 2717 2702 vos
2766 2665 2922 2704 nosse
2969 2652 3235 2715 novinms,
3273 2655 3398 2720 quit
3437 2655 3619 2706 datum

2055 2739 2158 2801 sit,
2205 2745 2259 2790 et
2289 2752 2389 2804 qua
2439 2738 2551 2805 lege
2598 2740 2932 2791 scrviemhun
2979 2742 3050 2793 sit
3092 2743 3156 2795 ad
3207 2743 3304 2794 hoc
3353 2747 3625 2796 eunt-ossis

2059 2827 2354 2894 mancipiis.
2406 2826 2582 2890 Quare
2620 2838 2790 2878 ratum
2838 2828 2950 2881 fore
2989 2831 3252 2884 consiliati
3285 2847 3470 2885 sumus
3499 2848 3627 2886 cou-

2060 2917 2208 2970 cordi
2238 2919 2579 2970 concessione
2610 2919 2778 2971 nostri
2818 2921 3062 2974 advncati
3097 2922 3220 2974 talia
3251 2928 3628 2978 commendare

2061 3016 2249 3058 vestrm
2280 3006 2599 3070 defensioni,
2631 3008 2807 3075 qualia
2848 3021 2968 3062 sunt
2999 3014 3256 3065 attributa
3303 3019 3629 3067 monasterio

2063 3104 2460 3148 antecessorum
2509 3105 2808 3149 vestrorum
2860 3098 3137 3152 beneﬁcio.
3187 3103 3356 3156 Alieni
3400 3121 3630 3173 nan-.qne

379 3187 891 3260 Phyuhtvvangensi,
921 3181 1294 3236 consuetudini
1343 3179 1664 3231 monachica:
1698 3178 1956 3228 ennstitn-
1987 3162 2028 3221 C
2061 3186 2366 3254 superam.“
2424 3201 2518 3239 sua
2573 3187 2758 3253 lucra,
2828 3206 2931 3244 mm
2984 3191 3182 3258 justum
3232 3162 3627 3250 mmmaliuuim

381 3282 564 3341 tionis,
596 3287 755 3348 prout
784 3289 1090 3344 possumus,
1114 3270 1493 3324 deservientes.
1527 3266 1672 3319 Felix
1696 3266 1954 3325 ECCICoiJ,

381 3388 501 3438 qua:
528 3369 783 3437 perdigne
820 3366 1123 3433 gratulatur
1153 3360 1240 3410 tali
1276 3358 1515 3426 principe
1549 3356 1709 3406 fulta!
1741 3355 1959 3405 (Ich-bro

381 3476 579 3513 nomen
609 3469 873 3514 vestrum,
905 3454 1044 3520 quod
1081 3451 1280 3519 jugitcr
1312 3446 1600 3500 amorifero
1636 3446 1794 3496 corde
1838 3445 1960 3496 hinc

383 3550 508 3601 inde
534 3545 950 3599 sermocinatur)
987 3541 1246 3599 volitans,
1277 3536 1470 3602 ubique
1508 3549 1716 3584 summo
1752 3546 1962 3582 rumore

386 3636 724 3695 ttlﬂ'undizur,
779 3631 966 3681 vilitati
1027 3635 1220 3679 nostra:
1267 3623 1600 3676 denuntiavit
1627 3621 1962 3688 prtesentiam

386 3729 550 3780 vestri
592 3726 704 3777 fore
747 3725 798 3775 in
848 3721 1120 3772 vicinitate
1153 3717 1306 3770 nobis
1335 3717 1958 3783 admndmnopporln..a.

388 3797 590 3871 Idcirco
621 3815 771 3881 quasi
813 3813 880 3863 de
916 3810 1204 3878 asperitate
1247 3807 1530 3866 eremitali,
1560 3806 1646 3857 ubi
1681 3805 1835 3857 tellus
1877 3821 1964 3855 ne-

389 3906 493 3958 scit
517 3915 828 3969 stagnnium
862 3899 1081 3967 gignere
1115 3897 1284 3959 sinus,
1321 3905 1453 3948 etut
1482 3896 1552 3945 ita
1581 3894 1810 3954 deatur,
1841 3891 1967 3958 quid

391 3998 458 4046 sit
486 3994 677 4062 piscis,
707 3990 921 4057 penitus
967 3989 1267 4055 ignoretur,
1313 3985 1572 4058 mittimus
1625 3986 1691 4035 ad
1739 3985 1966 4036 nobilem

389 4083 767 4136 celsitudinem
794 4088 1049 4138 vestram,
1077 4077 1120 4128 si
1154 4076 1327 4126 debita
1352 4089 1504 4140 copia
1538 4073 1734 4124 vivaria
1773 4072 1898 4133 lata,
1919 4081 1971 4124 et

391 4177 586 4242 smpius
617 4172 811 4224 merito
842 4187 869 4221 a
901 4169 1007 4220 Deo
1035 4168 1305 4220 dilatanda
1341 4165 1640 4218 scaturiaut
1680 4165 1970 4216 abundanti

393 4279 445 4321 et
476 4263 952 4320 consuetudinaria
994 4261 1216 4328 piscium
1251 4258 1420 4311 fetura
1443 4298 1456 4319 ,
1497 4267 1738 4309 nostrum
1770 4256 1970 4309 Pascha

395 4361 665 4427 piseigena
723 4353 1004 4420 largitione
1040 4350 1272 4417 iubeatis
1297 4349 1607 4418 jucundari.
1633 4348 1842 4398 solitam
1880 4351 1974 4398 im-

397 4446 674 4514 pertiendo
730 4439 1179 4496 misericordiam,
1208 4451 1367 4503 quam
1415 4437 1564 4488 vobis
1603 4433 1804 4488 fecistis
1833 4435 1970 4502 ame

2057 3276 2254 3330 sectari
2294 3274 2779 3344 referuntur..Quia
2807 3280 2860 3332 in
2887 3283 3133 3336 oaznlbus
3162 3287 3407 3352 negotiis,
3438 3289 3500 3340 ad
3534 3304 3631 3340 nos

2061 3368 2492 3434 pertinentibus,
2543 3379 2778 3422 vestrum
2833 3369 3140 3442 Suﬂ’ragium
3171 3415 3185 3437 ,
3228 3377 3269 3428 si
3316 3379 3630 3448 dignamini,

2064 3455 2257 3508 habere
2294 3457 2682 3520 desideramus,
2723 3461 2860 3513 hunc
2903 3460 3122 3516 fratrem
3159 3467 3421 3520 mittimus
3449 3470 3630 3537 pietati

2065 3552 2254 3595 vestrm
2277 3585 2289 3606 ,
2332 3560 2490 3612 quem
2521 3547 2735 3600 easdem
2787 3564 2870 3602 res
2902 3549 3202 3607 feceramus
3236 3573 3543 3624 procurare,
3579 3572 3636 3613 ut

2065 3648 2274 3700 semper
2311 3635 2746 3690 reclamationem
2792 3653 2885 3706 per
2932 3656 3050 3694 eum
3099 3643 3410 3709 habeamus,
3444 3665 3636 3704 secun-

2066 3725 2189 3777 dum
2223 3727 2362 3792 quod
2413 3728 2564 3779 scitis
2612 3728 2850 3796 ejusdem
2899 3731 3111 3786 familia!
3147 3733 3313 3806 legem
3356 3749 3634 3801 statutam,

2070 3829 2134 3866 ne
2173 3828 2266 3866 cos
2304 3814 2496 3884 aliquis
2544 3818 2740 3886 injuste
2789 3835 2880 3887 pre
2907 3831 2990 3874 :iat
3043 3826 3262 3879 servitio
3288 3867 3300 3887 ,
3351 3829 3429 3878 \i-l
3466 3833 3529 3881 ab
3559 3833 3639 3883 eis

2070 3903 2365 3973 tit‘gligalut‘
2395 3907 2568 3973 colligi
2601 3917 2655 3959 et
2694 3912 2838 3961 reddi
2872 3927 3078 3973 census.
3115 3915 3292 3968 domui
3337 3918 3425 3971 Dei
3466 3921 3640 3988 inqui-

2072 3994 2266 4047 rendus
2307 4005 2358 4046 et
2399 3999 2718 4052 reddendus.
2759 4002 3072 4071 Quanquam
3103 4009 3244 4059 enim
3277 4010 3492 4077 quidam
3523 4013 3640 4078 qui-

2071 4085 2170 4138 bus
2199 4085 2442 4140 humana:
2479 4090 2800 4159 caduca-que
2840 4108 2925 4146 res
2961 4095 3180 4150 nitnium
3208 4098 3500 4161 adlucrezt,
3547 4105 3636 4154 hu-

2068 4175 2296 4243 jusmodi
2333 4177 2451 4230 data
2485 4181 2825 4248 patrimonia,
2858 4185 2956 4239 sibi
2992 4190 3203 4253 penitus
3232 4192 3438 4245 sublata
3473 4198 3611 4260 pruni

2079 4274 2242 4364 tcant,
2275 4277 2447 4331 tamen
2478 4287 2578 4323 non
2610 4273 2711 4324 erit
2740 4275 3001 4330 exstincta
3031 4280 3136 4346 piis
3167 4283 3395 4348 posrcris
3423 4285 3567 4336 clara
3591 4296 3644 4337 ιιι

2081 4363 2302 4424 insignis
2349 4363 2707 4415 remuneratio
2754 4365 2992 4432 ejusdem
3044 4370 3409 4433 luci-editatis,
3461 4376 3502 4424 si
3553 4393 3644 4425 vos

2079 4453 2262 4502 eadem
2291 4452 2526 4518 priorum
2567 4458 2855 4509 comitatur
2883 4459 3095 4512 devotio
3126 4462 3173 4513 in
3202 4464 3494 4517 excolendo
3527 4466 3646 4518 lim-

396 4539 565 4590 Deum
601 4536 744 4604 piam
794 4539 1093 4599 patronam,
1142 4543 1353 4596 semper
1399 4528 1785 4581 commiserans
1835 4529 1972 4580 indi-
2008 4507 2181 4610 nunc
2213 4545 2430 4597 smmi"
2460 4547 2649 4601 dem-le
2702 4553 3071 4620 mancipandu’
3115 4565 3170 4608 1η
3215 4507 3335 4617 “of:
3376 4507 3644 4624 (Iuli-HQ..-

392 4627 664 4697 gentibus.
700 4621 900 4675 Valete.

1140 4710 1228 4764 IX.

812 4819 877 4855 AD
917 4819 968 4856 G.
1010 4817 1568 4856 ARCUIPBESBYTERUH.

395 4917 466 4970 Ut
507 4915 845 4984 iuﬂigenlam
889 4911 1116 4984 Ortwiuo
1153 4913 1446 4984 presbytero
1491 4926 1691 4978 1-minute
1729 4911 1976 4978 tantisper

1073 4982 1304 5048 diﬂeral.

476 5079 542 5133 Ο.
570 5077 883 5131 Venerando
911 5076 1376 5143 archipresbytero
1392 5073 1476 5126 W.
1514 5072 1978 5142 Phynhtwaugcn-

399 5173 484 5225 sis
539 5168 786 5222 Ecclesia:
824 5170 1069 5235 provisor
1109 5165 1352 5232 indignus
1392 5167 1618 5218 Salutem
1653 5166 1701 5216 in
1738 5163 1973 5219 Clu-isto.

484 5259 777 5315 Ortwinum
815 5261 1185 5330 presbyterum
1226 5270 1401 5311 vestro
1428 5257 1762 5324 discipulatui
1796 5257 1974 5324 subje-

407 5363 563 5408 ctum
592 5353 882 5406 audivimus
910 5355 958 5406 in
986 5367 1083 5406 vos
1113 5365 1228 5402 esse
1272 5351 1608 5418 culpabilem.
1644 5350 1708 5402 Et
1734 5365 1835 5402 non
1867 5364 1978 5402 mo-

411 5442 872 5476 Ainnnualnlninnnc
925 5446 1046 5476 ηιιῖη
1085 5440 1323 5476 νίιΙίιΙὲιοοΙ
1381 5457 1478 5476 non
1534 5454 1628 5476 nnc
1663 5438 1815 5476 huhnl
1867 5439 1981 5476 nlo-

2082 4644 2198 4686 tura
2239 4635 2424 4690 debuit
2453 4639 2611 4691 homo
2637 4682 2650 4703 ,
2703 4643 2880 4696 anima
2913 4645 3180 4713 possideat
3220 4648 3268 4699 in
3303 4648 3482 4704 futuro
3512 4667 3647 4720 pra:-

2083 4725 2190 4779 niio
2220 4725 2577 4781 haereditario.
2608 4730 2814 4786 Valete.

2818 4822 2886 4878 XI

2296 4923 2367 4962 AD
2404 4926 2704 4966 ιυιτοωωι
2740 4928 3026 4971 ειιιςαορυιι
3069 4933 3438 4974 Αυςυιτλκωι.

2230 4993 2302 5047 De
2345 4999 2554 5069 injuriis
2598 5001 2691 5052 sibi
2731 5019 2761 5053 tt
2795 5003 3046 5058 [iiIi/tardi
3094 5005 3204 5071 ﬁlio
3248 5008 3509 5076 irrogatis.

2155 5087 2215 5140 [ι.
2247 5084 2576 5145 Prmsulatus
2603 5085 2774 5143 ollicio
2813 5095 2999 5149 emlica
3031 5094 3350 5160 pinusulaute
3382 5099 3547 5160 gratia
3580 5098 3662 5150 in-

2086 5175 2322 5247 signito,
2387 5179 2549 5234 frater
2596 5175 2678 5229 W.
2728 5185 3122 5247 przeordinatus
3177 5182 3664 5254 Pbyubtwmgensi

2087 5273 2434 5326 mon:lsterio
2458 5308 2470 5329 .
2507 5267 2763 5336 quidquid
2812 5290 2999 5332 servus
3048 5271 3376 5325 dcvotissimi
3411 5277 3676 5329 oraminis

2089 5358 2173 5410 \‘t'I
2241 5353 2623 5419 faruutaininis
2688 5360 2920 5424 Domino
2991 5363 3368 5434 perpetualiter
3450 5363 3677 5422 hau-edi-

2116 5468 2140 5476 ιι
2153 5463 2230 5476 -.Α
