4466 5578
875 437 938 491 13
1978 436 2335 492 ΠΕΗῚΞΙΗΩΙ
2376 430 2678 487 MONACIII
2720 434 2774 488 S.
2815 435 3015 490 GALLI
4081 446 4144 499 16

874 565 931 603 se
962 548 1131 604 fetere
1163 548 1357 605 fecisse
1398 565 1580 605 coram
1621 550 1900 603 Pharaone
1927 560 1980 604 et
2012 548 2306 618 Aigyptiis,
2336 547 2459 601 dum
2494 550 2537 606 Α
2570 546 2746 616 ἱιιοιιὶδ
2813 548 3068 603 frumenti
3127 565 3296 619 nuper
3350 551 3497 607 vobis
3545 554 3812 608 incassum
3856 555 4146 611 demanda-

871 639 1112 707 qnotidie
1156 648 1211 695 et
1259 641 1356 710 ipsi
1401 640 1708 696 durioribus
1736 642 2070 695 diversarum
2112 640 2445 694 sarcinarum

872 730 1136 800 premitur
1181 730 1505 801 opprobriis.
1559 730 1812 787 Cruentis
1868 728 2182 783 vulneribus
2232 727 2454 782 sanciati

871 820 1267 891 querimoniam
1316 820 1619 876 feceramus
1662 821 1727 876 de
1780 820 2112 875 multimodis
2164 817 2375 887 injuriis
2426 834 2456 872 a

871 914 979 969 tilio
1011 912 1276 968 Rihbardi
1312 914 1469 969 nobis
1498 927 1639 983 saepe
1677 912 1871 983 smpius
1900 920 2220 983 arroganter
2252 912 2456 981 irrega-

871 1008 958 1073 tis,
1001 1019 1103 1061 nec
1130 1004 1293 1060 ullam
1326 1004 1759 1060 emendationem
1788 1004 2004 1075 penitus
2042 1002 2407 1057 sentiebamus
2437 1018 2451 1065 ;

869 1096 965 1152 sed
996 1104 1218 1166 propter
1244 1095 1368 1160 hoc,
1400 1094 1541 1165 quod
1579 1094 1730 1150 vobis
1759 1093 1964 1149 causati
1993 1108 2197 1155 sumus,
2227 1092 2456 1147 odibilcs

868 1186 1157 1243 existimas
1202 1186 1452 1242 omnibus
1489 1186 1681 1242 incolis
1744 1186 1886 1241 illius
1955 1185 2206 1257 regionis.
2271 1184 2457 1239 Nullus

869 1277 1017 1331 enim
1066 1286 1250 1343 amat,
1302 1277 1479 1333 nullus
1533 1286 1862 1342 veneratur;
1911 1277 2035 1345 quia
2082 1275 2257 1331 nullus
2307 1277 2459 1329 timet

870 1376 1229 1436 supratonsus
1252 1408 1265 1432 ,
1319 1382 1418 1424 nec
1448 1368 1873 1433 circumtonsus,
1909 1352 2007 1422 nec
2037 1368 2204 1422 Deum
2234 1382 2333 1421 nec
2362 1368 2458 1421 ho-

870 1462 1097 1515 minem.
1146 1460 1335 1516 Cuncti
1386 1478 1485 1517 nos
1528 1462 1927 1516 inimicahiliter
1976 1462 2352 1529 insequuntur,
2404 1465 2458 1510 et

878 1551 1109 1606 maxime
1139 1551 1227 1606 ille
1256 1554 1543 1621 prardictus
1566 1592 1580 1617 ,
1632 1552 1721 1623 qui
1745 1592 1758 1617 ,
1809 1561 2092 1621 postquam
2123 1567 2153 1604 a
2188 1548 2336 1604 vobis
2368 1547 2459 1602 do-

870 1649 1022 1695 mum
1050 1644 1265 1696 reversi
1312 1657 1497 1696 sumus
1526 1683 1540 1706 ,
1588 1628 1791 1710 majore
1854 1642 2157 1696 temeritate
2224 1636 2456 1700 inflatus,

882 1730 1003 1799 quia
1032 1730 1266 1785 civicum
1304 1731 1629 1801 adjutorium
1677 1746 1784 1786 non
1822 1731 2132 1793 invenerat,
2173 1742 2462 1796 congrega-

884 1829 1028 1875 verat
1058 1821 1408 1889 Suevigenas,
1439 1837 1576 1891 quos
1605 1828 1835 1891 poterat,
1872 1829 1925 1874 et
1950 1828 2101 1889 prata
2126 1826 2308 1873 nostra
2337 1830 2457 1870 cum

2563 651 2832 701 vcramus,
2864 638 2989 707 quia
3022 638 3189 707 priori
3236 655 3378 695 anno
3414 651 3574 696 terra:
3622 643 3950 707 infertilitas,
4002 647 4146 699 aeris

2566 728 2924 798 inmqualitas,
2957 731 3203 785 utetiam
3234 732 3405 785 homo
3430 734 3670 788 videmus
3700 735 3934 799 evenire,
3967 734 4146 806 fruges

2560 820 2811 874 ditiorum
2857 820 3095 876 locorum
3125 862 3140 887 ,
3190 837 3309 891 qua:
3376 824 3427 876 itt
3491 824 3803 878 alimoniam
3855 825 4145 889 habemus,

2564 913 2760 968 hiemis
2794 915 3093 985 aSperitas,
3143 916 3458 987 pruiuzeque
3506 917 3832 972 mordacitas
3892 918 4147 988 utrinque

2562 1005 2680 1075 plus
2707 1021 2870 1076 quam
2903 1023 2970 1062 1.x
2996 1006 3185 1078 jugera
3221 1010 3449 1064 dceovit.
3482 1009 3618 1076 Quid
3656 1010 3732 1064 illi
3768 1009 4038 1065 fatniliolte
4071 1012 4148 1062 i‘a-

2560 1096 2809 1150 ciendum
2859 1098 2969 1161 sit,
3005 1099 3272 1153 nescimus
3298 1139 3312 1163 ,
3366 1114 3485 1169 qua:
3521 1100 3645 1154 hinc
3676 1100 3798 1154 inde
3826 1101 4018 1171 vagula
4050 1117 4148 1171 per

2561 1186 2707 1240 varia
2736 1187 3027 1258 dissipatur
3055 1188 3196 1252 loca,
3226 1204 3329 1243 non
3362 1190 3568 1244 habens
3600 1191 3764 1245 debiti
3794 1191 3968 1246 victus
3994 1190 4143 1246 sulti-

2560 1277 2813 1331 cicntiam
2854 1280 3177 1333 necessaria.

2630 1367 2751 1422 Istis
2779 1370 3097 1438 czcterisque
3128 1371 3505 1438 praztermissis
3548 1372 3613 1426 de
3656 1372 3965 1427 domesticis
3998 1388 4145 1427 com-

2561 1458 2813 1526 patiendo
2842 1466 3133 1513 tractamus
3155 1499 3167 1523 ,
3205 1461 3294 1527 qui
3340 1476 3435 1514 nos
3464 1462 3704 1529 quotidie
3735 1462 4139 1517 conclamantes

2562 1550 2909 1620 perturbant,
2959 1550 3152 1603 vietum
3196 1552 3557 1619 vestitumque
3601 1551 3940 1621 hyperbolice
3979 1566 4147 1620 expo—

2563 1648 2810 1703 scentes,
2858 1650 3099 1693 sartores
3128 1639 3375 1695 videlicet
3424 1641 3677 1695 Ecclesiae
3719 1649 4145 1709 caeterornmque

2563 1731 2911 1785 tediticiorum
2970 1731 3377 1785 instauratorcs.
3435 1730 3547 1784 Duo
3581 1732 3742 1784 etiam
3797 1731 3955 1794 coci,
4006 1747 4147 1783 unus

2570 1824 2731 1893 ligna,
2761 1823 2898 1877 alter
2921 1822 3180 1892 colligens
3218 1822 3397 1888 olera;
3451 1822 3556 1877 duo
3600 1823 3852 1892 pistores,
3886 1822 4149 1876 bubulcus

879 1928 1063 1967 eorum
1096 1913 1251 1981 equis
1278 1927 1344 1967 ex
1390 1913 1629 1967 maxima
1667 1922 1821 1982 parte
1849 1913 2105 1982 depastus
2136 1920 2259 1975 est;
2314 1909 2457 1962 illam
2495 1911 2535 1968 Il
2566 1926 2731 1983 atque
2758 1912 3033 1976 subulcus,
3057 1913 3357 1982 caprarius,
3386 1920 3568 1966 custos
3590 1926 3875 1981 equorum,
3908 1919 4144 1973 sutores,

876 2018 1097 2072 aquam,
1134 2012 1330 2072 prteter
1360 2019 1521 2073 quam
1560 2004 1757 2058 nullam
1810 2005 2064 2059 habemus
2093 2003 2272 2066 aliam,
2303 2017 2463 2071 quam

877 2096 925 2147 ci
977 2108 1119 2162 sa‘pe
1160 2094 1559 2161 interdiximus,
1602 2096 1868 2165 expiscari
1918 2082 2111 2148 l'ttrtive
2168 2103 2219 2148 et
2246 2094 2465 2164 publice

878 2198 981 2235 non
1009 2193 1206 2236 cessat.
1248 2183 1320 2237 De
1353 2184 1438 2238 his
1469 2185 1722 2239 omnibus
1752 2185 1955 2238 nullum
1987 2184 2247 2239 habemus
2279 2182 2464 2237 defen—

876 2274 1083 2326 sorem!
1140 2274 1264 2342 quia
1310 2274 1464 2329 vobts
1498 2276 1768 2329 variarum
1800 2290 1975 2329 rerum
2010 2274 2221 2342 negotia
2263 2273 2465 2343 jugiter

874 2362 1201 2427 allabnntur,
1228 2373 1518 2434 nosterque
1544 2366 1838 2419 advocatus
1865 2365 2101 2433 undique
2125 2364 2193 2417 ab
2224 2364 2461 2417 hostium

866 2453 1089 2508 insidiis
1117 2454 1369 2509 detentus
1407 2454 1765 2519 dilaceratur;
1808 2464 1861 2509 et
1896 2455 2013 2508 ideo
2069 2470 2099 2507 a
2145 2462 2337 2507 neutro
2367 2452 2461 2507 de-

864 2546 1014 2600 fensi
1063 2546 1189 2600 hinc
1230 2545 1355 2600 inde
1386 2546 1773 2601 miserabiliter
1808 2561 1835 2599 a
1866 2545 1955 2599 tali
2004 2559 2326 2614 quassamur
2368 2543 2463 2595 ho-

877 2635 1045 2687 mullo
1067 2634 1162 2704 (ita
1186 2635 1327 2704 cod.)
1353 2642 1534 2688 tamen
1562 2651 1590 2687 a
1616 2634 1802 2705 Capi‘c
1825 2634 1994 2704 Regio
2020 2633 2231 2687 defendi
2261 2633 2462 2702 absque

863 2724 1211 2777 dubitatione
1242 2740 1543 2793 speramus.
1587 2723 1792 2779 Valete.

1610 2818 1723 2871 XII.

1505 2926 1573 2965 AD
1602 2925 1842 2965 εωωειι.

878 2997 1181 3056 Extremam
1208 3017 1432 3055 annona!
1465 3002 1739 3071 penuriam
1779 3002 1893 3071 ejus
1924 3000 2258 3069 beneﬁcentia
2293 2998 2459 3053 suble-

1452 3072 1675 3124 randam
1702 3080 1895 3141 sperat.

948 3182 1187 3238 Antistiti
1237 3182 1297 3236 L.
1350 3181 1489 3254 [σοά.
1541 3182 1621 3247 1.,
1662 3183 1787 3248 sed,
1822 3192 1875 3236 ut
1922 3183 2142 3245 videtur,
2197 3184 2461 3254 mendose1

879 3273 1047 3329 tutori
1090 3272 1187 3329 Dei
1236 3273 1490 3329 Ecclesia:
1524 3274 2064 3345 catholico'pastori.
2113 3275 2200 3330 W.
2246 3275 2463 3329 humilis
2490 3255 2534 3317 C

857 3366 1181 3430 'homullus,
1220 3367 1413 3420 devota
1450 3366 1631 3420 munia
1668 3365 1975 3421 sedulordm
2007 3365 2379 3436 precaminum
2404 3366 2460 3419 in

870 3459 1095 3515 Christo

950 3548 1121 3603 Solita
1149 3549 1435 3605 sedulitate
1461 3550 1806 3621 loquacitatis
1837 3551 2031 3621 ineptae
2059 3550 2237 3605 nimia:
2262 3549 2463 3604 insisti-

874 3656 998 3695 mus
1046 3642 1235 3710 grandi
1284 3642 1571 3711 petitioni,
1619 3643 1882 3714 valdeque
1930 3643 2156 3714 grandia
2195 3643 2460 3712 petimus,

877 3734 1003 3803 quia
1035 3748 1128 3788 vos
1158 3736 1381 3805 grandia
1422 3735 1605 3807 largiri
1651 3752 1818 3805 usque
1868 3736 2028 3791 modo
2073 3734 2459 3817 sentiebamus.

878 3826 1081 3882 Sericis
1115 3828 1311 3882 tunicis
1334 3869 1348 3893 ,
1395 3844 1533 3898 quas
1579 3844 1749 3899 usque
1794 3844 1938 3883 nunc
1966 3830 2035 3884 ob
2064 3829 2461 3898 eleemosynam

878 3918 1043 3972 vestri
1090 3918 1414 3973 sullieienter
1460 3920 1793 3975 habebamus
1813 3960 1829 3984 ,
1858 3920 2015 3974 modo
2047 3934 2151 3973 non
2180 3918 2461 3982 habemus,

880 4008 981 4062 nisi
1014 4008 1208 4079 singuli
1237 4008 1433 4064 fratres
1460 4010 1717 4081 singulas,
1753 4010 2000 4079 ipsasque
2030 4016 2299 4063 vetustate
2326 4021 2464 4077 pene

878 4108 1245 4170 consumptas.
1299 4099 1455 4154 Nulla
1500 4101 1645 4154 enim
1696 4098 1893 4154 femina
1940 4107 2120 4153 vestro
2151 4099 2274 4167 jure
2310 4098 2463 4150 nobis

879 4205 1137 4247 concessa
1170 4191 1462 4247 laniﬁcium
1491 4201 1775 4262 operatur;
1818 4192 1941 4261 quia
1976 4202 2033 4245 ut
2063 4191 2249 4245 incolte
2288 4192 2461 4259 regio-

868 4283 964 4337 rnis
989 4283 1289 4349 decertant,
1322 4284 1469 4339 nullo
1503 4284 1662 4338 modo
1694 4282 1783 4337 tali
1817 4283 1933 4353 lege
1965 4280 2350 4352 infringuntur.
2388 4282 2462 4335 De

2569 2006 2825 2070 lautores,
2856 2005 3171 2059 brazatores
3199 1998 3587 2075 [braxatores],
3611 2003 3700 2073 qni
3723 2016 3869 2056 nunc
3898 2001 4142 2070 quotidie

2567 2106 2781 2151 vacant.
2814 2095 3026 2149 Ntrllum
3069 2096 3211 2149 enim
3240 2095 3504 2164 hospitem
3550 2107 3833 2163 po~snmus
3870 2092 4147 2161 suscipere

2567 2197 2659 2241 aut
2688 2196 2815 2257 potu
2848 2186 3071 2240 reticere
3105 2204 3116 2237 :
3147 2186 3271 2255 quia
3297 2201 3399 2237 non
3432 2184 3693 2238 dederunt
3724 2184 3877 2237 nobis
3898 2183 4143 2245 brazam.

2564 2277 3077 2349 quibusjusseratis.
3102 2275 3436 2343 Pauperibus
3461 2289 3689 2342 namque
3717 2288 3809 2325 vos
3838 2273 3888 2325 in
3913 2272 4146 2326 eleemo-

2565 2384 2751 2439 synam
2784 2368 3135 2437 suscepimus,
3182 2374 3234 2417 et
3266 2365 3367 2428 his,
3401 2364 3489 2433 qui
3538 2364 3663 2417 hinc
3694 2363 3815 2417 inde
3844 2363 4143 2426 confluunt,

2540 2474 2671 2514 mon
2701 2456 2960 2512 audemus
2988 2457 3250 2526 denegare
3276 2456 3487 2509 solatia.
3519 2454 3803 2508 Fratribus
3828 2455 3974 2508 omni
4009 2454 4147 2510 Sab-

2566 2555 2691 2608 bato
2718 2566 2814 2622 pro
2846 2549 3108 2604 charitate
3140 2544 3470 2603 miscendum
3494 2557 3615 2616 post
3644 2546 3970 2609 Mandatum,
4003 2547 4149 2599 aliis-

2571 2656 2679 2712 que
2732 2640 2960 2695 snmtnis
3008 2638 3159 2693 festis
3219 2637 3512 2701 utendum,
3562 2652 3665 2690 non
3719 2637 3983 2690 modicum
4039 2636 4147 2689 viui

2566 2731 2798 2802 empturi
2828 2745 3012 2786 sumus
3039 2744 3161 2784 cum
3190 2728 3276 2781 illa
3303 2728 3525 2796 pecunia
3550 2742 3707 2795 quam
3738 2728 3953 2794 utrique
3979 2727 4149 2779 nostri

2566 2822 2903 2876 dominorum
2928 2818 3105 2890 largiti
3131 2827 3275 2873 sunt.
3297 2818 3502 2872 Cretera
3525 2817 3860 2887 plurimaque
3881 2816 3930 2869 id
3954 2831 4145 2886 genus,

2566 2928 2685 2983 quae
2711 2912 2925 2974 desunt,
2953 2925 3235 2977 speramus
3262 2908 3535 2962 emendari
3569 2922 3597 2959 a
3625 2917 3779 2975 patre
3810 2904 4143 2966 monasterii,

2568 3017 2727 3075 quem
2756 3016 2851 3057 vos
2884 3015 3005 3055 esse
3032 3000 3370 3069 proﬁtentur.
3400 2996 3607 3051 Valete.

3284 3087 3418 3143 XIII.

2882 3200 3044 3249 ment,
3072 3201 3142 3239 υτ
3176 3198 3410 3238 vmmva
3432 3222 3446 3245 ,
3484 3197 3548 3234 Αι)
3582 3196 3634 3234 c.
3667 3195 3735 3233 ετ
3775 3194 3826 3231 ε.

2738 3275 2873 3331 Petit
2909 3275 3278 3345 frequentiores
3307 3274 3505 3325 litteras
3542 3281 3588 3325 et
3619 3271 3701 3323 sui
3725 3284 3973 3322 amorem.

2641 3368 3000 3424 Dilectissimo
3047 3366 3187 3434 patri
3233 3364 3299 3419 G.
3333 3365 3614 3433 dignasque
3658 3358 3816 3414 matri
3861 3357 3922 3411 Ε.
3965 3356 4147 3411 settiOr

2566 3460 2654 3515 W.
2698 3460 2973 3527 fraterque
3005 3455 3190 3527 junior
3222 3469 3370 3519 azvo,
3410 3452 3637 3507 salutem
3670 3450 3722 3504 in
3756 3448 4001 3503 Domino.

2637 3553 2789 3621 Quod
2835 3551 2996 3620 longo
3047 3556 3289 3617 tempore
3327 3545 3521 3617 privati
3562 3558 3749 3598 sumus
3777 3551 3958 3596 vestro
3986 3538 4152 3592 collo-

2565 3644 2709 3716 quio,
2737 3642 2930 3712 sazpius
2954 3640 3234 3695 tristamur
3260 3651 3494 3692 maerore
3524 3651 3627 3690 non
3658 3634 3887 3687 modico.
3914 3631 4145 3684 Nimium

2569 3745 2749 3791 tamen
2782 3732 2971 3787 confisi
3003 3738 3191 3784 vestrae
3222 3727 3406 3799 pietati
3440 3725 3570 3779 nihil
3602 3724 3743 3777 aliud
3774 3731 4019 3792 petamus
4044 3719 4145 3772 nisi

2568 3824 2953 3896 plenitudinem
2983 3820 3266 3875 cbaritatis
3295 3828 3350 3873 et
3376 3814 3791 3885 compatientice,
3816 3826 3976 3882 quam
4005 3824 4149 3862 sent-

2568 3934 2663 3989 per
2694 3918 2748 3972 in
2776 3915 2931 3971 vobis
2976 3912 3330 3968 habebamus.
3378 3908 3518 3963 Nihil
3566 3906 3708 3961 aliud
3747 3903 3949 3957 servitii
3984 3901 4147 3980 habe.-

2569 4024 2689 4063 mus
2734 4022 2845 4075 pra:
2876 4004 3140 4059 manibus.
3198 4002 3310 4055 Hoc
3354 4000 3547 4055 scitote
3594 3998 3708 4051 sine
3758 3995 3957 4055 dubio,
4003 3992 4147 4060 quod

2561 4098 2761 4169 jugiter
2812 4094 3178 4166 supplicam‘us
3207 4108 3391 4147 coram
3446 4104 3655 4143 summo
3700 4089 3807 4140 Deo
3836 4101 3934 4155 pro
3971 4094 4146 4137 vestra

2570 4190 2901 4245 beatitudine
2927 4188 3013 4241 hic
3044 4187 3183 4241 etin
3220 4185 3376 4240 CtBIO.
3411 4181 3613 4237 Valete.

3503 4427 3733 4439 -..———-——-.

896 4388 4146 4460 mw

2068 4432 3493 4461 rw

2050 4580 2218 4625 ANNO
2264 4578 2487 4623 DOMINI
2534 4576 2922 4620 DCCCCLXXX.

1562 4710 3484 4959 HELPERICUS

2073 5034 2513 5101 MONACHUS
2560 5034 2620 5095 S.
2672 5033 2938 5095 GALLI.

2442 5160 2655 5179 ——-I—-—h

1341 5244 1860 5340 .NOTITIA
1932 5241 2582 5336 HISTORICA
2661 5242 2783 5329 IN
2862 5232 3675 5325 HELPERICUM.

1919 5414 2101 5478 (Apud.
2136 5412 2328 5462 Fabric.
2354 5409 2588 5461 Blblioth.
2618 5410 2748 5458 med.
2780 5404 2939 5456 etiot.
2959 5403 3090 5466 Lat.)

2403 5542 2693 5557 h—
