4466 5578
351 361 409 413 17
1635 365 1828 423 LIBER
1872 369 1957 424 DE
1996 369 2339 426 COMI’UTO.
3555 383 3620 439 l8

347 476 512 530 edidit
538 476 845 534 Bernardus
877 477 979 535 Pe;
1007 487 1152 536 torno
1179 480 1220 535 ll
1249 481 1646 537 Anecdotorum
1690 490 1846 550 parte
1873 496 1931 546 ll,
1961 488 2010 546 Α
2039 486 2307 556 signorum
2333 487 2409 557 (in
2455 487 2700 557 xodiaco)
2738 486 3041 557 Helpricum
3071 489 3199 560 lege.
3245 492 3313 547 At
3339 495 3484 552 enim
3526 497 3620 552 El-

349 583 466 640 pag.
502 568 759 624 182-222.
809 571 950 628 Idem
989 573 1124 628 liber
1163 587 1249 631 est
1281 575 1372 645 qui
1423 575 1474 629 in
1507 574 1628 629 aliis
1655 574 1931 630 codicibus

348 659 421 713 De
463 671 579 716 arte
659 664 1003 719 calculatoria
1050 667 1383 722 inscribitur.
1438 665 1810 721 meationem
1863 667 1930 721 ad

346 753 589 819 Asprum,
622 754 874 810 abbatem
923 758 1037 811 sive
1067 757 1326 814 decanum
1358 757 1668 812 monasterii
1694 755 1750 812 S.
1792 757 1931 812 Ger-

348 842 486 896 u-aui
510 845 652 912 apud
677 847 1125 913 Autissiodorum,
1154 850 1398 904 ediderat
1421 848 1762 904 Mabillonius
1787 857 1932 903 tomo

342 929 639 1001 lAnalect,
685 951 807 1007 pag.
855 939 957 995 H5
1008 940 1284 1011 (editionis
1325 956 1476 998 novae
1529 958 1649 1014 pag.
1692 941 1821 1010 131)
1866 956 1932 996 ex

343 1027 526 1082 codice
568 1028 913 1086 bibliothecae
967 1031 1024 1087 S.
1075 1032 1333 1089 Germani
1384 1035 1452 1089 de
1500 1033 1698 1097 Pratis,
1747 1033 1800 1086 in
1827 1047 1935 1102 quo

348 1117 658 1187 llelpericus
687 1121 787 1176 iste
828 1123 1026 1178 abbatis
1058 1125 1204 1180 venit
1229 1126 1413 1188 titulo.
1435 1127 1485 1188 Α
1506 1125 1790 1198 Sigeberto
1812 1139 1933 1193 cap.

348 1206 446 1259 Hii
472 1208 538 1262 de
559 1207 618 1262 S.
653 1210 722 1270 Ε.
747 1219 802 1266 et
830 1211 882 1266 in
914 1212 1185 1270 Chronico
1209 1215 1746 1276 referturadanattm
1774 1212 1934 1268 1005.

353 1300 548 1354 Verum
579 1305 813 1376 exempli
847 1307 1032 1374 verba,
1065 1325 1186 1379 qua:
1238 1310 1481 1376 adducit,
1515 1309 1568 1363 in
1619 1323 1742 1370 ms.,
1775 1321 1936 1378 quem

348 1393 580 1461 inspexit
604 1394 1400 1468 Alabillonius,desiderantur,
1429 1401 1791 1470 videnturque
1843 1401 1937 1454 ad-

349 1483 509 1536 ditaa
545 1485 819 1555 scriptore
871 1491 1097 1556 codicis,
1149 1507 1258 1561 quo
1304 1507 1434 1546 usus
1481 1500 1563 1546 est
1599 1491 1928 1562 Sigebertus.

349 1571 477 1625 Nam
501 1588 602 1627 nec
655 1575 708 1629 in
770 1576 912 1633 Pelii
968 1579 1208 1636 editione
1253 1581 1338 1635 illa
1379 1582 1936 1638 invenio.Guilelmus

348 1662 412 1715 de
441 1662 680 1724 Cauchis
709 1666 848 1722 libro
881 1670 1040 1725 tertio
1089 1673 1424 1728 secundariaa
1468 1673 1580 1727 sive
1621 1672 1823 1748 Dialogi
1872 1674 1937 1727 de

349 1748 700 1820 Substantiis,
734 1771 787 1826 p.
813 1757 904 1814 89.
930 1757 990 1813 Si
1011 1775 1200 1815 causas
1215 1761 1486 1814 nominum
1508 1760 1717 1816 illorum
1743 1762 1937 1842 quieris

2033 578 2162 647 prici
2197 578 2440 632 monachi
2483 579 2725 649 epistola,
2775 597 2870 635 cur
2919 582 3162 636 natalilia
3216 582 3525 642 Sanctorum
3564 591 3621 644 in

2033 667 2240 732 Iustitia,
2293 668 2582 725 Parasceve
2632 689 2749 726 vero
2797 677 2850 727 in
2894 673 3109 728 tristitia
3136 674 3472 743 celebremus,
3502 695 3621 748 qua:

2035 759 2196 829 capiti
2250 760 2315 815 18
2343 759 2556 814 Alcuiui
2590 761 2656 816 de
2698 763 2901 818 Divinis
2927 763 3129 821 Olliciis
3168 768 3452 838 subjuncta
3488 768 3624 841 legi-

2037 859 2146 914 tur,
2180 850 2260 906 vel
2291 859 2412 922 post
2452 851 2663 909 Alcuini
2708 863 2946 925 tempora
2972 859 3220 922 accessit,
3243 859 3329 914 vel
3363 860 3407 915 si
3437 860 3504 916 ad
3534 861 3627 916 Al—

2037 943 2253 998 euinum
2290 944 2488 1016 scripta
2520 954 2624 1012 est,
2675 945 2836 1001 alium
2889 957 3048 1017 atque
3093 950 3452 1020 antiquiorem
3496 951 3625 1007 Hel-

2036 1034 2273 1104 pericum
2306 1036 2468 1092 habet
2511 1047 2810 1093 auctorem.
2854 1037 3187 1093 Tritbemius
3226 1041 3363 1096 libro
3386 1042 3451 1097 de
3481 1040 3626 1098 Viris

2040 1127 2340 1186 illustribus
2366 1128 2669 1185 Germaniae
2689 1146 2809 1200 cap.
2837 1131 2907 1186 42
2935 1129 3277 1201 Helpericum
3297 1133 3622 1187 monachum

2040 1216 2099 1273 S.
2130 1215 2291 1282 Galli,
2323 1233 2482 1286 quem
2509 1218 2903 1289 philosophum,
2937 1229 3308 1276 astronomum
3332 1230 3386 1276 et
3410 1230 3624 1292 poetam

2039 1307 2447 1362 celeberrimum
2479 1308 2733 1377 appellat,
2761 1317 2989 1364 testatur
3014 1310 3177 1364 etiam
3207 1309 3396 1363 librum
3418 1308 3483 1363 de
3506 1307 3626 1362 Mtt-

2038 1399 2170 1461 sica,
2221 1407 2276 1451 et
2327 1398 2572 1466 quasdam
2607 1397 2856 1452 Carmina
2904 1401 3186 1470 scripsisse
3218 1420 3229 1453 :
3265 1409 3480 1456 (etatem
3509 1398 3628 1469 ejus

2040 1491 2110 1545 ibi
2141 1491 2309 1545 refert
2348 1491 2414 1544 ad
2465 1506 2665 1544 anitum
2698 1490 2833 1546 1010
2866 1509 2878 1545 :
2910 1492 3005 1548 sed
3035 1491 3129 1546 lib.
3163 1493 3229 1548 de
3256 1491 3623 1561 Scriptoribus

2039 1580 2436 1634 Ecclesiasticis
2481 1595 2598 1649 cap.
2653 1580 2759 1635 39.5
2807 1583 2874 1637 ad
2935 1597 3135 1641 annum
3182 1579 3448 1640 1096.1ta
3476 1589 3531 1637 et
3558 1578 3620 1645 ll,

2041 1669 2131 1735 76,
2155 1669 2350 1724 illustr.
2382 1667 2719 1725 Benedictio.

355 1907 3612 1948 Mm

1489 2063 2478 2186 HELPEBIGI

1611 2303 1898 2350 ΜΟΝΔΟΗΙ
1941 2303 2401 2348 εΑΝαΑιιεΝειε

1177 2474 1650 2598 LIBER
1740 2473 1941 2597 DE

2038 2473 2782 2601 COMPUTO

1366 2709 1533 2771 (Apud
1557 2709 1675 2773 Ρη,
1694 2707 1846 2761 Thes.
1868 2706 2050 2759 Anecl.
2079 2709 2253 2759 noviss.
2279 2707 2341 2771 ll,
2367 2721 2420 2764 ιι.
2453 2708 2536 2756 182
2564 2712 2580 2769 )

1327 2980 1861 3059 PIUEFATIO
1940 2977 2485 3058 HELPEBICI
2549 2963 2661 3052 (¹).

1576 3157 1737 3222 (Δριιά
1758 3157 1937 3208 Habiti.
1966 3156 2190 3207 Analect.
2214 3171 2264 3219 p.
2288 3154 2421 3214 131.)

423 3427 648 3486 ι)ςωίηο
663 3426 813 3483 Patri
832 3425 1211 3491 sanctissimo,
1233 3425 1451 3480 nomine
1471 3422 1670 3490 Asreo,
1696 3421 1938 3476 moribus
1970 3428 2010 3488 Β
2041 3438 2162 3478 cum
2213 3436 2355 3475 anno
2390 3421 2662 3491 pratterito
2711 3419 2975 3491 legatione
3034 3422 3262 3477 fratrum
3318 3431 3622 3482 nostrorum

351 3535 532 3577 autem
566 3519 958 3591 placidissimo,
987 3518 1322 3574 HELPBMCUS
1349 3518 1567 3573 bumilis
1593 3516 1836 3582 vernula,
1868 3532 1940 3571 1e-

353 3621 520 3668 tersa:
545 3611 923 3682 prosperitatis
951 3609 1294 3664 adminicula.

427 3703 560 3756 Dum
593 3701 936 3772 paternitatis
968 3709 1158 3754 vestra:
1195 3699 1528 3770 jussionibus
1551 3699 1722 3754 libens
1751 3713 1938 3769 pareo,

352 3793 648 3846 multorum
679 3794 745 3846 de
770 3790 1015 3845 ridiculis
1041 3790 1483 3845 melacerandum
1516 3805 1727 3859 expono
1753 3807 1766 3843 :
1799 3790 1942 3845 unde

350 3894 590 3939 vestram
640 3882 938 3938 submissus
991 3897 1156 3938 exoro
1213 3883 1630 3952 paternitatem,
1676 3892 1735 3937 ut
1764 3899 1937 3938 meam

351 3990 518 4048 super
567 3975 669 4028 hoc
709 3974 982 4030 excusetis
1015 3974 1371 4029 temeritatem
1440 3974 1668 4044 Exigitis
1711 3974 1856 4028 enim
1884 3984 1944 4028 ut

352 4067 698 4134 opusculum,
747 4065 889 4134 quod
929 4081 1102 4137 nuper
1136 4076 1326 4135 rogatu
1371 4065 1597 4120 fratrum
1633 4074 1939 4124 nostrorum

348 4154 628 4222 junimum
674 4157 740 4210 de
771 4165 888 4210 arte
926 4155 1171 4224 Compoti
1221 4157 1496 4211 rusticano
1541 4170 1799 4211 sermone
1828 4157 1937 4210 edi—

355 4249 567 4317 deram,
627 4250 879 4318 quodque
923 4250 1002 4303 eis
1044 4249 1173 4304 solis
1210 4249 1492 4320 legendum
1544 4250 1816 4316 dederam,
1848 4251 1939 4304 uni

349 4341 624 4410 pmcipue
659 4354 846 4394 eorum
901 4340 1114 4410 quime
1146 4327 1402 4410 pertinaci
1440 4341 1844 4408 inportunitate
1872 4339 1937 4392 ad

354 4431 460 4486 hoc
489 4433 924 4501 pra‘sumendum
950 4431 1259 4500 impulerat,
1283 4440 1334 4486 et
1361 4432 1444 4487 cui
1476 4431 1602 4484 illud
1627 4430 1737 4499 jam
1762 4430 1936 4485 Gran-

2041 3512 2426 3569 Grandi-Valle
2454 3513 2760 3584 degentium
2781 3513 2846 3565 ad
2875 3527 2969 3568 vos
2990 3512 3318 3568 Autisiodori
3355 3516 3622 3587 fungerer,

2044 3619 2102 3662 ut
2129 3608 2511 3677 transcriptum
2534 3615 2726 3660 vestrae
2759 3607 3071 3674 pateruitati
3101 3607 3517 3662 examinandum
3544 3609 3624 3662 di-

2044 3698 2213 3768 rigam
2240 3715 2253 3750 :
2294 3703 2369 3759 ut,
2397 3695 2497 3749 hoc
2524 3693 2684 3758 facto,
2724 3709 2786 3748 ac
2809 3695 2853 3748 si
2878 3710 3060 3758 sorex,
3095 3711 3214 3749 meo
3243 3696 3406 3751 miser
3427 3697 3624 3751 iudicio

2043 3802 2281 3858 paream.
2340 3786 2452 3856 Ego
2501 3786 2647 3840 enim
2695 3785 3038 3839 decreveram
3069 3800 3333 3854 nugarum
3382 3800 3620 3840 mearum

2045 3881 2274 3949 ineptias
2295 3880 2468 3948 dignis
2483 3877 2961 3931 occulcrelatebris
2985 3890 2998 3930 :
3025 3890 3110 3941 ne,
3130 3893 3247 3932 cum
3271 3877 3490 3946 prodire
3513 3892 3623 3932 cat-

2043 3973 2244 4043 periut,
2272 3971 2562 4025 multorum
2603 3969 2654 4022 iu
2689 3985 2772 4022 me
2814 3966 2881 4020 fel
2911 3977 3304 4031 commoveant,
3327 3969 3450 4038 jure
3490 3982 3588 4023 ceu
3609 3998 3622 4010 -

2040 4063 2273 4118 santium
2319 4059 2640 4116 vanissimis:
2669 4057 2857 4112 naaniis
2913 4072 3000 4112 me
3048 4073 3315 4128 occupare
3359 4058 3624 4112 membra—

2043 4171 2162 4210 nos.

2115 4249 2220 4302 Sed
2244 4248 2366 4318 quis
2390 4247 2579 4302 vestris
2623 4262 2731 4301 non
2755 4245 3093 4314 obtemperet
3128 4241 3313 4311 jussis,
3346 4240 3471 4296 licet
3501 4255 3622 4295 cum

2045 4338 2367 4397 detrimento
2393 4338 2507 4392 sui?
2557 4337 2667 4407 Ego
2704 4335 2970 4405 praecipue
3009 4332 3099 4401 qui
3132 4347 3219 4385 me
3240 4331 3438 4385 vestris
3468 4329 3632 4384 obso-

2045 4433 2187 4500 quiis
2213 4433 2282 4484 ita
2316 4429 2754 4499 mancipaverim,
2790 4436 2850 4481 ut
2884 4425 3025 4495 quod
3046 4424 3199 4479 Vobis
3219 4432 3393 4478 ratum
3425 4437 3626 4492 cogno-

354 4521 586 4576 ili-Valle
601 4524 776 4591 posito
803 4522 1136 4590 direxeram;
1166 4523 1292 4588 boe,
1323 4525 1565 4594 inquam,
1585 4522 1937 4593 przecepistis,
1968 4534 2012 4594 ο
2043 4524 2236 4588 verim,
2283 4520 2678 4592 quantumlibet
2728 4519 2975 4584 arduum,
3021 4513 3437 4586 aggrediendum
3489 4511 3622 4565 mibi

431 4661 512 4728 (l)
543 4659 1046 4731 Helpericttm,:mox
1066 4659 1264 4716 laudati
1291 4660 1413 4715 libri
1438 4661 1796 4731 conditorem,
1824 4675 1939 4713 mo.

353 4732 589 4786 nat-bum
621 4730 787 4794 fuisse
819 4730 1051 4790 ctnuobii
1073 4731 1246 4785 sancti
1276 4731 1435 4793 Galli,
1469 4731 1634 4787 tradit
1657 4730 1934 4785 Jobauues

351 4801 684 4867 'l‘ritbcmius
711 4801 763 4854 in
791 4800 885 4854 lib.
919 4816 986 4861 II.
1013 4801 1076 4854 de
1090 4800 1235 4855 Viris
1255 4801 1554 4856 illustribus
1575 4800 1793 4856 Ordinis
1813 4816 1938 4854 san-

349 4872 420 4927 eti
453 4871 730 4925 Benedicti
760 4885 878 4939 cap.
910 4870 996 4924 76.
1027 4870 1179 4925 Hunc
1209 4871 1404 4926 librum
1435 4872 1695 4928 habemus
1727 4870 1779 4924 in
1809 4885 1936 4939 apo-

351 4941 563 5011 grapho
610 4940 1196 4996 nostrabibliotbeae
1238 4940 1640 5005 Germanensis,
1695 4941 1788 4995 sed
1835 4941 1936 4996 sub

353 5013 575 5066 nuuiine
614 5011 812 5076 ilerici,
840 5021 891 5064 et
920 5013 1121 5079 absque
1170 5011 1337 5080 priori
1368 5012 1681 5081 praefatione
1700 5011 1787 5066 hic
1809 5011 1927 5073 edi:

356 5092 430 5141 ta,
464 5097 710 5149 quamex
738 5082 1093 5149 (meutbraneo
1114 5082 1300 5136 codice
1323 5080 1555 5138 οωιιοιιίἰ
1585 5080 1927 5135 Viconiensis

353 5167 526 5222 prope
552 5151 898 5206 \‘alcutianas
929 5152 1330 5221 descripsimus.
1377 5153 1455 5208 Eo
1500 5154 1552 5206 in
1592 5152 1776 5206 codice
1806 5151 1931 5206 Hel-

351 5225 573 5293 perieus
597 5223 804 5293 abbatis
833 5223 1046 5277 nomine
1075 5223 1304 5276 donatur
1341 5223 1400 5293 in
1428 5224 1610 5293 operis
1638 5223 1809 5287 titulo,
1838 5223 1926 5290 qui

352 5291 436 5351 sic
477 5293 639 5347 habet
663 5310 676 5345 :
703 5291 976 5362 Ilelperici
995 5293 1206 5363 Abbatis
1235 5293 1297 5344 de
1323 5291 1591 5363 Compcto.
1623 5293 1814 5363 Asper,
1844 5293 1928 5347 cui

355 5363 608 5431 praefatio
640 5361 896 5431 inscripta
935 5372 1038 5428 est,
1056 5361 1226 5417 abbas
1251 5375 1385 5425 erat,
1409 5361 1493 5418 aut
1520 5377 1667 5416 certe
1695 5361 1931 5418 decauus

355 5432 460 5485 sub
515 5433 713 5485 abbate
774 5432 1037 5485 saeculari.
1105 5437 1412 5485 monasterii
1471 5433 1642 5485 sancti
1674 5433 1929 5485 Germani

2043 4659 2291 4730 mutavit.
2324 4657 2656 4712 Tritbemius
2686 4656 2739 4710 in
2759 4654 2908 4730 _lo_c_o
2930 4651 3252 4730 jam-citata
3268 4648 3456 4730 scribit
3495 4648 3623 4730 Hel:

2040 4729 2279 4798 pericum
2317 4729 2558 4784 ﬂoruisse
2583 4742 2725 4781 anno
2751 4727 2908 4780 1020.
2932 4726 3003 4778 At
3039 4722 3357 4798 Helpericus
3387 4721 3500 4786 ipse
3527 4721 3626 4798 sub

2044 4792 2204 4871 linem
2246 4799 2365 4852 libri
2390 4800 2481 4871 sui
2522 4798 2810 4867 designans
2835 4806 3044 4863 tempus
3069 4792 3464 4871 quoﬁlﬁibrosuo
3494 4792 3626 4871 scri-

2042 4870 2215 4940 bendo
2244 4869 2478 4924 navabat
2506 4857 3152 4940 Operam,.iiotat_attnu)n
3183 4861 3306 4940 ξιιμ),
3337 4857 3629 4940 uele‘gitur

2040 4939 2090 4992 iu
2119 4940 2428 5010 apograpbo
2457 4928 2666 5010 nostro,
2692 4928 2849 5010 quod,
2874 4934 3176 5010 principatu
3204 4928 3627 5010 llenriciit‘rau-

2039 4997 2396 5078 corumvregis
2435 5025 2502 5066 eo
2529 4997 2743 5080 nomine
2773 4997 2931 5080 primi
2967 4997 3248 5080 exaratum
3278 5007 3383 5080 est.
3413 4997 3632 5080 Hocid-f

2036 5080 2184 5133 circo
2213 5070 2468 5145 observo,
2508 5080 2657 5150 quod
2689 5070 3003 5150 Sigebertus
3046 5076 3100 5128 in
3142 5070 3412 5127 Chronico
3439 5070 3633 5150 probet

2038 5149 2232 5204 librum
2276 5151 2428 5205 hunc.
2458 5138 2776 5205 'ab'auctore
2805 5147 3080 5202 conditum
3132 5158 3253 5199 esse
3281 5153 3424 5195 anno
3472 5138 3632 5194 4005.

2043 5220 2237 5296 Verum
2280 5222 2512 5296 exempli
2542 5220 2702 5274 verba
2744 5233 2872 5296 qum
2907 5217 3267 5296 adtlucit_uou
3316 5217 3636 5296 Celtlpat'cttl

2041 5293 2090 5344 iu
2121 5285 2665 5361 apograpbo‘uostro,
2707 5285 3288 5361 videnturque_addita_
3308 5297 3336 5333 a
3364 5285 3637 5361 scriptore

2039 5349 2257 5432 codicis"
2278 5349 2383 5430 quo
2429 5378 2556 5418 usus
2596 5349 2678 5416 est
2710 5349 3044 5432 Sigebcrtus.
3074 5358 3121 5411 Is
3143 5366 3252 5432 tum
3264 5354 3328 5432 _iu
3364 5349 3637 5432 librorum

2040 5431 2105 5483 ad
2137 5422 2338 5485 annut'n
2369 5435 2729 5485 nrmcitatum.
2764 5422 2878 5483 t'ttm
2913 5431 2964 5484 in
2991 5431 3130 5484 libro
3166 5427 3233 5480 de
3262 5422 3637 5485 ScriPlOrillus
