4466 5578
846 428 910 480 ίῦ
1957 441 2320 496 llELPERICl
2360 442 2664 497 MONACHI
2701 442 2758 496 S.
2800 442 3002 499 GALLI
4038 448 4113 503 ιο

840 560 957 599 esse
985 562 1092 601 non
1125 547 1413 619 ambigam.
1452 551 1624 606 Unum
1666 569 1793 624 ergo
1822 570 1852 607 a
1894 562 2071 611 'vestra
2103 559 2425 627 paternitate
2455 566 2497 617 Α
2532 553 2624 605 lito
2646 552 2881 623 flagrans
2906 563 3201 622 patet-nitas
3227 570 3299 609 seu
3320 572 3406 608 um
3432 555 3665 610 retinere
3695 557 3980 611 voluisset:
4013 559 4112 611 ad-

841 634 1100 703 rlcposco,
1125 646 1184 690 ut
1227 640 1370 707 quod
1406 651 1579 695 vestra
1605 644 1849 712 jussione
1875 656 2094 701 coactus
2117 651 2421 719 aggredior,

843 734 1025 779 vestro
1072 727 1369 783 munimine
1400 728 1568 785 fretus
1608 733 1873 790 imlemnis
1902 736 2147 801 evadam;
2181 741 2321 807 quod
2354 742 2425 795 ita

846 811 961 866 fieri
1013 816 1233 883 poterit,
1265 817 1308 871 si
1342 815 1636 874 fastidiosis
1685 821 2009 893 quibusque,
2065 835 2119 880 et
2161 828 2254 898 qui
2295 830 2429 887 alios

849 912 1058 957 tantum
1098 907 1495 974 reprehendere
1540 910 1736 975 valent,
1774 914 1932 984 hujus
1955 914 2116 971 lectio
2137 919 2428 977 subtraha-

852 1002 980 1047 tur:
1016 1005 1073 1050 et
1102 998 1254 1052 vobis
1297 1001 1566 1071 vestrique
1595 1003 1884 1072 similibus,
1932 1009 2023 1076 qui
2067 1009 2185 1065 sine
2234 1010 2426 1080 livore,

843 1086 1002 1141 uculo
1049 1089 1382 1157 columbino,
1415 1101 1474 1145 ut
1522 1094 1597 1148 ita
1644 1094 1845 1162 dicam,
1887 1109 2081 1155 cuncta
2139 1102 2426 1173 respicitis,

844 1179 1265 1235 examinandum
1296 1183 1617 1251 pra-beatur.

918 1269 1119 1322 Verum
1154 1270 1267 1325 haec
1303 1270 1590 1327 haereticus
1621 1276 1850 1346 quisque
1879 1281 2146 1347 quomodo
2176 1283 2317 1338 volet
2343 1299 2431 1340 ac-

847 1358 1013 1427 cipiat
1039 1360 1199 1413 :mihi
1216 1372 1451 1416 vestrum
1471 1363 1733 1431 judicium
1765 1370 1899 1423 satis
1922 1370 2170 1426 idoneum
2196 1382 2429 1439 constat,

847 1451 930 1503 cui
958 1466 1164 1505 smnma
1192 1451 1450 1527 [Veritas]
1484 1456 1585 1510 hoc
1612 1472 1755 1511 anno
1782 1461 2064 1529 perspicue
2094 1464 2313 1532 dignata
2349 1476 2431 1520 est

850 1538 1221 1606 manifestare,
1270 1557 1430 1611 quam
1486 1545 1558 1598 sit
1606 1546 1797 1601 inutile
1854 1551 2211 1605 sanctissimis
2241 1564 2431 1609 vestra:

846 1631 1195 1698 patet-uitatis
1243 1632 1487 1702 imperiis
1518 1651 1838 1709 repugnare.
1871 1639 2103 1695 Evenire
2139 1654 2316 1696 autem
2338 1644 2429 1713 jn-

849 1721 1087 1775 stissime
1115 1723 1270 1787 solet,
1304 1732 1363 1777 ut
1392 1726 1481 1795 qui
1516 1728 1686 1795 patris
1726 1729 1963 1784 salubria
2000 1734 2266 1800 spreverit
2304 1748 2431 1789 con-

848 1809 987 1873 silia,
1025 1811 1203 1865 debita
1233 1813 1548 1881 pertinaciae
1594 1831 1705 1871 sua:
1732 1818 2052 1887 quandoque
2080 1819 2192 1875 luat
2224 1822 2430 1891 suppli-

2529 661 2704 709 versa,
2747 655 2806 700 ut
2835 655 3005 715 patet,
3040 647 3348 715 impellente
3401 647 3636 711 fortuna,
3689 665 3793 705 non
3843 650 4111 720 acquievi,

2528 738 2619 790 sed
2652 738 2880 804 pristina
2923 754 3052 793 usus
3102 738 3322 793 levitate
3374 740 3531 804 redii,
3585 755 3693 810 quo
3735 756 3820 796 me
3863 750 3916 794 et
3944 741 4113 795 multa

2531 847 2747 900 passum
2778 831 3108 895 recolebam,
3144 840 3200 885 et
3227 831 3493 885 deteriora
3524 846 3802 901 passurum
3832 846 3937 885 non
3965 833 4117 903 igno-

2532 923 2737 975 raham.
2769 921 2886 988 Quo
2916 921 3062 977 facto
3082 930 3137 976 et
3168 921 3295 975 illud
3324 922 3481 975 didici
3515 922 3739 976 multum
3771 924 3910 991 apud
3941 922 4111 977 Deum

2532 1013 2708 1068 valere
2749 1029 2955 1083 preces,
3002 1030 3137 1083 quas
3191 1014 3265 1068 illi
3285 1028 3348 1068 ex
3376 1014 3556 1068 anin’io
3585 1013 3982 1080 funditus,cum
4005 1030 4111 1069 una

2530 1105 2827 1174 eademque
2862 1104 3052 1159 leviter
3078 1105 3195 1159 fusa
3237 1105 3483 1158 oratione
3509 1113 3709 1158 tantum
3742 1106 4000 1159 adversus
4026 1122 4113 1159 me

2529 1193 2893 1248 obtinueritis.
2923 1192 3268 1248 Reminiscor
3292 1194 3434 1246 enim
3458 1207 3576 1255 vos,
3604 1209 3726 1247 cum
3759 1207 3845 1247 me
3876 1194 4114 1248 retinere

2532 1283 2850 1351 nequiretis,
2876 1283 3225 1352 imprecatum
3258 1283 3410 1347 mihi,
3437 1290 3495 1334 ut
3527 1283 3824 1337 invenirem
3851 1282 4108 1352 aliquem,

2531 1372 2621 1440 qui
2656 1388 2740 1426 me
2769 1373 3034 1427 acerrime
3064 1373 3376 1428 verberaret
3430 1373 3481 1426 in
3532 1373 3671 1438 loco,
3701 1374 3767 1427 ad
3795 1388 3955 1444 quem
3997 1383 4118 1429 tau-

2536 1469 2717 1529 topere
2754 1460 3109 1524 festinabam;
3142 1476 3300 1530 quam
3342 1462 3643 1516 orationem
3692 1460 3916 1517 eﬂ‘ectus
3959 1471 4044 1518 est
4084 1477 4117 1517 e

2533 1551 2764 1620 vestigio
2793 1558 3136 1605 consecutus.
3207 1551 3418 1617 Quanta
3467 1551 3609 1605 enim
3659 1551 4116 1605 contumeliarum

2535 1642 2719 1702 verba,
2748 1651 2879 1709 quot
2931 1641 3219 1709 proborum
3274 1640 3525 1704 ludibria,
3560 1655 3678 1709 quae
3720 1650 3775 1695 et
3803 1641 3982 1709 qualia
4019 1641 4119 1696 de-

2540 1726 2801 1781 risionum
2834 1736 3098 1782 tormenta
3132 1728 3384 1796 deinceps
3413 1729 3590 1797 patiar
3633 1728 3702 1782 ab
3735 1727 3820 1783 his
3848 1729 4122 1798 pnecipue

2536 1818 2629 1886 qui
2663 1828 2820 1873 erant
2846 1819 3115 1888 quondam
3156 1818 3366 1888 pacifici
3403 1820 3531 1882 mei,
3582 1834 3828 1888 quosque
3853 1834 3952 1890 ego
3974 1820 4120 1889 apud

848 1900 954 1965 eia,
998 1901 1138 1969 quod
1186 1916 1251 1956 co
1277 1904 1457 1958 verius
1511 1920 1725 1973 possum
1787 1907 1966 1975 fateri,
1997 1925 2104 1979 quo
2153 1912 2348 1981 saepius
2376 1921 2429 1967 et
2458 1904 2503 1962 Β
2532 1900 2627 1962 vos
2667 1908 2891 1962 summis
2918 1907 3161 1962 laudibus
3201 1908 3402 1971 extuli,
3430 1907 3609 1979 lingua
3644 1924 3749 1963 non
3780 1909 3920 1962 valet
3940 1907 4117 1963 ellari.

850 1993 954 2046 hoc
980 2007 1121 2045 anno
1164 1994 1406 2049 crebrius
1459 2005 1620 2066 atque
1650 1998 1920 2065 acerbius,
1959 2000 2068 2054 imo
2111 2009 2165 2055 et
2207 2002 2428 2073 jnstius,

851 2099 958 2138 non
991 2084 1182 2139 desino
1210 2086 1466 2155 experiri.

921 2171 1031 2227 Nec
1062 2175 1333 2230 iuunerito
1370 2194 1382 2228 :
1416 2193 1537 2231 cum
1565 2180 1708 2233 enim
1760 2196 1846 2235 me
1891 2181 2068 2237 divina
2112 2184 2287 2253 pietas
2315 2184 2433 2241 loco

852 2261 944 2315 illo
968 2263 1319 2328 restituisset,
1351 2280 1458 2334 quo
1481 2280 1565 2319 me
1594 2268 1660 2320 ad
1691 2267 1792 2321 sibi
1824 2271 2165 2325 serviendum
2202 2272 2313 2339 jam
2337 2274 2434 2327 du-

851 2355 977 2408 dum
1005 2355 1294 2426 delegerat,
1333 2366 1387 2411 et
1418 2358 1557 2411 unde
1584 2372 1685 2429 ego
1712 2358 1898 2415 infelix
1928 2362 2301 2419 instabilitatis
2344 2379 2432 2420 so-

852 2443 1124 2499 lummodo
1168 2461 1327 2499 causa
1367 2447 1627 2511 exieram,
1657 2462 1780 2502 cum
1829 2449 2027 2503 ibidem
2065 2452 2315 2506 omnibus
2344 2454 2437 2506 ho-

851 2535 937 2590 nis
966 2535 1332 2598 abundarent,
1362 2537 1611 2606 quodque
1656 2552 1759 2607 ego
1812 2552 1974 2606 super
2034 2541 2213 2595 omnia
2257 2542 2432 2605 duco,

853 2626 1194 2681 sanctissima
1235 2635 1542 2682 sanctorum
1596 2627 1815 2682 Patrqu
1869 2629 2154 2687 dilectione
2193 2630 2434 2696 fovercr;

853 2735 997 2787 cum,
1029 2720 1269 2789 inquam,
1303 2735 1389 2775 me
1412 2736 1641 2789 superna
1669 2721 1955 2777 clementia
1978 2734 2102 2792 post
2125 2724 2432 2779 diuturnam

854 2811 1226 2881 cvagationem
1252 2812 1377 2867 illuc
1405 2822 1728 2879 revocasset,
1763 2822 2051 2885 vestraque
2081 2831 2205 2887 erga
2234 2830 2319 2869 me
2349 2830 2434 2871 so-

2538 1999 2689 2065 Quod
2719 1999 2845 2067 quia
2870 1999 2937 2052 ob
2966 1999 3327 2053 ulciscendam
3378 2000 3429 2053 in
3455 2014 3539 2053 me
3561 1998 3835 2053 levitatem
3873 1996 3994 2067 jure
4017 2000 4119 2054 ob-

2539 2089 2723 2158 tigisse
2752 2104 3037 2160 cognosco,
3071 2090 3307 2144 divinam
3337 2105 3498 2159 super
3529 2089 3612 2144 his
3659 2090 3867 2143 laudem
3897 2091 4123 2159 aquita-

2541 2188 2647 2233 tem
2676 2196 2690 2232 τ
2718 2187 2771 2234 et
2800 2190 2858 2232 ut
2904 2180 2970 2233 ab
3020 2180 3105 2234 his
3145 2181 3358 2234 tandem
3388 2179 3523 2248 eripi
3565 2194 3783 2248 queam,
3816 2190 4121 2233 vestrarum

2540 2272 2737 2326 obnixe
2766 2272 2977 2340 postulo
3007 2270 3258 2340 suffragia
3297 2284 3514 2339 precum
3545 2288 3558 2322 :
3585 2279 3642 2322 ut
3668 2284 3825 2338 quem
3868 2269 3997 2324 licet
4026 2284 4118 2322 no—

2541 2359 2657 2413 lens
2687 2368 2834 2412 tanto
2880 2358 3142 2429 malignus
3192 2359 3339 2413 fasce
3364 2356 3663 2429 gravitatis,
3716 2359 3921 2412 orando
3971 2366 4123 2411 tanto

2538 2451 2789 2506 relevetis
2812 2453 2880 2504 ab
2896 2465 3081 2514 onere,
3100 2450 3420 2505 dexterioris
3453 2464 3670 2503 manum
3700 2449 3963 2504 orationis
3991 2464 4121 2518 por-

2540 2541 2780 2611 rigeado.
2816 2541 3014 2596 Verum
3069 2542 3183 2595 haec
3217 2538 3446 2609 plenius,
3487 2540 3532 2595 si
3591 2540 3853 2594 Dominus
3879 2539 4121 2607 cupitum

2538 2632 2829 2701 praebuerit
2875 2631 3221 2701 colloquium,
3278 2631 3399 2685 vivo
3449 2645 3698 2685 sermone
3743 2629 4119 2699 expedicntur.

2539 2726 2691 2792 Quod
2726 2735 2785 2789 ut
2816 2725 2978 2780 citius
3010 2724 3125 2779 fieri
3169 2724 3364 2789 valeat,
3395 2731 3577 2777 vestra
3616 2720 3910 2777 exorabilis
3944 2720 4121 2774 oratio

2540 2816 2792 2885 precibus
2815 2815 3023 2871 crebris
3045 2816 3307 2871 obtineat.

863 3015 4107 3042 W

2194 3198 2392 3275 PRO
2409 3194 2773 3275 LOGUS.

2265 3377 2628 3391 —_——

931 3514 1062 3567 Cum
1094 3510 1351 3565 fratribus
1382 3506 1896 3562 adolescentioribus
1944 3504 2143 3560 nostris
2189 3506 2509 3576 qnardamc
2539 3507 2693 3578 plura
2742 3503 3104 3559 excusationis
3153 3501 3429 3555 obtentum
3460 3501 3576 3573 .'[sic
3622 3503 3739 3556 cod.
3782 3502 3823 3571 f.
3872 3498 4126 3575 obtentu]

863 3602 1226 3659 calculatorize
1282 3600 1415 3654 artis
1493 3599 1790 3653 rudimenta
1858 3596 2127 3652 communi
2196 3610 2444 3653 sermone

864 3697 1137 3765 explicare
1190 3693 1499 3763 ccepissem,
1535 3706 1642 3760 quo
1695 3690 1775 3745 eis
1826 3690 2047 3759 hujusce
2093 3703 2307 3758 quoque
2339 3706 2443 3744 non

864 3787 1294 3848 contemnendce,
1328 3792 1387 3837 ut
1416 3780 1565 3836 multi
1591 3780 1947 3843 arbitrantur,
1972 3780 2211 3834 scientia:
2244 3777 2444 3847 aliquid

864 3878 1173 3948 impcrtirer
1194 3917 1207 3937 ,
1238 3890 1373 3945 quos
1401 3876 1451 3927 in
1491 3884 1605 3928 arte
1651 3873 2000 3943 gran'uuatica
2030 3912 2043 3936 ,
2089 3881 2248 3940 prout
2268 3870 2449 3925 divina

863 3972 1120 4026 auxiliata
1146 3979 1229 4024 cst
1256 3966 1645 4026 muniﬁcentia,
1677 3964 2018 4032 aliquatenus
2071 3964 2393 4018 induxeram
2429 4003 2444 4026 ,

867 4066 1048 4118 nescio
1072 4077 1179 4131 quo
1202 4058 1411 4113 accensi
1440 4056 1704 4111 desiderio
1732 4056 1934 4109 instare
1963 4056 2311 4109 vehementer
2340 4066 2449 4107 cm-

864 4163 1083 4224 pcrunt,
1117 4162 1383 4222 quatenus
1406 4165 1489 4213 ea,
1519 4165 1639 4217 quae
1670 4149 1791 4201 viva
1824 4162 1955 4201 voce
1983 4148 2442 4215 deprompseram,

868 4245 1159 4299 multorum
1224 4239 1443 4294 utilitati
1503 4236 1784 4307 profutura
1832 4237 2199 4305 qualicunque
2243 4233 2445 4301 scripto

864 4340 1103 4399 ederem,
1136 4344 1214 4396 ut,
1249 4333 1290 4386 si
1323 4330 1539 4400 quando
1572 4330 1684 4383 hrcc
1706 4369 1719 4392 ,
1752 4338 1811 4381 ut
1839 4328 1975 4383 solet
2021 4341 2172 4381 mens
2211 4325 2442 4378 humana

864 4425 1096 4481 diversis
1124 4424 1302 4478 dedita
1330 4421 1475 4476 curis
1508 4420 1670 4473 multa
1700 4417 1967 4484 oblivisci,
1993 4414 2270 4470 memoriae
2300 4412 2450 4466 exci-

865 4520 1076 4583 derent,
1111 4515 1411 4571 litterarum
1440 4510 1711 4579 sulfragiis
1755 4524 1818 4565 ea
1852 4521 2073 4577 quoquo
2098 4503 2256 4559 modo
2286 4516 2443 4570 repa-

865 4626 988 4664 rare
1011 4608 1274 4662 valerent.
1329 4603 1535 4671 Quibus
1578 4616 1700 4655 cum
1747 4598 2014 4654 obnoxius
2051 4594 2117 4667 [Ῑ.
2166 4590 2442 4662 obnixius]

864 4703 1105 4759 renitens
1129 4741 1143 4761 .
1172 4699 1225 4753 id
1258 4695 1405 4767 quod
1436 4702 1555 4748 erat
1583 4693 1932 4747 obtenderent
1962 4729 1979 4753 ,
2018 4699 2299 4755 superesse
2340 4682 2445 4736 sci-

863 4795 993 4851 licet
1019 4792 1189 4846 libros
1219 4789 1286 4843 de
1315 4789 1415 4843 hac
1448 4785 1639 4840 eadem
1663 4799 1719 4837 rc
1755 4792 1867 4837 tum
1909 4779 2163 4849 dilucide,
2192 4786 2304 4830 tum
2345 4789 2439 4828 ve-

2550 3594 2872 3663 obiicerem;
2906 3600 3017 3644 tum
3063 3604 3192 3644 vero
3222 3589 3554 3663 pertinacius
3583 3589 3828 3644 institere
3852 3631 3866 3656 ,
3915 3599 3971 3644 et
4018 3607 4126 3645 non

2550 3657 2698 3748 novi,
2734 3663 2999 3752 inquiunt,
3033 3679 3231 3748 aliquid
3260 3688 3309 3733 te
3334 3657 3534 3733 cude're
3577 3680 3831 3747 petimus,
3869 3679 3962 3747 qni
3987 3680 4123 3733 nihil

2544 3772 2652 3841 jam
2681 3771 2905 3841 reperiri
2937 3770 3093 3838 posse
3117 3784 3317 3833 remur,
3346 3768 3486 3837 quod
3518 3769 3585 3823 ab
3610 3768 3730 3821 aliis
3754 3784 3857 3821 nun
3888 3768 4129 3832 invenia-

2552 3875 2640 3920 tur
2670 3865 2894 3926 dictum;
2924 3862 3017 3916 sed
3044 3876 3109 3915 ex
3140 3860 3243 3926 his,
3278 3875 3397 3929 quae
3422 3858 3488 3913 ab
3509 3859 3631 3913 aliis
3661 3859 3863 3914 asseris
3900 3861 4128 3928 sparsim

2550 3958 2874 4025 copioseque
2906 3961 3166 4017 tractata,
3206 3952 3482 4022 poscimus
3519 3950 3730 4005 utiliora
3765 3964 3991 4019 quaeque
4034 3965 4129 4002 no-

2549 4048 2735 4116 bisque
2783 4044 3093 4098 necessaria
3121 4084 3137 4108 ,
3176 4042 3357 4097 studio
3401 4050 3490 4095 tuo
3540 4041 3794 4107 decerpta
3822 4080 3835 4102 ,
3870 4040 3923 4092 in
3960 4054 4125 4091 unum

2549 4138 2743 4205 colligi,
2773 4144 2827 4189 et
2858 4133 3021 4188 veluti
3047 4141 3250 4188 sertum
3270 4132 3536 4201 quoddam
3561 4146 3623 4185 ex
3652 4132 3880 4185 diversis
3905 4129 4129 4186 ﬂoribus

2549 4226 2839 4296 compingi.
2858 4224 2911 4277 In
2934 4238 3041 4293 quo
3054 4237 3331 4291 opere-non
3350 4219 3726 4290 pompacitatis
3741 4220 4024 4273 verborum
4042 4219 4091 4271 fa
4105 4249 4120 4260 -

2550 4316 2714 4379 leras,
2757 4320 2850 4366 aut
2875 4311 3199 4365 urbanitatis
3227 4310 3494 4379 exigimus
3521 4323 3745 4362 veneres
3767 4348 3782 4373 ,
3813 4323 3949 4375 quas
3979 4318 4129 4362 utras

2551 4407 2753 4478 [supple
2780 4403 2858 4475 in]
2898 4403 3246 4471 antiquorum
3276 4408 3362 4455 est
3410 4399 3653 4453 invenire
3698 4401 4127 4454 commentariis.

2551 4495 2837 4548 Enimvero
2874 4505 2994 4560 quae
3022 4490 3091 4544 ab
3120 4490 3241 4544 aliis
3266 4487 3549 4542 obscurius
3570 4496 3695 4540 sunt
3717 4486 3946 4554 prolata,
3986 4497 4077 4542 tuo
4106 4530 4121 4554 ,

2549 4599 2893 4657 quaesumus,
2928 4581 3297 4637 manifestiora
3338 4581 3470 4633 fiant
3518 4577 3711 4632 relatu.
3755 4576 3867 4632 llac
3920 4578 4129 4633 evictus

2552 4675 2954 4747 importunitate
2979 4713 2993 4737 ,
3020 4683 3071 4728 et
3101 4673 3168 4727 de
3192 4672 3369 4725 divina
3400 4684 3728 4739 prtesumens
3764 4668 4003 4739 largiflua
4030 4670 4128 4724 bo-

2552 4771 2741 4834 nitate,
2767 4766 3005 4824 studiosa
3038 4763 3385 4819 nihilominus
3405 4770 3724 4831 provocatus
3746 4759 3972 4814 fratrum
4001 4762 4130 4816 cha-

866 4850 1019 4942 uuste
1046 4884 1308 4954 majorum
1342 4890 1651 4935 nostrorum
1676 4886 1919 4945 tempore
1939 4872 2113 4927 editos
2135 4911 2149 4935 ,
2180 4869 2446 4940 praecipue
2477 4851 2523 4908 Ι)
2553 4864 2732 4925 ritate,
2764 4875 2883 4930 quae
2906 4856 3182 4954 humiliter
3210 4867 3303 4954 eos
3330 4850 3601 4954 postulare
3630 4850 3772 4905 sensi
3798 4890 3813 4916 ,
3849 4866 3915 4905 eo
3941 4859 4127 4906 tenore

866 4978 1195 5035 venerabilis
1235 4974 1333 5028 viri
1367 4970 1578 5027 Domini
1616 4967 1772 5023 Beda:
1814 4964 2156 5037 presbyteri,
2204 4962 2293 5031 qui
2323 4978 2444 5015 cum

867 5076 918 5126 in
949 5070 1093 5132 aliis,
1124 5077 1233 5123 tum
1260 5066 1419 5120 etiam
1454 5065 1506 5117 in
1547 5062 1647 5116 hoc
1693 5068 1893 5113 sancta:
1936 5056 2189 5111 Ecclesia:
2222 5052 2443 5107 utilitati

867 5164 1158 5234 plurimum
1208 5156 1489 5220 esudavit;
1545 5153 1757 5207 illorum
1814 5149 2099 5203 lectionem
2144 5146 2445 5199 instarent:

869 5254 985 5308 illas
1015 5250 1223 5306 diutina
1252 5245 1601 5301 meditatione
1635 5239 1941 5308 perdiscere
1972 5235 2280 5296 studerent,
2312 5247 2342 5286 a
2367 5244 2452 5284 me

868 5342 1221 5372 ;.....ηιιηηο.η
1274 5340 1575 5372 ιιυιιι-ιοιοριιι
1653 5344 1751 5372 mm
1800 5343 1884 5372 me
1928 5324 2145 5372 aggredi
2194 5328 2450 5372 currerent

867 5342 1221 5372 ζμιιιηιῖηηριη

2555 4960 2761 5005 tentare
2784 4946 3121 5019 prmsumpsi,
3152 4952 3208 4998 ut
3232 4944 3345 4997 haec
3374 4939 3503 4995 nulli
3533 4955 3789 5009 unquam,
3825 4949 4021 5009 praeter
4049 4957 4127 5004 se,

2556 5042 2781 5112 legenda
2826 5040 3067 5110 praebere
3096 5076 3110 5102 ,
3172 5034 3254 5089 vel
3306 5040 3582 5088 auctorem
3630 5031 3809 5100 operis
3855 5031 4130 5100 publicare

2554 5132 2955 5203 pollicerentur.

2630 5221 2734 5276 Sed
2768 5228 2823 5274 et
2855 5219 2899 5273 si
2930 5219 3083 5286 cujus
3108 5213 3398 5283 peritorum
3435 5212 3549 5265 haec
3583 5223 3741 5263 aures
3777 5207 4121 5272 oll'enderint,

2558 5330 2629 5369 ne
2652 5326 2736 5367 me
2767 5308 3083 5365 temeritatis
3114 5302 3463 5370 notetelogio,
3490 5299 3583 5355 sed
3610 5299 3820 5353 noverit
3849 5313 3932 5351 me
3951 5298 4124 5352 chari-
