4466 5578
863 359 933 414 23
1962 365 2314 421 llELPL‘RlCl
2355 366 2657 423 MONACIII
2698 368 2754 424 S.
2795 369 2998 425 GALLI
4043 383 4111 437 2.;

864 473 1006 541 qttod
1032 488 1082 529 Vl
1114 474 1230 528 Kal.
1266 474 1483 530 Martias
1507 477 1908 546 pronuntietur,
1944 489 2192 549 totusque
2224 481 2309 535 ille
2339 496 2432 535 an-
2460 488 2508 543 Α
2538 482 2733 538 lustrat
2779 486 3237 555 ltemisplteriunt;
3291 490 3428 543 sicut
3468 491 3593 545 illud
3621 494 3816 547 aniutal
3851 505 3961 549 toto
4014 500 4111 552 hoc

864 578 965 617 nus
992 564 1283 620 bissextilis
1330 566 1649 635 appellatur,
1688 579 1943 623 constans
1974 585 2193 625 CCCLXV!
2226 572 2433 626 diebus.

862 653 963 719 Qui
992 654 1106 708 dies
1154 654 1199 708 si
1250 654 1573 726 negligatur,
1626 659 1838 713 eveniet
1870 669 1988 729 post
2020 661 2225 725 aliquot
2266 678 2437 716 annos

858 753 915 796 ιιι
950 743 1126 799 hieme
1179 745 1374 811 mstivi,
1405 755 1459 801 et
1492 757 1678 802 contra
1718 758 1912 803 testate
1964 751 2172 805 hiberni
2224 767 2437 808 menses

853 846 1170 891 occurrant.
1200 836 1328 891 Nam
1361 854 1457 907 per
1476 854 1697 893 CCCLXIV
1720 855 1890 896 annos
1920 851 2125 896 tantum
2152 842 2435 897 calculatio

860 925 1192 995 regradabit,
1232 936 1289 981 ut
1325 928 1375 981 in
1410 927 1660 985 Kalendis
1690 931 2137 1000 mquinoetiorum
2183 931 2431 997 solstitia,

852 1024 907 1068 et
957 1025 1177 1070 econtra
1219 1017 1273 1070 in
1312 1016 1666 1072 solstitiorum
1719 1020 1969 1075 eveniant
2004 1020 2347 1091 mquinoctia,
2382 1022 2431 1077 id

847 1112 950 1167 est,
991 1119 1113 1159 cum
1152 1120 1227 1158 xu
1261 1104 1378 1158 Kal.
1428 1107 1598 1175 April.
1656 1110 2113 1176 pronuntiaveris,
2154 1119 2209 1165 et
2238 1111 2432 1167 debeat

845 1207 965 1249 esse
996 1193 1378 1263 :equinoctium
1424 1196 1666 1259 vernale,
1708 1211 1965 1267 appareat
1995 1199 2283 1255 solstitium
2311 1201 2432 1256 bru-

848 1280 1016 1347 male,
1047 1282 1191 1352 quod
1221 1292 1307 1338 est
1355 1300 1429 1339 xu
1479 1284 1597 1340 Kal.
1630 1287 1891 1342 Januarii.
1922 1289 2163 1359 Cumque
2193 1305 2430 1361 pronun-

845 1372 1076 1427 tiaveris
1102 1389 1176 1427 xu
1222 1373 1339 1428 Kal.
1384 1373 1533 1440 Julii,
1567 1375 1707 1446 quod
1730 1389 1813 1433 est
1842 1378 2127 1434 solstitium
2156 1382 2426 1443 aastivum,

844 1472 1104 1517 occurrat
1150 1464 1529 1533 aequinoctium
1582 1467 1838 1532 vernale,
1901 1471 2042 1537 quod
2100 1486 2221 1525 esse
2267 1471 2428 1525 debet

848 1566 919 1603 xu
948 1551 1067 1605 Kal.
1090 1552 1258 1621 April.
1281 1552 1479 1624 Sicque
1506 1555 1559 1609 itt
1586 1558 1795 1611 caeteris
1817 1558 2031 1611 eveniet
2063 1560 2187 1612 anni
2215 1560 2423 1614 diebus.

844 1639 927 1694 Ad
962 1641 1104 1696 hunc
1133 1643 1445 1699 evitandum
1473 1659 1714 1701 errorem
1741 1646 2037 1701 bissextilis
2072 1648 2186 1703 dies
2229 1662 2424 1719 quarto

847 1747 1063 1803 semper
1088 1748 1230 1789 anno
1261 1735 1630 1790 intercalatur.
1677 1737 1786 1792 lloc
1832 1738 1996 1792 veluti
2044 1739 2275 1808 quodam
2306 1738 2424 1793 fun-

2544 585 2784 644 tempore
2826 578 3015 631 dextro
3047 577 3199 633 lateri
3232 578 3401 633 fertur
3432 582 3722 649 incubare;
3761 600 3882 638 nam
3911 590 4109 655 reliqua

2538 665 2663 716 anni
2694 665 2981 720 medietate
3004 676 3059 721 et
3102 667 3182 721 sol
3215 668 3494 723 sinistrum
3518 672 3777 726 ambitum
3809 676 4035 746 peragit,
4064 689 4114 732 et

2538 757 2679 810 aries
2705 772 2867 827 super
2905 758 3183 813 sinistrum
3211 759 3350 815 latus
3384 761 3663 817 incumbit.

2608 844 2845 898 Taurum
2890 846 2959 899 ob
3015 846 3066 901 id
3114 860 3236 903 reor
3263 847 3381 903 illos
3410 852 3646 906 secundo
3695 850 3818 907 loco
3840 854 4105 923 posuisso,

2536 938 2675 1005 quod
2709 936 2821 991 sole
2857 936 2973 991 illas
3000 949 3180 1007 partes
3211 939 3441 995 adeunte
3468 942 3628 995 boum
3657 941 3889 1006 labores,
3930 944 3981 999 id
4006 956 4109 1011 est,

2534 1036 2746 1097 segetes
2789 1028 2855 1080 ad
2901 1028 3267 1082 maturitatem
3314 1031 3555 1094 tendunt,
3605 1040 3659 1085 et
3687 1031 3739 1086 itt
3780 1034 4107 1101 quibusdam

2535 1117 2955 1171 l'crventioribtts
2984 1120 3143 1173 terris
3169 1119 3333 1173 etiam
3366 1128 3660 1175 metuntur.

2610 1203 2784 1275 Super
2814 1205 3165 1263 Geminorum
3212 1207 3497 1277 allegorica
3533 1209 3928 1280 signiﬁcatione
3974 1214 4106 1268 nihil

2532 1296 2706 1351 adhuc
2738 1298 2976 1365 reperire
3023 1298 3205 1367 potui,
3259 1300 3361 1353 nisi
3408 1316 3619 1369 parum,
3652 1303 3793 1370 quod
3827 1312 4006 1358 tamen
4053 1314 4108 1359 et

2532 1386 2705 1453 ipsum
2761 1387 2900 1440 haud
2945 1388 3166 1441 multum
3216 1404 3245 1441 a
3290 1388 3532 1445 fabuloso
3583 1392 3786 1446 recedit
3830 1392 4106 1463 ﬁgmento.

2530 1473 2723 1528 Fertur
2748 1475 2799 1528 in
2831 1476 2919 1529 illo
2943 1491 3173 1545 namque
3197 1477 3532 1532 mittltoloico
3571 1480 3689 1548 (sic)
3719 1480 4009 1537 simulacro
4038 1498 4105 1536 ex

2527 1563 2611 1617 bis
2640 1562 2902 1626 Geminis,
2935 1580 3070 1633 quos
3097 1564 3377 1621 Castorem
3407 1577 3601 1622 vocant
3622 1579 3783 1639 atque
3808 1569 4103 1637 Pollucem,

2528 1654 2755 1709 alterum
2806 1655 3182 1719 immortalem,
3213 1657 3441 1713 alterum
3469 1657 3635 1714 fuisse
3674 1669 3858 1714 natum
3897 1671 4104 1716 morta-

2530 1745 2655 1800 lem.
2690 1744 2794 1800 Sed
2834 1747 2879 1800 is
2902 1748 2990 1815 qui
3017 1748 3259 1803 mortalis
3287 1750 3589 1814 exstiterat,
3620 1766 3728 1805 sua:
3750 1752 3939 1806 mortis
3961 1752 4105 1822 obje-

847 1824 1102 1879 damento
1126 1825 1566 1882 inveniendorum
1606 1829 1944 1898 sequentium
1980 1840 2421 1897 argumentorum
2457 1830 2498 1887 Β
2527 1846 2615 1891 ctu
2669 1836 2820 1890 fratri
2874 1838 3330 1893 immortalitatem
3387 1841 3715 1910 acquisisse,
3769 1841 3820 1895 id
3852 1842 3994 1910 quod
4049 1842 4104 1895 in

851 1917 1163 1986 prmlocato,
1194 1919 1261 1973 ad
1295 1919 1405 1988 ipsa
1448 1920 1559 1989 jam
1584 1919 1918 1989 explicanda,
1958 1936 2075 1989 qua:
2107 1920 2231 1976 hinc
2256 1920 2421 1976 conli-

842 2008 1077 2071 eiuntnr,
1111 2010 1434 2066 accedamus
1472 2021 1811 2081 argumenta.

1462 2104 1689 2165 CAPUT
1731 2106 1790 2160 ll.

840 2193 1073 2265 Physica
1094 2198 1365 2266 signorum
1400 2198 1554 2261 ratio,
1585 2207 1631 2249 et
1658 2204 1727 2251 de
1740 2195 1976 2251 solstitiis
2001 2206 2047 2251 et
2070 2199 2413 2267 a’quittoctiis.

910 2284 1015 2339 Sed
1059 2286 1182 2355 quia
1226 2286 1481 2351 rudibus,
1516 2287 1569 2341 id
1608 2295 1693 2341 est
1738 2286 2005 2341 similibus
2060 2288 2254 2351 nostri,
2311 2289 2416 2343 boc

836 2375 1151 2445 opusculum
1198 2377 1394 2432 cudere
1442 2377 1795 2440 instituimus,
1855 2393 1961 2431 nett
2022 2376 2413 2431 ittfructnosmtt

840 2465 1052 2519 videtur
1087 2466 1152 2519 de
1182 2467 1389 2521 ratione
1418 2467 1718 2536 signormn,
1748 2476 2007 2537 quantuut
2038 2468 2289 2539 ingenioli
2324 2486 2415 2522 tnt-

836 2554 935 2607 stri
983 2556 1254 2624 capacitas
1313 2572 1376 2610 ex
1417 2557 1679 2627 majorum
1729 2559 1885 2613 dictis
1935 2560 2168 2615 retinere
2218 2561 2413 2629 potuit,

835 2658 1007 2713 pauca
1058 2646 1446 2717 perstringere.
1483 2648 1560 2701 Ac
1606 2649 1780 2716 primo
1824 2650 2100 2703 sciendum
2145 2650 2232 2703 illa
2262 2652 2413 2721 signa

838 2734 970 2788 ttiltil
998 2735 1139 2789 aliud
1167 2751 1285 2791 esse
1325 2753 1483 2804 quam
1517 2737 1636 2791 ρωΙὶ
1674 2748 1819 2791 certa
1845 2740 2013 2808 spatia
2038 2754 2103 2793 ex
2136 2740 2411 2795 stellarum

837 2827 1102 2894 positione
1146 2837 1202 2883 et
1248 2829 1456 2892 ordine,
1515 2829 1899 2883 calculatorum
1946 2832 2240 2901 sagacitate
2294 2834 2412 2902 qui-

832 2918 1060 2971 busdam
1107 2919 1259 2987 quasi
1307 2919 1568 2973 limitibus
1600 2920 1975 2974 detcrtninata.
2012 2920 2223 2975 Primos
2254 2938 2408 2975 nam—

836 3024 940 3077 qne
986 3008 1289 3080 Egyptios,
1340 3025 1474 3078 quos
1526 3026 1633 3078 pra)
1671 3012 1882 3064 metet-is
1912 3012 2220 3066 nationibus
2254 3013 2409 3082 lmjus

829 3099 967 3154 artis
1017 3102 1205 3167 peritia
1254 3101 1543 3164 calluisse,
1626 3102 1819 3155 divina:
1876 3100 2014 3172 lead.
2062 3110 2121 3154 ut
2175 3102 2404 3165 divinae,

833 3190 924 3242 sed
956 3202 1078 3243 tunc
1110 3190 1316 3243 ret-bum
1361 3190 1714 3261 desideratur]
1767 3201 1819 3245 et
1874 3192 2123 3245 humana:
2177 3194 2410 3261 produnt

832 3280 1044 3345 lirterte,
1078 3281 1179 3333 iter
1201 3281 1329 3334 illud
1356 3281 1505 3342 solis,
1539 3296 1633 3349 per
1656 3282 1811 3350 cujus
1841 3282 2146 3337 discursum
2170 3299 2407 3337 annuum

839 3372 1017 3441 explet
1061 3372 1342 3435 circulum,
1417 3372 1469 3426 itt
1526 3373 1806 3427 duodecim
1864 3374 2105 3442 partibus
2160 3390 2410 3429 emensos

834 3472 1064 3517 testatur
1086 3463 1407 3518 Macrobius.
1430 3464 1605 3530 Quod,
1630 3481 1732 3534 qna
1759 3466 2020 3520 industria
2044 3468 2289 3534 fecerint,
2319 3470 2408 3537 qui

833 3554 1042 3625 plenius
1070 3569 1228 3608 nosse
1256 3555 1550 3618 desiderat,
1587 3554 1827 3623 ejusdem
1861 3555 2111 3611 Macrobii
2139 3573 2411 3613 countten-

833 3654 946 3697 tum
981 3645 1044 3699 dc
1084 3644 1287 3698 Somno
1317 3644 1557 3713 Cipionis
1606 3646 1723 3713 (sic)
1767 3645 1944 3715 legere
1974 3649 2205 3702 studeat.
2264 3648 2410 3715 lpsas

831 3743 1012 3789 autem
1045 3744 1224 3805 partes
1253 3736 1535 3790 subsecuta
1562 3735 1847 3805 posteritas
1878 3738 2052 3807 primo
2076 3738 2404 3807 generaliter

830 3826 983 3896 signo
1012 3825 1314 3894 appellavit.
1363 3824 1511 3880 llnde
1558 3826 1729 3880 eidem
1756 3827 1979 3895 splnnra:
2004 3826 2189 3882 Graece
2231 3829 2412 3883 zodia—

831 3932 941 3976 cus,
996 3916 1183 3969 Latine
1236 3926 1415 3970 autem
1448 3915 1690 3985 signiferi
1735 3933 1927 3971 nomen
1972 3918 2280 3988 impositum
2305 3930 2405 3974 est.

833 4008 1031 4062 Deinde
1071 4008 1296 4077 singulis
1326 4008 1491 4078 signis
1536 4018 1684 4063 certa
1738 4010 1928 4064 indidit
1960 4010 2242 4075 vocabula,
2291 4028 2409 4080 qua:

830 4108 1002 4165 poene
1057 4098 1269 4165 quidem
1306 4098 1528 4153 ridicule
1553 4098 1856 4164 ﬁnxerunt;
1899 4103 1989 4155 sed
2037 4101 2126 4169 qui
2158 4101 2411 4155 dicuntur

831 4190 1160 4260 philosophi,
1228 4191 1549 4259 quibusdam
1606 4193 1846 4263 physicis
1904 4194 2409 4249 admnbrationibus

835 4280 1080 4336 colorare
1132 4281 1233 4335 nisi
1265 4292 1407 4335 sunt.
1442 4282 1548 4336 Sed
1585 4298 1682 4336 nos
1733 4284 1828 4352 (ita
1856 4285 2024 4353 cod.),
2058 4286 2284 4354 poeticis
2307 4326 2323 4349 ,
2355 4286 2406 4339 itt

828 4372 1027 4441 quibus
1056 4371 1195 4425 nulla
1225 4372 1362 4426 inest
1393 4371 1504 4426 veri
1531 4372 1788 4436 soliditas,
1825 4374 2146 4442 posthabitis
2182 4375 2405 4445 ﬁgmen-

834 4464 926 4529 tis,
983 4465 1306 4519 naturalium
1341 4479 1519 4518 rerum
1553 4478 1721 4531 pauca
1753 4478 1871 4532 quae
1923 4464 1988 4518 de
2018 4474 2261 4521 veterum
2311 4483 2406 4535 po-

838 4558 1037 4612 tuimus
1070 4573 1260 4613 eruere
1301 4560 1727 4622 commentariis,
1764 4561 2001 4616 inserere
2023 4576 2127 4616 non
2162 4563 2407 4617 videatur

828 4664 1140 4703 onerosum.
1195 4648 1360 4716 Igitur
1406 4650 1627 4703 zodiaco
1684 4650 1781 4717 ipsi
1832 4664 1895 4705 eo
1949 4650 2065 4704 loco
2106 4652 2405 4707 tribuentes

832 4738 1068 4801 initium,
1118 4755 1223 4807 quo
1253 4740 1420 4793 solent
1460 4755 1582 4794 mox
1630 4741 1829 4794 factum
1880 4750 2233 4797 constatesse
2260 4742 2405 4796 loca-
2442 4772 2449 4778 ~

831 4838 965 4892 tnnt,
994 4828 1045 4882 id
1077 4838 1179 4894 est,
1211 4829 1277 4883 ab
1300 4844 1364 4883 eo
1391 4830 1565 4898 signo,
1590 4830 1735 4900 quod
1760 4846 1827 4884 xv
1854 4830 1970 4884 Kal.
2000 4830 2173 4901 April.
2205 4833 2407 4885 intrare

824 4918 1049 4982 dicitur,
1080 4932 1239 4987 quem
1270 4918 1504 4987 primum
1536 4917 1702 4973 fuisse
1726 4919 1865 4973 diem
1906 4921 2105 4985 szeculi,
2136 4931 2190 4975 et
2216 4931 2410 4990 quarto

817 5008 1022 5063 abhinc
1074 5022 1132 5063 se
1196 5018 1441 5064 creatum
1510 5010 1870 5079 aequinoctiali
1923 5012 2008 5065 die
2061 5014 2266 5068 ratione
2327 5017 2403 5070 sol

824 5100 941 5169 ipse
977 5108 1233 5165 testatur,
1266 5100 1405 5155 idem
1438 5101 1735 5170 principale
1766 5102 1977 5172 signant
2010 5105 2163 5172 quasi
2203 5105 2406 5162 Arietis

825 5190 1045 5245 nomine
1095 5201 1441 5256 vocaverunt,
1474 5207 1539 5245 ex
1566 5200 1758 5246 natura
1790 5193 1959 5263 ipsius
2006 5196 2253 5251 animalis
2296 5209 2406 5251 tra-

823 5284 984 5337 bcute
1049 5282 1365 5337 vocabulum
1415 5283 1783 5339 similitudinis
1820 5286 1885 5338 ad
1933 5284 2277 5343 etlicientiam
2319 5305 2406 5344 so-

823 5372 909 5437 lis,
972 5372 1087 5427 sive
1136 5372 1278 5441 quod
1308 5373 1359 5427 id
1389 5374 1589 5427 animal
1622 5376 1888 5445 prmeipue
1924 5378 2179 5432 cornibus
2226 5380 2399 5445 valet,

818 5468 961 5523 sicut
1012 5466 1094 5523 sol
1132 5467 1200 5522 ab
1244 5482 1308 5522 eo
1366 5477 1608 5539 tempore
1652 5470 1719 5523 ad
1775 5471 2143 5527 resolvendum
2182 5480 2403 5535 terram,

2526 1930 2659 1998 ipsis
2717 1930 2946 2000 probare
2998 1930 3244 1984 nituntur
3290 1932 3491 1996 stellis,
3546 1934 3687 2001 quod
3745 1947 3851 1987 uno
3898 1934 4105 1986 oriente

2526 2019 2661 2073 alter
2705 2019 2923 2073 occidit.
2982 2018 3093 2073 lloc
3140 2035 3353 2088 quoque
3394 2020 3489 2075 soli
3538 2022 3616 2074 sic
3659 2030 3931 2090 coaptant,
3961 2021 4102 2089 quod

2525 2124 2663 2162 unus
2691 2108 2939 2176 idemque
2966 2109 3123 2162 ntodo
3154 2110 3203 2161 itt
3247 2109 3350 2161 ima
3384 2110 3564 2163 mundi
3604 2110 3912 2165 descendat.
3940 2110 4101 2164 tnodo

2520 2198 2571 2252 in
2599 2212 2861 2251 summam
2894 2206 3140 2267 resurgat
3169 2197 3528 2251 altitudinem.

2580 2286 2771 2341 Caneti
2824 2284 3144 2355 signiﬁcatio
3171 2287 3222 2340 itt
3256 2287 3535 2357 prepatulo
3562 2299 3663 2350 esr,
3693 2289 3834 2356 quod
3862 2288 4009 2341 sicut
4047 2288 4100 2342 id

2517 2391 2685 2446 genus
2714 2376 2958 2431 animalis
2984 2377 3157 2431 versis
3179 2377 3417 2447 vestigiis
3448 2388 3591 2432 retro
3634 2378 3852 2442 incedit,
3895 2378 3967 2430 ita
3995 2378 4097 2439 sol,

2518 2482 2638 2521 cum
2691 2467 2756 2519 ad
2781 2467 2882 2520 hoc
2905 2466 3115 2537 signum
3149 2470 3379 2529 venerit,
3413 2467 3551 2522 ultra
3584 2468 3843 2521 scandere
3870 2483 3975 2523 non
4005 2484 4101 2521 va-

2518 2556 2632 2610 lens
2656 2555 2915 2611 inferiora
2945 2556 3159 2624 repetit,
3193 2556 3465 2610 celebrato
3493 2556 3545 2610 in
3580 2566 3770 2625 quarta
3804 2556 3921 2627 ejus
3945 2566 4100 2625 parte

2515 2645 2768 2709 solstitio,
2826 2645 2878 2699 id
2917 2654 3001 2699 est
3062 2660 3137 2698 xn
3187 2644 3302 2697 Kal.
3346 2643 3505 2708 Julii,
3538 2646 3677 2698 unde
3722 2646 3860 2698 idem
3910 2655 4083 2699 ortus.

2516 2735 2647 2789 Nam
2693 2745 2802 2791 tres
2833 2746 2957 2790 sunt
3004 2736 3327 2805 principales
3375 2745 3527 2791 ortus
3557 2751 3887 2805 occasusque
3932 2736 4082 2801 solis,

2511 2830 2713 2883 scilicet
2737 2828 3012 2891 brumalis,
3049 2828 3454 2895 :equiuoctialis,
3503 2838 3557 2881 et
3598 2828 3846 2881 borealis.
3880 2829 3984 2883 Iste
4013 2830 4079 2883 de

2512 2936 2617 2989 quo
2659 2920 2949 2989 loquimur,
3008 2920 3086 2983 is,
3139 2920 3378 2987 inquam,
3436 2929 3586 2972 ortus
3618 2918 3901 2984 Therinos,
3957 2919 4090 2973 Tro-

2510 3014 2659 3080 picos
2713 3011 2897 3065 eree
2948 3021 3173 3065 vocatur
3224 3012 3387 3085 θεροῖ,
3429 3010 3479 3063 id
3512 3020 3597 3063 est
3640 3018 3820 3073 restas,
3864 3025 4083 3078 compo-

2513 3103 2616 3155 sito
2670 3102 2883 3156 nomine
2938 3115 2968 3153 a
3017 3100 3274 3169 qualitate
3325 3100 3580 3169 temporis
3630 3108 3683 3155 et
3733 3100 4085 3156 conversione

2440 3172 2483 3232 C
2518 3192 2666 3247 Solis.

2585 3281 2827 3351 Sequens
2857 3282 3065 3352 signum
3113 3281 3307 3336 Leonis
3344 3282 3538 3335 dicitur
3566 3284 3634 3337 ob
3666 3282 3805 3338 illius
3852 3282 4071 3342 mensis.

2511 3370 2737 3441 Augusti
2792 3371 3031 3433 scilicet,
3070 3370 3526 3425 ferventissinntm
3580 3380 3805 3439 tempus,
3837 3372 3959 3440 quia
3992 3372 4076 3425 leo

2514 3465 2726 3519 etezeris
2755 3465 3078 3518 animalibus
3111 3463 3291 3517 calore
3335 3474 3592 3531 praestare
3629 3464 3888 3527 creditur,
3914 3464 4089 3533 quod-

2512 3572 2618 3625 que
2646 3554 2755 3609 Leo
2781 3555 2958 3623 priore
2987 3564 3139 3622 parte
3170 3554 3397 3617 validus,
3427 3554 3729 3622 posteriore
3760 3554 4087 3624 degenerat;

2511 3650 2651 3704 sicut
2703 3649 2851 3703 sole
2900 3649 3076 3701 medio
3134 3648 3224 3702 illo
3284 3648 3436 3718 signo
3480 3648 3591 3717 jatn
3648 3646 3791 3701 circa
3851 3659 4090 3699 mensem

2512 3738 2885 3808 Septembrem
2919 3746 3081 3793 aestus
3109 3738 3189 3792 sui
3231 3737 3478 3793 ardorem
3510 3737 3665 3792 nobis
3707 3736 3965 3791 duntaxat
3994 3736 4093 3790 nti-

2514 3831 2682 3899 tlgat'c
2711 3827 2916 3897 incipit.

2582 3918 2700 3973 Jatn
2736 3935 2863 3974 vero
2897 3919 2994 3989 ipsi
3019 3918 3322 3987 Septembri
3352 3918 3627 3988 Virginem
3664 3910 4086 3987 deputaverunt;

2511 4008 2653 4077 quod
2689 4023 2752 4062 eo
2788 4022 2972 4061 mense
3011 4007 3166 4061 effeta
3207 4008 3318 4077 jam
3365 4017 3506 4061 terra
3534 4007 3668 4061 nihil
3710 4006 3979 4062 fructuum
4006 4009 4090 4077 gi-

2510 4110 2656 4171 gnat.

2586 4192 2826 4255 Libram,
2858 4206 3015 4260 qnam
3044 4192 3095 4244 itt
3123 4191 3337 4244 trutinm
3368 4189 3595 4271 effigiem
3631 4190 3883 4254 formant,
3917 4193 4089 4260 tequi-

2515 4282 2798 4337 noctialetn
2832 4282 2935 4336 diei
2964 4281 3241 4351 noctisque
3289 4282 3637 4351 parilitatem,
3670 4299 3830 4353 quant
3878 4283 3932 4337 itt
3972 4282 4087 4351 ejus

2510 4384 2700 4442 quarta
2735 4382 2885 4442 parte
2916 4373 2994 4427 sol
3019 4372 3331 4441 exsequitur
3356 4382 3633 4436 autuumo,
3666 4374 3716 4429 id
3742 4383 3825 4429 est
3850 4390 3925 4429 xu
3966 4373 4085 4429 Kal.

2512 4461 2759 4523 Octobr.,
2797 4462 3089 4524 insittuant,
3138 4462 3277 4515 sicut
3332 4461 3383 4514 itt
3435 4462 3637 4515 Arietis
3687 4472 3880 4531 quarta
3937 4475 4088 4533 parte

2514 4570 2697 4617 verno,
2728 4555 2875 4608 idest
2906 4568 2978 4606 xu
3016 4552 3132 4605 Kal.
3161 4552 3329 4621 April.
3359 4552 3421 4606 Et
3454 4554 3502 4607 lti
3530 4563 3653 4606 sunt
3679 4564 3829 4607 ortus
3866 4554 3943 4608 vel
3988 4570 4081 4609 oc-

2512 4660 2693 4707 casus,
2744 4659 2974 4713 quorum
3033 4653 3257 4711 uterque
3318 4644 3650 4702 isemerinos.
3712 4644 3761 4698 id
3789 4654 3873 4701 est
3924 4648 4087 4715 tequi-

2514 4733 2761 4788 noctialis
2789 4732 3104 4801 appellatur.

2582 4824 2652 4877 At
2677 4838 2802 4877 vero
2832 4823 3087 4892 Scorpius
3129 4824 3402 4878 aculeatus
3430 4832 3485 4877 et
3512 4821 3833 4893 Sagittarius
3868 4824 3935 4879 ad
3982 4840 4077 4880 ex-

2515 4915 2823 4984 pritttendos
2870 4913 3190 4984 grandinutn
3248 4914 3383 4968 ictus
3426 4925 3480 4969 et
3535 4924 3907 4984 tempestatem
3944 4916 4086 4971 illius

2514 5008 2771 5077 temporis
2800 5016 2926 5061 sunt
2968 5006 3148 5063 locati.
3180 5005 3383 5061 Pneter
3426 5008 3568 5063 hunc
3620 5008 3963 5080 Sagittarius,
3994 5026 4087 5080 po-

2511 5112 2711 5154 stretna
2743 5108 2892 5169 parte
2920 5099 2971 5151 in
3001 5098 3171 5152 ferina
3208 5098 3444 5155 membra
3480 5098 3831 5170 degenerans,
3881 5102 4085 5171 signiti-

2512 5201 2598 5244 Cal.
2627 5190 2793 5245 solent
2842 5200 2967 5249 tunc
2998 5189 3255 5261 temporis
3285 5204 3313 5243 a
3344 5190 3556 5261 superis
3597 5191 3649 5244 ιιι
3690 5190 3871 5247 inﬁma
3901 5192 4084 5247 detru-

2511 5301 2649 5338 Sllﬂ].

2580 5376 2894 5446 Capricorni
2920 5374 3331 5445 signiticantiam
3377 5372 3545 5431 oculis
3579 5374 3743 5428 etiam
3784 5372 4082 5442 deprehen-

2510 5470 2639 5527 dere
2662 5469 2916 5539 perfacile
2944 5476 3046 5522 est.
3073 5465 3300 5534 Capram
3322 5466 3465 5519 enim
3500 5466 3553 5519 in
3584 5464 3852 5535 pascendo
3872 5463 3939 5517 ab
3962 5465 4084 5519 imis

3023 5574 3073 5578 -.-
3124 5574 3272 5578 _.-_.-_
3314 5567 3385 5578 ..-ι
3434 5558 3513 5578 -.-ξ
3574 5557 3769 5578 ..---ξ-ι
3829 5555 3974 5578 ΩΒ-..·
4006 5555 4046 5578 ,ζ
