  <div class='ocr_page' id='page_1' title='image "/cluster/home/n/w/nwhite01/storage/ocr_20150623/137/hvd.32044021286828/018.png"; bbox 0 0 4466 5578; ppageno 0'>
   <div class='ocr_carea' id='block_1_1' title="bbox 364 411 2128 493">
    <p class='ocr_par' dir='ltr' id='par_1_1' title="bbox 364 431 2119 493">
     <span class='ocr_line' id='line_1_1' title="bbox 364 431 2119 493; baseline -0.005 -1"><span class='ocrx_word' id='word_1_1' title='bbox 364 439 431 493; x_wconf 73' lang='lat'><strong>25</strong></span> <span class='ocrx_word' id='word_1_2' title='bbox 1628 433 1823 487; x_wconf 68' lang='lat' dir='ltr'><strong>LIBI&#39;Jl</strong></span> <span class='ocrx_word' id='word_1_3' title='bbox 1864 431 1947 484; x_wconf 79' lang='lat' dir='ltr'><strong>DF.</strong></span> <span class='ocrx_word' id='word_1_4' title='bbox 1986 431 2119 484; x_wconf 73' lang='lat' dir='ltr'><strong>C0.“</strong></span> 
     </span>
    </p>
   </div>
   <div class='ocr_carea' id='block_1_2' title="bbox 1838 411 3602 493">
    <p class='ocr_par' dir='ltr' id='par_1_2' title="bbox 1864 411 3602 486">
     <span class='ocr_line' id='line_1_2' title="bbox 1864 411 3602 486; baseline -0.002 -2"><span class='ocrx_word' id='word_1_5' title='bbox 1864 431 1947 484; x_wconf 79' lang='lat' dir='ltr'><strong>DE</strong></span> <span class='ocrx_word' id='word_1_6' title='bbox 1986 411 2332 486; x_wconf 60' lang='lat' dir='ltr'><strong>cuin&#39;c&#39;ro.’</strong></span> <span class='ocrx_word' id='word_1_7' title='bbox 3533 430 3602 482; x_wconf 63' lang='lat'><strong>~25</strong></span> 
     </span>
    </p>
   </div>
   <div class='ocr_carea' id='block_1_3' title="bbox 367 538 3603 609">
    <p class='ocr_par' dir='ltr' id='par_1_3' title="bbox 367 538 3603 609">
     <span class='ocr_line' id='line_1_3' title="bbox 367 538 3603 609; baseline -0.003 -9"><span class='ocrx_word' id='word_1_8' title='bbox 367 560 451 602; x_wconf 72' lang='lat' dir='ltr'><strong>est</strong></span> <span class='ocrx_word' id='word_1_9' title='bbox 480 565 551 602; x_wconf 62' lang='grc' dir='ltr'>λιι</span> <span class='ocrx_word' id='word_1_10' title='bbox 578 548 692 601; x_wconf 75' lang='lat' dir='ltr'><strong>Kal.</strong></span> <span class='ocrx_word' id='word_1_11' title='bbox 722 546 982 609; x_wconf 85' lang='lat' dir='ltr'><strong>Januarii,</strong></span> <span class='ocrx_word' id='word_1_12' title='bbox 1018 545 1246 599; x_wconf 82' lang='lat' dir='ltr'><strong>solstitio</strong></span> <span class='ocrx_word' id='word_1_13' title='bbox 1274 544 1521 602; x_wconf 82' lang='lat' dir='ltr'><strong>brumali.</strong></span> <span class='ocrx_word' id='word_1_14' title='bbox 1555 545 1692 597; x_wconf 78' lang='lat' dir='ltr'><strong>situt</strong></span> <span class='ocrx_word' id='word_1_15' title='bbox 1727 544 1775 595; x_wconf 93' lang='lat' dir='ltr'><strong>in</strong></span> <span class='ocrx_word' id='word_1_16' title='bbox 1805 542 1935 594; x_wconf 81' lang='lat' dir='ltr'><strong>Can-</strong></span> <span class='ocrx_word' id='word_1_17' title='bbox 1968 547 2010 600; x_wconf 75' lang='grc' dir='ltr'><strong>Λ</strong></span> <span class='ocrx_word' id='word_1_18' title='bbox 2042 540 2251 594; x_wconf 90' lang='lat' dir='ltr'><strong>ditullio</strong></span> <span class='ocrx_word' id='word_1_19' title='bbox 2282 541 2476 604; x_wconf 79' lang='lat' dir='ltr'><strong>locata,</strong></span> <span class='ocrx_word' id='word_1_20' title='bbox 2522 549 2576 594; x_wconf 91' lang='lat' dir='ltr'><strong>ct</strong></span> <span class='ocrx_word' id='word_1_21' title='bbox 2604 549 2820 595; x_wconf 98' lang='lat' dir='ltr'><strong>econtra</strong></span> <span class='ocrx_word' id='word_1_22' title='bbox 2854 540 3170 593; x_wconf 81' lang='lat' dir='ltr'><strong>altrinsecus</strong></span> <span class='ocrx_word' id='word_1_23' title='bbox 3219 538 3411 607; x_wconf 89' lang='lat' dir='ltr'><strong>posita,</strong></span> <span class='ocrx_word' id='word_1_24' title='bbox 3445 540 3603 591; x_wconf 75' lang='lat' dir='ltr'><strong>veluti</strong></span> 
     </span>
    </p>
   </div>
   <div class='ocr_carea' id='block_1_4' title="bbox 369 632 1932 702">
    <p class='ocr_par' dir='ltr' id='par_1_4' title="bbox 369 632 1932 702">
     <span class='ocr_line' id='line_1_4' title="bbox 369 632 1932 702; baseline -0.004 -13"><span class='ocrx_word' id='word_1_25' title='bbox 369 656 463 689; x_wconf 86' lang='lat' dir='ltr'><strong>cro</strong></span> <span class='ocrx_word' id='word_1_26' title='bbox 489 638 728 690; x_wconf 62' lang='lat' dir='ltr'><strong>testuali.</strong></span> <span class='ocrx_word' id='word_1_27' title='bbox 768 636 916 690; x_wconf 84' lang='lat' dir='ltr'><strong>Unde</strong></span> <span class='ocrx_word' id='word_1_28' title='bbox 940 636 1101 688; x_wconf 89' lang='lat' dir='ltr'><strong>etiam</strong></span> <span class='ocrx_word' id='word_1_29' title='bbox 1151 636 1248 688; x_wconf 89' lang='lat' dir='ltr'><strong>huc</strong></span> <span class='ocrx_word' id='word_1_30' title='bbox 1280 635 1511 702; x_wconf 77' lang='lat' dir='ltr'><strong>signum.</strong></span> <span class='ocrx_word' id='word_1_31' title='bbox 1550 634 1684 687; x_wconf 59' lang='lat' dir='ltr'><strong>sicut</strong></span> <span class='ocrx_word' id='word_1_32' title='bbox 1726 643 1775 685; x_wconf 86' lang='lat' dir='ltr'><strong>et</strong></span> <span class='ocrx_word' id='word_1_33' title='bbox 1808 632 1932 685; x_wconf 89' lang='lat' dir='ltr'><strong>illml</strong></span> 
     </span>
    </p>
   </div>
   <div class='ocr_carea' id='block_1_5' title="bbox 374 725 1938 797">
    <p class='ocr_par' dir='ltr' id='par_1_5' title="bbox 374 725 1938 797">
     <span class='ocr_line' id='line_1_5' title="bbox 374 725 1938 797; baseline -0.003 -16"><span class='ocrx_word' id='word_1_34' title='bbox 374 730 635 797; x_wconf 84' lang='lat' dir='ltr'><strong>tropicon,</strong></span> <span class='ocrx_word' id='word_1_35' title='bbox 680 727 730 780; x_wconf 93' lang='lat' dir='ltr'><strong>id</strong></span> <span class='ocrx_word' id='word_1_36' title='bbox 775 737 856 781; x_wconf 88' lang='lat' dir='ltr'><strong>est</strong></span> <span class='ocrx_word' id='word_1_37' title='bbox 907 728 1288 790; x_wconf 82' lang='lat' dir='ltr'><strong>convertibile,</strong></span> <span class='ocrx_word' id='word_1_38' title='bbox 1340 726 1654 795; x_wconf 90' lang='lat' dir='ltr'><strong>appellatur.</strong></span> <span class='ocrx_word' id='word_1_39' title='bbox 1714 726 1774 777; x_wconf 66' lang='lat' dir='ltr'><strong>lit</strong></span> <span class='ocrx_word' id='word_1_40' title='bbox 1816 725 1938 777; x_wconf 49' lang='lat' dir='ltr'><strong>infe</strong></span> 
     </span>
    </p>
   </div>
   <div class='ocr_carea' id='block_1_6' title="bbox 373 817 1937 888">
    <p class='ocr_par' dir='ltr' id='par_1_6' title="bbox 373 817 1937 888">
     <span class='ocr_line' id='line_1_6' title="bbox 373 817 1937 888; baseline -0.005 -15"><span class='ocrx_word' id='word_1_41' title='bbox 373 821 484 873; x_wconf 79' lang='lat' dir='ltr'><strong>lucc</strong></span> <span class='ocrx_word' id='word_1_42' title='bbox 542 820 695 887; x_wconf 86' lang='lat' dir='ltr'><strong>signa</strong></span> <span class='ocrx_word' id='word_1_43' title='bbox 743 817 1041 887; x_wconf 88' lang='lat' dir='ltr'><strong>philosophi</strong></span> <span class='ocrx_word' id='word_1_44' title='bbox 1091 828 1273 888; x_wconf 86' lang='lat' dir='ltr'><strong>portas</strong></span> <span class='ocrx_word' id='word_1_45' title='bbox 1323 818 1451 871; x_wconf 91' lang='lat' dir='ltr'><strong>solis</strong></span> <span class='ocrx_word' id='word_1_46' title='bbox 1511 817 1937 886; x_wconf 82' lang='lat' dir='ltr'><strong>appellaverunt,</strong></span> 
     </span>
    </p>
   </div>
   <div class='ocr_carea' id='block_1_7' title="bbox 370 905 1939 979">
    <p class='ocr_par' dir='ltr' id='par_1_7' title="bbox 370 905 1939 979">
     <span class='ocr_line' id='line_1_7' title="bbox 370 905 1939 979; baseline -0.003 -19"><span class='ocrx_word' id='word_1_47' title='bbox 370 913 513 979; x_wconf 87' lang='lat' dir='ltr'><strong>quod</strong></span> <span class='ocrx_word' id='word_1_48' title='bbox 562 911 615 963; x_wconf 92' lang='lat' dir='ltr'><strong>in</strong></span> <span class='ocrx_word' id='word_1_49' title='bbox 664 919 888 978; x_wconf 88' lang='lat' dir='ltr'><strong>utroque</strong></span> <span class='ocrx_word' id='word_1_50' title='bbox 938 923 1143 970; x_wconf 86' lang='lat' dir='ltr'><strong>eorum,</strong></span> <span class='ocrx_word' id='word_1_51' title='bbox 1199 907 1452 960; x_wconf 86' lang='lat' dir='ltr'><strong>ohviaute</strong></span> <span class='ocrx_word' id='word_1_52' title='bbox 1506 906 1757 963; x_wconf 74' lang='lat' dir='ltr'><strong>solstitio.</strong></span> <span class='ocrx_word' id='word_1_53' title='bbox 1802 905 1939 955; x_wconf 72' lang='lat' dir='ltr'><strong>uitia</strong></span> 
     </span>
    </p>
   </div>
   <div class='ocr_carea' id='block_1_8' title="bbox 371 995 1939 1069">
    <p class='ocr_par' dir='ltr' id='par_1_8' title="bbox 371 995 1939 1069">
     <span class='ocr_line' id='line_1_8' title="bbox 371 995 1939 1069; baseline -0.005 -18"><span class='ocrx_word' id='word_1_54' title='bbox 371 1002 487 1069; x_wconf 83' lang='lat' dir='ltr'><strong>ejus</strong></span> <span class='ocrx_word' id='word_1_55' title='bbox 510 1001 859 1069; x_wconf 81' lang='lat' dir='ltr'><strong>prohibeatur</strong></span> <span class='ocrx_word' id='word_1_56' title='bbox 882 1014 1154 1053; x_wconf 75' lang='lat' dir='ltr'><strong>ascensus.</strong></span> <span class='ocrx_word' id='word_1_57' title='bbox 1194 997 1494 1050; x_wconf 86' lang='lat' dir='ltr'><strong>Solstitium</strong></span> <span class='ocrx_word' id='word_1_58' title='bbox 1528 1006 1705 1047; x_wconf 86' lang='lat' dir='ltr'><strong>autem</strong></span> <span class='ocrx_word' id='word_1_59' title='bbox 1741 995 1939 1046; x_wconf 89' lang='lat' dir='ltr'><strong>dictum</strong></span> 
     </span>
    </p>
   </div>
   <div class='ocr_carea' id='block_1_9' title="bbox 373 1086 1937 1161">
    <p class='ocr_par' dir='ltr' id='par_1_9' title="bbox 373 1086 1937 1161">
     <span class='ocr_line' id='line_1_9' title="bbox 373 1086 1937 1161; baseline -0.004 -16"><span class='ocrx_word' id='word_1_60' title='bbox 373 1108 479 1146; x_wconf 92' lang='lat' dir='ltr'><strong>non</strong></span> <span class='ocrx_word' id='word_1_61' title='bbox 524 1108 629 1161; x_wconf 89' lang='lat' dir='ltr'><strong>quo</strong></span> <span class='ocrx_word' id='word_1_62' title='bbox 676 1092 840 1145; x_wconf 85' lang='lat' dir='ltr'><strong>solent</strong></span> <span class='ocrx_word' id='word_1_63' title='bbox 894 1090 1181 1158; x_wconf 94' lang='lat' dir='ltr'><strong>aliquando</strong></span> <span class='ocrx_word' id='word_1_64' title='bbox 1234 1100 1378 1143; x_wconf 86' lang='lat' dir='ltr'><strong>stare</strong></span> <span class='ocrx_word' id='word_1_65' title='bbox 1432 1090 1502 1142; x_wconf 91' lang='lat' dir='ltr'><strong>sit</strong></span> <span class='ocrx_word' id='word_1_66' title='bbox 1541 1087 1813 1148; x_wconf 78' lang='lat' dir='ltr'><strong>cred.bilc.</strong></span> <span class='ocrx_word' id='word_1_67' title='bbox 1846 1086 1937 1139; x_wconf 90' lang='lat' dir='ltr'><strong>sed</strong></span> 
     </span>
    </p>
   </div>
   <div class='ocr_carea' id='block_1_10' title="bbox 373 1178 1939 1248">
    <p class='ocr_par' dir='ltr' id='par_1_10' title="bbox 373 1178 1939 1248">
     <span class='ocr_line' id='line_1_10' title="bbox 373 1178 1939 1248; baseline -0.004 -13"><span class='ocrx_word' id='word_1_68' title='bbox 373 1182 689 1235; x_wconf 75' lang='lat' dir='ltr'><strong>brevissima</strong></span> <span class='ocrx_word' id='word_1_69' title='bbox 722 1181 804 1233; x_wconf 91' lang='lat' dir='ltr'><strong>illa</strong></span> <span class='ocrx_word' id='word_1_70' title='bbox 842 1182 1035 1248; x_wconf 88' lang='lat' dir='ltr'><strong>spatia.</strong></span> <span class='ocrx_word' id='word_1_71' title='bbox 1080 1179 1273 1248; x_wconf 79' lang='lat' dir='ltr'><strong>quibus</strong></span> <span class='ocrx_word' id='word_1_72' title='bbox 1329 1195 1590 1232; x_wconf 81' lang='lat' dir='ltr'><strong>summam</strong></span> <span class='ocrx_word' id='word_1_73' title='bbox 1650 1178 1730 1230; x_wconf 83' lang='lat' dir='ltr'><strong>\‘cl</strong></span> <span class='ocrx_word' id='word_1_74' title='bbox 1781 1180 1939 1229; x_wconf 91' lang='lat' dir='ltr'><strong>imam</strong></span> 
     </span>
    </p>
   </div>
   <div class='ocr_carea' id='block_1_11' title="bbox 375 1264 1937 1339">
    <p class='ocr_par' dir='ltr' id='par_1_11' title="bbox 375 1264 1937 1339">
     <span class='ocr_line' id='line_1_11' title="bbox 375 1264 1937 1339; baseline -0.004 -16"><span class='ocrx_word' id='word_1_75' title='bbox 375 1271 582 1323; x_wconf 90' lang='lat' dir='ltr'><strong>zodiaci</strong></span> <span class='ocrx_word' id='word_1_76' title='bbox 627 1281 829 1339; x_wconf 68' lang='lat' dir='ltr'><strong>partem</strong></span> <span class='ocrx_word' id='word_1_77' title='bbox 868 1271 1099 1339; x_wconf 85' lang='lat' dir='ltr'><strong>attingit,</strong></span> <span class='ocrx_word' id='word_1_78' title='bbox 1130 1270 1228 1321; x_wconf 91' lang='lat' dir='ltr'><strong>hoc</strong></span> <span class='ocrx_word' id='word_1_79' title='bbox 1252 1269 1463 1319; x_wconf 88' lang='lat' dir='ltr'><strong>nomine</strong></span> <span class='ocrx_word' id='word_1_80' title='bbox 1494 1277 1777 1320; x_wconf 88' lang='lat' dir='ltr'><strong>censentur</strong></span> <span class='ocrx_word' id='word_1_81' title='bbox 1800 1264 1937 1335; x_wconf 76' lang='grc' dir='ltr'><strong>[ευιΙ.</strong></span> 
     </span>
    </p>
   </div>
   <div class='ocr_carea' id='block_1_12' title="bbox 372 1354 1941 1429">
    <p class='ocr_par' dir='ltr' id='par_1_12' title="bbox 372 1354 1941 1429">
     <span class='ocr_line' id='line_1_12' title="bbox 372 1354 1941 1429; baseline -0.004 -18"><span class='ocrx_word' id='word_1_82' title='bbox 372 1358 672 1429; x_wconf 83' lang='lat' dir='ltr'><strong>censetur],</strong></span> <span class='ocrx_word' id='word_1_83' title='bbox 700 1360 840 1427; x_wconf 89' lang='lat' dir='ltr'><strong>quod</strong></span> <span class='ocrx_word' id='word_1_84' title='bbox 884 1367 1063 1410; x_wconf 89' lang='lat' dir='ltr'><strong>atomo</strong></span> <span class='ocrx_word' id='word_1_85' title='bbox 1100 1358 1212 1410; x_wconf 81' lang='lat' dir='ltr'><strong>ﬁeri</strong></span> <span class='ocrx_word' id='word_1_86' title='bbox 1238 1357 1363 1409; x_wconf 91' lang='lat' dir='ltr'><strong>nulli</strong></span> <span class='ocrx_word' id='word_1_87' title='bbox 1390 1356 1606 1408; x_wconf 90' lang='lat' dir='ltr'><strong>dubium</strong></span> <span class='ocrx_word' id='word_1_88' title='bbox 1633 1365 1732 1409; x_wconf 89' lang='lat' dir='ltr'><strong>est.</strong></span> <span class='ocrx_word' id='word_1_89' title='bbox 1751 1354 1941 1408; x_wconf 84' lang='lat' dir='ltr'><strong>Scien-</strong></span> 
     </span>
    </p>
   </div>
   <div class='ocr_carea' id='block_1_13' title="bbox 374 1445 1941 1517">
    <p class='ocr_par' dir='ltr' id='par_1_13' title="bbox 374 1445 1941 1517">
     <span class='ocr_line' id='line_1_13' title="bbox 374 1445 1941 1517; baseline -0.004 -17"><span class='ocrx_word' id='word_1_90' title='bbox 374 1450 497 1500; x_wconf 88' lang='lat' dir='ltr'><strong>dum</strong></span> <span class='ocrx_word' id='word_1_91' title='bbox 534 1463 745 1517; x_wconf 90' lang='lat' dir='ltr'><strong>quoque</strong></span> <span class='ocrx_word' id='word_1_92' title='bbox 776 1448 873 1500; x_wconf 91' lang='lat' dir='ltr'><strong>hoc</strong></span> <span class='ocrx_word' id='word_1_93' title='bbox 895 1446 1123 1500; x_wconf 83' lang='lat' dir='ltr'><strong>solstitio</strong></span> <span class='ocrx_word' id='word_1_94' title='bbox 1138 1447 1275 1499; x_wconf 89' lang='lat' dir='ltr'><strong>diem</strong></span> <span class='ocrx_word' id='word_1_95' title='bbox 1304 1445 1696 1506; x_wconf 86' lang='lat' dir='ltr'><strong>breviSsintum,</strong></span> <span class='ocrx_word' id='word_1_96' title='bbox 1732 1454 1941 1497; x_wconf 82' lang='lat' dir='ltr'><strong>uectem</strong></span> 
     </span>
    </p>
   </div>
   <div class='ocr_carea' id='block_1_14' title="bbox 373 1534 1944 1605">
    <p class='ocr_par' dir='ltr' id='par_1_14' title="bbox 373 1534 1944 1605">
     <span class='ocr_line' id='line_1_14' title="bbox 373 1534 1944 1605; baseline -0.004 -17"><span class='ocrx_word' id='word_1_97' title='bbox 373 1552 501 1589; x_wconf 82' lang='lat' dir='ltr'><strong>vero</strong></span> <span class='ocrx_word' id='word_1_98' title='bbox 526 1537 890 1605; x_wconf 77' lang='lat' dir='ltr'><strong>longissimam</strong></span> <span class='ocrx_word' id='word_1_99' title='bbox 922 1536 1061 1600; x_wconf 78' lang='lat' dir='ltr'><strong>ﬁeri,</strong></span> <span class='ocrx_word' id='word_1_100' title='bbox 1086 1536 1224 1588; x_wconf 90' lang='lat' dir='ltr'><strong>sicut</strong></span> <span class='ocrx_word' id='word_1_101' title='bbox 1250 1545 1472 1587; x_wconf 91' lang='lat' dir='ltr'><strong>econtra</strong></span> <span class='ocrx_word' id='word_1_102' title='bbox 1496 1534 1722 1587; x_wconf 92' lang='lat' dir='ltr'><strong>solstitio</strong></span> <span class='ocrx_word' id='word_1_103' title='bbox 1760 1535 1944 1585; x_wconf 71' lang='lat' dir='ltr'><strong>aestivo</strong></span> 
     </span>
    </p>
   </div>
   <div class='ocr_carea' id='block_1_15' title="bbox 374 1625 1942 1694">
    <p class='ocr_par' dir='ltr' id='par_1_15' title="bbox 374 1625 1942 1694">
     <span class='ocr_line' id='line_1_15' title="bbox 374 1625 1942 1694; baseline -0.001 -15"><span class='ocrx_word' id='word_1_104' title='bbox 374 1638 585 1681; x_wconf 77' lang='lat' dir='ltr'><strong>noctem</strong></span> <span class='ocrx_word' id='word_1_105' title='bbox 611 1628 979 1679; x_wconf 78' lang='lat' dir='ltr'><strong>brevissimam</strong></span> <span class='ocrx_word' id='word_1_106' title='bbox 1005 1625 1253 1693; x_wconf 70' lang='lat' dir='ltr'><strong>dicuntque</strong></span> <span class='ocrx_word' id='word_1_107' title='bbox 1285 1626 1664 1693; x_wconf 83' lang='lat' dir='ltr'><strong>longissimam,</strong></span> <span class='ocrx_word' id='word_1_108' title='bbox 1692 1628 1831 1694; x_wconf 89' lang='lat' dir='ltr'><strong>quod</strong></span> <span class='ocrx_word' id='word_1_109' title='bbox 1864 1644 1942 1677; x_wconf 88' lang='lat' dir='ltr'><strong>ra-</strong></span> 
     </span>
    </p>
   </div>
   <div class='ocr_carea' id='block_1_16' title="bbox 379 1714 1944 1782">
    <p class='ocr_par' dir='ltr' id='par_1_16' title="bbox 379 1714 1944 1782">
     <span class='ocr_line' id='line_1_16' title="bbox 379 1714 1944 1782; baseline -0.003 -15"><span class='ocrx_word' id='word_1_110' title='bbox 379 1720 523 1771; x_wconf 90' lang='lat' dir='ltr'><strong>tione</strong></span> <span class='ocrx_word' id='word_1_111' title='bbox 563 1717 884 1769; x_wconf 79' lang='lat' dir='ltr'><strong>circulorum</strong></span> <span class='ocrx_word' id='word_1_112' title='bbox 935 1726 1196 1781; x_wconf 62' lang='lat' dir='ltr'><strong>terrarque</strong></span> <span class='ocrx_word' id='word_1_113' title='bbox 1238 1714 1553 1782; x_wconf 88' lang='lat' dir='ltr'><strong>glohositate</strong></span> <span class='ocrx_word' id='word_1_114' title='bbox 1598 1714 1713 1766; x_wconf 81' lang='lat' dir='ltr'><strong>tieri</strong></span> <span class='ocrx_word' id='word_1_115' title='bbox 1747 1714 1944 1781; x_wconf 68' lang='lat' dir='ltr'><strong>liquido</strong></span> 
     </span>
    </p>
   </div>
   <div class='ocr_carea' id='block_1_17' title="bbox 379 1804 1938 1876">
    <p class='ocr_par' dir='ltr' id='par_1_17' title="bbox 379 1804 1938 1876">
     <span class='ocr_line' id='line_1_17' title="bbox 379 1804 1938 1876; baseline -0.001 -21"><span class='ocrx_word' id='word_1_116' title='bbox 379 1816 547 1876; x_wconf 87' lang='lat' dir='ltr'><strong>patet.</strong></span> <span class='ocrx_word' id='word_1_117' title='bbox 579 1806 853 1875; x_wconf 78' lang='lat' dir='ltr'><strong>Siquidem</strong></span> <span class='ocrx_word' id='word_1_118' title='bbox 880 1807 1085 1873; x_wconf 77' lang='lat' dir='ltr'><strong>spluera</strong></span> <span class='ocrx_word' id='word_1_119' title='bbox 1118 1805 1203 1857; x_wconf 89' lang='lat' dir='ltr'><strong>illa</strong></span> <span class='ocrx_word' id='word_1_120' title='bbox 1232 1804 1487 1865; x_wconf 74' lang='lat' dir='ltr'><strong>ctelestis,</strong></span> <span class='ocrx_word' id='word_1_121' title='bbox 1537 1818 1630 1872; x_wconf 90' lang='lat' dir='ltr'><strong>pcr</strong></span> <span class='ocrx_word' id='word_1_122' title='bbox 1660 1820 1819 1872; x_wconf 89' lang='lat' dir='ltr'><strong>quam</strong></span> <span class='ocrx_word' id='word_1_123' title='bbox 1850 1819 1938 1855; x_wconf 87' lang='lat' dir='ltr'><strong>zu-</strong></span> 
     </span>
    </p>
   </div>
   <div class='ocr_carea' id='block_1_18' title="bbox 376 1893 1945 1961">
    <p class='ocr_par' dir='ltr' id='par_1_18' title="bbox 376 1893 1945 1961">
     <span class='ocr_line' id='line_1_18' title="bbox 376 1893 1945 1961; baseline -0.004 -12"><span class='ocrx_word' id='word_1_124' title='bbox 376 1898 586 1950; x_wconf 89' lang='lat' dir='ltr'><strong>diactca</strong></span> <span class='ocrx_word' id='word_1_125' title='bbox 620 1896 759 1948; x_wconf 89' lang='lat' dir='ltr'><strong>linea</strong></span> <span class='ocrx_word' id='word_1_126' title='bbox 806 1895 1036 1957; x_wconf 80' lang='lat' dir='ltr'><strong>ducitur,</strong></span> <span class='ocrx_word' id='word_1_127' title='bbox 1068 1894 1133 1944; x_wconf 92' lang='lat' dir='ltr'><strong>ad</strong></span> <span class='ocrx_word' id='word_1_128' title='bbox 1176 1893 1479 1961; x_wconf 74' lang='lat' dir='ltr'><strong>aquilonem</strong></span> <span class='ocrx_word' id='word_1_129' title='bbox 1535 1908 1694 1959; x_wconf 80' lang='lat' dir='ltr'><strong>super</strong></span> <span class='ocrx_word' id='word_1_130' title='bbox 1751 1901 1945 1944; x_wconf 88' lang='lat' dir='ltr'><strong>terram</strong></span> 
     </span>
    </p>
   </div>
   <div class='ocr_carea' id='block_1_19' title="bbox 376 1981 1945 2053">
    <p class='ocr_par' dir='ltr' id='par_1_19' title="bbox 376 1981 1945 2053">
     <span class='ocr_line' id='line_1_19' title="bbox 376 1981 1945 2053; baseline -0.004 -15"><span class='ocrx_word' id='word_1_131' title='bbox 376 1986 633 2039; x_wconf 75' lang='lat' dir='ltr'><strong>aZtissimc</strong></span> <span class='ocrx_word' id='word_1_132' title='bbox 661 1996 933 2053; x_wconf 85' lang='lat' dir='ltr'><strong>porrecta,</strong></span> <span class='ocrx_word' id='word_1_133' title='bbox 967 1982 1267 2035; x_wconf 66' lang='lat' dir='ltr'><strong>brexiorem</strong></span> <span class='ocrx_word' id='word_1_134' title='bbox 1306 1982 1386 2033; x_wconf 76' lang='lat' dir='ltr'><strong>sui</strong></span> <span class='ocrx_word' id='word_1_135' title='bbox 1425 1990 1631 2048; x_wconf 91' lang='lat' dir='ltr'><strong>partem</strong></span> <span class='ocrx_word' id='word_1_136' title='bbox 1673 1981 1773 2035; x_wconf 88' lang='lat' dir='ltr'><strong>sub</strong></span> <span class='ocrx_word' id='word_1_137' title='bbox 1807 1990 1945 2033; x_wconf 81' lang='lat' dir='ltr'><strong>terra</strong></span> 
     </span>
    </p>
   </div>
   <div class='ocr_carea' id='block_1_20' title="bbox 378 2073 1946 2140">
    <p class='ocr_par' dir='ltr' id='par_1_20' title="bbox 378 2073 1946 2140">
     <span class='ocr_line' id='line_1_20' title="bbox 378 2073 1946 2140; baseline -0.004 -11"><span class='ocrx_word' id='word_1_138' title='bbox 378 2077 532 2129; x_wconf 89' lang='lat' dir='ltr'><strong>nobis</strong></span> <span class='ocrx_word' id='word_1_139' title='bbox 582 2075 832 2129; x_wconf 89' lang='lat' dir='ltr'><strong>occultat.</strong></span> <span class='ocrx_word' id='word_1_140' title='bbox 885 2074 1118 2126; x_wconf 69' lang='lat' dir='ltr'><strong>licontra</strong></span> <span class='ocrx_word' id='word_1_141' title='bbox 1168 2073 1233 2124; x_wconf 90' lang='lat' dir='ltr'><strong>ad</strong></span> <span class='ocrx_word' id='word_1_142' title='bbox 1284 2082 1525 2124; x_wconf 81' lang='lat' dir='ltr'><strong>austrum</strong></span> <span class='ocrx_word' id='word_1_143' title='bbox 1560 2088 1718 2140; x_wconf 82' lang='lat' dir='ltr'><strong>super</strong></span> <span class='ocrx_word' id='word_1_144' title='bbox 1750 2080 1946 2124; x_wconf 84' lang='lat' dir='ltr'><strong>terram</strong></span> 
     </span>
    </p>
   </div>
   <div class='ocr_carea' id='block_1_21' title="bbox 376 2163 1948 2235">
    <p class='ocr_par' dir='ltr' id='par_1_21' title="bbox 376 2163 1948 2235">
     <span class='ocr_line' id='line_1_21' title="bbox 376 2163 1948 2235; baseline -0.001 -19"><span class='ocrx_word' id='word_1_145' title='bbox 376 2183 566 2235; x_wconf 77' lang='lat' dir='ltr'><strong>parum</strong></span> <span class='ocrx_word' id='word_1_146' title='bbox 593 2169 753 2229; x_wconf 88' lang='lat' dir='ltr'><strong>elata,</strong></span> <span class='ocrx_word' id='word_1_147' title='bbox 788 2166 839 2218; x_wconf 92' lang='lat' dir='ltr'><strong>iu</strong></span> <span class='ocrx_word' id='word_1_148' title='bbox 868 2165 1185 2218; x_wconf 89' lang='lat' dir='ltr'><strong>immensum</strong></span> <span class='ocrx_word' id='word_1_149' title='bbox 1217 2165 1315 2217; x_wconf 91' lang='lat' dir='ltr'><strong>sub</strong></span> <span class='ocrx_word' id='word_1_150' title='bbox 1341 2173 1479 2216; x_wconf 90' lang='lat' dir='ltr'><strong>terra</strong></span> <span class='ocrx_word' id='word_1_151' title='bbox 1508 2163 1814 2231; x_wconf 82' lang='lat' dir='ltr'><strong>porrigitur.</strong></span> <span class='ocrx_word' id='word_1_152' title='bbox 1847 2163 1948 2216; x_wconf 80' lang='lat' dir='ltr'><strong>Zo-</strong></span> 
     </span>
    </p>
   </div>
   <div class='ocr_carea' id='block_1_22' title="bbox 378 2256 1950 2325">
    <p class='ocr_par' dir='ltr' id='par_1_22' title="bbox 378 2256 1950 2325">
     <span class='ocr_line' id='line_1_22' title="bbox 378 2256 1950 2325; baseline -0.001 -16"><span class='ocrx_word' id='word_1_153' title='bbox 378 2260 563 2312; x_wconf 70' lang='lat' dir='ltr'><strong>diacus</strong></span> <span class='ocrx_word' id='word_1_154' title='bbox 595 2274 741 2321; x_wconf 89' lang='lat' dir='ltr'><strong>vero,</strong></span> <span class='ocrx_word' id='word_1_155' title='bbox 791 2258 1041 2325; x_wconf 90' lang='lat' dir='ltr'><strong>quoniam</strong></span> <span class='ocrx_word' id='word_1_156' title='bbox 1072 2273 1176 2309; x_wconf 89' lang='lat' dir='ltr'><strong>non</strong></span> <span class='ocrx_word' id='word_1_157' title='bbox 1212 2256 1263 2309; x_wconf 91' lang='lat' dir='ltr'><strong>in</strong></span> <span class='ocrx_word' id='word_1_158' title='bbox 1292 2256 1553 2309; x_wconf 89' lang='lat' dir='ltr'><strong>directum</strong></span> <span class='ocrx_word' id='word_1_159' title='bbox 1588 2256 1773 2309; x_wconf 81' lang='lat' dir='ltr'><strong>circuli</strong></span> <span class='ocrx_word' id='word_1_160' title='bbox 1804 2272 1950 2308; x_wconf 87' lang='lat' dir='ltr'><strong>more</strong></span> 
     </span>
    </p>
   </div>
   <div class='ocr_carea' id='block_1_23' title="bbox 376 2348 1951 2416">
    <p class='ocr_par' dir='ltr' id='par_1_23' title="bbox 376 2348 1951 2416">
     <span class='ocr_line' id='line_1_23' title="bbox 376 2348 1951 2416; baseline -0.003 -12"><span class='ocrx_word' id='word_1_161' title='bbox 376 2351 612 2412; x_wconf 86' lang='lat' dir='ltr'><strong>ducitur,</strong></span> <span class='ocrx_word' id='word_1_162' title='bbox 646 2351 736 2403; x_wconf 89' lang='lat' dir='ltr'><strong>sed</strong></span> <span class='ocrx_word' id='word_1_163' title='bbox 771 2350 821 2402; x_wconf 93' lang='lat' dir='ltr'><strong>in</strong></span> <span class='ocrx_word' id='word_1_164' title='bbox 846 2364 993 2402; x_wconf 79' lang='lat' dir='ltr'><strong>zona:</strong></span> <span class='ocrx_word' id='word_1_165' title='bbox 1021 2350 1235 2402; x_wconf 89' lang='lat' dir='ltr'><strong>modum</strong></span> <span class='ocrx_word' id='word_1_166' title='bbox 1275 2365 1301 2400; x_wconf 88' lang='lat' dir='ltr'><strong>a</strong></span> <span class='ocrx_word' id='word_1_167' title='bbox 1347 2348 1751 2416; x_wconf 86' lang='lat' dir='ltr'><strong>septentrionali</strong></span> <span class='ocrx_word' id='word_1_168' title='bbox 1796 2348 1951 2415; x_wconf 83' lang='lat' dir='ltr'><strong>plaga</strong></span> 
     </span>
    </p>
   </div>
   <div class='ocr_carea' id='block_1_24' title="bbox 380 2441 1950 2505">
    <p class='ocr_par' dir='ltr' id='par_1_24' title="bbox 380 2441 1950 2505">
     <span class='ocr_line' id='line_1_24' title="bbox 380 2441 1950 2505; baseline -0.003 -10"><span class='ocrx_word' id='word_1_169' title='bbox 380 2445 435 2496; x_wconf 89' lang='lat' dir='ltr'><strong>iu</strong></span> <span class='ocrx_word' id='word_1_170' title='bbox 491 2443 924 2503; x_wconf 86' lang='lat' dir='ltr'><strong>meridionalem,</strong></span> <span class='ocrx_word' id='word_1_171' title='bbox 986 2442 1035 2494; x_wconf 91' lang='lat' dir='ltr'><strong>id</strong></span> <span class='ocrx_word' id='word_1_172' title='bbox 1071 2452 1175 2505; x_wconf 87' lang='lat' dir='ltr'><strong>cst,</strong></span> <span class='ocrx_word' id='word_1_173' title='bbox 1208 2441 1275 2494; x_wconf 91' lang='lat' dir='ltr'><strong>ab</strong></span> <span class='ocrx_word' id='word_1_174' title='bbox 1326 2451 1542 2494; x_wconf 88' lang='lat' dir='ltr'><strong>arcturo</strong></span> <span class='ocrx_word' id='word_1_175' title='bbox 1596 2441 1661 2493; x_wconf 88' lang='lat' dir='ltr'><strong>ad</strong></span> <span class='ocrx_word' id='word_1_176' title='bbox 1711 2449 1950 2493; x_wconf 87' lang='lat' dir='ltr'><strong>austrum</strong></span> 
     </span>
    </p>
   </div>
   <div class='ocr_carea' id='block_1_25' title="bbox 380 2532 1948 2601">
    <p class='ocr_par' dir='ltr' id='par_1_25' title="bbox 380 2532 1948 2601">
     <span class='ocr_line' id='line_1_25' title="bbox 380 2532 1948 2601; baseline 0.003 -18"><span class='ocrx_word' id='word_1_177' title='bbox 380 2533 710 2601; x_wconf 70' lang='lat' dir='ltr'><strong>obliquatur,</strong></span> <span class='ocrx_word' id='word_1_178' title='bbox 773 2532 998 2585; x_wconf 88' lang='lat' dir='ltr'><strong>alterum</strong></span> <span class='ocrx_word' id='word_1_179' title='bbox 1039 2549 1069 2586; x_wconf 91' lang='lat' dir='ltr'><strong>e</strong></span> <span class='ocrx_word' id='word_1_180' title='bbox 1114 2532 1363 2601; x_wconf 89' lang='lat' dir='ltr'><strong>tropicis,</strong></span> <span class='ocrx_word' id='word_1_181' title='bbox 1404 2533 1454 2586; x_wconf 91' lang='lat' dir='ltr'><strong>id</strong></span> <span class='ocrx_word' id='word_1_182' title='bbox 1504 2544 1607 2598; x_wconf 93' lang='lat' dir='ltr'><strong>est,</strong></span> <span class='ocrx_word' id='word_1_183' title='bbox 1653 2532 1948 2597; x_wconf 87' lang='lat' dir='ltr'><strong>Cancrum,</strong></span> 
     </span>
    </p>
   </div>
   <div class='ocr_carea' id='block_1_26' title="bbox 382 2622 1951 2691">
    <p class='ocr_par' dir='ltr' id='par_1_26' title="bbox 382 2622 1951 2691">
     <span class='ocr_line' id='line_1_26' title="bbox 382 2622 1951 2691; baseline 0.002 -16"><span class='ocrx_word' id='word_1_184' title='bbox 382 2624 605 2677; x_wconf 68' lang='lat' dir='ltr'><strong>hor-eali:</strong></span> <span class='ocrx_word' id='word_1_185' title='bbox 633 2624 858 2676; x_wconf 91' lang='lat' dir='ltr'><strong>alterum</strong></span> <span class='ocrx_word' id='word_1_186' title='bbox 900 2638 1043 2687; x_wconf 74' lang='lat' dir='ltr'><strong>vero,</strong></span> <span class='ocrx_word' id='word_1_187' title='bbox 1076 2624 1125 2677; x_wconf 93' lang='lat' dir='ltr'><strong>id</strong></span> <span class='ocrx_word' id='word_1_188' title='bbox 1151 2633 1252 2685; x_wconf 89' lang='lat' dir='ltr'><strong>est,</strong></span> <span class='ocrx_word' id='word_1_189' title='bbox 1291 2622 1698 2691; x_wconf 89' lang='lat' dir='ltr'><strong>Capricornum,</strong></span> <span class='ocrx_word' id='word_1_190' title='bbox 1732 2624 1951 2678; x_wconf 85' lang='lat' dir='ltr'><strong>australi</strong></span> 
     </span>
    </p>
   </div>
   <div class='ocr_carea' id='block_1_27' title="bbox 382 2714 1953 2785">
    <p class='ocr_par' dir='ltr' id='par_1_27' title="bbox 382 2714 1953 2785">
     <span class='ocr_line' id='line_1_27' title="bbox 382 2714 1953 2785; baseline 0.004 -22"><span class='ocrx_word' id='word_1_191' title='bbox 382 2716 502 2784; x_wconf 84' lang='lat' dir='ltr'><strong>polo</strong></span> <span class='ocrx_word' id='word_1_192' title='bbox 529 2718 828 2785; x_wconf 74' lang='lat' dir='ltr'><strong>proximum</strong></span> <span class='ocrx_word' id='word_1_193' title='bbox 863 2723 1053 2785; x_wconf 77' lang='lat' dir='ltr'><strong>gestat.</strong></span> <span class='ocrx_word' id='word_1_194' title='bbox 1090 2714 1238 2768; x_wconf 64' lang='lat' dir='ltr'><strong>[Inde</strong></span> <span class='ocrx_word' id='word_1_195' title='bbox 1272 2716 1329 2767; x_wconf 84' lang='lat' dir='ltr'><strong>tit</strong></span> <span class='ocrx_word' id='word_1_196' title='bbox 1358 2716 1719 2769; x_wconf 89' lang='lat' dir='ltr'><strong>utsecuudum</strong></span> <span class='ocrx_word' id='word_1_197' title='bbox 1745 2715 1953 2784; x_wconf 64' lang='lat' dir='ltr'><strong>spherie</strong></span> 
     </span>
    </p>
   </div>
   <div class='ocr_carea' id='block_1_28' title="bbox 381 2806 1956 2875">
    <p class='ocr_par' dir='ltr' id='par_1_28' title="bbox 381 2806 1956 2875">
     <span class='ocr_line' id='line_1_28' title="bbox 381 2806 1956 2875; baseline 0.001 -18"><span class='ocrx_word' id='word_1_198' title='bbox 381 2807 617 2860; x_wconf 73' lang='lat' dir='ltr'><strong>(‘LL&#39;ICSliS</strong></span> <span class='ocrx_word' id='word_1_199' title='bbox 650 2808 994 2875; x_wconf 77' lang='lat' dir='ltr'><strong>positionem,</strong></span> <span class='ocrx_word' id='word_1_200' title='bbox 1026 2807 1074 2857; x_wconf 94' lang='lat' dir='ltr'><strong>in</strong></span> <span class='ocrx_word' id='word_1_201' title='bbox 1106 2822 1209 2874; x_wconf 91' lang='lat' dir='ltr'><strong>qua</strong></span> <span class='ocrx_word' id='word_1_202' title='bbox 1239 2806 1387 2875; x_wconf 87' lang='lat' dir='ltr'><strong>signa</strong></span> <span class='ocrx_word' id='word_1_203' title='bbox 1414 2816 1535 2859; x_wconf 90' lang='lat' dir='ltr'><strong>sunt</strong></span> <span class='ocrx_word' id='word_1_204' title='bbox 1566 2806 1693 2869; x_wconf 75' lang='lat' dir='ltr'><strong>ﬁxa,</strong></span> <span class='ocrx_word' id='word_1_205' title='bbox 1728 2822 1956 2874; x_wconf 89' lang='lat' dir='ltr'><strong>superne</strong></span> 
     </span>
    </p>
   </div>
   <div class='ocr_carea' id='block_1_29' title="bbox 382 2897 1956 2967">
    <p class='ocr_par' dir='ltr' id='par_1_29' title="bbox 382 2897 1956 2967">
     <span class='ocr_line' id='line_1_29' title="bbox 382 2897 1956 2967; baseline -0.001 -16"><span class='ocrx_word' id='word_1_206' title='bbox 382 2901 590 2953; x_wconf 79' lang='lat' dir='ltr'><strong>Cancer</strong></span> <span class='ocrx_word' id='word_1_207' title='bbox 614 2899 824 2952; x_wconf 69' lang='lat' dir='ltr'><strong>ca-teris</strong></span> <span class='ocrx_word' id='word_1_208' title='bbox 862 2900 1029 2967; x_wconf 84' lang='lat' dir='ltr'><strong>signis</strong></span> <span class='ocrx_word' id='word_1_209' title='bbox 1056 2916 1083 2949; x_wconf 91' lang='lat' dir='ltr'><strong>a</strong></span> <span class='ocrx_word' id='word_1_210' title='bbox 1116 2910 1255 2950; x_wconf 87' lang='lat' dir='ltr'><strong>terra</strong></span> <span class='ocrx_word' id='word_1_211' title='bbox 1292 2898 1567 2959; x_wconf 73' lang='lat' dir='ltr'><strong>remotior,</strong></span> <span class='ocrx_word' id='word_1_212' title='bbox 1594 2897 1956 2967; x_wconf 79' lang='lat' dir='ltr'><strong>Capricornus</strong></span> 
     </span>
    </p>
   </div>
   <div class='ocr_carea' id='block_1_30' title="bbox 388 2988 1952 3051">
    <p class='ocr_par' dir='ltr' id='par_1_30' title="bbox 388 2988 1952 3051">
     <span class='ocr_line' id='line_1_30' title="bbox 388 2988 1952 3051; baseline 0.003 -16"><span class='ocrx_word' id='word_1_213' title='bbox 388 2988 628 3051; x_wconf 80' lang='lat' dir='ltr'><strong>\iciuior,</strong></span> <span class='ocrx_word' id='word_1_214' title='bbox 678 2998 733 3041; x_wconf 89' lang='lat' dir='ltr'><strong>ct</strong></span> <span class='ocrx_word' id='word_1_215' title='bbox 781 2999 1000 3041; x_wconf 86' lang='lat' dir='ltr'><strong>econtra</strong></span> <span class='ocrx_word' id='word_1_216' title='bbox 1033 2988 1254 3041; x_wconf 80' lang='lat' dir='ltr'><strong>inferius</strong></span> <span class='ocrx_word' id='word_1_217' title='bbox 1297 2988 1504 3043; x_wconf 88' lang='lat' dir='ltr'><strong>Cancer</strong></span> <span class='ocrx_word' id='word_1_218' title='bbox 1531 2997 1687 3041; x_wconf 61' lang='lat' dir='ltr'><strong>terrie</strong></span> <span class='ocrx_word' id='word_1_219' title='bbox 1713 2989 1952 3048; x_wconf 77' lang='lat' dir='ltr'><strong>vicinior,</strong></span> 
     </span>
    </p>
   </div>
   <div class='ocr_carea' id='block_1_31' title="bbox 385 3078 1955 3144">
    <p class='ocr_par' dir='ltr' id='par_1_31' title="bbox 385 3078 1955 3144">
     <span class='ocr_line' id='line_1_31' title="bbox 385 3078 1955 3144; baseline 0.002 -17"><span class='ocrx_word' id='word_1_220' title='bbox 385 3079 740 3144; x_wconf 69' lang='lat' dir='ltr'><strong>Capricornus</strong></span> <span class='ocrx_word' id='word_1_221' title='bbox 782 3080 851 3132; x_wconf 85' lang='lat' dir='ltr'><strong>sit</strong></span> <span class='ocrx_word' id='word_1_222' title='bbox 898 3080 1169 3132; x_wconf 87' lang='lat' dir='ltr'><strong>remotior.</strong></span> <span class='ocrx_word' id='word_1_223' title='bbox 1207 3078 1296 3132; x_wconf 88' lang='lat' dir='ltr'><strong>Sol</strong></span> <span class='ocrx_word' id='word_1_224' title='bbox 1337 3094 1483 3140; x_wconf 79' lang='lat' dir='ltr'><strong>vero,</strong></span> <span class='ocrx_word' id='word_1_225' title='bbox 1514 3078 1636 3132; x_wconf 91' lang='lat' dir='ltr'><strong>licet</strong></span> <span class='ocrx_word' id='word_1_226' title='bbox 1663 3095 1767 3131; x_wconf 93' lang='lat' dir='ltr'><strong>non</strong></span> <span class='ocrx_word' id='word_1_227' title='bbox 1800 3080 1867 3131; x_wconf 89' lang='lat' dir='ltr'><strong>sit</strong></span> <span class='ocrx_word' id='word_1_228' title='bbox 1906 3079 1955 3130; x_wconf 94' lang='lat' dir='ltr'><strong>in</strong></span> 
     </span>
    </p>
   </div>
   <div class='ocr_carea' id='block_1_32' title="bbox 385 3168 1956 3240">
    <p class='ocr_par' dir='ltr' id='par_1_32' title="bbox 385 3168 1956 3240">
     <span class='ocr_line' id='line_1_32' title="bbox 385 3168 1956 3240; baseline 0.001 -18"><span class='ocrx_word' id='word_1_229' title='bbox 385 3170 520 3222; x_wconf 70' lang='lat' dir='ltr'><strong>uelo</strong></span> <span class='ocrx_word' id='word_1_230' title='bbox 567 3171 722 3233; x_wconf 68' lang='lat' dir='ltr'><strong>fixus,</strong></span> <span class='ocrx_word' id='word_1_231' title='bbox 761 3180 937 3223; x_wconf 87' lang='lat' dir='ltr'><strong>tamen</strong></span> <span class='ocrx_word' id='word_1_232' title='bbox 969 3172 1092 3239; x_wconf 88' lang='lat' dir='ltr'><strong>quia</strong></span> <span class='ocrx_word' id='word_1_233' title='bbox 1138 3170 1396 3240; x_wconf 82' lang='lat' dir='ltr'><strong>signifero</strong></span> <span class='ocrx_word' id='word_1_234' title='bbox 1428 3168 1702 3233; x_wconf 64' lang='lat' dir='ltr'><strong>suilbrtur,</strong></span> <span class='ocrx_word' id='word_1_235' title='bbox 1738 3186 1956 3223; x_wconf 72' lang='lat' dir='ltr'><strong>ncci‘Ssc</strong></span> 
     </span>
    </p>
   </div>
   <div class='ocr_carea' id='block_1_33' title="bbox 2042 629 3601 699">
    <p class='ocr_par' dir='ltr' id='par_1_33' title="bbox 2042 629 3601 699">
     <span class='ocr_line' id='line_1_33' title="bbox 2042 629 3601 699; baseline 0.001 -19"><span class='ocrx_word' id='word_1_236' title='bbox 2042 633 2273 699; x_wconf 86' lang='lat' dir='ltr'><strong>quodam</strong></span> <span class='ocrx_word' id='word_1_237' title='bbox 2333 632 2595 685; x_wconf 78' lang='lat' dir='ltr'><strong>diametro</strong></span> <span class='ocrx_word' id='word_1_238' title='bbox 2658 632 2933 685; x_wconf 71' lang='lat' dir='ltr'><strong>zodiacum</strong></span> <span class='ocrx_word' id='word_1_239' title='bbox 2996 630 3273 699; x_wconf 63' lang='lat' dir='ltr'><strong>{equaliter</strong></span> <span class='ocrx_word' id='word_1_240' title='bbox 3327 629 3601 687; x_wconf 84' lang='lat' dir='ltr'><strong>dividunt,</strong></span> 
     </span>
    </p>
   </div>
   <div class='ocr_carea' id='block_1_34' title="bbox 2044 723 3607 791">
    <p class='ocr_par' dir='ltr' id='par_1_34' title="bbox 2044 723 3607 791">
     <span class='ocr_line' id='line_1_34' title="bbox 2044 723 3607 791; baseline -0.001 -17"><span class='ocrx_word' id='word_1_241' title='bbox 2044 724 2402 791; x_wconf 87' lang='lat' dir='ltr'><strong>utrolibctque</strong></span> <span class='ocrx_word' id='word_1_242' title='bbox 2430 738 2631 776; x_wconf 86' lang='lat' dir='ltr'><strong>eorum</strong></span> <span class='ocrx_word' id='word_1_243' title='bbox 2652 724 2857 777; x_wconf 90' lang='lat' dir='ltr'><strong>oriente</strong></span> <span class='ocrx_word' id='word_1_244' title='bbox 2888 723 3109 775; x_wconf 80' lang='lat' dir='ltr'><strong>alterum</strong></span> <span class='ocrx_word' id='word_1_245' title='bbox 3146 724 3360 784; x_wconf 88' lang='lat' dir='ltr'><strong>occidit,</strong></span> <span class='ocrx_word' id='word_1_246' title='bbox 3392 732 3445 773; x_wconf 90' lang='lat' dir='ltr'><strong>et</strong></span> <span class='ocrx_word' id='word_1_247' title='bbox 3486 739 3607 775; x_wconf 90' lang='lat' dir='ltr'><strong>cum</strong></span> 
     </span>
    </p>
   </div>
   <div class='ocr_carea' id='block_1_35' title="bbox 2051 812 3609 882">
    <p class='ocr_par' dir='ltr' id='par_1_35' title="bbox 2051 812 3609 882">
     <span class='ocr_line' id='line_1_35' title="bbox 2051 812 3609 882; baseline 0 -18"><span class='ocrx_word' id='word_1_248' title='bbox 2051 830 2213 866; x_wconf 91' lang='lat' dir='ltr'><strong>unum</strong></span> <span class='ocrx_word' id='word_1_249' title='bbox 2246 815 2525 882; x_wconf 80' lang='lat' dir='ltr'><strong>superius,</strong></span> <span class='ocrx_word' id='word_1_250' title='bbox 2566 814 2789 867; x_wconf 90' lang='lat' dir='ltr'><strong>alterum</strong></span> <span class='ocrx_word' id='word_1_251' title='bbox 2836 812 3059 867; x_wconf 69' lang='lat' dir='ltr'><strong>iul‘rrius</strong></span> <span class='ocrx_word' id='word_1_252' title='bbox 3108 813 3310 867; x_wconf 88' lang='lat' dir='ltr'><strong>obtinet</strong></span> <span class='ocrx_word' id='word_1_253' title='bbox 3365 822 3609 866; x_wconf 81' lang='lat' dir='ltr'><strong>centrum</strong></span> 
     </span>
    </p>
   </div>
   <div class='ocr_carea' id='block_1_36' title="bbox 2046 906 3609 975">
    <p class='ocr_par' dir='ltr' id='par_1_36' title="bbox 2046 906 3609 975">
     <span class='ocr_line' id='line_1_36' title="bbox 2046 906 3609 975; baseline -0.001 -16"><span class='ocrx_word' id='word_1_254' title='bbox 2046 911 2484 975; x_wconf 70' lang='lat' dir='ltr'><strong>tantumdemun</strong></span> <span class='ocrx_word' id='word_1_255' title='bbox 2517 910 2581 960; x_wconf 90' lang='lat' dir='ltr'><strong>de</strong></span> <span class='ocrx_word' id='word_1_256' title='bbox 2628 908 2847 959; x_wconf 80' lang='lat' dir='ltr'><strong>zodiaco</strong></span> <span class='ocrx_word' id='word_1_257' title='bbox 2872 907 2938 958; x_wconf 78' lang='lat' dir='ltr'><strong>ali</strong></span> <span class='ocrx_word' id='word_1_258' title='bbox 2976 916 3200 974; x_wconf 86' lang='lat' dir='ltr'><strong>utraque</strong></span> <span class='ocrx_word' id='word_1_259' title='bbox 3245 916 3394 973; x_wconf 88' lang='lat' dir='ltr'><strong>parte</strong></span> <span class='ocrx_word' id='word_1_260' title='bbox 3427 906 3609 958; x_wconf 84' lang='lat' dir='ltr'><strong>liabet.</strong></span> 
     </span>
    </p>
   </div>
   <div class='ocr_carea' id='block_1_37' title="bbox 2044 998 3613 1065">
    <p class='ocr_par' dir='ltr' id='par_1_37' title="bbox 2044 998 3613 1065">
     <span class='ocr_line' id='line_1_37' title="bbox 2044 998 3613 1065; baseline 0.002 -20"><span class='ocrx_word' id='word_1_261' title='bbox 2044 1000 2309 1062; x_wconf 66' lang='lat' dir='ltr'><strong>Quantum</strong></span> <span class='ocrx_word' id='word_1_262' title='bbox 2328 999 2470 1051; x_wconf 89' lang='lat' dir='ltr'><strong>enim</strong></span> <span class='ocrx_word' id='word_1_263' title='bbox 2497 999 2827 1051; x_wconf 81' lang='lat' dir='ltr'><strong>ascensionis</strong></span> <span class='ocrx_word' id='word_1_264' title='bbox 2850 1008 2930 1051; x_wconf 85' lang='lat' dir='ltr'><strong>cst</strong></span> <span class='ocrx_word' id='word_1_265' title='bbox 2950 1017 2976 1048; x_wconf 91' lang='lat' dir='ltr'><strong>a</strong></span> <span class='ocrx_word' id='word_1_266' title='bbox 3006 998 3613 1065; x_wconf 82' lang='lat' dir='ltr'><strong>Capricorno.omnium</strong></span> 
     </span>
    </p>
   </div>
   <div class='ocr_carea' id='block_1_38' title="bbox 2044 1087 3617 1157">
    <p class='ocr_par' dir='ltr' id='par_1_38' title="bbox 2044 1087 3617 1157">
     <span class='ocr_line' id='line_1_38' title="bbox 2044 1087 3617 1157; baseline -0.001 -16"><span class='ocrx_word' id='word_1_267' title='bbox 2044 1091 2316 1157; x_wconf 70' lang='lat' dir='ltr'><strong>signorum</strong></span> <span class='ocrx_word' id='word_1_268' title='bbox 2351 1091 2556 1150; x_wconf 87' lang='lat' dir='ltr'><strong>intimo,</strong></span> <span class='ocrx_word' id='word_1_269' title='bbox 2598 1105 2765 1156; x_wconf 91' lang='lat' dir='ltr'><strong>usque</strong></span> <span class='ocrx_word' id='word_1_270' title='bbox 2814 1093 2878 1142; x_wconf 91' lang='lat' dir='ltr'><strong>ad</strong></span> <span class='ocrx_word' id='word_1_271' title='bbox 2929 1090 3196 1152; x_wconf 80' lang='lat' dir='ltr'><strong>Arictem,</strong></span> <span class='ocrx_word' id='word_1_272' title='bbox 3244 1087 3617 1157; x_wconf 68' lang='lat' dir='ltr'><strong>mquiuoctialc</strong></span> 
     </span>
    </p>
   </div>
   <div class='ocr_carea' id='block_1_39' title="bbox 2046 1178 3615 1249">
    <p class='ocr_par' dir='ltr' id='par_1_39' title="bbox 2046 1178 3615 1249">
     <span class='ocr_line' id='line_1_39' title="bbox 2046 1178 3615 1249; baseline -0.001 -16"><span class='ocrx_word' id='word_1_273' title='bbox 2046 1183 2273 1249; x_wconf 85' lang='lat' dir='ltr'><strong>signum,</strong></span> <span class='ocrx_word' id='word_1_274' title='bbox 2324 1182 2654 1235; x_wconf 89' lang='lat' dir='ltr'><strong>tantunulem</strong></span> <span class='ocrx_word' id='word_1_275' title='bbox 2702 1182 2769 1233; x_wconf 89' lang='lat' dir='ltr'><strong>ab</strong></span> <span class='ocrx_word' id='word_1_276' title='bbox 2804 1183 2918 1249; x_wconf 89' lang='lat' dir='ltr'><strong>ipso</strong></span> <span class='ocrx_word' id='word_1_277' title='bbox 2948 1182 3128 1233; x_wconf 72' lang='lat' dir='ltr'><strong>Arictc</strong></span> <span class='ocrx_word' id='word_1_278' title='bbox 3169 1195 3335 1247; x_wconf 91' lang='lat' dir='ltr'><strong>usque</strong></span> <span class='ocrx_word' id='word_1_279' title='bbox 3382 1180 3446 1231; x_wconf 90' lang='lat' dir='ltr'><strong>ad</strong></span> <span class='ocrx_word' id='word_1_280' title='bbox 3475 1178 3615 1232; x_wconf 83' lang='lat' dir='ltr'><strong>Catt-</strong></span> 
     </span>
    </p>
   </div>
   <div class='ocr_carea' id='block_1_40' title="bbox 2044 1268 3614 1338">
    <p class='ocr_par' dir='ltr' id='par_1_40' title="bbox 2044 1268 3614 1338">
     <span class='ocr_line' id='line_1_40' title="bbox 2044 1268 3614 1338; baseline -0.003 -16"><span class='ocrx_word' id='word_1_281' title='bbox 2044 1286 2215 1330; x_wconf 86' lang='lat' dir='ltr'><strong>crum,</strong></span> <span class='ocrx_word' id='word_1_282' title='bbox 2244 1271 2481 1321; x_wconf 76' lang='lat' dir='ltr'><strong>omnium</strong></span> <span class='ocrx_word' id='word_1_283' title='bbox 2533 1285 2798 1321; x_wconf 89' lang='lat' dir='ltr'><strong>summum</strong></span> <span class='ocrx_word' id='word_1_284' title='bbox 2833 1272 3127 1338; x_wconf 82' lang='lat' dir='ltr'><strong>signorum.</strong></span> <span class='ocrx_word' id='word_1_285' title='bbox 3178 1268 3306 1322; x_wconf 90' lang='lat' dir='ltr'><strong>Item</strong></span> <span class='ocrx_word' id='word_1_286' title='bbox 3354 1276 3614 1335; x_wconf 90' lang='lat' dir='ltr'><strong>quantum</strong></span> 
     </span>
    </p>
   </div>
   <div class='ocr_carea' id='block_1_41' title="bbox 2044 1357 3617 1425">
    <p class='ocr_par' dir='ltr' id='par_1_41' title="bbox 2044 1357 3617 1425">
     <span class='ocr_line' id='line_1_41' title="bbox 2044 1357 3617 1425; baseline -0.003 -14"><span class='ocrx_word' id='word_1_287' title='bbox 2044 1368 2128 1411; x_wconf 90' lang='lat' dir='ltr'><strong>est</strong></span> <span class='ocrx_word' id='word_1_288' title='bbox 2156 1359 2525 1412; x_wconf 86' lang='lat' dir='ltr'><strong>descensionis</strong></span> <span class='ocrx_word' id='word_1_289' title='bbox 2552 1358 2619 1410; x_wconf 91' lang='lat' dir='ltr'><strong>ab</strong></span> <span class='ocrx_word' id='word_1_290' title='bbox 2639 1359 2824 1412; x_wconf 86' lang='lat' dir='ltr'><strong>eodem</strong></span> <span class='ocrx_word' id='word_1_291' title='bbox 2860 1360 3068 1412; x_wconf 81' lang='lat' dir='ltr'><strong>Cancro</strong></span> <span class='ocrx_word' id='word_1_292' title='bbox 3094 1374 3261 1425; x_wconf 92' lang='lat' dir='ltr'><strong>usque</strong></span> <span class='ocrx_word' id='word_1_293' title='bbox 3282 1358 3347 1409; x_wconf 89' lang='lat' dir='ltr'><strong>ad</strong></span> <span class='ocrx_word' id='word_1_294' title='bbox 3379 1357 3617 1418; x_wconf 87' lang='lat' dir='ltr'><strong>Libram,</strong></span> 
     </span>
    </p>
   </div>
   <div class='ocr_carea' id='block_1_42' title="bbox 2046 1450 3619 1519">
    <p class='ocr_par' dir='ltr' id='par_1_42' title="bbox 2046 1450 3619 1519">
     <span class='ocr_line' id='line_1_42' title="bbox 2046 1450 3619 1519; baseline -0.001 -19"><span class='ocrx_word' id='word_1_295' title='bbox 2046 1450 2187 1501; x_wconf 87' lang='lat' dir='ltr'><strong>aliud</strong></span> <span class='ocrx_word' id='word_1_296' title='bbox 2216 1450 2586 1517; x_wconf 65' lang='lat' dir='ltr'><strong>aequinoctiali:</strong></span> <span class='ocrx_word' id='word_1_297' title='bbox 2612 1452 2855 1519; x_wconf 91' lang='lat' dir='ltr'><strong>signum,</strong></span> <span class='ocrx_word' id='word_1_298' title='bbox 2886 1450 3213 1503; x_wconf 86' lang='lat' dir='ltr'><strong>tantunulem</strong></span> <span class='ocrx_word' id='word_1_299' title='bbox 3259 1450 3323 1501; x_wconf 76' lang='lat' dir='ltr'><strong>ab</strong></span> <span class='ocrx_word' id='word_1_300' title='bbox 3354 1464 3415 1502; x_wconf 89' lang='lat' dir='ltr'><strong>ea</strong></span> <span class='ocrx_word' id='word_1_301' title='bbox 3448 1463 3619 1516; x_wconf 88' lang='lat' dir='ltr'><strong>usque</strong></span> 
     </span>
    </p>
   </div>
   <div class='ocr_carea' id='block_1_43' title="bbox 2049 1537 3621 1607">
    <p class='ocr_par' dir='ltr' id='par_1_43' title="bbox 2049 1537 3621 1607">
     <span class='ocr_line' id='line_1_43' title="bbox 2049 1537 3621 1607; baseline -0.001 -16"><span class='ocrx_word' id='word_1_302' title='bbox 2049 1540 2112 1591; x_wconf 88' lang='lat' dir='ltr'><strong>:nl</strong></span> <span class='ocrx_word' id='word_1_303' title='bbox 2157 1541 2283 1592; x_wconf 84' lang='lat' dir='ltr'><strong>item</strong></span> <span class='ocrx_word' id='word_1_304' title='bbox 2312 1540 2721 1603; x_wconf 77' lang='lat' dir='ltr'><strong>(Iapricornum.</strong></span> <span class='ocrx_word' id='word_1_305' title='bbox 2771 1539 2903 1593; x_wconf 88' lang='lat' dir='ltr'><strong>Cum</strong></span> <span class='ocrx_word' id='word_1_306' title='bbox 2959 1554 3085 1607; x_wconf 86' lang='lat' dir='ltr'><strong>ergo</strong></span> <span class='ocrx_word' id='word_1_307' title='bbox 3120 1538 3329 1591; x_wconf 77' lang='lat' dir='ltr'><strong>Cancer</strong></span> <span class='ocrx_word' id='word_1_308' title='bbox 3370 1537 3621 1590; x_wconf 87' lang='lat' dir='ltr'><strong>omnibus</strong></span> 
     </span>
    </p>
   </div>
   <div class='ocr_carea' id='block_1_44' title="bbox 2050 1626 3624 1696">
    <p class='ocr_par' dir='ltr' id='par_1_44' title="bbox 2050 1626 3624 1696">
     <span class='ocr_line' id='line_1_44' title="bbox 2050 1626 3624 1696; baseline -0.001 -17"><span class='ocrx_word' id='word_1_309' title='bbox 2050 1629 2355 1691; x_wconf 72' lang='lat' dir='ltr'><strong>sublimior,</strong></span> <span class='ocrx_word' id='word_1_310' title='bbox 2383 1638 2435 1681; x_wconf 88' lang='lat' dir='ltr'><strong>et</strong></span> <span class='ocrx_word' id='word_1_311' title='bbox 2461 1628 2819 1696; x_wconf 83' lang='lat' dir='ltr'><strong>Capricornus</strong></span> <span class='ocrx_word' id='word_1_312' title='bbox 2859 1630 2928 1681; x_wconf 87' lang='lat' dir='ltr'><strong>sit</strong></span> <span class='ocrx_word' id='word_1_313' title='bbox 2963 1627 3232 1689; x_wconf 85' lang='lat' dir='ltr'><strong>humilior,</strong></span> <span class='ocrx_word' id='word_1_314' title='bbox 3267 1626 3465 1693; x_wconf 89' lang='lat' dir='ltr'><strong>liquido</strong></span> <span class='ocrx_word' id='word_1_315' title='bbox 3496 1640 3624 1679; x_wconf 88' lang='lat' dir='ltr'><strong>con-</strong></span> 
     </span>
    </p>
   </div>
   <div class='ocr_carea' id='block_1_45' title="bbox 2049 1716 3620 1787">
    <p class='ocr_par' dir='ltr' id='par_1_45' title="bbox 2049 1716 3620 1787">
     <span class='ocr_line' id='line_1_45' title="bbox 2049 1716 3620 1787; baseline -0.001 -16"><span class='ocrx_word' id='word_1_316' title='bbox 2049 1729 2155 1772; x_wconf 85' lang='lat' dir='ltr'><strong>stat</strong></span> <span class='ocrx_word' id='word_1_317' title='bbox 2189 1721 2276 1772; x_wconf 92' lang='lat' dir='ltr'><strong>illo</strong></span> <span class='ocrx_word' id='word_1_318' title='bbox 2326 1721 2375 1773; x_wconf 93' lang='lat' dir='ltr'><strong>in</strong></span> <span class='ocrx_word' id='word_1_319' title='bbox 2433 1721 2607 1772; x_wconf 85' lang='lat' dir='ltr'><strong>medio</strong></span> <span class='ocrx_word' id='word_1_320' title='bbox 2656 1721 2824 1787; x_wconf 90' lang='lat' dir='ltr'><strong>posita</strong></span> <span class='ocrx_word' id='word_1_321' title='bbox 2874 1718 3109 1787; x_wconf 87' lang='lat' dir='ltr'><strong>ejusdem</strong></span> <span class='ocrx_word' id='word_1_322' title='bbox 3157 1734 3276 1772; x_wconf 90' lang='lat' dir='ltr'><strong>esse</strong></span> <span class='ocrx_word' id='word_1_323' title='bbox 3306 1716 3620 1770; x_wconf 83' lang='lat' dir='ltr'><strong>altitudinis.</strong></span> 
     </span>
    </p>
   </div>
   <div class='ocr_carea' id='block_1_46' title="bbox 2053 1808 3624 1876">
    <p class='ocr_par' dir='ltr' id='par_1_46' title="bbox 2053 1808 3624 1876">
     <span class='ocr_line' id='line_1_46' title="bbox 2053 1808 3624 1876; baseline -0.001 -14"><span class='ocrx_word' id='word_1_324' title='bbox 2053 1810 2185 1862; x_wconf 91' lang='lat' dir='ltr'><strong>lliuc</strong></span> <span class='ocrx_word' id='word_1_325' title='bbox 2220 1812 2276 1863; x_wconf 91' lang='lat' dir='ltr'><strong>lit</strong></span> <span class='ocrx_word' id='word_1_326' title='bbox 2305 1820 2359 1862; x_wconf 89' lang='lat' dir='ltr'><strong>ut</strong></span> <span class='ocrx_word' id='word_1_327' title='bbox 2389 1826 2509 1862; x_wconf 90' lang='lat' dir='ltr'><strong>cum</strong></span> <span class='ocrx_word' id='word_1_328' title='bbox 2537 1817 2614 1863; x_wconf 90' lang='lat' dir='ltr'><strong>sot</strong></span> <span class='ocrx_word' id='word_1_329' title='bbox 2659 1811 2723 1862; x_wconf 90' lang='lat' dir='ltr'><strong>ad</strong></span> <span class='ocrx_word' id='word_1_330' title='bbox 2769 1820 2945 1861; x_wconf 89' lang='lat' dir='ltr'><strong>utrtun</strong></span> <span class='ocrx_word' id='word_1_331' title='bbox 3002 1810 3191 1862; x_wconf 90' lang='lat' dir='ltr'><strong>horum</strong></span> <span class='ocrx_word' id='word_1_332' title='bbox 3227 1808 3499 1876; x_wconf 90' lang='lat' dir='ltr'><strong>signorum</strong></span> <span class='ocrx_word' id='word_1_333' title='bbox 3532 1822 3624 1860; x_wconf 88' lang='lat' dir='ltr'><strong>ac-</strong></span> 
     </span>
    </p>
   </div>
   <div class='ocr_carea' id='block_1_47' title="bbox 1984 1878 3628 1969">
    <p class='ocr_par' dir='ltr' id='par_1_47' title="bbox 1984 1878 3628 1969">
     <span class='ocr_line' id='line_1_47' title="bbox 1984 1878 3628 1969; baseline -0.002 -15"><span class='ocrx_word' id='word_1_334' title='bbox 1984 1878 2022 1936; x_wconf 71' lang='lat' dir='ltr'>B</span> <span class='ocrx_word' id='word_1_335' title='bbox 2052 1902 2298 1962; x_wconf 80' lang='lat' dir='ltr'><strong>cesserit,</strong></span> <span class='ocrx_word' id='word_1_336' title='bbox 2324 1901 2446 1967; x_wconf 84' lang='lat' dir='ltr'><strong>quia</strong></span> <span class='ocrx_word' id='word_1_337' title='bbox 2482 1916 2574 1968; x_wconf 90' lang='lat' dir='ltr'><strong>per</strong></span> <span class='ocrx_word' id='word_1_338' title='bbox 2610 1900 2836 1953; x_wconf 90' lang='lat' dir='ltr'><strong>mediam</strong></span> <span class='ocrx_word' id='word_1_339' title='bbox 2874 1901 3135 1969; x_wconf 76' lang='lat' dir='ltr'><strong>Splueram</strong></span> <span class='ocrx_word' id='word_1_340' title='bbox 3168 1898 3365 1969; x_wconf 85' lang='lat' dir='ltr'><strong>agitur,</strong></span> <span class='ocrx_word' id='word_1_341' title='bbox 3398 1898 3535 1951; x_wconf 86' lang='lat' dir='ltr'><strong>diem</strong></span> <span class='ocrx_word' id='word_1_342' title='bbox 3564 1912 3628 1950; x_wconf 88' lang='lat' dir='ltr'><strong>ac</strong></span> 
     </span>
    </p>
   </div>
   <div class='ocr_carea' id='block_1_48' title="bbox 2056 1989 3627 2059">
    <p class='ocr_par' dir='ltr' id='par_1_48' title="bbox 2056 1989 3627 2059">
     <span class='ocr_line' id='line_1_48' title="bbox 2056 1989 3627 2059; baseline -0.002 -17"><span class='ocrx_word' id='word_1_343' title='bbox 2056 2002 2263 2045; x_wconf 91' lang='lat' dir='ltr'><strong>noctem</strong></span> <span class='ocrx_word' id='word_1_344' title='bbox 2289 1993 2455 2059; x_wconf 68' lang='lat' dir='ltr'><strong>inquis</strong></span> <span class='ocrx_word' id='word_1_345' title='bbox 2502 1993 2689 2058; x_wconf 81' lang='lat' dir='ltr'><strong>spatiis</strong></span> <span class='ocrx_word' id='word_1_346' title='bbox 2732 1992 2875 2044; x_wconf 91' lang='lat' dir='ltr'><strong>omni</strong></span> <span class='ocrx_word' id='word_1_347' title='bbox 2912 1992 3108 2043; x_wconf 88' lang='lat' dir='ltr'><strong>mundo</strong></span> <span class='ocrx_word' id='word_1_348' title='bbox 3142 1990 3253 2043; x_wconf 81' lang='lat' dir='ltr'><strong>sive</strong></span> <span class='ocrx_word' id='word_1_349' title='bbox 3287 2003 3470 2054; x_wconf 83' lang='lat' dir='ltr'><strong>supra,</strong></span> <span class='ocrx_word' id='word_1_350' title='bbox 3514 1989 3627 2040; x_wconf 71' lang='lat' dir='ltr'><strong>sive</strong></span> 
     </span>
    </p>
   </div>
   <div class='ocr_carea' id='block_1_49' title="bbox 2058 2080 3629 2146">
    <p class='ocr_par' dir='ltr' id='par_1_49' title="bbox 2058 2080 3629 2146">
     <span class='ocr_line' id='line_1_49' title="bbox 2058 2080 3629 2146; baseline -0.003 -13"><span class='ocrx_word' id='word_1_351' title='bbox 2058 2081 2191 2133; x_wconf 80' lang='lat' dir='ltr'><strong>infra</strong></span> <span class='ocrx_word' id='word_1_352' title='bbox 2220 2082 2550 2135; x_wconf 88' lang='lat' dir='ltr'><strong>dimetiatur.</strong></span> <span class='ocrx_word' id='word_1_353' title='bbox 2580 2081 2749 2146; x_wconf 86' lang='lat' dir='ltr'><strong>Quem</strong></span> <span class='ocrx_word' id='word_1_354' title='bbox 2798 2082 2958 2142; x_wconf 88' lang='lat' dir='ltr'><strong>diem,</strong></span> <span class='ocrx_word' id='word_1_355' title='bbox 2987 2096 3107 2133; x_wconf 89' lang='lat' dir='ltr'><strong>cum</strong></span> <span class='ocrx_word' id='word_1_356' title='bbox 3141 2080 3275 2132; x_wconf 88' lang='lat' dir='ltr'><strong>ratio</strong></span> <span class='ocrx_word' id='word_1_357' title='bbox 3305 2081 3370 2130; x_wconf 89' lang='lat' dir='ltr'><strong>ab</strong></span> <span class='ocrx_word' id='word_1_358' title='bbox 3399 2087 3629 2145; x_wconf 88' lang='lat' dir='ltr'><strong>utraque</strong></span> 
     </span>
    </p>
   </div>
   <div class='ocr_carea' id='block_1_50' title="bbox 2058 2167 3631 2237">
    <p class='ocr_par' dir='ltr' id='par_1_50' title="bbox 2058 2167 3631 2237">
     <span class='ocr_line' id='line_1_50' title="bbox 2058 2167 3631 2237; baseline 0 -18"><span class='ocrx_word' id='word_1_359' title='bbox 2058 2180 2210 2237; x_wconf 88' lang='lat' dir='ltr'><strong>parte</strong></span> <span class='ocrx_word' id='word_1_360' title='bbox 2248 2181 2303 2223; x_wconf 91' lang='lat' dir='ltr'><strong>ct</strong></span> <span class='ocrx_word' id='word_1_361' title='bbox 2347 2171 2539 2224; x_wconf 87' lang='lat' dir='ltr'><strong>diurna</strong></span> <span class='ocrx_word' id='word_1_362' title='bbox 2582 2171 2827 2223; x_wconf 79' lang='lat' dir='ltr'><strong>videlicet</strong></span> <span class='ocrx_word' id='word_1_363' title='bbox 2867 2181 2920 2223; x_wconf 89' lang='lat' dir='ltr'><strong>et</strong></span> <span class='ocrx_word' id='word_1_364' title='bbox 2960 2179 3239 2231; x_wconf 85' lang='lat' dir='ltr'><strong>nocturna,</strong></span> <span class='ocrx_word' id='word_1_365' title='bbox 3284 2167 3631 2220; x_wconf 84' lang='lat' dir='ltr'><strong>nihilominus</strong></span> 
     </span>
    </p>
   </div>
   <div class='ocr_carea' id='block_1_51' title="bbox 2057 2256 3629 2330">
    <p class='ocr_par' dir='ltr' id='par_1_51' title="bbox 2057 2256 3629 2330">
     <span class='ocr_line' id='line_1_51' title="bbox 2057 2256 3629 2330; baseline -0.002 -19"><span class='ocrx_word' id='word_1_366' title='bbox 2057 2262 2123 2313; x_wconf 86' lang='lat' dir='ltr'><strong>ab</strong></span> <span class='ocrx_word' id='word_1_367' title='bbox 2150 2261 2260 2329; x_wconf 90' lang='lat' dir='ltr'><strong>ipsa</strong></span> <span class='ocrx_word' id='word_1_368' title='bbox 2282 2262 2587 2328; x_wconf 77' lang='lat' dir='ltr'><strong>:rqnalitatc</strong></span> <span class='ocrx_word' id='word_1_369' title='bbox 2619 2260 2793 2313; x_wconf 84' lang='lat' dir='ltr'><strong>voeari</strong></span> <span class='ocrx_word' id='word_1_370' title='bbox 2849 2261 3133 2330; x_wconf 90' lang='lat' dir='ltr'><strong>coegisset,</strong></span> <span class='ocrx_word' id='word_1_371' title='bbox 3168 2274 3285 2319; x_wconf 88' lang='lat' dir='ltr'><strong>nec,</strong></span> <span class='ocrx_word' id='word_1_372' title='bbox 3316 2267 3372 2310; x_wconf 89' lang='lat' dir='ltr'><strong>ut</strong></span> <span class='ocrx_word' id='word_1_373' title='bbox 3402 2272 3545 2320; x_wconf 92' lang='lat' dir='ltr'><strong>reor,</strong></span> <span class='ocrx_word' id='word_1_374' title='bbox 3575 2256 3629 2309; x_wconf 92' lang='lat' dir='ltr'><strong>in</strong></span> 
     </span>
    </p>
   </div>
   <div class='ocr_carea' id='block_1_52' title="bbox 2059 2345 3633 2419">
    <p class='ocr_par' dir='ltr' id='par_1_52' title="bbox 2059 2345 3633 2419">
     <span class='ocr_line' id='line_1_52' title="bbox 2059 2345 3633 2419; baseline -0.003 -19"><span class='ocrx_word' id='word_1_375' title='bbox 2059 2360 2248 2403; x_wconf 88' lang='lat' dir='ltr'><strong>neutra</strong></span> <span class='ocrx_word' id='word_1_376' title='bbox 2280 2351 2383 2403; x_wconf 88' lang='lat' dir='ltr'><strong>hac</strong></span> <span class='ocrx_word' id='word_1_377' title='bbox 2430 2350 2733 2419; x_wconf 79' lang='lat' dir='ltr'><strong>linguarum</strong></span> <span class='ocrx_word' id='word_1_378' title='bbox 2777 2349 2962 2403; x_wconf 66' lang='lat' dir='ltr'><strong>Cra-ca</strong></span> <span class='ocrx_word' id='word_1_379' title='bbox 3013 2365 3077 2402; x_wconf 91' lang='lat' dir='ltr'><strong>ac</strong></span> <span class='ocrx_word' id='word_1_380' title='bbox 3125 2348 3312 2401; x_wconf 87' lang='lat' dir='ltr'><strong>Latina</strong></span> <span class='ocrx_word' id='word_1_381' title='bbox 3348 2362 3411 2399; x_wconf 67' lang='lat' dir='ltr'><strong>ex</strong></span> <span class='ocrx_word' id='word_1_382' title='bbox 3462 2345 3633 2398; x_wconf 88' lang='lat' dir='ltr'><strong>tribas</strong></span> 
     </span>
    </p>
   </div>
   <div class='ocr_carea' id='block_1_53' title="bbox 2060 2438 3632 2513">
    <p class='ocr_par' dir='ltr' id='par_1_53' title="bbox 2060 2438 3632 2513">
     <span class='ocr_line' id='line_1_53' title="bbox 2060 2438 3632 2513; baseline -0.003 -20"><span class='ocrx_word' id='word_1_383' title='bbox 2060 2441 2345 2513; x_wconf 72' lang='lat' dir='ltr'><strong>generibus</strong></span> <span class='ocrx_word' id='word_1_384' title='bbox 2386 2440 2470 2493; x_wconf 88' lang='lat' dir='ltr'><strong>liis</strong></span> <span class='ocrx_word' id='word_1_385' title='bbox 2498 2440 2787 2493; x_wconf 90' lang='lat' dir='ltr'><strong>omnibus:</strong></span> <span class='ocrx_word' id='word_1_386' title='bbox 2820 2440 3092 2507; x_wconf 75' lang='lat' dir='ltr'><strong>:equitate,</strong></span> <span class='ocrx_word' id='word_1_387' title='bbox 3128 2438 3233 2499; x_wconf 87' lang='lat' dir='ltr'><strong>die,</strong></span> <span class='ocrx_word' id='word_1_388' title='bbox 3268 2446 3443 2497; x_wconf 89' lang='lat' dir='ltr'><strong>nocte,</strong></span> <span class='ocrx_word' id='word_1_389' title='bbox 3470 2452 3632 2488; x_wconf 90' lang='lat' dir='ltr'><strong>unum</strong></span> 
     </span>
    </p>
   </div>
   <div class='ocr_carea' id='block_1_54' title="bbox 2060 2528 3635 2596">
    <p class='ocr_par' dir='ltr' id='par_1_54' title="bbox 2060 2528 3635 2596">
     <span class='ocr_line' id='line_1_54' title="bbox 2060 2528 3635 2596; baseline -0.006 -8"><span class='ocrx_word' id='word_1_390' title='bbox 2060 2531 2374 2587; x_wconf 85' lang='lat' dir='ltr'><strong>vocabulum</strong></span> <span class='ocrx_word' id='word_1_391' title='bbox 2408 2529 2685 2585; x_wconf 80' lang='lat' dir='ltr'><strong>eulouicos</strong></span> <span class='ocrx_word' id='word_1_392' title='bbox 2723 2529 3057 2584; x_wconf 85' lang='lat' dir='ltr'><strong>comminisci</strong></span> <span class='ocrx_word' id='word_1_393' title='bbox 3106 2528 3385 2596; x_wconf 88' lang='lat' dir='ltr'><strong>potuisset,</strong></span> <span class='ocrx_word' id='word_1_394' title='bbox 3437 2529 3635 2578; x_wconf 90' lang='lat' dir='ltr'><strong>laetum</strong></span> 
     </span>
    </p>
   </div>
   <div class='ocr_carea' id='block_1_55' title="bbox 2030 2614 3635 2689">
    <p class='ocr_par' dir='ltr' id='par_1_55' title="bbox 2030 2614 3635 2689">
     <span class='ocr_line' id='line_1_55' title="bbox 2030 2614 3635 2689; baseline -0.009 -9"><span class='ocrx_word' id='word_1_395' title='bbox 2030 2614 2033 2615; x_wconf 31' lang='grc'><strong><em>⁷</em></strong></span> <span class='ocrx_word' id='word_1_396' title='bbox 2060 2633 2166 2689; x_wconf 90' lang='lat' dir='ltr'><strong>est,</strong></span> <span class='ocrx_word' id='word_1_397' title='bbox 2194 2622 2325 2677; x_wconf 93' lang='lat' dir='ltr'><strong>utin</strong></span> <span class='ocrx_word' id='word_1_398' title='bbox 2349 2621 2518 2674; x_wconf 91' lang='lat' dir='ltr'><strong>altera</strong></span> <span class='ocrx_word' id='word_1_399' title='bbox 2551 2637 2580 2673; x_wconf 90' lang='lat' dir='ltr'><strong>a</strong></span> <span class='ocrx_word' id='word_1_400' title='bbox 2614 2620 2835 2673; x_wconf 79' lang='lat' dir='ltr'><strong>meliore</strong></span> <span class='ocrx_word' id='word_1_401' title='bbox 2857 2627 3028 2687; x_wconf 87' lang='lat' dir='ltr'><strong>parte.</strong></span> <span class='ocrx_word' id='word_1_402' title='bbox 3063 2618 3113 2671; x_wconf 91' lang='lat' dir='ltr'><strong>id</strong></span> <span class='ocrx_word' id='word_1_403' title='bbox 3145 2625 3227 2671; x_wconf 83' lang='lat' dir='ltr'><strong>est</strong></span> <span class='ocrx_word' id='word_1_404' title='bbox 3252 2617 3357 2679; x_wconf 90' lang='lat' dir='ltr'><strong>die,</strong></span> <span class='ocrx_word' id='word_1_405' title='bbox 3388 2616 3438 2667; x_wconf 94' lang='lat' dir='ltr'><strong>in</strong></span> <span class='ocrx_word' id='word_1_406' title='bbox 3467 2614 3635 2668; x_wconf 90' lang='lat' dir='ltr'><strong>altera</strong></span> 
     </span>
    </p>
   </div>
   <div class='ocr_carea' id='block_1_56' title="bbox 2065 2707 3640 2778">
    <p class='ocr_par' dir='ltr' id='par_1_56' title="bbox 2065 2707 3640 2778">
     <span class='ocr_line' id='line_1_56' title="bbox 2065 2707 3640 2778; baseline -0.008 -8"><span class='ocrx_word' id='word_1_407' title='bbox 2065 2714 2406 2773; x_wconf 86' lang='lat' dir='ltr'><strong>adctcriore.</strong></span> <span class='ocrx_word' id='word_1_408' title='bbox 2446 2713 2496 2765; x_wconf 85' lang='lat' dir='ltr'><strong>id</strong></span> <span class='ocrx_word' id='word_1_409' title='bbox 2536 2721 2635 2773; x_wconf 90' lang='lat' dir='ltr'><strong>est,</strong></span> <span class='ocrx_word' id='word_1_410' title='bbox 2690 2721 2845 2765; x_wconf 91' lang='lat' dir='ltr'><strong>nocte</strong></span> <span class='ocrx_word' id='word_1_411' title='bbox 2896 2708 3257 2778; x_wconf 87' lang='lat' dir='ltr'><strong>appellaretur</strong></span> <span class='ocrx_word' id='word_1_412' title='bbox 3307 2707 3357 2759; x_wconf 92' lang='lat' dir='ltr'><strong>in</strong></span> <span class='ocrx_word' id='word_1_413' title='bbox 3410 2715 3640 2773; x_wconf 88' lang='lat' dir='ltr'><strong>utraque</strong></span> 
     </span>
    </p>
   </div>
   <div class='ocr_carea' id='block_1_57' title="bbox 2062 2796 3639 2876">
    <p class='ocr_par' dir='ltr' id='par_1_57' title="bbox 2062 2796 3639 2876">
     <span class='ocr_line' id='line_1_57' title="bbox 2062 2796 3639 2876; baseline -0.007 -16"><span class='ocrx_word' id='word_1_414' title='bbox 2062 2809 2238 2876; x_wconf 80' lang='lat' dir='ltr'><strong>lingua</strong></span> <span class='ocrx_word' id='word_1_415' title='bbox 2289 2804 2555 2872; x_wconf 83' lang='lat' dir='ltr'><strong>:equitatis</strong></span> <span class='ocrx_word' id='word_1_416' title='bbox 2606 2802 2925 2872; x_wconf 87' lang='lat' dir='ltr'><strong>adjectionc.</strong></span> <span class='ocrx_word' id='word_1_417' title='bbox 2967 2800 3156 2853; x_wconf 88' lang='lat' dir='ltr'><strong>Latine</strong></span> <span class='ocrx_word' id='word_1_418' title='bbox 3188 2798 3349 2869; x_wconf 82' lang='lat' dir='ltr'><strong>igitur</strong></span> <span class='ocrx_word' id='word_1_419' title='bbox 3399 2796 3639 2865; x_wconf 65' lang='lat' dir='ltr'><strong>aequino-</strong></span> 
     </span>
    </p>
   </div>
   <div class='ocr_carea' id='block_1_58' title="bbox 2063 2886 3638 2962">
    <p class='ocr_par' dir='ltr' id='par_1_58' title="bbox 2063 2886 3638 2962">
     <span class='ocr_line' id='line_1_58' title="bbox 2063 2886 3638 2962; baseline -0.007 -12"><span class='ocrx_word' id='word_1_420' title='bbox 2063 2898 2226 2951; x_wconf 90' lang='lat' dir='ltr'><strong>ctium</strong></span> <span class='ocrx_word' id='word_1_421' title='bbox 2250 2896 2316 2947; x_wconf 91' lang='lat' dir='ltr'><strong>ab</strong></span> <span class='ocrx_word' id='word_1_422' title='bbox 2342 2895 2616 2962; x_wconf 70' lang='lat' dir='ltr'><strong>:equitalc,</strong></span> <span class='ocrx_word' id='word_1_423' title='bbox 2667 2902 2721 2945; x_wconf 88' lang='lat' dir='ltr'><strong>et</strong></span> <span class='ocrx_word' id='word_1_424' title='bbox 2754 2900 2931 2955; x_wconf 90' lang='lat' dir='ltr'><strong>nocte,</strong></span> <span class='ocrx_word' id='word_1_425' title='bbox 2961 2891 3147 2944; x_wconf 66' lang='lat' dir='ltr'><strong>Graece</strong></span> <span class='ocrx_word' id='word_1_426' title='bbox 3178 2898 3355 2942; x_wconf 89' lang='lat' dir='ltr'><strong>autem</strong></span> <span class='ocrx_word' id='word_1_427' title='bbox 3390 2886 3638 2941; x_wconf 85' lang='lat' dir='ltr'><strong>isemeria</strong></span> 
     </span>
    </p>
   </div>
   <div class='ocr_carea' id='block_1_59' title="bbox 2062 2978 3640 3051">
    <p class='ocr_par' dir='ltr' id='par_1_59' title="bbox 2062 2978 3640 3051">
     <span class='ocr_line' id='line_1_59' title="bbox 2062 2978 3640 3051; baseline -0.005 -12"><span class='ocrx_word' id='word_1_428' title='bbox 2062 2988 2279 3041; x_wconf 88' lang='lat' dir='ltr'><strong>dicitur.</strong></span> <span class='ocrx_word' id='word_1_429' title='bbox 2336 2986 2485 3051; x_wconf 88' lang='lat' dir='ltr'><strong>Quod</strong></span> <span class='ocrx_word' id='word_1_430' title='bbox 2532 2986 2576 3038; x_wconf 86' lang='lat' dir='ltr'><strong>si</strong></span> <span class='ocrx_word' id='word_1_431' title='bbox 2612 2984 2917 3038; x_wconf 90' lang='lat' dir='ltr'><strong>absurditas</strong></span> <span class='ocrx_word' id='word_1_432' title='bbox 2956 2982 3190 3044; x_wconf 90' lang='lat' dir='ltr'><strong>sineret,</strong></span> <span class='ocrx_word' id='word_1_433' title='bbox 3240 2979 3495 3049; x_wconf 78' lang='lat' dir='ltr'><strong>:Pquidies</strong></span> <span class='ocrx_word' id='word_1_434' title='bbox 3533 2978 3640 3031; x_wconf 90' lang='lat' dir='ltr'><strong>dici</strong></span> 
     </span>
    </p>
   </div>
   <div class='ocr_carea' id='block_1_60' title="bbox 2064 3068 3643 3149">
    <p class='ocr_par' dir='ltr' id='par_1_60' title="bbox 2064 3068 3643 3149">
     <span class='ocr_line' id='line_1_60' title="bbox 2064 3068 3643 3149; baseline -0.007 -19"><span class='ocrx_word' id='word_1_435' title='bbox 2064 3079 2343 3149; x_wconf 89' lang='lat' dir='ltr'><strong>potuisset.</strong></span> <span class='ocrx_word' id='word_1_436' title='bbox 2376 3076 2489 3128; x_wconf 87' lang='lat' dir='ltr'><strong>Duo</strong></span> <span class='ocrx_word' id='word_1_437' title='bbox 2522 3087 2790 3143; x_wconf 85' lang='lat' dir='ltr'><strong>postrema</strong></span> <span class='ocrx_word' id='word_1_438' title='bbox 2841 3072 3043 3126; x_wconf 87' lang='lat' dir='ltr'><strong>zodiaci</strong></span> <span class='ocrx_word' id='word_1_439' title='bbox 3088 3071 3259 3140; x_wconf 88' lang='lat' dir='ltr'><strong>signa,</strong></span> <span class='ocrx_word' id='word_1_440' title='bbox 3292 3068 3559 3136; x_wconf 85' lang='lat' dir='ltr'><strong>Aquarius</strong></span> <span class='ocrx_word' id='word_1_441' title='bbox 3587 3076 3643 3121; x_wconf 88' lang='lat' dir='ltr'><strong>et</strong></span> 
     </span>
    </p>
   </div>
   <div class='ocr_carea' id='block_1_61' title="bbox 2067 3158 3643 3234">
    <p class='ocr_par' dir='ltr' id='par_1_61' title="bbox 2067 3158 3643 3234">
     <span class='ocr_line' id='line_1_61' title="bbox 2067 3158 3643 3234; baseline -0.008 -11"><span class='ocrx_word' id='word_1_442' title='bbox 2067 3170 2267 3234; x_wconf 83' lang='lat' dir='ltr'><strong>l’isccs,</strong></span> <span class='ocrx_word' id='word_1_443' title='bbox 2315 3169 2384 3222; x_wconf 92' lang='lat' dir='ltr'><strong>ob</strong></span> <span class='ocrx_word' id='word_1_444' title='bbox 2435 3167 2743 3221; x_wconf 78' lang='lat' dir='ltr'><strong>imbriferos</strong></span> <span class='ocrx_word' id='word_1_445' title='bbox 2787 3178 3003 3219; x_wconf 84' lang='lat' dir='ltr'><strong>nienses</strong></span> <span class='ocrx_word' id='word_1_446' title='bbox 3036 3170 3159 3217; x_wconf 90' lang='lat' dir='ltr'><strong>sunt</strong></span> <span class='ocrx_word' id='word_1_447' title='bbox 3188 3160 3471 3229; x_wconf 90' lang='lat' dir='ltr'><strong>appellata.</strong></span> <span class='ocrx_word' id='word_1_448' title='bbox 3499 3158 3643 3212; x_wconf 91' lang='lat' dir='ltr'><strong>Sane</strong></span> 
     </span>
    </p>
   </div>
   <div class='ocr_carea' id='block_1_62' title="bbox 389 3235 3643 3329">
    <p class='ocr_par' dir='ltr' id='par_1_62' title="bbox 389 3235 3643 3329">
     <span class='ocr_line' id='line_1_62' title="bbox 389 3235 3643 3329; baseline -0.002 -18"><span class='ocrx_word' id='word_1_449' title='bbox 389 3270 557 3313; x_wconf 79' lang='lat' dir='ltr'><strong>estut</strong></span> <span class='ocrx_word' id='word_1_450' title='bbox 598 3261 891 3314; x_wconf 91' lang='lat' dir='ltr'><strong>secundum</strong></span> <span class='ocrx_word' id='word_1_451' title='bbox 938 3260 1053 3327; x_wconf 86' lang='lat' dir='ltr'><strong>ejus</strong></span> <span class='ocrx_word' id='word_1_452' title='bbox 1084 3261 1476 3314; x_wconf 73' lang='lat' dir='ltr'><strong>convexit-atem</strong></span> <span class='ocrx_word' id='word_1_453' title='bbox 1515 3260 1595 3312; x_wconf 85' lang='lat' dir='ltr'><strong>vel</strong></span> <span class='ocrx_word' id='word_1_454' title='bbox 1636 3260 1841 3329; x_wconf 89' lang='lat' dir='ltr'><strong>propiet</strong></span> <span class='ocrx_word' id='word_1_455' title='bbox 1875 3260 1952 3310; x_wconf 70' lang='grc' dir='ltr'><strong>ναι</strong></span> <span class='ocrx_word' id='word_1_456' title='bbox 1984 3235 2028 3295; x_wconf 71' lang='lat' dir='ltr'><strong>C</strong></span> <span class='ocrx_word' id='word_1_457' title='bbox 2062 3263 2126 3314; x_wconf 90' lang='lat' dir='ltr'><strong>de</strong></span> <span class='ocrx_word' id='word_1_458' title='bbox 2166 3260 2412 3314; x_wconf 80' lang='lat' dir='ltr'><strong>solstitiis</strong></span> <span class='ocrx_word' id='word_1_459' title='bbox 2465 3257 2546 3310; x_wconf 88' lang='lat' dir='ltr'><strong>vel</strong></span> <span class='ocrx_word' id='word_1_460' title='bbox 2600 3256 2941 3325; x_wconf 68' lang='lat' dir='ltr'><strong>wquiuoctiis</strong></span> <span class='ocrx_word' id='word_1_461' title='bbox 3003 3251 3340 3306; x_wconf 76' lang='lat' dir='ltr'><strong>manifestius</strong></span> <span class='ocrx_word' id='word_1_462' title='bbox 3389 3250 3535 3320; x_wconf 93' lang='lat' dir='ltr'><strong>quid,</strong></span> <span class='ocrx_word' id='word_1_463' title='bbox 3597 3265 3643 3304; x_wconf 87' lang='lat' dir='ltr'><strong>St</strong></span> 
     </span>
    </p>
   </div>
   <div class='ocr_carea' id='block_1_63' title="bbox 400 3350 1958 3419">
    <p class='ocr_par' dir='ltr' id='par_1_63' title="bbox 400 3350 1958 3419">
     <span class='ocr_line' id='line_1_63' title="bbox 400 3350 1958 3419; baseline 0 -18"><span class='ocrx_word' id='word_1_464' title='bbox 400 3352 606 3405; x_wconf 83' lang='lat' dir='ltr'><strong>recedat</strong></span> <span class='ocrx_word' id='word_1_465' title='bbox 636 3368 663 3404; x_wconf 91' lang='lat' dir='ltr'><strong>a</strong></span> <span class='ocrx_word' id='word_1_466' title='bbox 698 3362 861 3406; x_wconf 88' lang='lat' dir='ltr'><strong>terra.</strong></span> <span class='ocrx_word' id='word_1_467' title='bbox 903 3350 1049 3405; x_wconf 89' lang='lat' dir='ltr'><strong>Unde</strong></span> <span class='ocrx_word' id='word_1_468' title='bbox 1083 3352 1130 3403; x_wconf 92' lang='lat' dir='ltr'><strong>in</strong></span> <span class='ocrx_word' id='word_1_469' title='bbox 1155 3352 1361 3404; x_wconf 75' lang='lat' dir='ltr'><strong>Cancro</strong></span> <span class='ocrx_word' id='word_1_470' title='bbox 1392 3350 1619 3418; x_wconf 69' lang='lat' dir='ltr'><strong>positus,</strong></span> <span class='ocrx_word' id='word_1_471' title='bbox 1644 3350 1767 3419; x_wconf 88' lang='lat' dir='ltr'><strong>quia</strong></span> <span class='ocrx_word' id='word_1_472' title='bbox 1797 3366 1958 3417; x_wconf 85' lang='lat' dir='ltr'><strong>super</strong></span> 
     </span>
    </p>
   </div>
   <div class='ocr_carea' id='block_1_64' title="bbox 391 3441 1957 3509">
    <p class='ocr_par' dir='ltr' id='par_1_64' title="bbox 391 3441 1957 3509">
     <span class='ocr_line' id='line_1_64' title="bbox 391 3441 1957 3509; baseline -0.004 -14"><span class='ocrx_word' id='word_1_473' title='bbox 391 3452 589 3495; x_wconf 86' lang='lat' dir='ltr'><strong>terram</strong></span> <span class='ocrx_word' id='word_1_474' title='bbox 645 3443 939 3495; x_wconf 58' lang='lat' dir='ltr'><strong>maximum</strong></span> <span class='ocrx_word' id='word_1_475' title='bbox 987 3442 1129 3495; x_wconf 87' lang='lat' dir='ltr'><strong>acris</strong></span> <span class='ocrx_word' id='word_1_476' title='bbox 1152 3441 1383 3509; x_wconf 81' lang='lat' dir='ltr'><strong>spatium</strong></span> <span class='ocrx_word' id='word_1_477' title='bbox 1436 3441 1501 3493; x_wconf 88' lang='lat' dir='ltr'><strong>ab</strong></span> <span class='ocrx_word' id='word_1_478' title='bbox 1548 3450 1665 3493; x_wconf 83' lang='lat' dir='ltr'><strong>ortu</strong></span> <span class='ocrx_word' id='word_1_479' title='bbox 1696 3455 1863 3509; x_wconf 88' lang='lat' dir='ltr'><strong>usque</strong></span> <span class='ocrx_word' id='word_1_480' title='bbox 1908 3441 1957 3490; x_wconf 77' lang='lat' dir='ltr'><strong>ia</strong></span> 
     </span>
    </p>
   </div>
   <div class='ocr_carea' id='block_1_65' title="bbox 388 3530 1957 3603">
    <p class='ocr_par' dir='ltr' id='par_1_65' title="bbox 388 3530 1957 3603">
     <span class='ocr_line' id='line_1_65' title="bbox 388 3530 1957 3603; baseline -0.004 -16"><span class='ocrx_word' id='word_1_481' title='bbox 388 3549 659 3598; x_wconf 67' lang='grc' dir='ltr'><strong>θςοςιειιιιι,</strong></span> <span class='ocrx_word' id='word_1_482' title='bbox 709 3542 890 3603; x_wconf 89' lang='lat' dir='ltr'><strong>utpote</strong></span> <span class='ocrx_word' id='word_1_483' title='bbox 940 3534 990 3586; x_wconf 92' lang='lat' dir='ltr'><strong>iu</strong></span> <span class='ocrx_word' id='word_1_484' title='bbox 1022 3532 1280 3586; x_wconf 86' lang='lat' dir='ltr'><strong>altissima</strong></span> <span class='ocrx_word' id='word_1_485' title='bbox 1312 3532 1659 3601; x_wconf 82' lang='lat' dir='ltr'><strong>progrediens</strong></span> <span class='ocrx_word' id='word_1_486' title='bbox 1681 3571 1693 3592; x_wconf 88' lang='lat'><strong>,</strong></span> <span class='ocrx_word' id='word_1_487' title='bbox 1721 3530 1957 3591; x_wconf 81' lang='lat' dir='ltr'><strong>coniicit,</strong></span> 
     </span>
    </p>
   </div>
   <div class='ocr_carea' id='block_1_66' title="bbox 388 3622 1962 3691">
    <p class='ocr_par' dir='ltr' id='par_1_66' title="bbox 388 3622 1962 3691">
     <span class='ocr_line' id='line_1_66' title="bbox 388 3622 1962 3691; baseline -0.004 -13"><span class='ocrx_word' id='word_1_488' title='bbox 388 3622 490 3678; x_wconf 72' lang='lat' dir='ltr'><strong>sub</strong></span> <span class='ocrx_word' id='word_1_489' title='bbox 524 3632 664 3677; x_wconf 88' lang='lat' dir='ltr'><strong>terra</strong></span> <span class='ocrx_word' id='word_1_490' title='bbox 705 3638 833 3677; x_wconf 71' lang='lat' dir='ltr'><strong>vero</strong></span> <span class='ocrx_word' id='word_1_491' title='bbox 858 3623 1255 3684; x_wconf 78' lang='lat' dir='ltr'><strong>brevissimum,</strong></span> <span class='ocrx_word' id='word_1_492' title='bbox 1290 3622 1485 3691; x_wconf 87' lang='lat' dir='ltr'><strong>quippe</strong></span> <span class='ocrx_word' id='word_1_493' title='bbox 1513 3623 1601 3690; x_wconf 90' lang='lat' dir='ltr'><strong>qui</strong></span> <span class='ocrx_word' id='word_1_494' title='bbox 1633 3622 1830 3674; x_wconf 87' lang='lat' dir='ltr'><strong>ambitu</strong></span> <span class='ocrx_word' id='word_1_495' title='bbox 1860 3631 1962 3674; x_wconf 89' lang='lat' dir='ltr'><strong>ter-</strong></span> 
     </span>
    </p>
   </div>
   <div class='ocr_carea' id='block_1_67' title="bbox 394 3714 1963 3778">
    <p class='ocr_par' dir='ltr' id='par_1_67' title="bbox 394 3714 1963 3778">
     <span class='ocr_line' id='line_1_67' title="bbox 394 3714 1963 3778; baseline -0.002 -10"><span class='ocrx_word' id='word_1_496' title='bbox 394 3731 467 3769; x_wconf 75' lang='lat' dir='ltr'><strong>ra:</strong></span> <span class='ocrx_word' id='word_1_497' title='bbox 521 3725 725 3768; x_wconf 87' lang='lat' dir='ltr'><strong>tantum</strong></span> <span class='ocrx_word' id='word_1_498' title='bbox 775 3714 1035 3778; x_wconf 88' lang='lat' dir='ltr'><strong>lustrato,</strong></span> <span class='ocrx_word' id='word_1_499' title='bbox 1089 3715 1304 3767; x_wconf 77' lang='lat' dir='ltr'><strong>festinat</strong></span> <span class='ocrx_word' id='word_1_500' title='bbox 1358 3716 1422 3767; x_wconf 86' lang='lat' dir='ltr'><strong>ad</strong></span> <span class='ocrx_word' id='word_1_501' title='bbox 1472 3724 1674 3778; x_wconf 92' lang='lat' dir='ltr'><strong>ortum,</strong></span> <span class='ocrx_word' id='word_1_502' title='bbox 1732 3715 1963 3766; x_wconf 86' lang='lat' dir='ltr'><strong>tardiore</strong></span> 
     </span>
    </p>
   </div>
   <div class='ocr_carea' id='block_1_68' title="bbox 396 3808 1962 3877">
    <p class='ocr_par' dir='ltr' id='par_1_68' title="bbox 396 3808 1962 3877">
     <span class='ocr_line' id='line_1_68' title="bbox 396 3808 1962 3877; baseline -0.003 -14"><span class='ocrx_word' id='word_1_503' title='bbox 396 3808 744 3863; x_wconf 70' lang='lat' dir='ltr'><strong>cursu&#39;diem</strong></span> <span class='ocrx_word' id='word_1_504' title='bbox 803 3810 956 3861; x_wconf 88' lang='lat' dir='ltr'><strong>nobis</strong></span> <span class='ocrx_word' id='word_1_505' title='bbox 1006 3809 1282 3877; x_wconf 84' lang='lat' dir='ltr'><strong>producit,</strong></span> <span class='ocrx_word' id='word_1_506' title='bbox 1325 3808 1506 3861; x_wconf 89' lang='lat' dir='ltr'><strong>ociore</strong></span> <span class='ocrx_word' id='word_1_507' title='bbox 1572 3817 1689 3860; x_wconf 90' lang='lat' dir='ltr'><strong>ortu</strong></span> <span class='ocrx_word' id='word_1_508' title='bbox 1753 3816 1962 3860; x_wconf 88' lang='lat' dir='ltr'><strong>noctem</strong></span> 
     </span>
    </p>
   </div>
   <div class='ocr_carea' id='block_1_69' title="bbox 392 3898 1962 3966">
    <p class='ocr_par' dir='ltr' id='par_1_69' title="bbox 392 3898 1962 3966">
     <span class='ocr_line' id='line_1_69' title="bbox 392 3898 1962 3966; baseline -0.003 -12"><span class='ocrx_word' id='word_1_509' title='bbox 392 3909 651 3954; x_wconf 87' lang='lat' dir='ltr'><strong>coarctat.</strong></span> <span class='ocrx_word' id='word_1_510' title='bbox 677 3898 805 3964; x_wconf 78' lang='lat' dir='ltr'><strong>Qua:</strong></span> <span class='ocrx_word' id='word_1_511' title='bbox 837 3898 1015 3951; x_wconf 88' lang='lat' dir='ltr'><strong>omnia</strong></span> <span class='ocrx_word' id='word_1_512' title='bbox 1060 3899 1111 3951; x_wconf 92' lang='lat' dir='ltr'><strong>in</strong></span> <span class='ocrx_word' id='word_1_513' title='bbox 1162 3898 1486 3965; x_wconf 86' lang='lat' dir='ltr'><strong>Capricorno</strong></span> <span class='ocrx_word' id='word_1_514' title='bbox 1514 3914 1607 3966; x_wconf 82' lang='lat' dir='ltr'><strong>per</strong></span> <span class='ocrx_word' id='word_1_515' title='bbox 1639 3899 1962 3952; x_wconf 88' lang='lat' dir='ltr'><strong>contrarium</strong></span> 
     </span>
    </p>
   </div>
   <div class='ocr_carea' id='block_1_70' title="bbox 395 3988 1964 4057">
    <p class='ocr_par' dir='ltr' id='par_1_70' title="bbox 395 3988 1964 4057">
     <span class='ocr_line' id='line_1_70' title="bbox 395 3988 1964 4057; baseline -0.002 -15"><span class='ocrx_word' id='word_1_516' title='bbox 395 3990 510 4044; x_wconf 72' lang='lat' dir='ltr'><strong>fieri</strong></span> <span class='ocrx_word' id='word_1_517' title='bbox 538 3988 879 4042; x_wconf 68' lang='lat' dir='ltr'><strong>manifestum</strong></span> <span class='ocrx_word' id='word_1_518' title='bbox 906 3998 1007 4050; x_wconf 89' lang='lat' dir='ltr'><strong>est,</strong></span> <span class='ocrx_word' id='word_1_519' title='bbox 1034 3990 1155 4056; x_wconf 91' lang='lat' dir='ltr'><strong>quia</strong></span> <span class='ocrx_word' id='word_1_520' title='bbox 1178 3998 1436 4057; x_wconf 88' lang='lat' dir='ltr'><strong>quantum</strong></span> <span class='ocrx_word' id='word_1_521' title='bbox 1464 4006 1513 4041; x_wconf 89' lang='lat' dir='ltr'><strong>III</strong></span> <span class='ocrx_word' id='word_1_522' title='bbox 1549 3989 1650 4041; x_wconf 90' lang='lat' dir='ltr'><strong>isto</strong></span> <span class='ocrx_word' id='word_1_523' title='bbox 1681 4004 1839 4057; x_wconf 83' lang='lat' dir='ltr'><strong>super</strong></span> <span class='ocrx_word' id='word_1_524' title='bbox 1860 3998 1964 4041; x_wconf 62' lang='lat' dir='ltr'><strong>ter.</strong></span> 
     </span>
    </p>
   </div>
   <div class='ocr_carea' id='block_1_71' title="bbox 398 4078 1963 4147">
    <p class='ocr_par' dir='ltr' id='par_1_71' title="bbox 398 4078 1963 4147">
     <span class='ocr_line' id='line_1_71' title="bbox 398 4078 1963 4147; baseline -0.003 -14"><span class='ocrx_word' id='word_1_525' title='bbox 398 4096 512 4133; x_wconf 86' lang='lat' dir='ltr'><strong>t‘aut</strong></span> <span class='ocrx_word' id='word_1_526' title='bbox 540 4079 827 4142; x_wconf 69' lang='lat' dir='ltr'><strong>cxaltatur,</strong></span> <span class='ocrx_word' id='word_1_527' title='bbox 871 4088 1076 4130; x_wconf 87' lang='lat' dir='ltr'><strong>tantum</strong></span> <span class='ocrx_word' id='word_1_528' title='bbox 1106 4078 1153 4130; x_wconf 91' lang='lat' dir='ltr'><strong>iu</strong></span> <span class='ocrx_word' id='word_1_529' title='bbox 1192 4079 1280 4130; x_wconf 90' lang='lat' dir='ltr'><strong>illo</strong></span> <span class='ocrx_word' id='word_1_530' title='bbox 1318 4080 1413 4131; x_wconf 80' lang='lat' dir='ltr'><strong>sub</strong></span> <span class='ocrx_word' id='word_1_531' title='bbox 1441 4089 1579 4131; x_wconf 86' lang='lat' dir='ltr'><strong>terra</strong></span> <span class='ocrx_word' id='word_1_532' title='bbox 1613 4078 1963 4147; x_wconf 86' lang='lat' dir='ltr'><strong>dimergitur;</strong></span> 
     </span>
    </p>
   </div>
   <div class='ocr_carea' id='block_1_72' title="bbox 396 4166 1966 4237">
    <p class='ocr_par' dir='ltr' id='par_1_72' title="bbox 396 4166 1966 4237">
     <span class='ocr_line' id='line_1_72' title="bbox 396 4166 1966 4237; baseline -0.005 -13"><span class='ocrx_word' id='word_1_533' title='bbox 396 4181 450 4224; x_wconf 92' lang='lat' dir='ltr'><strong>ct</strong></span> <span class='ocrx_word' id='word_1_534' title='bbox 482 4186 666 4224; x_wconf 78' lang='lat' dir='ltr'><strong>rursus</strong></span> <span class='ocrx_word' id='word_1_535' title='bbox 698 4180 954 4237; x_wconf 89' lang='lat' dir='ltr'><strong>quantum</strong></span> <span class='ocrx_word' id='word_1_536' title='bbox 989 4170 1038 4221; x_wconf 91' lang='lat' dir='ltr'><strong>in</strong></span> <span class='ocrx_word' id='word_1_537' title='bbox 1078 4170 1177 4222; x_wconf 90' lang='lat' dir='ltr'><strong>hoc</strong></span> <span class='ocrx_word' id='word_1_538' title='bbox 1204 4168 1301 4221; x_wconf 90' lang='lat' dir='ltr'><strong>sub</strong></span> <span class='ocrx_word' id='word_1_539' title='bbox 1350 4177 1508 4229; x_wconf 88' lang='lat' dir='ltr'><strong>terra,</strong></span> <span class='ocrx_word' id='word_1_540' title='bbox 1553 4167 1883 4219; x_wconf 87' lang='lat' dir='ltr'><strong>tantumdem</strong></span> <span class='ocrx_word' id='word_1_541' title='bbox 1916 4166 1966 4218; x_wconf 93' lang='lat' dir='ltr'><strong>iu</strong></span> 
     </span>
    </p>
   </div>
   <div class='ocr_carea' id='block_1_73' title="bbox 399 4255 1969 4330">
    <p class='ocr_par' dir='ltr' id='par_1_73' title="bbox 399 4255 1969 4330">
     <span class='ocr_line' id='line_1_73' title="bbox 399 4255 1969 4330; baseline -0.005 -15"><span class='ocrx_word' id='word_1_542' title='bbox 399 4262 488 4315; x_wconf 83' lang='lat' dir='ltr'><strong>illo</strong></span> <span class='ocrx_word' id='word_1_543' title='bbox 511 4276 672 4330; x_wconf 88' lang='lat' dir='ltr'><strong>super</strong></span> <span class='ocrx_word' id='word_1_544' title='bbox 702 4271 897 4315; x_wconf 88' lang='lat' dir='ltr'><strong>terram</strong></span> <span class='ocrx_word' id='word_1_545' title='bbox 948 4260 1157 4313; x_wconf 88' lang='lat' dir='ltr'><strong>itineris</strong></span> <span class='ocrx_word' id='word_1_546' title='bbox 1189 4259 1425 4314; x_wconf 77' lang='lat' dir='ltr'><strong>coniicit.</strong></span> <span class='ocrx_word' id='word_1_547' title='bbox 1481 4258 1631 4312; x_wconf 73' lang='lat' dir='ltr'><strong>Unde</strong></span> <span class='ocrx_word' id='word_1_548' title='bbox 1658 4258 1771 4311; x_wconf 92' lang='lat' dir='ltr'><strong>dies</strong></span> <span class='ocrx_word' id='word_1_549' title='bbox 1800 4255 1969 4310; x_wconf 51' lang='lat' dir='ltr'><strong>xstivi</strong></span> 
     </span>
    </p>
   </div>
   <div class='ocr_carea' id='block_1_74' title="bbox 395 4348 1973 4416">
    <p class='ocr_par' dir='ltr' id='par_1_74' title="bbox 395 4348 1973 4416">
     <span class='ocr_line' id='line_1_74' title="bbox 395 4348 1973 4416; baseline -0.006 -7"><span class='ocrx_word' id='word_1_550' title='bbox 395 4371 518 4409; x_wconf 88' lang='lat' dir='ltr'><strong>eam</strong></span> <span class='ocrx_word' id='word_1_551' title='bbox 542 4355 877 4409; x_wconf 81' lang='lat' dir='ltr'><strong>brumalibus</strong></span> <span class='ocrx_word' id='word_1_552' title='bbox 902 4353 1165 4416; x_wconf 86' lang='lat' dir='ltr'><strong>noctibus,</strong></span> <span class='ocrx_word' id='word_1_553' title='bbox 1182 4362 1234 4406; x_wconf 89' lang='lat' dir='ltr'><strong>et</strong></span> <span class='ocrx_word' id='word_1_554' title='bbox 1260 4367 1470 4405; x_wconf 90' lang='lat' dir='ltr'><strong>rursum</strong></span> <span class='ocrx_word' id='word_1_555' title='bbox 1501 4358 1686 4404; x_wconf 89' lang='lat' dir='ltr'><strong>noctes</strong></span> <span class='ocrx_word' id='word_1_556' title='bbox 1717 4348 1973 4403; x_wconf 73' lang='lat' dir='ltr'><strong>hiemale.</strong></span> 
     </span>
    </p>
   </div>
   <div class='ocr_carea' id='block_1_75' title="bbox 396 4442 1972 4513">
    <p class='ocr_par' dir='ltr' id='par_1_75' title="bbox 396 4442 1972 4513">
     <span class='ocr_line' id='line_1_75' title="bbox 396 4442 1972 4513; baseline -0.004 -13"><span class='ocrx_word' id='word_1_557' title='bbox 396 4462 521 4500; x_wconf 88' lang='lat' dir='ltr'><strong>cum</strong></span> <span class='ocrx_word' id='word_1_558' title='bbox 577 4446 779 4499; x_wconf 77' lang='lat' dir='ltr'><strong>:estiris</strong></span> <span class='ocrx_word' id='word_1_559' title='bbox 834 4444 1024 4498; x_wconf 88' lang='lat' dir='ltr'><strong>diebus</strong></span> <span class='ocrx_word' id='word_1_560' title='bbox 1081 4442 1410 4513; x_wconf 90' lang='lat' dir='ltr'><strong>longitudine</strong></span> <span class='ocrx_word' id='word_1_561' title='bbox 1471 4443 1582 4496; x_wconf 82' lang='lat' dir='ltr'><strong>sive</strong></span> <span class='ocrx_word' id='word_1_562' title='bbox 1635 4442 1972 4496; x_wconf 84' lang='lat' dir='ltr'><strong>brevitudinc</strong></span> 
     </span>
    </p>
   </div>
   <div class='ocr_carea' id='block_1_76' title="bbox 398 4532 2052 4623">
    <p class='ocr_par' dir='ltr' id='par_1_76' title="bbox 398 4532 2052 4623">
     <span class='ocr_line' id='line_1_76' title="bbox 398 4532 2052 4623; baseline -0.003 -32"><span class='ocrx_word' id='word_1_563' title='bbox 398 4538 751 4591; x_wconf 86' lang='lat' dir='ltr'><strong>concordant.</strong></span> <span class='ocrx_word' id='word_1_564' title='bbox 782 4536 1002 4606; x_wconf 84' lang='lat' dir='ltr'><strong>Singula</strong></span> <span class='ocrx_word' id='word_1_565' title='bbox 1030 4536 1169 4589; x_wconf 90' lang='lat' dir='ltr'><strong>enim</strong></span> <span class='ocrx_word' id='word_1_566' title='bbox 1187 4534 1335 4605; x_wconf 86' lang='lat' dir='ltr'><strong>signa</strong></span> <span class='ocrx_word' id='word_1_567' title='bbox 1356 4549 1459 4587; x_wconf 93' lang='lat' dir='ltr'><strong>non</strong></span> <span class='ocrx_word' id='word_1_568' title='bbox 1485 4532 1759 4602; x_wconf 90' lang='lat' dir='ltr'><strong>obliquum</strong></span> <span class='ocrx_word' id='word_1_569' title='bbox 1778 4534 1975 4588; x_wconf 85' lang='lat' dir='ltr'><strong>habent</strong></span> <span class='ocrx_word' id='word_1_570' title='bbox 2006 4567 2052 4623; x_wconf 72' lang='grc' dir='ltr'>υ</span> 
     </span>
    </p>
   </div>
   <div class='ocr_carea' id='block_1_77' title="bbox 397 4625 1971 4697">
    <p class='ocr_par' dir='ltr' id='par_1_77' title="bbox 397 4625 1971 4697">
     <span class='ocr_line' id='line_1_77' title="bbox 397 4625 1971 4697; baseline -0.004 -14"><span class='ocrx_word' id='word_1_571' title='bbox 397 4645 643 4693; x_wconf 86' lang='lat' dir='ltr'><strong>cursum,</strong></span> <span class='ocrx_word' id='word_1_572' title='bbox 688 4637 745 4681; x_wconf 91' lang='lat' dir='ltr'><strong>ut</strong></span> <span class='ocrx_word' id='word_1_573' title='bbox 794 4643 857 4682; x_wconf 90' lang='lat' dir='ltr'><strong>ea</strong></span> <span class='ocrx_word' id='word_1_574' title='bbox 896 4643 1014 4697; x_wconf 74' lang='lat' dir='ltr'><strong>qua:</strong></span> <span class='ocrx_word' id='word_1_575' title='bbox 1055 4627 1106 4679; x_wconf 91' lang='lat' dir='ltr'><strong>in</strong></span> <span class='ocrx_word' id='word_1_576' title='bbox 1145 4625 1506 4694; x_wconf 88' lang='lat' dir='ltr'><strong>septentrione</strong></span> <span class='ocrx_word' id='word_1_577' title='bbox 1538 4625 1825 4695; x_wconf 88' lang='lat' dir='ltr'><strong>aliquando</strong></span> <span class='ocrx_word' id='word_1_578' title='bbox 1855 4640 1971 4679; x_wconf 84' lang='lat' dir='ltr'><strong>ver-</strong></span> 
     </span>
    </p>
   </div>
   <div class='ocr_carea' id='block_1_78' title="bbox 397 4715 1974 4791">
    <p class='ocr_par' dir='ltr' id='par_1_78' title="bbox 397 4715 1974 4791">
     <span class='ocr_line' id='line_1_78' title="bbox 397 4715 1974 4791; baseline -0.002 -19"><span class='ocrx_word' id='word_1_579' title='bbox 397 4728 530 4791; x_wconf 86' lang='lat' dir='ltr'><strong>gant</strong></span> <span class='ocrx_word' id='word_1_580' title='bbox 558 4720 625 4772; x_wconf 89' lang='lat' dir='ltr'><strong>ad</strong></span> <span class='ocrx_word' id='word_1_581' title='bbox 657 4726 920 4782; x_wconf 89' lang='lat' dir='ltr'><strong>austrum,</strong></span> <span class='ocrx_word' id='word_1_582' title='bbox 955 4727 1012 4771; x_wconf 94' lang='lat' dir='ltr'><strong>ut</strong></span> <span class='ocrx_word' id='word_1_583' title='bbox 1049 4715 1264 4785; x_wconf 90' lang='lat' dir='ltr'><strong>quidam</strong></span> <span class='ocrx_word' id='word_1_584' title='bbox 1297 4725 1507 4785; x_wconf 87' lang='lat' dir='ltr'><strong>putant,</strong></span> <span class='ocrx_word' id='word_1_585' title='bbox 1558 4724 1860 4770; x_wconf 74' lang='lat' dir='ltr'><strong>asserentes</strong></span> <span class='ocrx_word' id='word_1_586' title='bbox 1884 4730 1974 4769; x_wconf 75' lang='lat' dir='ltr'><strong>so-</strong></span> 
     </span>
    </p>
   </div>
   <div class='ocr_carea' id='block_1_79' title="bbox 402 4806 1975 4877">
    <p class='ocr_par' dir='ltr' id='par_1_79' title="bbox 402 4806 1975 4877">
     <span class='ocr_line' id='line_1_79' title="bbox 402 4806 1975 4877; baseline -0.004 -12"><span class='ocrx_word' id='word_1_587' title='bbox 402 4810 526 4877; x_wconf 88' lang='lat' dir='ltr'><strong>lem,</strong></span> <span class='ocrx_word' id='word_1_588' title='bbox 555 4827 675 4865; x_wconf 89' lang='lat' dir='ltr'><strong>cum</strong></span> <span class='ocrx_word' id='word_1_589' title='bbox 705 4820 793 4865; x_wconf 85' lang='lat' dir='ltr'><strong>est</strong></span> <span class='ocrx_word' id='word_1_590' title='bbox 830 4810 880 4864; x_wconf 92' lang='lat' dir='ltr'><strong>in</strong></span> <span class='ocrx_word' id='word_1_591' title='bbox 916 4810 1144 4874; x_wconf 82' lang='lat' dir='ltr'><strong>Cancro,</strong></span> <span class='ocrx_word' id='word_1_592' title='bbox 1174 4809 1226 4861; x_wconf 91' lang='lat' dir='ltr'><strong>in</strong></span> <span class='ocrx_word' id='word_1_593' title='bbox 1260 4808 1343 4861; x_wconf 90' lang='lat' dir='ltr'><strong>die</strong></span> <span class='ocrx_word' id='word_1_594' title='bbox 1375 4806 1633 4870; x_wconf 89' lang='lat' dir='ltr'><strong>boreales,</strong></span> <span class='ocrx_word' id='word_1_595' title='bbox 1668 4817 1824 4861; x_wconf 89' lang='lat' dir='ltr'><strong>nocte</strong></span> <span class='ocrx_word' id='word_1_596' title='bbox 1849 4823 1975 4861; x_wconf 79' lang='lat' dir='ltr'><strong>vero</strong></span> 
     </span>
    </p>
   </div>
   <div class='ocr_carea' id='block_1_80' title="bbox 404 4899 1979 4969">
    <p class='ocr_par' dir='ltr' id='par_1_80' title="bbox 404 4899 1979 4969">
     <span class='ocr_line' id='line_1_80' title="bbox 404 4899 1979 4969; baseline -0.004 -11"><span class='ocrx_word' id='word_1_597' title='bbox 404 4904 690 4967; x_wconf 83' lang='lat' dir='ltr'><strong>australes,</strong></span> <span class='ocrx_word' id='word_1_598' title='bbox 716 4912 772 4956; x_wconf 83' lang='lat' dir='ltr'><strong>et</strong></span> <span class='ocrx_word' id='word_1_599' title='bbox 819 4913 1036 4956; x_wconf 89' lang='lat' dir='ltr'><strong>econtra</strong></span> <span class='ocrx_word' id='word_1_600' title='bbox 1070 4902 1121 4955; x_wconf 91' lang='lat' dir='ltr'><strong>in</strong></span> <span class='ocrx_word' id='word_1_601' title='bbox 1154 4899 1483 4969; x_wconf 89' lang='lat' dir='ltr'><strong>Capricorno</strong></span> <span class='ocrx_word' id='word_1_602' title='bbox 1509 4900 1737 4968; x_wconf 91' lang='lat' dir='ltr'><strong>positum</strong></span> <span class='ocrx_word' id='word_1_603' title='bbox 1769 4899 1853 4952; x_wconf 90' lang='lat' dir='ltr'><strong>die</strong></span> <span class='ocrx_word' id='word_1_604' title='bbox 1885 4914 1979 4951; x_wconf 55' lang='lat' dir='ltr'><strong>au-</strong></span> 
     </span>
    </p>
   </div>
   <div class='ocr_carea' id='block_1_81' title="bbox 401 4990 1980 5060">
    <p class='ocr_par' dir='ltr' id='par_1_81' title="bbox 401 4990 1980 5060">
     <span class='ocr_line' id='line_1_81' title="bbox 401 4990 1980 5060; baseline -0.006 -11"><span class='ocrx_word' id='word_1_605' title='bbox 401 4996 616 5060; x_wconf 88' lang='lat' dir='ltr'><strong>strales,</strong></span> <span class='ocrx_word' id='word_1_606' title='bbox 650 5002 806 5049; x_wconf 91' lang='lat' dir='ltr'><strong>nocte</strong></span> <span class='ocrx_word' id='word_1_607' title='bbox 861 4993 1105 5047; x_wconf 88' lang='lat' dir='ltr'><strong>boreales</strong></span> <span class='ocrx_word' id='word_1_608' title='bbox 1150 4992 1332 5045; x_wconf 90' lang='lat' dir='ltr'><strong>mundi</strong></span> <span class='ocrx_word' id='word_1_609' title='bbox 1386 4992 1615 5045; x_wconf 90' lang='lat' dir='ltr'><strong>lustrare</strong></span> <span class='ocrx_word' id='word_1_610' title='bbox 1656 4998 1855 5059; x_wconf 89' lang='lat' dir='ltr'><strong>partes,</strong></span> <span class='ocrx_word' id='word_1_611' title='bbox 1886 4990 1980 5045; x_wconf 81' lang='lat' dir='ltr'><strong>sed</strong></span> 
     </span>
    </p>
   </div>
   <div class='ocr_carea' id='block_1_82' title="bbox 403 5084 1982 5159">
    <p class='ocr_par' dir='ltr' id='par_1_82' title="bbox 403 5084 1982 5159">
     <span class='ocr_line' id='line_1_82' title="bbox 403 5084 1982 5159; baseline -0.004 -18"><span class='ocrx_word' id='word_1_612' title='bbox 403 5088 612 5159; x_wconf 85' lang='lat' dir='ltr'><strong>singula</strong></span> <span class='ocrx_word' id='word_1_613' title='bbox 669 5089 720 5141; x_wconf 93' lang='lat' dir='ltr'><strong>in</strong></span> <span class='ocrx_word' id='word_1_614' title='bbox 754 5088 1015 5140; x_wconf 89' lang='lat' dir='ltr'><strong>directum</strong></span> <span class='ocrx_word' id='word_1_615' title='bbox 1046 5097 1248 5140; x_wconf 87' lang='lat' dir='ltr'><strong>terram</strong></span> <span class='ocrx_word' id='word_1_616' title='bbox 1288 5084 1548 5147; x_wconf 89' lang='lat' dir='ltr'><strong>ambiunt,</strong></span> <span class='ocrx_word' id='word_1_617' title='bbox 1582 5094 1635 5136; x_wconf 94' lang='lat' dir='ltr'><strong>et</strong></span> <span class='ocrx_word' id='word_1_618' title='bbox 1666 5098 1826 5153; x_wconf 88' lang='lat' dir='ltr'><strong>quam</strong></span> <span class='ocrx_word' id='word_1_619' title='bbox 1856 5099 1982 5152; x_wconf 88' lang='lat' dir='ltr'><strong>par-</strong></span> 
     </span>
    </p>
   </div>
   <div class='ocr_carea' id='block_1_83' title="bbox 406 5175 1979 5247">
    <p class='ocr_par' dir='ltr' id='par_1_83' title="bbox 406 5175 1979 5247">
     <span class='ocr_line' id='line_1_83' title="bbox 406 5175 1979 5247; baseline -0.004 -12"><span class='ocrx_word' id='word_1_620' title='bbox 406 5194 513 5236; x_wconf 90' lang='lat' dir='ltr'><strong>tem</strong></span> <span class='ocrx_word' id='word_1_621' title='bbox 541 5180 620 5235; x_wconf 91' lang='lat' dir='ltr'><strong>sol</strong></span> <span class='ocrx_word' id='word_1_622' title='bbox 648 5181 731 5234; x_wconf 84' lang='lat' dir='ltr'><strong>die</strong></span> <span class='ocrx_word' id='word_1_623' title='bbox 752 5193 912 5247; x_wconf 61' lang='lat' dir='ltr'><strong>su;.cr</strong></span> <span class='ocrx_word' id='word_1_624' title='bbox 939 5188 1162 5241; x_wconf 85' lang='lat' dir='ltr'><strong>terram,</strong></span> <span class='ocrx_word' id='word_1_625' title='bbox 1195 5178 1438 5231; x_wconf 87' lang='lat' dir='ltr'><strong>eamdem</strong></span> <span class='ocrx_word' id='word_1_626' title='bbox 1474 5183 1628 5229; x_wconf 88' lang='lat' dir='ltr'><strong>nocte</strong></span> <span class='ocrx_word' id='word_1_627' title='bbox 1658 5190 1871 5244; x_wconf 87' lang='lat' dir='ltr'><strong>semper</strong></span> <span class='ocrx_word' id='word_1_628' title='bbox 1901 5175 1979 5229; x_wconf 87' lang='lat' dir='ltr'><strong>lu-</strong></span> 
     </span>
    </p>
   </div>
   <div class='ocr_carea' id='block_1_84' title="bbox 403 5266 1985 5342">
    <p class='ocr_par' dir='ltr' id='par_1_84' title="bbox 403 5266 1985 5342">
     <span class='ocr_line' id='line_1_84' title="bbox 403 5266 1985 5342; baseline -0.006 -14"><span class='ocrx_word' id='word_1_629' title='bbox 403 5283 548 5328; x_wconf 87' lang='lat' dir='ltr'><strong>strat</strong></span> <span class='ocrx_word' id='word_1_630' title='bbox 572 5272 668 5328; x_wconf 88' lang='lat' dir='ltr'><strong>sub</strong></span> <span class='ocrx_word' id='word_1_631' title='bbox 694 5283 854 5326; x_wconf 89' lang='lat' dir='ltr'><strong>terra.</strong></span> <span class='ocrx_word' id='word_1_632' title='bbox 884 5270 1227 5342; x_wconf 67' lang='lat' dir='ltr'><strong>Equinoctia</strong></span> <span class='ocrx_word' id='word_1_633' title='bbox 1254 5285 1380 5324; x_wconf 89' lang='lat' dir='ltr'><strong>sane</strong></span> <span class='ocrx_word' id='word_1_634' title='bbox 1406 5285 1510 5323; x_wconf 91' lang='lat' dir='ltr'><strong>nou</strong></span> <span class='ocrx_word' id='word_1_635' title='bbox 1547 5266 1638 5331; x_wconf 92' lang='lat' dir='ltr'><strong>ita,</strong></span> <span class='ocrx_word' id='word_1_636' title='bbox 1671 5276 1728 5319; x_wconf 89' lang='lat' dir='ltr'><strong>ut</strong></span> <span class='ocrx_word' id='word_1_637' title='bbox 1756 5266 1985 5321; x_wconf 88' lang='lat' dir='ltr'><strong>solstitia</strong></span> 
     </span>
    </p>
   </div>
   <div class='ocr_carea' id='block_1_85' title="bbox 406 5358 1984 5431">
    <p class='ocr_par' dir='ltr' id='par_1_85' title="bbox 406 5358 1984 5431">
     <span class='ocr_line' id='line_1_85' title="bbox 406 5358 1984 5431; baseline -0.007 -11"><span class='ocrx_word' id='word_1_638' title='bbox 406 5376 625 5420; x_wconf 87' lang='lat' dir='ltr'><strong>noctein</strong></span> <span class='ocrx_word' id='word_1_639' title='bbox 656 5364 899 5431; x_wconf 91' lang='lat' dir='ltr'><strong>diemque</strong></span> <span class='ocrx_word' id='word_1_640' title='bbox 922 5364 1163 5422; x_wconf 78' lang='lat' dir='ltr'><strong>variant,</strong></span> <span class='ocrx_word' id='word_1_641' title='bbox 1206 5364 1297 5415; x_wconf 88' lang='lat' dir='ltr'><strong>sed</strong></span> <span class='ocrx_word' id='word_1_642' title='bbox 1328 5362 1380 5415; x_wconf 92' lang='lat' dir='ltr'><strong>in</strong></span> <span class='ocrx_word' id='word_1_643' title='bbox 1404 5370 1633 5426; x_wconf 88' lang='lat' dir='ltr'><strong>utroque</strong></span> <span class='ocrx_word' id='word_1_644' title='bbox 1655 5358 1770 5411; x_wconf 87' lang='lat' dir='ltr'><strong>dies</strong></span> <span class='ocrx_word' id='word_1_645' title='bbox 1799 5366 1847 5411; x_wconf 92' lang='lat' dir='ltr'><strong>et</strong></span> <span class='ocrx_word' id='word_1_646' title='bbox 1877 5372 1984 5411; x_wconf 71' lang='lat' dir='ltr'><strong>nox</strong></span> 
     </span>
    </p>
   </div>
   <div class='ocr_carea' id='block_1_86' title="bbox 2066 3340 3640 3413">
    <p class='ocr_par' dir='ltr' id='par_1_86' title="bbox 2066 3340 3640 3413">
     <span class='ocr_line' id='line_1_86' title="bbox 2066 3340 3640 3413; baseline -0.007 -9"><span class='ocrx_word' id='word_1_647' title='bbox 2066 3352 2321 3405; x_wconf 71' lang='lat' dir='ltr'><strong>liotuiuus</strong></span> <span class='ocrx_word' id='word_1_648' title='bbox 2343 3349 2609 3410; x_wconf 75' lang='lat' dir='ltr'><strong>annuet-it,</strong></span> <span class='ocrx_word' id='word_1_649' title='bbox 2652 3363 2836 3400; x_wconf 83' lang='lat' dir='ltr'><strong>sumus</strong></span> <span class='ocrx_word' id='word_1_650' title='bbox 2864 3343 3159 3413; x_wconf 70' lang='lat' dir='ltr'><strong>exposituri</strong></span> <span class='ocrx_word' id='word_1_651' title='bbox 3191 3342 3354 3411; x_wconf 80' lang='lat' dir='ltr'><strong>(infra</strong></span> <span class='ocrx_word' id='word_1_652' title='bbox 3378 3359 3493 3411; x_wconf 87' lang='lat' dir='ltr'><strong>cap.</strong></span> <span class='ocrx_word' id='word_1_653' title='bbox 3526 3340 3640 3408; x_wconf 80' lang='grc'><strong>51).</strong></span> 
     </span>
    </p>
   </div>
   <div class='ocr_carea' id='block_1_87' title="bbox 2677 3435 3039 3490">
    <p class='ocr_par' dir='ltr' id='par_1_87' title="bbox 2677 3435 3039 3490">
     <span class='ocr_line' id='line_1_87' title="bbox 2677 3435 3039 3490; baseline -0.008 0"><span class='ocrx_word' id='word_1_654' title='bbox 2677 3435 2902 3490; x_wconf 69' lang='lat' dir='ltr'><strong>CAPUT</strong></span> <span class='ocrx_word' id='word_1_655' title='bbox 2954 3435 3039 3487; x_wconf 90' lang='lat' dir='ltr'><strong>Ill.</strong></span> 
     </span>
    </p>
   </div>
   <div class='ocr_carea' id='block_1_88' title="bbox 2067 3522 3646 3597">
    <p class='ocr_par' dir='ltr' id='par_1_88' title="bbox 2067 3522 3646 3597">
     <span class='ocr_line' id='line_1_88' title="bbox 2067 3522 3646 3597; baseline -0.006 -12"><span class='ocrx_word' id='word_1_656' title='bbox 2067 3531 2338 3597; x_wconf 75' lang='lat' dir='ltr'><strong>Quomodo</strong></span> <span class='ocrx_word' id='word_1_657' title='bbox 2377 3528 2454 3582; x_wconf 83' lang='lat' dir='ltr'><strong>sol</strong></span> <span class='ocrx_word' id='word_1_658' title='bbox 2486 3530 2537 3580; x_wconf 84' lang='lat' dir='ltr'><strong>iu</strong></span> <span class='ocrx_word' id='word_1_659' title='bbox 2566 3526 2740 3595; x_wconf 79' lang='lat' dir='ltr'><strong>aliqua</strong></span> <span class='ocrx_word' id='word_1_660' title='bbox 2767 3527 2911 3593; x_wconf 73' lang='lat' dir='ltr'><strong>signo</strong></span> <span class='ocrx_word' id='word_1_661' title='bbox 2958 3541 3067 3597; x_wconf 66' lang='lat' dir='ltr'><strong>esse</strong></span> <span class='ocrx_word' id='word_1_662' title='bbox 3094 3523 3322 3585; x_wconf 77' lang='lat' dir='ltr'><strong>dicatur,</strong></span> <span class='ocrx_word' id='word_1_663' title='bbox 3353 3538 3469 3597; x_wconf 81' lang='lat' dir='ltr'><strong>cum</strong></span> <span class='ocrx_word' id='word_1_664' title='bbox 3495 3522 3646 3593; x_wconf 76' lang='lat' dir='ltr'><strong>signa</strong></span> 
     </span>
    </p>
   </div>
   <div class='ocr_carea' id='block_1_89' title="bbox 2300 3594 3408 3661">
    <p class='ocr_par' dir='ltr' id='par_1_89' title="bbox 2300 3594 3408 3661">
     <span class='ocr_line' id='line_1_89' title="bbox 2300 3594 3408 3661; baseline -0.008 -9"><span class='ocrx_word' id='word_1_665' title='bbox 2300 3602 2349 3652; x_wconf 83' lang='lat' dir='ltr'><strong>in</strong></span> <span class='ocrx_word' id='word_1_666' title='bbox 2377 3598 2525 3661; x_wconf 72' lang='lat' dir='ltr'><strong>carlo,</strong></span> <span class='ocrx_word' id='word_1_667' title='bbox 2552 3597 2628 3651; x_wconf 73' lang='lat' dir='ltr'><strong>sol</strong></span> <span class='ocrx_word' id='word_1_668' title='bbox 2655 3594 2825 3649; x_wconf 73' lang='lat' dir='ltr'><strong>autem</strong></span> <span class='ocrx_word' id='word_1_669' title='bbox 2852 3598 2903 3646; x_wconf 84' lang='lat' dir='ltr'><strong>in</strong></span> <span class='ocrx_word' id='word_1_670' title='bbox 2936 3596 3124 3647; x_wconf 72' lang='lat' dir='ltr'><strong>(et/iere</strong></span> <span class='ocrx_word' id='word_1_671' title='bbox 3164 3594 3408 3661; x_wconf 64' lang='lat' dir='ltr'><strong>feratur?</strong></span> 
     </span>
    </p>
   </div>
   <div class='ocr_carea' id='block_1_90' title="bbox 2140 3703 3645 3771">
    <p class='ocr_par' dir='ltr' id='par_1_90' title="bbox 2140 3703 3645 3771">
     <span class='ocr_line' id='line_1_90' title="bbox 2140 3703 3645 3771; baseline -0.007 -6"><span class='ocrx_word' id='word_1_672' title='bbox 2140 3710 2238 3764; x_wconf 77' lang='lat' dir='ltr'><strong>ilic</strong></span> <span class='ocrx_word' id='word_1_673' title='bbox 2278 3717 2455 3761; x_wconf 89' lang='lat' dir='ltr'><strong>autem</strong></span> <span class='ocrx_word' id='word_1_674' title='bbox 2488 3705 2790 3759; x_wconf 86' lang='lat' dir='ltr'><strong>addendum</strong></span> <span class='ocrx_word' id='word_1_675' title='bbox 2828 3719 2949 3758; x_wconf 89' lang='lat' dir='ltr'><strong>reor</strong></span> <span class='ocrx_word' id='word_1_676' title='bbox 2989 3719 3220 3771; x_wconf 88' lang='lat' dir='ltr'><strong>quanam</strong></span> <span class='ocrx_word' id='word_1_677' title='bbox 3262 3703 3495 3766; x_wconf 90' lang='lat' dir='ltr'><strong>ratione,</strong></span> <span class='ocrx_word' id='word_1_678' title='bbox 3522 3718 3645 3757; x_wconf 89' lang='lat' dir='ltr'><strong>cum</strong></span> 
     </span>
    </p>
   </div>
   <div class='ocr_carea' id='block_1_91' title="bbox 2072 3795 3647 3867">
    <p class='ocr_par' dir='ltr' id='par_1_91' title="bbox 2072 3795 3647 3867">
     <span class='ocr_line' id='line_1_91' title="bbox 2072 3795 3647 3867; baseline -0.006 -12"><span class='ocrx_word' id='word_1_679' title='bbox 2072 3804 2327 3857; x_wconf 79' lang='lat' dir='ltr'><strong>zodiacus</strong></span> <span class='ocrx_word' id='word_1_680' title='bbox 2362 3816 2462 3852; x_wconf 90' lang='lat' dir='ltr'><strong>una</strong></span> <span class='ocrx_word' id='word_1_681' title='bbox 2513 3815 2633 3852; x_wconf 92' lang='lat' dir='ltr'><strong>cum</strong></span> <span class='ocrx_word' id='word_1_682' title='bbox 2658 3798 2827 3867; x_wconf 86' lang='lat' dir='ltr'><strong>signis</strong></span> <span class='ocrx_word' id='word_1_683' title='bbox 2871 3798 2921 3849; x_wconf 91' lang='lat' dir='ltr'><strong>in</strong></span> <span class='ocrx_word' id='word_1_684' title='bbox 2956 3796 3093 3850; x_wconf 74' lang='lat' dir='ltr'><strong>cmlo</strong></span> <span class='ocrx_word' id='word_1_685' title='bbox 3138 3795 3277 3848; x_wconf 65' lang='lat' dir='ltr'><strong>ﬁsus</strong></span> <span class='ocrx_word' id='word_1_686' title='bbox 3307 3796 3537 3859; x_wconf 88' lang='lat' dir='ltr'><strong>dicatur,</strong></span> <span class='ocrx_word' id='word_1_687' title='bbox 3570 3796 3647 3847; x_wconf 92' lang='lat' dir='ltr'><strong>sol</strong></span> 
     </span>
    </p>
   </div>
   <div class='ocr_carea' id='block_1_92' title="bbox 2070 3886 3647 3959">
    <p class='ocr_par' dir='ltr' id='par_1_92' title="bbox 2070 3886 3647 3959">
     <span class='ocr_line' id='line_1_92' title="bbox 2070 3886 3647 3959; baseline -0.006 -13"><span class='ocrx_word' id='word_1_688' title='bbox 2070 3902 2245 3946; x_wconf 91' lang='lat' dir='ltr'><strong>autem</strong></span> <span class='ocrx_word' id='word_1_689' title='bbox 2270 3892 2423 3959; x_wconf 91' lang='lat' dir='ltr'><strong>longe</strong></span> <span class='ocrx_word' id='word_1_690' title='bbox 2448 3888 2514 3941; x_wconf 90' lang='lat' dir='ltr'><strong>ab</strong></span> <span class='ocrx_word' id='word_1_691' title='bbox 2547 3904 2610 3941; x_wconf 92' lang='lat' dir='ltr'><strong>eo</strong></span> <span class='ocrx_word' id='word_1_692' title='bbox 2657 3888 2793 3940; x_wconf 85' lang='lat' dir='ltr'><strong>iul&#39;ra</strong></span> <span class='ocrx_word' id='word_1_693' title='bbox 2824 3887 3041 3940; x_wconf 57' lang='lat' dir='ltr'><strong>aetheris</strong></span> <span class='ocrx_word' id='word_1_694' title='bbox 3081 3887 3313 3953; x_wconf 90' lang='lat' dir='ltr'><strong>spatium</strong></span> <span class='ocrx_word' id='word_1_695' title='bbox 3352 3886 3647 3948; x_wconf 77' lang='lat' dir='ltr'><strong>feratur,iu</strong></span> 
     </span>
    </p>
   </div>
   <div class='ocr_carea' id='block_1_93' title="bbox 2068 3974 3647 4049">
    <p class='ocr_par' dir='ltr' id='par_1_93' title="bbox 2068 3974 3647 4049">
     <span class='ocr_line' id='line_1_93' title="bbox 2068 3974 3647 4049; baseline -0.004 -16"><span class='ocrx_word' id='word_1_696' title='bbox 2068 3982 2183 4049; x_wconf 81' lang='lat' dir='ltr'><strong>ejus</strong></span> <span class='ocrx_word' id='word_1_697' title='bbox 2213 3981 2381 4047; x_wconf 88' lang='lat' dir='ltr'><strong>signis</strong></span> <span class='ocrx_word' id='word_1_698' title='bbox 2433 3994 2613 4031; x_wconf 88' lang='lat' dir='ltr'><strong>meare</strong></span> <span class='ocrx_word' id='word_1_699' title='bbox 2660 3978 2970 4030; x_wconf 88' lang='lat' dir='ltr'><strong>asseratur?</strong></span> <span class='ocrx_word' id='word_1_700' title='bbox 3002 3977 3105 4029; x_wconf 83' lang='lat' dir='ltr'><strong>Sed</strong></span> <span class='ocrx_word' id='word_1_701' title='bbox 3134 3974 3249 4042; x_wconf 88' lang='lat' dir='ltr'><strong>ejus</strong></span> <span class='ocrx_word' id='word_1_702' title='bbox 3277 3975 3349 4026; x_wconf 87' lang='lat' dir='ltr'><strong>rei</strong></span> <span class='ocrx_word' id='word_1_703' title='bbox 3385 3975 3520 4026; x_wconf 90' lang='lat' dir='ltr'><strong>ratio</strong></span> <span class='ocrx_word' id='word_1_704' title='bbox 3544 3992 3647 4027; x_wconf 90' lang='lat' dir='ltr'><strong>non</strong></span> 
     </span>
    </p>
   </div>
   <div class='ocr_carea' id='block_1_94' title="bbox 2072 4065 3650 4139">
    <p class='ocr_par' dir='ltr' id='par_1_94' title="bbox 2072 4065 3650 4139">
     <span class='ocr_line' id='line_1_94' title="bbox 2072 4065 3650 4139; baseline -0.003 -15"><span class='ocrx_word' id='word_1_705' title='bbox 2072 4072 2339 4125; x_wconf 86' lang='lat' dir='ltr'><strong>laborioso</strong></span> <span class='ocrx_word' id='word_1_706' title='bbox 2365 4079 2483 4139; x_wconf 90' lang='lat' dir='ltr'><strong>eget</strong></span> <span class='ocrx_word' id='word_1_707' title='bbox 2513 4076 2849 4134; x_wconf 84' lang='lat' dir='ltr'><strong>argumento.</strong></span> <span class='ocrx_word' id='word_1_708' title='bbox 2884 4067 3035 4121; x_wconf 81' lang='lat' dir='ltr'><strong>Tunc</strong></span> <span class='ocrx_word' id='word_1_709' title='bbox 3066 4068 3208 4120; x_wconf 92' lang='lat' dir='ltr'><strong>enim</strong></span> <span class='ocrx_word' id='word_1_710' title='bbox 3238 4082 3360 4118; x_wconf 87' lang='lat' dir='ltr'><strong>eum</strong></span> <span class='ocrx_word' id='word_1_711' title='bbox 3392 4066 3442 4117; x_wconf 92' lang='lat' dir='ltr'><strong>in</strong></span> <span class='ocrx_word' id='word_1_712' title='bbox 3472 4065 3650 4133; x_wconf 86' lang='lat' dir='ltr'><strong>aliquo</strong></span> 
     </span>
    </p>
   </div>
   <div class='ocr_carea' id='block_1_95' title="bbox 2072 4155 3650 4232">
    <p class='ocr_par' dir='ltr' id='par_1_95' title="bbox 2072 4155 3650 4232">
     <span class='ocr_line' id='line_1_95' title="bbox 2072 4155 3650 4232; baseline -0.004 -18"><span class='ocrx_word' id='word_1_713' title='bbox 2072 4164 2223 4232; x_wconf 87' lang='lat' dir='ltr'><strong>signo</strong></span> <span class='ocrx_word' id='word_1_714' title='bbox 2250 4176 2367 4214; x_wconf 87' lang='lat' dir='ltr'><strong>esse</strong></span> <span class='ocrx_word' id='word_1_715' title='bbox 2395 4161 2639 4221; x_wconf 88' lang='lat' dir='ltr'><strong>dicimus,</strong></span> <span class='ocrx_word' id='word_1_716' title='bbox 2676 4174 2796 4211; x_wconf 87' lang='lat' dir='ltr'><strong>cuni</strong></span> <span class='ocrx_word' id='word_1_717' title='bbox 2853 4158 2903 4211; x_wconf 87' lang='lat' dir='ltr'><strong>iit</strong></span> <span class='ocrx_word' id='word_1_718' title='bbox 2954 4158 3034 4211; x_wconf 85' lang='lat' dir='ltr'><strong>Sui</strong></span> <span class='ocrx_word' id='word_1_719' title='bbox 3068 4156 3252 4210; x_wconf 88' lang='lat' dir='ltr'><strong>circuli</strong></span> <span class='ocrx_word' id='word_1_720' title='bbox 3303 4156 3519 4223; x_wconf 86' lang='lat' dir='ltr'><strong>regione</strong></span> <span class='ocrx_word' id='word_1_721' title='bbox 3548 4155 3650 4207; x_wconf 87' lang='lat' dir='ltr'><strong>dis-</strong></span> 
     </span>
    </p>
   </div>
   <div class='ocr_carea' id='block_1_96' title="bbox 2072 4245 3653 4320">
    <p class='ocr_par' dir='ltr' id='par_1_96' title="bbox 2072 4245 3653 4320">
     <span class='ocr_line' id='line_1_96' title="bbox 2072 4245 3653 4320; baseline -0.008 -13"><span class='ocrx_word' id='word_1_722' title='bbox 2072 4255 2258 4313; x_wconf 92' lang='lat' dir='ltr'><strong>currit,</strong></span> <span class='ocrx_word' id='word_1_723' title='bbox 2293 4266 2410 4320; x_wconf 81' lang='lat' dir='ltr'><strong>qme</strong></span> <span class='ocrx_word' id='word_1_724' title='bbox 2470 4250 2642 4303; x_wconf 89' lang='lat' dir='ltr'><strong>eidem</strong></span> <span class='ocrx_word' id='word_1_725' title='bbox 2695 4248 2849 4318; x_wconf 89' lang='lat' dir='ltr'><strong>signo</strong></span> <span class='ocrx_word' id='word_1_726' title='bbox 2898 4246 3133 4314; x_wconf 87' lang='lat' dir='ltr'><strong>subjecta</strong></span> <span class='ocrx_word' id='word_1_727' title='bbox 3164 4254 3263 4308; x_wconf 86' lang='lat' dir='ltr'><strong>est,</strong></span> <span class='ocrx_word' id='word_1_728' title='bbox 3298 4246 3371 4297; x_wconf 89' lang='lat' dir='ltr'><strong>ita</strong></span> <span class='ocrx_word' id='word_1_729' title='bbox 3414 4253 3470 4296; x_wconf 93' lang='lat' dir='ltr'><strong>ut</strong></span> <span class='ocrx_word' id='word_1_730' title='bbox 3500 4245 3653 4313; x_wconf 83' lang='lat' dir='ltr'><strong>signo</strong></span> 
     </span>
    </p>
   </div>
   <div class='ocr_carea' id='block_1_97' title="bbox 2076 4333 3655 4415">
    <p class='ocr_par' dir='ltr' id='par_1_97' title="bbox 2076 4333 3655 4415">
     <span class='ocr_line' id='line_1_97' title="bbox 2076 4333 3655 4415; baseline -0.008 -17"><span class='ocrx_word' id='word_1_731' title='bbox 2076 4361 2256 4415; x_wconf 85' lang='lat' dir='ltr'><strong>supra,</strong></span> <span class='ocrx_word' id='word_1_732' title='bbox 2288 4353 2341 4396; x_wconf 94' lang='lat' dir='ltr'><strong>et</strong></span> <span class='ocrx_word' id='word_1_733' title='bbox 2366 4342 2479 4395; x_wconf 76' lang='lat' dir='ltr'><strong>sole</strong></span> <span class='ocrx_word' id='word_1_734' title='bbox 2512 4339 2703 4393; x_wconf 86' lang='lat' dir='ltr'><strong>subtus</strong></span> <span class='ocrx_word' id='word_1_735' title='bbox 2725 4348 2976 4391; x_wconf 89' lang='lat' dir='ltr'><strong>currente</strong></span> <span class='ocrx_word' id='word_1_736' title='bbox 3008 4337 3211 4406; x_wconf 88' lang='lat' dir='ltr'><strong>pariter</strong></span> <span class='ocrx_word' id='word_1_737' title='bbox 3242 4336 3477 4398; x_wconf 77' lang='lat' dir='ltr'><strong>feratur;</strong></span> <span class='ocrx_word' id='word_1_738' title='bbox 3511 4333 3655 4402; x_wconf 89' lang='lat' dir='ltr'><strong>quod</strong></span> 
     </span>
    </p>
   </div>
   <div class='ocr_carea' id='block_1_98' title="bbox 2076 4429 3333 4507">
    <p class='ocr_par' dir='ltr' id='par_1_98' title="bbox 2076 4429 3333 4507">
     <span class='ocr_line' id='line_1_98' title="bbox 2076 4429 3333 4507; baseline -0.009 -17"><span class='ocrx_word' id='word_1_739' title='bbox 2076 4453 2225 4507; x_wconf 79' lang='lat' dir='ltr'><strong>:eque</strong></span> <span class='ocrx_word' id='word_1_740' title='bbox 2247 4437 2310 4489; x_wconf 84' lang='lat' dir='ltr'><strong>de</strong></span> <span class='ocrx_word' id='word_1_741' title='bbox 2342 4433 2549 4489; x_wconf 80' lang='lat' dir='ltr'><strong>caeteris</strong></span> <span class='ocrx_word' id='word_1_742' title='bbox 2580 4432 2811 4500; x_wconf 87' lang='lat' dir='ltr'><strong>planetis</strong></span> <span class='ocrx_word' id='word_1_743' title='bbox 2849 4429 3191 4483; x_wconf 86' lang='lat' dir='ltr'><strong>sentiendqu</strong></span> <span class='ocrx_word' id='word_1_744' title='bbox 3229 4436 3333 4479; x_wconf 89' lang='lat' dir='ltr'><strong>est.</strong></span> 
     </span>
    </p>
   </div>
   <div class='ocr_carea' id='block_1_99' title="bbox 2691 4519 3060 4575">
    <p class='ocr_par' dir='ltr' id='par_1_99' title="bbox 2691 4519 3060 4575">
     <span class='ocr_line' id='line_1_99' title="bbox 2691 4519 3060 4575; baseline -0.008 0"><span class='ocrx_word' id='word_1_745' title='bbox 2691 4521 2917 4575; x_wconf 54' lang='lat' dir='ltr'><strong>CM’IIT</strong></span> <span class='ocrx_word' id='word_1_746' title='bbox 2972 4519 3060 4574; x_wconf 77' lang='grc' dir='ltr'><strong>ιν.</strong></span> 
     </span>
    </p>
   </div>
   <div class='ocr_carea' id='block_1_100' title="bbox 2122 4608 3624 4687">
    <p class='ocr_par' dir='ltr' id='par_1_100' title="bbox 2122 4608 3624 4687">
     <span class='ocr_line' id='line_1_100' title="bbox 2122 4608 3624 4687; baseline -0.01 -14"><span class='ocrx_word' id='word_1_747' title='bbox 2122 4619 2316 4673; x_wconf 78' lang='lat' dir='ltr'><strong>Coutru</strong></span> <span class='ocrx_word' id='word_1_748' title='bbox 2347 4635 2431 4671; x_wconf 81' lang='lat' dir='ltr'><strong>eos</strong></span> <span class='ocrx_word' id='word_1_749' title='bbox 2461 4616 2547 4687; x_wconf 83' lang='lat' dir='ltr'><strong>qui</strong></span> <span class='ocrx_word' id='word_1_750' title='bbox 2577 4616 2754 4667; x_wconf 84' lang='lat' dir='ltr'><strong>dicunt</strong></span> <span class='ocrx_word' id='word_1_751' title='bbox 2779 4614 3014 4687; x_wconf 70' lang='lat' dir='ltr'><strong>plriiietas</strong></span> <span class='ocrx_word' id='word_1_752' title='bbox 3055 4627 3127 4664; x_wconf 83' lang='lat' dir='ltr'><strong>vn</strong></span> <span class='ocrx_word' id='word_1_753' title='bbox 3159 4620 3340 4663; x_wconf 79' lang='lat' dir='ltr'><strong>contra</strong></span> <span class='ocrx_word' id='word_1_754' title='bbox 3368 4608 3624 4660; x_wconf 82' lang='lat' dir='ltr'><strong>mundum</strong></span> 
     </span>
    </p>
   </div>
   <div class='ocr_carea' id='block_1_101' title="bbox 2807 4684 2955 4751">
    <p class='ocr_par' dir='ltr' id='par_1_101' title="bbox 2807 4684 2955 4751">
     <span class='ocr_line' id='line_1_101' title="bbox 2807 4684 2955 4751; baseline -0.007 -16"><span class='ocrx_word' id='word_1_755' title='bbox 2807 4684 2932 4751; x_wconf 69' lang='lat' dir='ltr'><strong>ferri</strong></span> <span class='ocrx_word' id='word_1_756' title='bbox 2942 4720 2955 4734; x_wconf 93' lang='lat'><strong>.</strong></span> 
     </span>
    </p>
   </div>
   <div class='ocr_carea' id='block_1_102' title="bbox 2158 4785 3659 4859">
    <p class='ocr_par' dir='ltr' id='par_1_102' title="bbox 2158 4785 3659 4859">
     <span class='ocr_line' id='line_1_102' title="bbox 2158 4785 3659 4859; baseline -0.012 -4"><span class='ocrx_word' id='word_1_757' title='bbox 2158 4801 2287 4855; x_wconf 89' lang='lat' dir='ltr'><strong>Illud</strong></span> <span class='ocrx_word' id='word_1_758' title='bbox 2314 4810 2494 4855; x_wconf 89' lang='lat' dir='ltr'><strong>autem</strong></span> <span class='ocrx_word' id='word_1_759' title='bbox 2524 4812 2608 4851; x_wconf 89' lang='lat' dir='ltr'><strong>tne</strong></span> <span class='ocrx_word' id='word_1_760' title='bbox 2635 4811 2738 4850; x_wconf 90' lang='lat' dir='ltr'><strong>non</strong></span> <span class='ocrx_word' id='word_1_761' title='bbox 2763 4792 3106 4848; x_wconf 87' lang='lat' dir='ltr'><strong>mediocriter</strong></span> <span class='ocrx_word' id='word_1_762' title='bbox 3134 4798 3310 4845; x_wconf 78' lang='lat' dir='ltr'><strong>movet</strong></span> <span class='ocrx_word' id='word_1_763' title='bbox 3333 4788 3474 4859; x_wconf 87' lang='lat' dir='ltr'><strong>quod</strong></span> <span class='ocrx_word' id='word_1_764' title='bbox 3502 4785 3659 4842; x_wconf 92' lang='lat' dir='ltr'><strong>multi</strong></span> 
     </span>
    </p>
   </div>
   <div class='ocr_carea' id='block_1_103' title="bbox 2088 4882 3663 4958">
    <p class='ocr_par' dir='ltr' id='par_1_103' title="bbox 2088 4882 3663 4958">
     <span class='ocr_line' id='line_1_103' title="bbox 2088 4882 3663 4958; baseline -0.011 -11"><span class='ocrx_word' id='word_1_765' title='bbox 2088 4902 2422 4957; x_wconf 85' lang='lat' dir='ltr'><strong>asseverant,</strong></span> <span class='ocrx_word' id='word_1_766' title='bbox 2452 4899 2508 4945; x_wconf 91' lang='lat' dir='ltr'><strong>et</strong></span> <span class='ocrx_word' id='word_1_767' title='bbox 2554 4905 2688 4958; x_wconf 86' lang='lat' dir='ltr'><strong>pene</strong></span> <span class='ocrx_word' id='word_1_768' title='bbox 2731 4901 2920 4941; x_wconf 91' lang='lat' dir='ltr'><strong>omnes</strong></span> <span class='ocrx_word' id='word_1_769' title='bbox 2959 4884 3090 4937; x_wconf 89' lang='lat' dir='ltr'><strong>artis</strong></span> <span class='ocrx_word' id='word_1_770' title='bbox 3125 4882 3284 4951; x_wconf 82' lang='lat' dir='ltr'><strong>hujus</strong></span> <span class='ocrx_word' id='word_1_771' title='bbox 3315 4888 3663 4938; x_wconf 85' lang='lat' dir='ltr'><strong>tractatores,</strong></span> 
     </span>
    </p>
   </div>
   <div class='ocr_carea' id='block_1_104' title="bbox 2089 4968 3675 5048">
    <p class='ocr_par' dir='ltr' id='par_1_104' title="bbox 2089 4968 3675 5048">
     <span class='ocr_line' id='line_1_104' title="bbox 2089 4968 3675 5048; baseline -0.012 -8"><span class='ocrx_word' id='word_1_772' title='bbox 2089 4985 2254 5040; x_wconf 87' lang='lat' dir='ltr'><strong>solem</strong></span> <span class='ocrx_word' id='word_1_773' title='bbox 2286 5002 2351 5039; x_wconf 91' lang='lat' dir='ltr'><strong>ac</strong></span> <span class='ocrx_word' id='word_1_774' title='bbox 2379 4986 2556 5039; x_wconf 92' lang='lat' dir='ltr'><strong>lunam</strong></span> <span class='ocrx_word' id='word_1_775' title='bbox 2584 4989 2915 5048; x_wconf 70' lang='lat' dir='ltr'><strong>cmtcrasque</strong></span> <span class='ocrx_word' id='word_1_776' title='bbox 2938 4976 3178 5045; x_wconf 83' lang='lat' dir='ltr'><strong>planetas</strong></span> <span class='ocrx_word' id='word_1_777' title='bbox 3198 4981 3385 5027; x_wconf 88' lang='lat' dir='ltr'><strong>contra</strong></span> <span class='ocrx_word' id='word_1_778' title='bbox 3414 4968 3675 5024; x_wconf 89' lang='lat' dir='ltr'><strong>mundum</strong></span> 
     </span>
    </p>
   </div>
   <div class='ocr_carea' id='block_1_105' title="bbox 2090 5060 3681 5141">
    <p class='ocr_par' dir='ltr' id='par_1_105' title="bbox 2090 5060 3681 5141">
     <span class='ocr_line' id='line_1_105' title="bbox 2090 5060 3681 5141; baseline -0.012 -11"><span class='ocrx_word' id='word_1_779' title='bbox 2090 5076 2205 5130; x_wconf 92' lang='lat' dir='ltr'><strong>niti.</strong></span> <span class='ocrx_word' id='word_1_780' title='bbox 2240 5074 2359 5131; x_wconf 84' lang='lat' dir='ltr'><strong>Non</strong></span> <span class='ocrx_word' id='word_1_781' title='bbox 2383 5074 2527 5131; x_wconf 91' lang='lat' dir='ltr'><strong>enim</strong></span> <span class='ocrx_word' id='word_1_782' title='bbox 2560 5070 2866 5141; x_wconf 88' lang='lat' dir='ltr'><strong>perspicere</strong></span> <span class='ocrx_word' id='word_1_783' title='bbox 2912 5083 3051 5136; x_wconf 88' lang='lat' dir='ltr'><strong>queo</strong></span> <span class='ocrx_word' id='word_1_784' title='bbox 3080 5066 3328 5133; x_wconf 91' lang='lat' dir='ltr'><strong>quisnam</strong></span> <span class='ocrx_word' id='word_1_785' title='bbox 3352 5079 3448 5115; x_wconf 86' lang='lat' dir='ltr'><strong>eas</strong></span> <span class='ocrx_word' id='word_1_786' title='bbox 3484 5060 3549 5115; x_wconf 84' lang='lat' dir='ltr'><strong>ad</strong></span> <span class='ocrx_word' id='word_1_787' title='bbox 3580 5074 3681 5112; x_wconf 90' lang='lat' dir='ltr'><strong>oc-</strong></span> 
     </span>
    </p>
   </div>
   <div class='ocr_carea' id='block_1_106' title="bbox 2089 5157 3688 5229">
    <p class='ocr_par' dir='ltr' id='par_1_106' title="bbox 2089 5157 3688 5229">
     <span class='ocr_line' id='line_1_106' title="bbox 2089 5157 3688 5229; baseline -0.014 -5"><span class='ocrx_word' id='word_1_788' title='bbox 2089 5183 2271 5224; x_wconf 85' lang='lat' dir='ltr'><strong>casum</strong></span> <span class='ocrx_word' id='word_1_789' title='bbox 2302 5170 2491 5229; x_wconf 90' lang='lat' dir='ltr'><strong>ducat,</strong></span> <span class='ocrx_word' id='word_1_790' title='bbox 2517 5164 2560 5218; x_wconf 88' lang='lat' dir='ltr'><strong>si</strong></span> <span class='ocrx_word' id='word_1_791' title='bbox 2602 5179 2790 5217; x_wconf 87' lang='lat' dir='ltr'><strong>earum</strong></span> <span class='ocrx_word' id='word_1_792' title='bbox 2820 5157 3079 5217; x_wconf 88' lang='lat' dir='ltr'><strong>naturalis</strong></span> <span class='ocrx_word' id='word_1_793' title='bbox 3114 5166 3290 5209; x_wconf 87' lang='lat' dir='ltr'><strong>motus</strong></span> <span class='ocrx_word' id='word_1_794' title='bbox 3320 5168 3539 5222; x_wconf 88' lang='lat' dir='ltr'><strong>semper</strong></span> <span class='ocrx_word' id='word_1_795' title='bbox 3563 5158 3688 5203; x_wconf 85' lang='lat' dir='ltr'><strong>teu-</strong></span> 
     </span>
    </p>
   </div>
   <div class='ocr_carea' id='block_1_107' title="bbox 2090 5242 3691 5331">
    <p class='ocr_par' dir='ltr' id='par_1_107' title="bbox 2090 5242 3691 5331">
     <span class='ocr_line' id='line_1_107' title="bbox 2090 5242 3691 5331; baseline -0.015 -11"><span class='ocrx_word' id='word_1_796' title='bbox 2090 5268 2167 5320; x_wconf 87' lang='lat' dir='ltr'><strong>dit</strong></span> <span class='ocrx_word' id='word_1_797' title='bbox 2218 5264 2283 5317; x_wconf 90' lang='lat' dir='ltr'><strong>ad</strong></span> <span class='ocrx_word' id='word_1_798' title='bbox 2325 5260 2543 5323; x_wconf 85' lang='lat' dir='ltr'><strong>ortum?</strong></span> <span class='ocrx_word' id='word_1_799' title='bbox 2573 5258 2704 5313; x_wconf 78' lang='lat' dir='ltr'><strong>Nam</strong></span> <span class='ocrx_word' id='word_1_800' title='bbox 2754 5258 2894 5331; x_wconf 88' lang='lat' dir='ltr'><strong>quod</strong></span> <span class='ocrx_word' id='word_1_801' title='bbox 2922 5256 3107 5309; x_wconf 83' lang='lat' dir='ltr'><strong>dicunt</strong></span> <span class='ocrx_word' id='word_1_802' title='bbox 3134 5265 3227 5304; x_wconf 87' lang='lat' dir='ltr'><strong>eas</strong></span> <span class='ocrx_word' id='word_1_803' title='bbox 3269 5248 3474 5315; x_wconf 83' lang='lat' dir='ltr'><strong>impetu</strong></span> <span class='ocrx_word' id='word_1_804' title='bbox 3525 5242 3691 5297; x_wconf 67' lang='lat' dir='ltr'><strong>cmico</strong></span> 
     </span>
    </p>
   </div>
   <div class='ocr_carea' id='block_1_108' title="bbox 2091 5340 3696 5426">
    <p class='ocr_par' dir='ltr' id='par_1_108' title="bbox 2091 5340 3696 5426">
     <span class='ocr_line' id='line_1_108' title="bbox 2091 5340 3696 5426; baseline -0.015 -13"><span class='ocrx_word' id='word_1_805' title='bbox 2091 5360 2187 5413; x_wconf 89' lang='lat' dir='ltr'><strong>stis</strong></span> <span class='ocrx_word' id='word_1_806' title='bbox 2222 5361 2459 5426; x_wconf 62' lang='lat' dir='ltr'><strong>sphwra:</strong></span> <span class='ocrx_word' id='word_1_807' title='bbox 2482 5354 2699 5424; x_wconf 88' lang='lat' dir='ltr'><strong>impelli,</strong></span> <span class='ocrx_word' id='word_1_808' title='bbox 2732 5367 2896 5425; x_wconf 84' lang='lat' dir='ltr'><strong>quam</strong></span> <span class='ocrx_word' id='word_1_809' title='bbox 2918 5348 2987 5403; x_wconf 89' lang='lat' dir='ltr'><strong>sit</strong></span> <span class='ocrx_word' id='word_1_810' title='bbox 3010 5342 3255 5397; x_wconf 82' lang='lat' dir='ltr'><strong>frivolum</strong></span> <span class='ocrx_word' id='word_1_811' title='bbox 3277 5340 3489 5407; x_wconf 91' lang='lat' dir='ltr'><strong>liquido</strong></span> <span class='ocrx_word' id='word_1_812' title='bbox 3520 5344 3696 5405; x_wconf 86' lang='lat' dir='ltr'><strong>patet,</strong></span> 
     </span>
    </p>
   </div>
  </div>
