4466 5578
735 272 801 329 27
1823 283 2187 339 ιιειρεῐιιαι
2223 282 2499 337 ΜΟΝᾹΟΙΙ

2236 282 2531 337 ΗΟΝᾹΟΙΙΙ
2574 284 2630 338 S.
2673 286 2879 341 GALLI
3930 297 4000 354 2³

737 396 857 457 post
909 386 1141 441 Taurum
1202 388 1451 457 Gemini,
1491 402 1545 448 et
1585 394 1661 450 sic
1692 405 1885 449 czetera
1918 410 2014 465 per
2047 396 2313 459 ordinem,
2347 401 2394 460 Α
2424 395 2637 451 insimul
2676 414 2747 452 vtt
2782 399 3115 455 solummodo
3146 402 3362 466 fuerint,
3388 406 3469 460 vel
3504 408 3700 473 minus,
3732 422 3863 481 quot
3886 411 4002 469 fuo-

737 477 814 531 sol
847 478 911 532 de
931 480 1116 535 Ariete
1144 498 1249 536 non
1286 484 1336 538 iu
1368 487 1610 541 anterius
1647 488 1881 556 signum,
1915 489 2008 543 sed
2049 488 2315 559 posterius

740 569 962 633 secedit,
995 570 1044 625 id
1102 583 1185 628 est
1244 575 1504 642 Taurmu,
1541 587 1594 633 et
1633 578 1698 633 de
1738 578 1916 635 Tauro
1957 582 2008 635 iu
2038 580 2314 646 Geminos,

736 668 790 712 et
817 661 894 717 sic
926 678 1022 733 per
1045 675 1273 732 caetera;
1306 670 1457 738 quasi
1511 686 1614 724 non
1648 682 1831 741 posset
1884 674 2024 737 fieri,
2081 681 2138 726 ιιι
2178 674 2317 727 caelo

737 754 970 825 desuper
1005 758 1235 813 celerius
1276 772 1330 814 et
1376 762 1488 816 sole
1525 763 1660 817 infra
1696 766 1900 819 tardius
1941 775 2213 828 currente,
2247 766 2320 818 si-

739 861 899 913 gnum
939 847 990 899 in
1034 851 1171 903 σαεΙο
1204 854 1365 905 tixum
1395 869 1517 907 cum
1551 854 1667 924 ipso
1706 855 1843 910 cmlo
1875 864 2180 925 prtetcrcat,
2209 857 2321 910 sole

737 937 807 991 ob
858 941 1150 995 tardiorem
1200 944 1467 1000 incessum
1521 950 1815 1017 pncterito,
1865 958 1918 1003 et
1959 948 2322 1018 subsequente

738 1027 845 1083 alio
873 1031 1027 1102 signo
1051 1033 1128 1087 sol
1169 1050 1197 1088 a
1228 1037 1566 1106 praecedente
1599 1038 1819 1093 relictus
1849 1038 1949 1094 sub
1985 1040 2089 1095 boc
2135 1055 2321 1095 rursus

745 1117 1070 1177 inveniatur.
1090 1123 1201 1179 lloc
1226 1136 1403 1179 autem
1426 1127 1548 1182 dico
1572 1138 1677 1182 non
1708 1128 2064 1197 prmiudieans
2093 1130 2319 1185 aliorum

739 1210 999 1274 scientiae,
1031 1213 1122 1267 sed
1154 1215 1468 1284 simpliciter
1493 1217 1622 1287 quid
1664 1219 1793 1272 mibi
1818 1219 2028 1273 videtur
2060 1218 2318 1289 pandens.

741 1299 835 1355 llis
874 1302 937 1355 de
963 1303 1123 1357 solari
1167 1321 1261 1374 per
1314 1308 1593 1363 zodiacum
1622 1325 1782 1364 cursu
1838 1312 1935 1365 etsi
1989 1312 2184 1379 inepte,
2216 1330 2318 1365 non

740 1394 1026 1449 admodum
1053 1406 1254 1463 tamen,
1286 1409 1343 1454 ttt
1369 1418 1509 1464 reor,
1534 1402 1884 1466 infructuose,
1904 1404 2097 1458 borum
2121 1405 2323 1474 ignaris

742 1486 982 1540 breviter
1030 1490 1299 1556 delibutis,
1339 1494 1450 1563 jam
1488 1509 1585 1562 pro
1624 1509 1783 1563 posse
1817 1506 2125 1566 susceptum
2170 1512 2323 1552 exse-

740 1591 972 1645 quamur
1004 1582 1299 1649 negotium.

1363 1677 1590 1733 CAPUT
1636 1680 1694 1732 V.

2422 487 2551 553 rint,
2585 504 2704 543 eam
2731 490 2867 544 scito
2898 506 3017 545 esse
3050 492 3238 548 feriam
3266 496 3644 554 Kalendarum.

3015 580 3241 639 CAPUT
3283 585 3406 639 Vill.

2705 674 2943 740 Qualiter
2971 678 3266 731 inveniatur
3290 680 3518 749 quotidie
3547 680 3677 751 feria
3698 683 3723 736 .’

2494 763 2550 818 Si
2595 764 2846 834 deinceps
2875 781 2969 835 per
3004 776 3172 821 totum
3218 784 3455 823 mensem
3494 772 3861 843 cujuscunque
3893 774 3999 829 diei

2424 853 2612 909 feriam
2644 855 2884 909 invenire
2913 857 3167 919 volueris,
3201 875 3352 915 sume
3376 865 3738 930 praecedentes
3764 867 4004 935 ejusdem

2424 947 2628 1000 mensis
2667 946 2783 999 dies
2820 962 2991 1016 usque
3016 950 3082 1003 ad
3112 950 3259 1003 illum
3293 951 3359 1004 de
3390 968 3494 1021 quo
3528 953 3773 1023 inquiris,
3824 966 3877 1010 et
3920 957 4006 1013 bis

2424 1036 2562 1090 adde
2604 1054 2886 1091 numerum
2923 1036 3205 1103 feriarum,
3238 1056 3355 1109 quae
3389 1041 3483 1113 (sic
3511 1042 3652 1109 cod.)
3685 1043 3784 1100 fuit
3813 1047 3863 1100 in
3896 1046 4002 1101 Ka-

2423 1126 2615 1189 lendis,
2649 1138 2702 1182 et
2739 1131 2970 1198 primum
3022 1146 3127 1186 uno
3179 1132 3266 1187 die
3322 1134 3708 1203 Kalendarum,
3756 1139 3879 1208 quia
3922 1141 4006 1197 bis

2424 1218 2632 1287 positus
2663 1230 2765 1281 est,
2810 1221 3045 1285 sublato,
3096 1225 3305 1278 ueteris
3355 1241 3451 1295 per
3502 1243 3572 1281 vn
3629 1230 3838 1296 divisis,
3877 1242 4006 1301 quot

2425 1313 2801 1377 remanserint,
2854 1322 3019 1367 totam
3051 1316 3187 1369 scito
3213 1333 3333 1373 esse
3362 1319 3549 1374 feriam
3579 1337 3741 1385 quam
3773 1325 3987 1392 quieris.

2436 1403 2490 1456 Si
2525 1403 2655 1456 nihil
2685 1405 3026 1471 remanserit,
3059 1417 3300 1475 septena,
3334 1410 3383 1461 id
3411 1419 3517 1473 est,
3548 1409 3845 1466 Sabbatum
3878 1415 4003 1468 erit.

2426 1496 2481 1548 Si
2537 1496 2637 1549 boc
2685 1497 2858 1563 ipsum
2908 1513 3003 1567 per
3052 1498 3167 1553 dies
3213 1500 3337 1553 anni
3392 1511 3704 1570 computare
3750 1504 4005 1569 volueris,

2426 1587 2609 1641 itidem
2637 1583 2829 1658 Collige
2850 1604 3039 1644 onmes
3080 1591 3193 1645 dies
3232 1592 3357 1646 anui
3392 1602 3716 1657 transactos,
3750 1595 3802 1649 id
3836 1606 3939 1659 est,
3975 1614 4004 1650 a

2426 1677 2679 1731 Kalendis
2724 1676 2967 1732 Januarii
3025 1694 3196 1748 usque
3238 1682 3304 1733 ad
3348 1683 3489 1737 bunc
3521 1684 3586 1738 de
3625 1700 3730 1753 quo
3768 1700 4009 1753 qumrere

741 1761 891 1817 Unde
918 1767 1158 1823 oriantur
1196 1768 1475 1844 regulares
1503 1773 1575 1844 ad,
1610 1772 1795 1839 feriam
1844 1771 2206 1827 Kalendarum
2237 1774 2318 1825 in-
2352 1768 2395 1827 Β
2428 1768 2732 1832 instituisti,
2779 1778 2832 1824 et
2878 1769 2921 1825 si
2970 1770 3263 1825 bissextilis
3294 1782 3377 1825 est
3402 1788 3599 1837 annus,
3641 1775 3813 1844 ipsum
3846 1777 4007 1831 etiam

1364 1842 1662 1894 veniendmu
1681 1843 1705 1894 Ρ

810 1945 1049 2005 Primum
1102 1950 1374 2020 regulares
1433 1957 1694 2008 mensium
1749 1958 1887 2010 unde
1946 1958 2191 2011 oriantur
2247 1958 2324 2011 vi-

746 2038 989 2093 deamus.
1022 2041 1153 2099 Cum
1207 2044 1400 2099 solaris
1429 2062 1625 2109 annus,
1672 2058 1731 2101 ut
1772 2065 1928 2119 supra
1963 2050 2188 2103 relatum
2219 2060 2321 2113 est,

739 2140 940 2183 CCCLXV
969 2131 1157 2185 diebus
1188 2144 1498 2203 peragatur,
1531 2146 1582 2190 et
1630 2138 1679 2190 in
1712 2138 1813 2191 hoc
1849 2142 2211 2209 peragendum
2242 2142 2321 2193 srl

741 2233 838 2287 per
873 2220 1079 2289 singula
1108 2239 1179 2276 xu
1206 2227 1354 2293 signa
1389 2226 1607 2279 tricenis
1642 2227 1956 2280 innuoretur
1985 2230 2192 2291 diebus,
2228 2245 2323 2296 per

743 2324 905 2362 unum
932 2310 1124 2365 borum
1150 2312 1375 2368 alterum
1409 2331 1630 2370 necesse
1650 2325 1729 2370 est
1756 2318 1993 2372 metiaris
2017 2334 2319 2374 numerum.

743 2397 979 2463 Quorum
1014 2401 1268 2457 utrolibet
1314 2420 1409 2473 per
1455 2406 1681 2460 altermu
1738 2408 2113 2476 mttlliplit'alo,
2161 2426 2324 2464 CCCLX

743 2491 1012 2559 reperies;
1038 2494 1150 2547 sive
1175 2496 1317 2549 enim
1343 2498 1629 2553 duodecies
1659 2517 1784 2565 xxx,
1814 2502 1926 2555 sive
1951 2502 2194 2557 tricesies
2225 2520 2321 2567 xu,

745 2580 988 2634 eamdem
1037 2584 1336 2640 conficiunt
1378 2603 1663 2643 summam.
1710 2590 1962 2659 Quinque
2009 2593 2098 2659 qni
2130 2609 2324 2660 super-

742 2681 870 2724 sunt
891 2688 987 2740 pro
1018 2676 1353 2744 regularibus
1388 2678 1578 2733 Martio
1608 2682 1748 2735 datis
1768 2722 1782 2742 ,
1817 2684 2100 2749 pronumia
2132 2697 2146 2735 :
2180 2683 2324 2736 Mar-

746 2763 855 2819 tius
886 2781 938 2817 v.
973 2765 1043 2819 At
1074 2768 1125 2820 in
1157 2772 1366 2823 emteris
1395 2772 1471 2825 sic
1503 2772 1683 2826 facies.
1735 2773 1898 2827 Sume
1949 2790 2160 2843 seuper
2188 2790 2327 2843 prm-

744 2854 989 2912 cedentis
1034 2859 1147 2914 dies
1201 2862 1419 2926 mensis,
1467 2874 1521 2917 et
1570 2865 1764 2919 additis
1810 2866 1921 2920 suis
1969 2866 2326 2936 regularibus,

747 2962 975 3001 numero
1005 2949 1092 3017 qui
1120 2952 1405 3006 conficitur
1433 2968 1529 3023 per
1556 2970 1629 3008 vu
1661 2956 1875 3024 partito,
1906 2958 2029 3024 quia
2062 2958 2203 3030 hunc
2234 2974 2328 3009 nu-

748 3056 955 3094 merum
987 3030 1312 3112 irregularcs
1341 3061 1444 3098 non
1474 3047 1770 3111 excedunt;
1809 3048 2040 3116 reliquos
2081 3049 2326 3116 sequenti

746 3130 811 3185 da
862 3133 1052 3187 mensi.
1088 3135 1244 3187 Verbi
1277 3138 1445 3205 gratia
1481 3155 1493 3189 :
1525 3137 1747 3191 Martius
1778 3138 1937 3191 habet
1974 3139 2089 3192 dies
2121 3156 2246 3192 XXXI
2278 3151 2332 3191 et

751 3220 1020 3292 regulares
1048 3240 1098 3286 ν,
1129 3235 1251 3278 sunt
1294 3227 1452 3280 simul
1497 3244 1679 3280 xxxvi.
1728 3226 1939 3295 Septies
1967 3228 2114 3295 quini
2147 3243 2286 3281 xxxv
2314 3245 2327 3291 ;

747 3328 913 3366 unum
944 3316 1035 3382 qui
1069 3328 1306 3371 remanet
1336 3318 1400 3372 da
1428 3319 1596 3387 Aprili
1630 3361 1643 3381 ,
1672 3328 1726 3373 et
1755 3321 1831 3373 sic
1868 3320 2140 3387 deinceps.
2180 3319 2332 3385 Qnol

751 3405 793 3457 si
813 3446 825 3465 .
857 3414 961 3458 tota
1005 3416 1212 3461 summa
1241 3425 1336 3478 per
1360 3426 1431 3465 vn
1463 3427 1695 3481 expensa
1715 3453 1729 3475 ,
1760 3411 1833 3465 nil
1862 3411 2223 3481 superfuerit,
2260 3411 2331 3466 illi

748 3496 921 3549 mensi
951 3511 1023 3549 vu
1053 3498 1329 3567 regulares
1356 3498 1560 3552 dandos
1591 3516 1710 3555 esse
1745 3502 1901 3555 scito.

1350 3590 1579 3655 CAPUT
1636 3591 1721 3644 \‘l.

1125 3681 1273 3736 Unde
1300 3696 1662 3739 concurrentes
1686 3690 1932 3739 oriuntur
1950 3687 1974 3736 ?

822 3764 1300 3834 Cuncurrentium,
1329 3790 1462 3841 quas
1497 3784 1736 3844 epactas,
1777 3777 1826 3829 id
1869 3785 1972 3838 est,
2004 3774 2334 3845 atijectioncs

755 3859 885 3915 solis
940 3873 1155 3926 vocant,
1201 3879 1427 3934 qumque
1459 3866 1696 3934 prmfatis
1745 3867 2079 3937 regularibus
2108 3884 2334 3921 concur-

754 3961 900 4014 runt,
928 3955 1191 4021 originem
1221 3956 1559 4021 inventurus,
1584 3958 1706 4026 quia
1736 3967 1789 4011 et
1818 3959 1943 4026 ipsae
1970 3960 2332 4027 septettaritun

754 4060 860 4098 non
893 4048 1201 4101 transiliunt
1236 4065 1540 4109 numerum,
1572 4049 1828 4118 prmfatos
1856 4049 2045 4105 solaris
2068 4051 2191 4103 anni
2221 4051 2336 4103 dies

753 4150 852 4204 per
894 4151 1014 4189 eum
1072 4139 1361 4206 disponens
1409 4140 1572 4193 dicito
1620 4141 1975 4210 quinquagies
2021 4149 2075 4193 ct
2124 4142 2208 4195 bis
2234 4159 2331 4205 vn,

755 4239 1007 4286 CCCLXIV;
1036 4220 1200 4281 unum
1233 4232 1319 4293 qui
1360 4241 1599 4283 remanet
1627 4232 1676 4284 itt
1701 4232 1877 4296 Capite
1901 4233 2334 4286 concurrentium

756 4330 913 4382 pone,
944 4326 991 4368 et
1033 4319 1255 4386 singulis
1291 4319 1445 4372 annis
1476 4334 1638 4371 unum
1678 4320 1920 4387 adjicies,
1970 4319 2334 4388 septenarium

759 4421 862 4457 non
887 4409 1151 4461 excedens
1177 4426 1191 4472 ;
1218 4410 1309 4462 sed
1341 4420 1535 4477 quarto
1563 4425 1778 4478 semper
1816 4427 1957 4463 anno
1981 4412 2049 4464 ob
2072 4411 2332 4462 rationem

759 4498 978 4552 bissexti
1049 4517 1213 4554 unum
1282 4504 1627 4570 transiliens,
1680 4512 1734 4558 et
1797 4504 1874 4559 sic
1938 4520 2107 4567 xxvnt
2161 4504 2331 4559 lineas

758 4603 961 4643 οιιιίνε.

1356 4683 1583 4737 CAPUT
1626 4683 1732 4737 Vl].

763 4772 1001 4839 Qualiter
1037 4777 1333 4831 int'eniatur
1368 4788 1523 4843 quam
1564 4778 1695 4845 feria
1724 4779 1828 4831 sint
1863 4777 2135 4841 It'ulenda’,
2167 4787 2214 4831 et
2244 4794 2338 4846 per

1235 4848 1343 4901 dies
1374 4850 1560 4900 mensis
1585 4848 1659 4902 vel
1689 4848 1854 4901 mini?

834 4958 889 5011 Si
922 4958 1059 5013 forte
1106 4960 1337 5025 requiris
1388 4961 1515 5029 quid
1561 4961 1641 5014 vel
1692 4962 1773 5013 lue
1820 4971 2208 5013 concurrentes
2252 4960 2334 5014 vel

760 5052 1126 5117 prmcedcnles
1150 5050 1420 5117 regulares
1446 5050 1676 5112 valeant,
1703 5050 1837 5101 scito
1864 5050 1926 5101 ad
1960 5051 2333 5108 inveniendam

763 5155 1204 5209 quarumcnnque
1255 5140 1611 5193 Kalendarum
1673 5139 1860 5194 feriam
1920 5141 2214 5195 institutos.
2276 5140 2330 5194 Si

767 5245 896 5298 ergo
922 5231 1060 5283 scire
1096 5230 1250 5298 cupis
1276 5229 1558 5293 cujuslibet
1590 5231 1787 5283 mensis
1814 5229 2063 5283 Kalendz
2093 5230 2142 5281 in
2173 5239 2333 5295 quota

765 5320 877 5373 sint
909 5319 1038 5373 feria
1071 5329 1363 5389 proventrc,
1417 5334 1568 5371 sume
1610 5320 1885 5388 regulares
1917 5319 2081 5386 ipsius
2115 5319 2335 5381 mensis,

768 5420 821 5466 et
858 5408 1062 5479 junctis
1110 5411 1558 5464 concurrentibus
1604 5412 1691 5479 qui
1725 5425 1791 5463 co
1822 5424 1962 5462 anno
1985 5418 2337 5470 concurrunt,

766 5519 992 5572 quorum
1044 5504 1405 5558 inventionem
1456 5512 1577 5573 post
1622 5504 1952 5563 docebimus.
2002 5504 2044 5556 si
2097 5503 2235 5556 ultra
2264 5520 2336 5557 vn

2427 1860 2649 1914 bissexti
2692 1861 2859 1925 diem,
2912 1874 3197 1931 postquam
3251 1873 3556 1919 transactus
3587 1865 3772 1931 fuerit,
3806 1883 4010 1922 connu«

2425 1967 2594 2005 mera.
2626 1953 2760 2009 Tum
2796 1963 2973 2022 quoue
3019 1954 3273 2010 Kalendae
3325 1956 3565 2011 Januarii
3616 1956 3839 2020 fuerint,
3883 1960 4008 2013 buic

2425 2057 2650 2095 numero
2695 2041 2885 2111 adjice,
2928 2052 2980 2097 ct
3028 2045 3222 2112 primo,
3271 2046 3411 2099 sicut
3467 2063 3649 2114 supra,
3702 2063 3864 2101 unum
3907 2047 4011 2100 Ka-

2435 2133 2712 2187 lendarum
2750 2134 2891 2187 diem
2938 2136 3137 2199 recide,
3186 2144 3413 2191 caeteros
3462 2137 3640 2192 divide
3688 2152 3782 2208 per
3825 2153 3918 2202 vtt,
3958 2149 4012 2192 et

2428 2230 2559 2292 quot
2587 2226 2944 2278 remanserint
2974 2234 3169 2278 teneto.

3032 2312 3258 2369 CAPUT
3298 2313 3391 2367 IX.

2427 2406 2535 2460 Cur
2580 2406 2790 2475 ιιι-(ιυριιί
2831 2406 3093 2475 rcgnlurcs
3140 2424 3170 2458 η
3210 2405 3404 2459 Mattio
3445 2419 3654 2461 sumant
3693 2408 4014 2463 exordium?

2500 2494 2554 2549 Si
2591 2493 2747 2562 hujus
2777 2496 2911 2547 artis
2935 2495 3123 2548 avidus
3156 2504 3206 2549 et
3242 2495 3341 2549 bcc
3373 2494 3508 2550 forte
3536 2497 3733 2565 quaeris
3762 2513 3859 2551 cur
3880 2512 4013 2567 prte-

2436 2589 2533 2642 fati
2586 2586 2860 2653 regulares
2894 2603 2922 2639 a
2955 2586 3145 2639 Martio
3181 2596 3399 2641 sumant
3428 2587 3735 2651 exordium,
3767 2587 3850 2642 vel
3881 2603 4014 2643 con-

2428 2688 2711 2732 currentes
2770 2676 2969 2728 ibidem
3018 2685 3316 2740 mutentur,
3373 2678 3510 2731 scito
3561 2678 3701 2731 hunc
3761 2668 4007 2731 mensem

2428 2771 2660 2839 primum
2684 2766 2850 2822 fuisse
2878 2768 3003 2821 anni
3032 2784 3059 2820 ει
3106 2768 3357 2831 Iloinulo,
3378 2770 3741 2823 Romanorum
3769 2780 4011 2835 auctore,

2432 2859 2684 2921 instituti,
2732 2859 2822 2928 qui
2872 2858 3105 2927 primum
3149 2860 3459 2915 [.atinorum
3513 2877 3711 2914 annum
3745 2878 3777 2914 χ
3819 2863 4015 2916 mensi-

2430 2953 2529 3005 bus
2578 2951 2872 3014 urdinavit,
2920 2958 2971 3003 et
3011 2951 3080 3003 ob
3118 2951 3260 3005 illam
3302 2954 3489 3022 prinuc
3520 2953 3874 3006 institutionis
3902 2966 4015 3007 me-

2432 3043 2658 3096 moriam
2711 3043 2973 3095 hactenus
3019 3044 3296 3097 observari
3340 3043 3524 3111 jussit.
3571 3043 3723 3098 llunc
3751 3045 3894 3098 enim
3928 3045 4016 3099 illo

2359 3119 2402 3179 C
2437 3150 2671 3187 mensem
2697 3149 2724 3184 a
2749 3132 2940 3197 Marte,
2980 3141 3037 3185 ιιι
3067 3135 3339 3195 credebat,
3383 3144 3535 3203 patre
3566 3150 3664 3187 suo
3696 3134 4013 3197 nominavit,

2432 3234 2487 3278 cl.
2516 3267 2530 3291 ,
2563 3233 2623 3278 nt
2649 3226 2851 3279 dictum
2902 3234 3003 3287 est,
3043 3226 3365 3294 principium
3415 3227 3540 3279 anni
3598 3239 3718 3280 esse
3762 3226 4013 3279 instituit.

2436 3314 2729 3369 Testantur
2784 3317 2887 3368 ltoc
2937 3315 3176 3368 nonnulli
3204 3331 3267 3369 ex
3304 3316 3383 3369 bis
3411 3316 3498 3384 qui
3531 3327 3831 3384 sequuntur
3860 3332 4015 3371 mcu-

2432 3407 2816 3475 sibus,.quilms
2839 3406 3050 3458 nomina
3078 3408 3145 3459 ab
3167 3406 3377 3469 ordine,
3403 3422 3511 3475 quo
3537 3406 3727 3459 Martio
3749 3407 3940 3459 absunt
3964 3416 4018 3459 et

2434 3497 2576 3549 aeris
2604 3496 2862 3564 temperie
2885 3495 3181 3563 composita
3209 3505 3263 3549 et
3296 3496 3465 3549 indita
3492 3505 3639 3549 sunt.
3672 3493 3740 3549 lJt
3774 3495 4017 3565 Septem-

2436 3590 2553 3651 ber,
2586 3588 2727 3657 quod
2759 3587 2826 3641 ab
2850 3602 2914 3642 eo
2941 3589 3011 3641 sit
3044 3589 3326 3656 septimus,
3354 3598 3406 3641 et
3439 3586 3828 3658 largioresjam
3852 3585 4017 3641 fluere

2434 3679 2639 3733 Soleant
2688 3679 2906 3733 imbres.
2958 3677 3049 3731 Sic
3084 3687 3138 3731 et
3178 3677 3429 3739 October,
3482 3677 3788 3732 November
3829 3694 3890 3733 ac
3915 3678 4018 3732 Dc-

2436 3774 2674 3833 cember,
2718 3786 2817 3824 nre
2855 3787 2961 3824 non
2994 3769 3167 3824 Julius
3198 3780 3253 3824 et
3282 3771 3578 3841 Augustus,
3622 3786 3848 3841 quorum
3882 3770 4018 3824 alter

2435 3877 2463 3914 a
2494 3862 2632 3916 Julio
2656 3862 2887 3924 Caesare,
2919 3861 3056 3914 alter
3085 3862 3153 3914 ab
3184 3860 3480 3915 Octaviano
3502 3862 3742 3931 Augusto
3763 3859 4015 3930 deinceps

2436 3953 2694 4007 voeabula
2741 3961 3105 4007 mutaverunt.
3141 3953 3354 4006 Pridem
3385 3953 3658 4020 Quintilis,
3685 3952 3768 4007 vel
3799 3952 4019 4008 Sextilis

2437 4044 2594 4097 simili
2630 4044 2696 4098 de
2725 4059 2883 4098 causa
2937 4053 3062 4097 sunt
3103 4044 3373 4113 appellati.
3404 4045 3555 4111 Quod
3590 4059 3718 4099 vero
3741 4060 3882 4099 nunc
3908 4060 4003 4097 an-

2440 4151 2568 4188 num
2629 4148 2657 4186 a
2709 4132 2967 4186 Januario
3022 4134 3300 4197 ordimur,
3354 4149 3383 4187 a
3442 4148 3753 4189 successore
3802 4132 4017 4187 Romuli

2439 4224 2609 4277 Numa
2651 4224 2912 4293 Pompilio
2952 4224 3276 4288 institutum,
3322 4225 3410 4293 qui
3441 4226 3593 4279 denis
3619 4224 3829 4279 Romuli
3863 4239 4014 4278 men—

2440 4316 2589 4368 sibus
2618 4316 2750 4367 duos
2773 4314 2998 4376 addidit,
3030 4315 3370 4383 primumque
3398 4331 3584 4369 eorum
3609 4333 3637 4368 a
3669 4315 3823 4379 Jano,
3854 4331 4016 4385 quem

2441 4407 2620 4476 gentili
2653 4421 2837 4460 errore
2865 4406 3184 4474 principium
3231 4422 3411 4459 rerum
3459 4407 3810 4470 arbitrantur,
3842 4406 4020 4460 consi-

2441 4498 2635 4551 derans
2683 4496 3004 4551 Januarium
3055 4497 3333 4566 appellari,
3364 4507 3413 4551 et
3447 4499 3678 4566 primum
3708 4498 3831 4551 anni
3866 4499 4017 4551 insti-

2435 4591 2531 4644 tui.
2560 4590 2797 4643 Alterum
2825 4605 2852 4642 a
2874 4590 3121 4651 Plutone,
3144 4605 3302 4658 quem
3332 4589 3587 4656 Februm,
3612 4590 3663 4642 id
3690 4597 3793 4654 est,
3825 4603 4021 4657 purga—

2441 4689 2612 4733 torem
2646 4689 2699 4733 et
2726 4679 3022 4733 credebant
3062 4690 3115 4733 et
3158 4680 3499 4749 appellabant
3528 4722 3543 4747 ,
3592 4680 3890 4733 nominavit
3920 4680 4017 4734 Fe-

2438 4769 2739 4822 bruarium.

2510 4862 2740 4913 Causam
2766 4860 3143 4914 vocabulorum
3179 4860 3402 4931 singulis
3426 4863 3696 4916 mensibus
3725 4862 4015 4916 inditorum

2445 4952 2621 5003 dicere
2665 4950 2964 5017 supersedi,
3009 4964 3074 5002 eo
3121 4950 3263 5017 quod
3290 4950 3360 5003 sit
3402 4959 3456 5003 et
3500 4950 3552 5003 iu
3587 4949 3806 5020 Dialugo
3836 4949 4017 5017 cujus-

2442 5043 2563 5094 dam
2590 5040 2871 5094 Prwtexati
2896 5039 3347 5095 sutlicientissime
3371 5050 3623 5103 tractata,
3657 5051 3713 5096 et
3742 5061 3770 5095 a
3800 5042 4017 5096 domino

2445 5134 2580 5192 Beda
2603 5134 2794 5187 exinde
2815 5132 3069 5187 deflorata
3089 5133 3139 5185 in
3156 5133 3292 5186 libro
3306 5133 3372 5187 dc
3387 5134 3495 5187 Ten
3520 5135 3740 5203 poribus
3758 5136 4015 5195 secundo,

2447 5225 2798 5278 nihilominus
2860 5224 2929 5276 sit
2986 5223 3450 5276 abundantissime
3508 5223 3739 5293 digesta.
3800 5224 3854 5276 In
3909 5240 4014 5290 qua

2444 5316 2648 5384 prnlixa
2695 5313 2932 5382 quidem,
2969 5313 3061 5366 sed
3090 5328 3192 5364 non
3219 5313 3388 5366 sterili
3430 5314 3791 5380 diSputatione
3819 5313 4016 5381 plenis-

2444 5407 2577 5459 sime
2607 5414 2691 5458 cst
2726 5403 3028 5471 expositum
3079 5402 3312 5468 qualiter
3348 5419 3519 5455 attmts
3565 5404 3795 5471 primum
3837 5418 3863 5454 a
3913 5402 4012 5453 Ro-

2445 5494 2588 5550 nmlo
2618 5495 2669 5548 in
2707 5510 2762 5557 κ,
2794 5508 2823 5546 a
2856 5492 3026 5545 Numa
3058 5491 3109 5544 in
3142 5506 3213 5544 xu
3260 5493 3532 5546 mensibus
3562 5502 3645 5547 est
3671 5494 4012 5549 distributus.
