4466 5578
799 371 855 425 3i
1903 364 2262 428 HELPERICI
2306 371 2610 428 MONACIII
2650 376 2706 430 S.
2747 375 2956 431 GALLI
3994 385 4065 438 δε

803 497 902 554 non
935 484 1387 541 uniformeslnna:
1414 486 1716 556 computari
1749 501 1984 555 menses,
2017 487 2111 541 sed
2141 487 2370 542 alterum
2405 491 2452 547 A
2481 491 2731 554 vabatur,
2765 500 2824 546 ut
2854 506 2930 546 xu
2964 507 3180 562 semper
3199 495 3406 549 exactis
3461 495 3831 553 lunationibus
3866 514 3907 552 a-
3938 515 4069 557 xiua

797 590 920 630 esse
972 589 1079 644 quo
1137 575 1417 631 zodiacum
1464 575 1729 646 pervolat,
1776 576 2007 632 altermn
2053 593 2159 646 quo
2209 577 2378 633 solem

803 680 924 716 mna
956 665 1327 733 consequitur.
1352 664 1479 730 Quae
1504 674 1697 719 cuncta
1749 675 1807 721 ut
1837 667 2202 720 manifestiora
2229 665 2379 730 ﬂant,

794 755 1082 809 dicendum
1119 756 1168 809 in
1204 756 1428 822 singulis
1456 756 1624 829 signis
1654 759 1848 832 primo,
1893 760 2088 812 dehinc
2121 759 2173 812 in
2219 759 2383 812 totius

796 846 1036 923 signiferi
1089 847 1403 902 lustratione
1461 861 1722 918 quantum
1783 854 2038 921 temporis
2093 853 2379 921 expendat.

804 937 866 994 Ut
897 953 925 990 a
954 937 1340 995 solertioribus
1360 957 1464 994 non
1497 942 1616 997 sine
1666 959 1857 1013 magna
1887 942 2161 1014 diligentia
2190 945 2385 1013 proba-

804 1043 909 1080 mut
950 1037 1056 1091 est,
1087 1027 1205 1084 luta
1262 1033 1680 1101 unumquodque
1719 1032 1934 1103 signum
1981 1049 2045 1089 ex
2102 1034 2383 1089 duodecim

797 1115 1008 1172 duobus
1055 1118 1242 1172 diebus
1276 1129 1328 1174 et
1377 1136 1467 1175 rex
1516 1122 1684 1185 horis,
1718 1138 1782 1176 ac
1835 1123 1980 1180 bisse
2028 1125 2188 1179 unius
2240 1125 2386 1179 hora:

801 1208 1011 1261 transit.
1055 1208 1168 1262 Duc
1195 1225 1322 1278 ergo
1353 1210 1638 1266 duodecies
1673 1212 1808 1267 duos
1837 1214 1970 1275 dies,
2003 1223 2058 1269 et
2083 1215 2214 1268 fiunt
2236 1231 2384 1269 xxiv.

806 1305 930 1351 item
957 1312 1117 1352 senas
1151 1297 1333 1362 horas,
1377 1314 1496 1367 qum
1527 1301 1577 1354 in
1611 1302 1834 1372 singulis
1871 1304 2038 1372 signis
2075 1313 2380 1372 supersunt,

800 1389 1090 1444 duodecies
1123 1390 1437 1459 nuiltiplica,
1471 1401 1524 1445 et
1550 1392 1717 1446 habes
1751 1409 1901 1448 Lxxtt
1933 1394 2120 1456 horas,
2157 1409 2275 1463 qum
2302 1392 2383 1446 fa-

804 1476 950 1528 ciunt
991 1487 1098 1530 tres
1128 1477 1261 1540 dies,
1296 1479 1536 1549 singulos
1575 1496 1699 1532 xxiv
1725 1481 2000 1534 horarum.
2045 1480 2153 1535 llos
2185 1498 2242 1534 ιιι
2272 1482 2386 1536 dies

808 1582 961 1632 nmge
1011 1568 1379 1635 superioribus
1426 1584 1574 1633 xxiv,
1630 1578 1684 1622 et
1715 1571 1848 1623 liunt
1901 1587 2068 1624 xxvii.
2126 1571 2387 1642 Superest

801 1654 979 1711 adhuc
1012 1660 1062 1710 in
1091 1659 1315 1727 singulis
1345 1659 1515 1730 signis
1540 1660 1699 1713 bissis
1721 1661 1880 1714 utiius
1906 1661 2070 1714 horae.
2105 1662 2159 1714 Si
2188 1662 2387 1729 quaeris

799 1745 926 1813 quid
967 1747 1037 1800 sit
1063 1746 1244 1813 bissis,
1285 1749 1421 1801 scito
1476 1748 1673 1802 bisseni
1706 1749 1810 1804 diei
1863 1749 2282 1819 uniuscujusque
2310 1751 2383 1805 rei

806 1833 936 1886 duas
987 1844 1169 1904 partes
1212 1836 1421 1892 sublata
1473 1839 1652 1892 tertia.
1703 1839 1970 1909 Quidquid
2000 1841 2142 1894 enim
2192 1842 2243 1894 in
2279 1850 2386 1896 tres
2421 1846 2460 1902 lt

803 1937 983 1992 equas
1025 1925 1276 1984 diviseris
1317 1940 1498 1996 partes
1550 1926 1681 1999 [alia
1719 1930 2034 1994 manus,\'el
2064 1929 2384 2000 portiones],

806 2028 1139 2081 uuaqqutle
1187 2031 1374 2068 earuzn
1427 2016 1594 2071 triens
1622 2017 1702 2070 vel
1753 2019 1889 2071 trien
1924 2019 2242 2089 appellatur.
2280 2019 2390 2074 ιιο-

806 2117 922 2152 rnm
959 2117 1064 2154 uno
1093 2102 1326 2167 sublato,
1362 2105 1552 2173 reliqui
1590 2107 1695 2158 duo
1725 2107 1812 2174 qui
1854 2119 2134 2162 remanent
2165 2108 2388 2165 trientes

808 2191 1020 2245 msimul
1059 2194 1141 2247 luis
1180 2204 1456 2247 rotantur.
1499 2194 1666 2249 Bissis
1731 2197 1893 2265 igitur
1927 2198 2044 2251 duce
2081 2207 2262 2267 partes
2298 2199 2391 2252 ho-

807 2296 880 2335 ra:
919 2292 1063 2337 sunt.
1116 2285 1403 2339 Duodecim
1432 2300 1562 2356 ergo
1592 2285 1764 2340 bisses
1810 2296 1932 2339 octo
1965 2287 2170 2340 faciunt
2203 2287 2386 2351 horas,

811 2375 946 2428 unis
991 2390 1087 2444 per
1133 2387 1240 2432 tres
1290 2378 1463 2433 bisses
1502 2378 1822 2447 Supputatis.
1865 2378 2103 2448 Apparet
2149 2394 2278 2450 ergo
2305 2379 2388 2432 lu-

810 2481 930 2521 nam
962 2484 1110 2522 xxvu
1140 2468 1328 2524 diebus
1352 2479 1406 2523 et
1443 2486 1536 2524 vui
1563 2470 1712 2524 horis
1741 2481 1908 2524 totum
1955 2472 2159 2524 ambire
2205 2473 2389 2526 zodia-

811 2573 929 2610 cum
959 2572 974 2622 ;
1007 2565 1062 2611 et
1111 2557 1224 2612 haec
1263 2568 1345 2612 est
1395 2574 1502 2612 una
1539 2559 1746 2628 species
1796 2561 2056 2613 mensium
2101 2560 2386 2615 lunarium.

812 2642 914 2698 Sed
942 2646 1066 2714 quia
1091 2648 1356 2701 naturalis
1385 2647 1524 2700 luna:
1549 2648 1750 2702 mensis
1789 2648 1859 2702 ab
1881 2649 2203 2704 accensione
2245 2665 2393 2704 com-

812 2747 1047 2806 putatur,
1097 2738 1210 2806 ipsa
1254 2747 1432 2793 autem
1465 2739 1589 2792 luna
1629 2738 1683 2792 in
1737 2746 1852 2792 toto
1889 2739 1991 2794 hoc
2019 2739 2195 2809 spatio
2221 2739 2392 2794 solent

813 2844 915 2882 non
942 2831 1313 2899 consequitur,
1340 2839 1397 2883 ut
1425 2831 1492 2884 ab
1520 2845 1585 2884 eo
1616 2830 2025 2896 reaccendatur,
2059 2832 2162 2886 nisi
2193 2832 2392 2887 additis

813 2922 1020 2976 duobus
1045 2922 1234 2977 diebus
1263 2931 1316 2976 et
1363 2937 1415 2975 IV
1444 2923 1612 2985 boris,
1651 2923 1732 2976 his
1755 2923 1822 2976 ad
1853 2923 2159 2990 superiores
2193 2921 2397 2990 junctis

814 3029 1052 3069 mensem
1083 3015 1329 3070 lunarem
1355 3031 1484 3069 xxix
1521 3017 1730 3070 dierum
1766 3026 1820 3069 et
1854 3032 1931 3070 xu
1989 3016 2246 3070 horarum
2275 3031 2398 3071 esse

817 3103 1071 3158 fatemur.
1126 3105 1262 3171 Quia
1303 3119 1431 3160 vero
1475 3120 1551 3159 xu
1585 3107 1731 3158 horae
1782 3121 1878 3174 pro
1933 3106 2144 3174 integro
2188 3105 2275 3159 die
2303 3119 2394 3159 ne-

815 3204 1017 3263 queunt
1041 3195 1359 3264 computari,
1400 3204 1454 3250 et
1485 3211 1650 3249 unum
1679 3196 1820 3249 diem
1851 3193 2064 3249 diIIieile
2094 3204 2176 3250 est
2198 3194 2393 3267 [suppl.
2425 3199 2468 3256 C

815 3289 1060 3344 invenire
1099 3289 1174 3342 vel
1218 3289 1345 3358 quid
1393 3287 1611 3359 simile],
1666 3287 1964 3357 praesertim
2012 3302 2133 3340 cum
2180 3287 2402 3340 alternis

820 3382 1025 3435 vicibus
1074 3382 1250 3437 media
1307 3381 1394 3436 die
1447 3396 1510 3435 ac
1553 3389 1710 3434 nocte
1762 3379 2114 3449 perhibeatur
2155 3378 2400 3444 accendi,

818 3479 1037 3543 propter
1084 3470 1399 3525 facilitatem
1431 3469 1778 3540 computandi
1843 3483 1947 3521 una
1998 3468 2116 3522 vice
2145 3482 2221 3521 xu
2253 3468 2402 3522 hom:

821 3561 1162 3626 intermissm,
1212 3562 1378 3614 altera
1415 3574 1595 3614 autent
1637 3575 1703 3613 ex
1735 3568 1963 3627 utraque
2004 3558 2281 3612 lunatione
2330 3558 2404 3614 si-

821 3651 932 3707 tt‘tu!
962 3650 1200 3705 collecta:
1225 3664 1324 3719 pro
1369 3650 1578 3718 integro
1619 3649 1706 3702 die
1736 3656 2132 3716 computantur,
2169 3656 2226 3703 et
2276 3657 2403 3703 tunc

828 3741 952 3792 luna
986 3755 1180 3793 xxxma
1218 3740 1615 3808 pronuntiatur.
1666 3738 1834 3792 Porro
1866 3739 1938 3791 illi
1975 3738 2080 3792 duo
2109 3751 2238 3791 vero
2267 3737 2404 3801 dies,

820 3834 909 3900 qui
941 3848 1060 3885 cum
1085 3830 1365 3900 quaternis
1388 3830 1537 3884 horis
1563 3837 1685 3897 post
1723 3843 1999 3882 emensum
2030 3829 2312 3883 zodiacum
2338 3826 2404 3880 ad

822 3922 1264 3991 consequendum
1294 3921 1460 3975 solem
1487 3920 1627 3973 luna:
1654 3929 1967 3988 supersunt,
1999 3936 2094 3988 per
2129 3935 2202 3973 xu
2241 3919 2402 3971 luna-

825 4016 1000 4070 tioncs
1032 4016 1084 4069 in
1114 4031 1278 4069 unum
1306 4015 1510 4069 collecti
1541 4030 1667 4067 xxvr
1695 4015 1808 4066 dies
1837 4014 2051 4066 insimul
2092 4012 2404 4075 conﬁciunt,

823 4121 943 4173 quae
977 4113 1187 4158 estuna
1242 4103 1381 4157 lunae
1421 4104 1696 4156 zodiattea
1728 4105 2054 4173 peragratio,
2106 4104 2229 4157 licet
2265 4118 2404 4157 unus

823 4191 966 4246 desit
1015 4194 1152 4248 dies.
1202 4192 1270 4246 Et
1299 4193 1401 4246 hoc
1430 4202 1528 4246 ‘est
1574 4195 1716 4262 quod
1767 4194 1897 4245 dicit
1943 4194 2190 4247 dominus
2241 4193 2406 4258 Beda,

826 4288 1011 4342 Iunattt
1067 4287 1328 4341 tredecies
1381 4288 1432 4340 iu
1498 4302 1572 4340 xu
1632 4287 1743 4341 suis
1793 4287 2067 4340 mensibus
2129 4287 2405 4341 zodiacum

827 4391 1164 4448 percurrere.
1202 4378 1264 4431 lli
1289 4392 1479 4432 omnes
1503 4379 1616 4433 dies
1656 4379 1707 4431 in
1748 4394 2012 4431 summam
2057 4377 2261 4431 redacti
2295 4379 2408 4429 elli-

823 4479 979 4533 ciunt
1035 4476 1278 4530 lunarem
1334 4491 1532 4526 annum
1592 4488 1774 4527 cccuv
1823 4475 2055 4524 dicrmu.
2119 4470 2411 4524 Duodecies

2491 581 2766 637 lunatione
2792 592 3101 653 sequentem
3132 584 3454 647 inchoarent
3505 604 3727 643 annum.
3790 589 3897 644 Sed
3946 605 4067 647 cum

2488 689 2629 742 εει·ρο
2672 678 2911 730 eveniret
2960 688 3181 746 propter
3228 694 3280 731 xi
3329 679 3464 744 dies,
3512 694 3650 748 quos
3703 679 3877 734 lunari
3927 695 4071 734 anno

2487 769 2676 822 deesse
2704 768 2958 833 diximus,
2989 779 3046 824 ut
3087 770 3299 824 hiberni
3331 785 3547 826 menses
3574 771 3783 836 :estivo,
3811 780 3864 824 et
3899 773 4068 828 aestivi

2489 858 2617 913 item
2643 859 2884 929 hyberuo
2922 869 3274 915 occurrerent
3329 867 3572 930 tempore
3621 859 3767 929 (nam
3800 876 3894 930 per
3921 871 4075 915 octo-

2490 966 2589 1006 nos
2621 966 2794 1004 annos
2825 951 2997 1006 tribus
3047 951 3439 1024 regradabatur
3469 951 3768 1023 mensibus)
3804 960 4070 1006 statutum

2489 1051 2571 1097 est
2602 1051 2661 1097 ut
2687 1053 2880 1098 octavo
2913 1059 3060 1098 anno
3093 1060 3158 1100 xc
3188 1044 3302 1099 dies
3331 1042 3801 1110 intercalareutur,
3845 1043 3939 1114 qui
3974 1058 4074 1115 per

2494 1142 2571 1187 tot
2615 1149 2786 1188 annos
2830 1149 2894 1190 ex
2941 1135 3169 1190 undenis
3237 1135 3426 1191 diebus
3473 1143 3531 1190 et
3587 1135 3798 1191 duobus
3844 1135 4071 1192 bissexti

2490 1231 2863 1277 accessertmt.
2889 1221 2994 1277 Nos
3016 1238 3147 1276 vero
3173 1234 3395 1292 propter
3418 1223 3741 1280 Paschalem
3778 1224 4076 1280 obnmn-p

2494 1313 2622 1365 tiam
2659 1329 2820 1381 quam
2853 1331 2957 1366 non
2983 1315 3085 1366 nisi
3117 1330 3210 1368 xiv
3246 1314 3369 1368 luna
3418 1323 3538 1385 post
3570 1315 3954 1384 equinoctium
3984 1330 4072 1370 oe-

2489 1402 2700 1458 lebrare
2744 1402 2827 1458 fas
2854 1413 2955 1469 est,
3001 1419 3318 1459 communes
3365 1413 3422 1458 et
3457 1403 3862 1467 embolismales
3901 1420 4073 1461 annos

2491 1496 2542 1549 in
2592 1495 2716 1548 luna
2760 1495 2960 1551 habere
3001 1496 3264 1566 capimus
3309 1497 3412 1552 hoc
3436 1497 3631 1551 modo:
3679 1497 3967 1566 siquando
3994 1512 4071 1552 xu

2488 1587 2697 1641 exactis
2719 1586 3088 1641 lunationibus
3131 1603 3249 1642 eam
3298 1588 3630 1644 lunationem
3677 1603 3800 1658 qua:
3827 1589 4075 1658 sequitur

2490 1678 2570 1731 vel
2609 1678 2662 1730 in
2694 1677 2809 1746 ipso
2835 1677 3184 1746 mquinoctio,
3208 1678 3295 1732 vel
3322 1694 3388 1733 eo
3417 1688 3694 1734 transacto
3741 1695 3924 1734 xtvam
3947 1695 4074 1735 eve-

2491 1769 2606 1821 nire
2633 1769 2946 1838 contigerit,
2983 1769 3051 1823 ab
3083 1769 3254 1838 ipsius
3296 1785 3420 1824 mox
3450 1771 3773 1826 accensione
3797 1772 4074 1841 sequentis

2489 1858 2613 1913 anni
2668 1858 2960 1928 primordia
3013 1860 3298 1925 sumimus,
3355 1862 3694 1931 przeeedente
3753 1877 3917 1926 anno,
3977 1864 4069 1934 qui

2488 1948 2790 2001 communis
2839 1948 3069 2014 exstitit,
3125 1965 3203 2004 xu
3242 1949 3629 2016 lunationibus,
3652 1950 3843 2006 diebus
3887 1966 4072 2006 cccmv

2489 2039 2794 2092 terminato.
2825 2039 2894 2091 At
2924 2040 2967 2094 si
2999 2056 3073 2094 xu
3108 2042 3317 2096 exactis
3345 2041 3732 2108 lunationibus,
3773 2059 3900 2097 xiva
3946 2058 4072 2113 pro-

2487 2127 2731 2191 cesserit,
2762 2137 2871 2181 tmn
2899 2128 3042 2182 illam
3075 2130 3399 2199 prmcedenti
3424 2130 3705 2202 jungimus
3737 2146 3912 2194 anno,
3928 2133 4071 2186 datis

2487 2217 2689 2272 eisdem
2715 2219 3034 2288 prtecedenti
3051 2235 3193 2275 anno
3208 2236 3305 2274 χιιι
3321 2221 3687 2276 lunationibus
3708 2229 4072 2276 etcchxxxiv

2489 2309 2700 2366 diebus.
2743 2309 2808 2362 Et
2856 2310 2943 2364 hic
2981 2326 3154 2365 annus
3193 2310 3602 2371 embolismalis,
3652 2312 3704 2365 id
3735 2319 3843 2376 est,
3882 2327 4072 2381 super-

2491 2415 2745 2456 crescens
2791 2402 3008 2467 dicitur,
3070 2403 3439 2473 praecedentes
3500 2411 3680 2457 autem
3734 2416 4069 2467 communes,

2491 2491 2635 2559 quod
2700 2506 2915 2561 semper
2967 2509 3004 2546 ιι
3063 2495 3300 2561 aequales
3370 2491 3696 2562 pracedant,
3735 2501 3962 2562 excepto
4018 2493 4072 2547 in

2492 2581 2732 2651 ogdoade
2760 2590 2814 2636 et
2859 2582 3135 2637 endecade
3176 2596 3406 2652 quorum
3432 2590 3721 2651 utrumque
3770 2597 3910 2635 unus
3957 2589 4076 2635 tan-

2496 2682 2609 2726 tum
2638 2674 2940 2728 communis
2991 2689 3165 2729 annus
3212 2673 3488 2742 praecedit.
3520 2672 3647 2728 Haec
3672 2674 3737 2728 de
3762 2673 4076 2728 diversitate

2489 2779 2759 2819 annorum
2793 2764 2986 2820 solaris
3033 2774 3090 2820 et
3132 2765 3359 2830 lunaris,
3403 2765 3770 2820 communium
3813 2774 3869 2821 et
3892 2765 4079 2820 embo-

2496 2853 2775 2909 lismorum
2822 2870 2968 2909 nunc
3015 2855 3201 2924 paucis
3242 2855 3386 2908 dicta
3430 2863 3576 2910 sunt.
3635 2854 3695 2909 Si
3738 2869 3850 2923 qua
3893 2863 4077 2908 alitem

2499 2956 2723 3010 restant,
2748 2963 2868 3001 cum
2895 2948 2961 3002 ad
3001 2949 3174 3017 ipsum
3205 2947 3428 3001 Pascha:
3458 2947 3747 3001 terminum
3770 2947 4080 3000 venerimus

2497 3042 2896 3110 explicandum,
2952 3050 3111 3112 prout
3174 3040 3427 3110 possibile
3456 3039 3638 3102 fuerit,
3697 3052 4079 3108 exsequemur.

2501 3133 2644 3186 Sane
2673 3132 2723 3183 in
2778 3132 2918 3184 serie
2968 3141 3266 3200 temporum
3311 3128 3671 3198 computanda
3717 3142 3861 3182 nunc
3889 3126 4083 3182 solaris

2502 3224 2649 3286 anni,
2675 3222 2765 3291 qui
2801 3222 3002 3277 certior
3033 3221 3286 3288 habetur,
3310 3221 3519 3275 calculo
3550 3219 3772 3274 utimur.

3060 3355 3288 3412 CAPUT
3317 3355 3503 3412 XVIII.

2506 3467 2654 3523 Unde
2680 3467 3032 3535 conﬁciantur
3074 3465 3440 3548 saltusilunw,
3484 3465 3667 3521 velubt
3709 3467 3898 3520 rectius
3927 3467 4087 3520 inter-

3163 3547 3423 3591 mutatur.

2576 3652 2688 3706 lloc
2723 3651 2842 3705 loco
2889 3665 3184 3720 congruum
3239 3649 3455 3703 videtur
3498 3649 3566 3705 de
3619 3649 3759 3702 saltu
3805 3647 3945 3701 lunae
3967 3662 4088 3716 qua:

2505 3755 2791 3812 possumus
2844 3740 3119 3808 explicare
3150 3739 3580 3808 sumendumque
3618 3739 3688 3793 ab
3732 3739 3847 3808 ipsa
3880 3737 4090 3808 origine

2506 3849 2721 3887 censeo.
2772 3832 3015 3885 Diximus
3053 3846 3216 3900 supra
3259 3829 3442 3882 lunam
3498 3844 3566 3883 ex
3625 3844 3734 3898 quo
3773 3827 3861 3882 die
3913 3843 3943 3881 a
3974 3827 4090 3882 sole

2507 3925 2710 3980 recedit
2746 3933 2866 3990 post
2896 3939 2990 3977 xrx
3025 3923 3142 3977 dies
3162 3930 3218 3976 et
3255 3923 3420 3976 horas
3449 3936 3523 3975 xu
3559 3935 3748 3974 rursus
3789 3917 3966 3973 eidem
3991 3916 4090 3970 soli

2507 4013 2812 4073 saceedere,
2845 4020 2900 4065 et
2947 4012 3088 4066 hunc
3131 4025 3370 4065 mensem
3401 4025 3521 4065 esse
3560 4009 3650 4078 qui
3691 4024 3890 4063 annum
3933 4007 4090 4060 luna-

2511 4121 2644 4168 rem,
2685 4104 2730 4158 si
2782 4102 3087 4158 communis
3131 4103 3201 4156 εει
3241 4118 3339 4167 xu,
3393 4101 3769 4156 embolismum
3815 4116 3942 4154 vero
3993 4115 4091 4152 xm

2509 4205 2852 4265 computatus
2877 4194 3142 4264 perﬁciat.
3194 4192 3303 4248 Sed
3331 4194 3724 4264 deprehensum
3756 4201 3840 4245 est
3870 4188 4095 4261 singulis

2512 4285 2806 4347 mensibus,
2838 4274 2940 4337 nec
2969 4284 3095 4338 dum
3149 4298 3257 4337 vua
3289 4283 3421 4336 liora
3447 4292 3687 4350 peracta,
3734 4281 3904 4335 solem
3957 4294 3986 4331 a
4017 4278 4096 4329 lu-

2513 4393 2579 4430 na
2611 4375 2892 4444 consequi,
2936 4374 3284 4443 vicissimque
3314 4373 3496 4427 lunam
3526 4388 3558 4426 a
3602 4372 3718 4427 sole
3766 4369 4012 4432 accendi,
4042 4376 4097 4421 ct

2517 4477 2720 4519 restare
2746 4481 2814 4519 ex
2847 4466 3033 4518 eadem
3067 4464 3201 4518 hora
3251 4479 3420 4518 xuma
3473 4478 3571 4531 per
3614 4461 3853 4532 singulos
3882 4473 4098 4514 menses

829 4569 976 4624 cnim
1016 4582 1169 4632 xxix,
1201 4582 1487 4622 ccchvui.
1521 4567 1806 4618 Duodecim
1838 4574 2014 4617 autem
2045 4567 2189 4617 home
2213 4564 2414 4616 duode-
2445 4545 2487 4600 υ
2519 4576 2566 4612 tv
2620 4567 2913 4622 momenta,
2943 4565 3000 4612 et
3041 4556 3257 4611 unciam
3304 4556 3471 4609 unius
3517 4553 3775 4608 momenti
3837 4561 3892 4608 et
3930 4567 4095 4605 unum

832 4677 861 4713 c
884 4672 943 4714 es
974 4660 1147 4713 ducta:
1175 4667 1302 4713 sunt
1327 4672 1508 4719 chtv,
1541 4665 1593 4709 et
1639 4656 1841 4709 faciunt
1870 4655 1984 4709 dies
2018 4670 2088 4717 vr,
2124 4654 2214 4721 qui
2239 4651 2414 4720 juncti

834 4750 1220 4821 superioribus,
1258 4763 1440 4804 cccuv
1473 4749 1722 4811 reddunt,
1745 4753 1836 4816 qui
1893 4757 2037 4808 sunt,
2072 4757 2129 4798 ut
2160 4746 2412 4812 diximus,

837 4840 950 4892 dies
988 4840 1112 4892 anui
1143 4838 1372 4904 lunaris,
1395 4854 1553 4906 quem
1577 4849 1792 4891 constat
1819 4848 1966 4890 retro
1988 4851 2202 4904 semper
2231 4836 2416 4890 obser-

838 4940 1044 4994 \‘ztlttttl,
1085 4927 1364 4993 duodenis,
1414 4942 1548 4996 quos
1594 4927 1725 4992 dixi,
1773 4927 2046 4980 mensibus
2094 4927 2166 4979 ita
2205 4939 2417 4995 semper

839 5023 1252 5086 alter-nantibus,
1301 5029 1354 5074 et
1376 5038 1510 5075 unus
1561 5023 1817 5084 tricenos,
1861 5019 1997 5073 alter
2041 5020 2419 5073 undetricenos

842 5113 1066 5166 haberet
1098 5115 1234 5179 dies,
1265 5128 1544 5182 quousque
1580 5111 1704 5165 Julii
1730 5110 1959 5165 (ἐπείη-ιε
1986 5109 2202 5164 solertia
2229 5109 2420 5163 solaris

844 5213 1088 5271 repertus
1121 5213 1204 5258 est
1239 5220 1432 5268 annus,
1487 5221 1581 5272 pro
1611 5217 1675 5256 eo
1721 5200 1864 5271 quod
1914 5200 2118 5253 lunaris
2157 5213 2330 5253 annus
2368 5197 2419 5250 in

847 5294 1029 5347 multis
1055 5293 1348 5360 vaeillaret,
1389 5303 1443 5347 et
1466 5293 1596 5347 so;is
1636 5293 1816 5347 cursui
1845 5293 2058 5361 penitus
2085 5307 2186 5344 non
2219 5303 2419 5344 conve-

846 5385 1007 5439 nitet.

1433 5475 1659 5530 CAPUT
1686 5475 1844 5529 XVII.

2518 4661 2779 4703 atomum.
2805 4649 2934 4716 Quae
2967 4663 3019 4702 tv
3072 4656 3344 4702 momenta
3379 4661 3475 4716 per
3521 4645 3764 4717 singulos
3803 4658 4015 4699 menses
4045 4643 4096 4698 in

2523 4749 2728 4793 tantum
2744 4748 3183 4805 augmentantur,
3202 4745 3260 4790 ut
3274 4753 3367 4806 per
3380 4753 3470 4789 xix
3486 4753 3657 4790 annos
3673 4736 3940 4804 integrum
3982 4748 4102 4802 per-

2524 4830 2703 4882 ticiant
2720 4828 2860 4880 diem
2879 4845 2891 4880 :
2911 4841 3068 4896 quem
3085 4826 3226 4880 diem
3244 4841 3370 4879 xixo
3385 4840 3599 4894 seraper
3618 4839 3760 4877 anno
3774 4822 3890 4890 ipsa
3905 4821 4102 4875 transi-

2521 4921 2620 4973 lire
2653 4919 2796 4989 cogit
2826 4917 3149 4978 imminutio,
3180 4931 3247 4971 ne
3279 4925 3330 4971 et
3362 4916 3566 4970 lunaris
3597 4913 3884 4970 calculatio
3905 4921 3961 4966 et
3987 4921 4099 4965 tota

2529 5013 2773 5067 turbetur
2809 5009 3087 5064 Paschalis
3121 5007 3475 5064 observantia:
3525 5005 3684 5059 ratio.
3726 5004 3861 5058 Nam
3910 5003 3957 5058 si
4010 5019 4103 5056 ne-

2527 5105 2760 5173 gligatur
2784 5101 2874 5155 ille
2929 5101 3066 5162 dies,
3098 5099 3312 5153 eveniet
3338 5106 3394 5151 ut
3422 5104 3543 5166 post
3569 5112 3635 5148 xv
3665 5093 3874 5148 xixales
3902 5091 4102 5163 cyclos,

2528 5196 2578 5248 id
2604 5203 2686 5247 est
2713 5203 2832 5262 post
2861 5207 3033 5245 annos
3055 5203 3321 5253 ccxxxxv,
3349 5203 3473 5242 cum
3519 5187 3717 5239 debeas
3753 5184 3934 5238 lunam
3957 5197 4105 5236 com-

2528 5296 2720 5356 putare
2749 5284 3000 5353 primam,
3028 5289 3280 5335 occurrat
3315 5295 3436 5342 xva,
3466 5278 3518 5330 id
3548 5287 3630 5330 est
3662 5276 3815 5341 plena
3846 5273 3993 5326 luna.
4045 5271 4108 5325 Iit

2528 5383 2770 5437 econtra,
2816 5388 2939 5426 cum
2983 5387 3082 5424 ινιι
3135 5377 3478 5439 computatur
3506 5405 3521 5430 ,
3600 5372 3860 5434 appareat
3908 5363 4106 5429 prima.

2530 5471 2636 5526 Sed
2664 5479 2717 5522 ut
2755 5479 2942 5539 aperte
2967 5467 3174 5521 clareat
3203 5465 3435 5536 qualiter
3467 5463 3554 5516 ille
3576 5464 3691 5516 dies
3721 5461 3976 5530 paulatim
4009 5459 4110 5522 mi-

3075 5559 3085 5578 ι
3135 5559 3180 5578 :__
3196 5567 3394 5578 ...___.--..
3451 5554 3546 5578 .I..n
3562 5556 3657 5578 ηε...
