4466 5578
833 382 901 434 '55
1921 380 2280 436 IIELPERICI
2321 379 2625 436 MONACllI
2668 378 2725 433 S.
2766 379 2965 433 GALLI
4020 382 4090 436 36

833 503 941 546 tam
975 495 1332 563 reslilcndcre.
1365 494 1516 550 Unde
1564 509 1833 563 numquam
1883 493 2062 548 lucere
2093 501 2267 562 potest
2307 493 2407 545 nisi
2442 497 2484 554 Α
2515 500 2597 545 est
2619 492 2696 546 sol
2728 492 2880 560 signo
2911 501 3149 544 moratus
3175 493 3267 555 sit,
3299 507 3361 547 ex
3389 494 3642 562 praedicta
3674 496 3906 565 partium
3935 514 4086 552 sum-

833 585 997 638 radiis
1046 594 1326 654 penetrata
1377 585 1662 640 solaribus.
1709 585 1800 638 Sol
1832 594 2034 645 autem,
2066 585 2191 652 quia
2239 584 2408 636 octies

830 690 924 728 sua
965 678 1329 745 magnitudine
1367 685 1560 732 terram
1605 678 1804 740 vincit,
1847 686 1905 730 ut
1936 677 2115 730 subtili
2161 677 2408 743 indagine

831 777 1101 834 repertum
1142 778 1222 822 est
1247 810 1260 831 ,
1295 783 1564 836 nunquam
1596 769 1662 820 ab
1688 783 1749 820 ca
1783 777 1923 820 totus
1953 767 2055 834 tegi
2099 776 2189 819 aut
2231 766 2408 819 occul-

829 857 929 908 tari
972 867 1168 924 potest,
1197 859 1325 926 quin
1359 859 1536 912 radios
1567 874 1693 912 suos
1735 868 1788 911 ct
1826 873 1947 912 cum
1997 858 2096 911 sub
2141 858 2256 926 ipsa
2303 866 2404 919 est,

827 945 1062 1012 undique
1089 946 1151 997 ad
1188 948 1466 1015 superiora
1493 956 1752 1012 remittat,
1783 949 1970 1000 tnnbra
2015 956 2172 1001 terra:
2220 957 2405 1001 contra

826 1037 1056 1090 mediam
1088 1037 1328 1104 signiferi
1377 1038 1594 1102 lineam,
1626 1039 1708 1092 cui
1739 1040 1912 1108 potius
1943 1039 2202 1106 suhjticet,
2232 1050 2287 1092 et
2314 1056 2409 1109 per

825 1141 986 1193 quam
1034 1126 1161 1180 solis
1205 1138 1285 1180 est
1338 1128 1459 1191 iter,
1510 1129 1670 1182 altius
1715 1139 2049 1197 penetrante.
2098 1131 2230 1184 Ctnn
2280 1146 2408 1198 ergo

824 1219 977 1285 plena
1008 1219 1128 1272 luna
1158 1220 1536 1289 hemisphaerio
1565 1237 1591 1272 a
1623 1221 1734 1274 sole
1774 1222 1981 1275 distans
2027 1236 2125 1289 per
2163 1223 2405 1276 eamdem

823 1310 1054 1362 mediam
1084 1309 1493 1373 fertur-lineam,
1519 1311 1665 1380 quia,
1697 1311 1809 1365 sole
1841 1311 2096 1365 inferiora
2120 1323 2408 1380 penetrau-

824 1408 895 1461 te,
939 1400 1106 1467 ipsam
1155 1399 1335 1452 lunam
1377 1415 1599 1454 necesse
1620 1409 1702 1454 est
1729 1399 1989 1454 scandere
2017 1401 2316 1470 superiora,
2354 1410 2407 1454 et

819 1502 1035 1544 econtra
1067 1492 1198 1553 sole,
1243 1492 1294 1544 id
1336 1500 1417 1543 est
1457 1507 1620 1559 super
1664 1500 1861 1545 terram
1913 1491 2241 1561 hyperygeo,
2293 1491 2402 1560 ipsa

819 1582 944 1633 luna
978 1579 1207 1633 cflicitur
1245 1581 1342 1634 sub
1384 1589 1522 1633 terra
1575 1582 1840 1649 hypogea,
1888 1597 2109 1636 necesse
2155 1593 2238 1636 est
2285 1597 2404 1636 eam

815 1674 928 1724 sive
969 1670 1232 1723 infernam
1282 1671 1513 1724 deficere
1550 1671 1663 1723 sive
1714 1686 2024 1738 supernam,
2079 1681 2262 1739 utpote
2312 1687 2405 1740 per

817 1760 1063 1813 nntbram
1095 1769 1252 1811 terrae
1276 1759 1632 1822 incedentem,
1670 1770 1723 1813 et
1750 1775 2086 1829 nequaquam
2127 1763 2240 1816 sole
2284 1778 2401 1816 eam

2512 599 2617 644 ma,
2651 582 2702 634 in
2734 583 2928 650 quibus
2957 583 3198 649 partibus
3226 581 3408 636 lunam
3448 599 3476 635 a
3507 583 3618 638 sole
3644 596 3906 640 remotam
3940 587 4090 641 inve-

2510 687 2690 734 neras,
2730 673 2903 740 ipsum
2949 685 3228 724 numerum
3265 686 3483 726 sumens
3527 672 3682 727 dabis
3711 675 3885 728 eidem
3932 677 4088 743 signo

2508 761 2572 812 ad
2616 759 2935 828 explendum
2978 760 3081 812 iter
3125 759 3286 823 solis;
3341 761 3578 830 reliquos
3609 778 3735 817 vero
3761 765 3852 832 qui
3883 779 4078 835 super-

2508 847 2708 902 fuerint
2732 849 2798 903 de
2823 863 3026 902 summa
3051 850 3304 918 partium,
3336 852 3688 920 sequentibus
3717 869 3812 923 per
3840 855 4087 909 ordinem

2509 941 2676 1008 signis
2707 955 2802 1008 per
2831 941 3065 994 tricenos
3091 941 3394 1010 disperties.
3443 943 3508 996 Et
3537 945 3622 998 cui
3667 946 3820 1016 signo
3845 963 3956 1000 xxx
3994 946 4090 1000 de-

2509 1031 2731 1093 fuerint,
2790 1031 2840 1083 in
2890 1045 2954 1083 eo
3005 1030 3185 1083 lunam
3248 1045 3368 1084 esse
3403 1034 3620 1088 noveris
3667 1035 3718 1088 in
3760 1044 3870 1089 tota
3919 1036 4090 1103 ipsius

2508 1127 2687 1187 parte,
2715 1128 2845 1186 quot
2897 1119 2969 1171 illi
3004 1119 3158 1187 signo
3188 1134 3253 1174 ex
3291 1120 3512 1188 praefata
3563 1138 3774 1176 summa
3816 1139 4086 1192 provene-

2509 1209 2632 1261 rint.
2667 1209 2818 1274 Quod
2848 1211 2890 1261 si
2923 1210 2974 1262 in
3017 1224 3224 1262 summa
3257 1212 3492 1278 partium
3532 1221 3611 1266 tot
3641 1213 3978 1268 solummodo
4006 1216 4062 1268 in

2510 1303 2721 1354 veneris
2755 1310 2882 1369 quot
2915 1303 3090 1354 adhuc
3117 1302 3230 1354 dies
3265 1303 3316 1354 in
3346 1317 3410 1356 eo
3447 1319 3553 1373 quo
3587 1313 3666 1358 est
3707 1306 3863 1374 signo
3889 1305 4090 1374 degere

2508 1392 2693 1456 habet,
2726 1401 2820 1446 aut
2870 1392 3070 1460 aliquid
3122 1394 3318 1455 minus,
3365 1393 3416 1446 in
3467 1395 3653 1448 eodem
3700 1396 3853 1464 signo
3901 1395 4084 1449 lunam

2507 1497 2629 1534 cum
2669 1482 2780 1536 sole
2811 1499 2930 1536 esse
2966 1483 3135 1546 scito;
3171 1485 3310 1552 quod
3342 1485 3477 1538 solet
3525 1487 3768 1540 accidere
3795 1488 3970 1556 prima
4003 1490 4086 1542 vel

2507 1572 2743 1624 secunda
2802 1570 2945 1634 luna,
2978 1578 3155 1639 posito
3186 1573 3298 1626 sole
3341 1575 3695 1643 in-priorihus
3722 1575 3981 1646 cujusque
4008 1581 4085 1633 si-

2506 1660 2594 1726 gni
2642 1661 2902 1728 partibus.
2985 1661 3076 1713 Sin
3137 1671 3313 1713 autem
3365 1663 3631 1716 intantum
3685 1681 3942 1720 numerus
3996 1667 4087 1720 ille

2508 1750 2738 1816 [iartium
2769 1752 3091 1815 excrevcrit,
3136 1760 3193 1803 ut
3230 1753 3300 1804 illi
3347 1757 3499 1819 signo
3547 1755 3597 1806 in
3626 1770 3733 1824 quo
3761 1770 3846 1809 est
3875 1757 3952 1810 sol
3985 1773 4084 1811 ex-

816 1865 964 1903 lttOl‘e
989 1851 1146 1903 solito
1173 1850 1511 1917 respiciente.
1566 1849 1633 1902 At
1679 1850 1721 1902 si
1768 1866 1861 1918 per
1907 1851 2064 1902 aliam
2112 1852 2404 1920 quamlibet
2438 1839 2474 1896 Β
2511 1836 2580 1903 1⁸³(

2322 1853 2404 1905 “et
2438 1839 2474 1896 Β
2511 1836 2675 1903 plcto,
2727 1837 2946 1905 reliquis
2984 1839 3234 1892 omnibus
3279 1840 3447 1909 signis
3491 1857 3620 1905 xxx,
3673 1853 3856 1912 patres
3891 1860 4086 1913 prove-

814 1949 1163 2007 utrarumque
1214 1938 1512 2006 positarum
1570 1938 1833 1991 linearum
1898 1937 2146 2001 feratur,
2209 1940 2403 2008 quibus

815 2043 957 2084 terra
1005 2031 1074 2083 ob
1130 2029 1212 2083 sui
1267 2030 1616 2098 exiguitatem
1670 2029 1844 2082 solare
1901 2046 2170 2097 nunquam
2229 2039 2404 2097 potest

811 2122 1050 2174 adimere
1081 2120 1282 2183 lumen,
1325 2121 1438 2188 ipsa
1489 2119 1614 2172 luna
1655 2119 2211 2172 adumbraticzelinem
2239 2135 2401 2170 exor-

807 2213 1072 2267 bitatione
1098 2211 1232 2265 lucis
1261 2227 1371 2265 suae
1394 2211 1649 2264 damnum
1677 2209 1819 2264 valet
1841 2208 2097 2278 effugere,
2126 2211 2175 2262 id
2211 2219 2314 2271 est,
2353 2210 2397 2262 si

809 2305 894 2359 vel
922 2304 1203 2358 sublimior
1232 2303 1299 2356 ad
1330 2303 1550 2356 boream
1585 2341 1599 2364 ,
1639 2300 1724 2353 vel
1765 2301 2006 2353 divexior
2043 2299 2155 2352 sole
2197 2301 2402 2352 feratur

809 2393 876 2448 ad
904 2401 1170 2446 austrum.
1231 2391 1297 2444 Et
1328 2393 1442 2444 ha:c
1479 2399 1562 2444 est
1608 2392 1734 2444 item
1783 2391 1919 2443 ratio
1965 2405 2061 2442 cur
2103 2405 2206 2442 non
2254 2391 2396 2442 onmi

806 2486 1100 2555 plenilunio
1145 2484 1269 2537 luna
1333 2484 1585 2547 deficiat,
1628 2499 1936 2553 quanquam
1987 2483 2222 2535 nonnulli
2257 2498 2401 2536 asse-

810 2585 930 2629 rant
957 2586 1266 2644 utrumque,
1299 2584 1353 2628 et
1379 2575 1546 2628 solem
1577 2575 1784 2627 scilicet
1814 2583 1868 2626 et
1896 2573 2094 2634 lunam,
2137 2587 2258 2624 raro
2311 2587 2399 2624 su-

809 2681 996 2735 perne,
1038 2667 1348 2735 frequenter
1383 2675 1560 2718 autem
1592 2665 1818 2720 inferius
1871 2664 2118 2717 deficere.
2176 2664 2256 2719 Ob
2299 2665 2401 2718 hu-

801 2756 1037 2824 jusmoui
1072 2771 1291 2809 causam
1325 2756 1546 2824 prmtfata
1579 2755 1750 2808 media
1789 2755 1928 2806 linea
1961 2755 2207 2824 ecliptica
2239 2770 2396 2809 voca-

809 2857 914 2909 tur,
947 2846 1089 2913 quod
1125 2846 1404 2913 utriusque
1435 2846 1696 2906 defectus,
1734 2844 1925 2897 solaris
1963 2859 2025 2896 ac
2062 2844 2282 2906 lunaris,
2329 2845 2398 2898 sit

807 2949 991 2987 causa.
1041 2933 1220 2988 Claret
1265 2949 1394 3002 ergo
1424 2934 1591 2987 solem
1625 2935 1676 2986 in
1707 2949 1800 2986 sua
1828 2933 2010 3002 eclipsi
2047 2933 2175 2986 nihil
2205 2934 2391 2996 minui,

806 3024 901 3076 sed
927 3039 1031 3076 non
1057 3023 1173 3090 ejus
1199 3033 1416 3091 aspectu
1458 3023 1716 3076 fraudari.
1761 3023 1968 3075 Lunam
2020 3039 2146 3077 vero
2190 3026 2397 3093 eclipti-

806 3129 922 3167 cam
952 3113 1166 3181 penitus
1213 3111 1414 3166 lumine
1457 3112 1681 3181 privari,
1723 3113 1864 3180 quod
1913 3122 2132 3182 tangere
2180 3113 2394 3167 videtur

806 3204 1082 3276 Virgilius,
1113 3225 1234 3262 cum
1267 3209 1376 3262 ait:

928 3297 1166 3347 Defectus
1184 3298 1302 3349 solis
1353 3300 1530 3360 varios,
1559 3299 1784 3362 lunaeque
1811 3303 2022 3351 labores.

802 3391 1049 3446 Labores
1075 3395 1218 3447 enim
1249 3394 1388 3449 luna:
1411 3396 1524 3463 ipsa
1555 3412 1673 3464 qua:
1698 3399 1901 3466 patitur
1930 3399 2148 3454 luminis
2175 3401 2385 3471 dispen-

811 3480 897 3533 dia
936 3492 1112 3535 vocat.

1382 3573 1610 3631 CAPUT
1660 3576 1796 3630 XXI.

1011 3662 1076 3714 In
1119 3680 1220 3733 quo
1257 3665 1404 3734 signa
1441 3668 1509 3719 sit
1551 3669 1675 3720 luna
1715 3670 1933 3738 singulis
1969 3672 2169 3726 diebus.

869 3770 925 3824 In
963 3787 1069 3840 quo
1101 3774 1254 3842 signo
1280 3774 1402 3829 luna
1431 3787 1670 3831 moretur
1699 3781 1958 3847 quotidie,
1987 3784 2070 3836 vel
2106 3795 2236 3853 quot
2261 3801 2382 3854 par-

800 3864 944 3916 tibus
985 3881 1014 3914 a
1045 3863 1154 3918 sole
1185 3879 1280 3933 per
1326 3867 1563 3935 singulos
1591 3869 1704 3923 dies
1733 3871 2032 3941 clongetur,
2067 3874 2166 3925 hoc
2192 3876 2382 3929 ordine

798 3951 1166 4020 investigabis.
1200 3953 1364 4008 Sume
1393 3972 1606 4025 semper
1631 3967 1842 4012 (etatem
1887 3962 2046 4026 lunae,
2079 3974 2381 4031 quolacun-

796 4057 901 4111 que
949 4042 1131 4109 fuerit,
1161 4053 1217 4099 et
1264 4046 1562 4116 multiplica
1603 4060 1815 4117 quater,
1870 4052 2151 4122 ipsumque
2196 4072 2379 4108 rursus

796 4149 1078 4188 numerum
1136 4145 1217 4189 ter
1246 4138 1458 4204 ducito;
1510 4149 1564 4193 et
1593 4153 1725 4210 quot
1787 4145 1836 4196 in
1891 4161 2096 4198 summa
2151 4149 2376 4216 reperis,

799 4232 874 4275 tot
899 4225 1144 4292 partibus
1171 4242 1288 4280 eam
1327 4244 1356 4282 a
1387 4230 1498 4284 sole
1535 4235 1751 4286 noveris
1782 4236 2070 4304 dispar-ari,
2111 4239 2158 4292 id
2197 4250 2300 4302 est,
2326 4241 2374 4290 in

795 4330 860 4367 eo
890 4315 1007 4368 loco
1031 4317 1226 4387 degere
1257 4321 1324 4374 ad
1354 4338 1514 4390 quem
1552 4337 1810 4380 venturus
1857 4329 1921 4380 sit
1956 4328 2036 4382 sol
2084 4341 2203 4398 post
2247 4333 2374 4383 toti-

793 4404 913 4458 dem
947 4408 1080 4462 dies.
1126 4409 1316 4465 Partes
1345 4417 1486 4468 enim
1541 4417 1674 4472 istas
1721 4420 1851 4472 nihil
1897 4422 2041 4474 aliud
2086 4439 2206 4477 esse
2242 4426 2374 4478 dici-

2506 1929 2660 1979 niant
2691 1942 2785 1994 per
2812 1928 3018 1998 singula
3050 1930 3198 1997 signa
3249 1946 3416 1998 usque
3454 1932 3579 1986 item
3622 1935 3687 1987 ad
3734 1935 3860 1988 illud
3893 1936 3947 1990 in
3975 1953 4085 2005 quo

2505 2014 2669 2066 Solem
2705 2030 2824 2068 esse
2855 2027 3060 2070 certum
3112 2029 3213 2080 est,
3248 2029 3299 2073 et
3333 2022 3536 2088 aliquot
3577 2033 3756 2092 partes
3794 2027 4078 2094 superfue-

2507 2106 2634 2167 riut,
2669 2106 2850 2159 itidem
2884 2109 2934 2160 iu
2964 2123 3028 2161 eo
3053 2111 3205 2178 signo
3243 2113 3442 2178 pariter
3475 2129 3569 2166 eos
3599 2129 3719 2168 esse
3749 2125 3983 2170 constat.
4021 2118 4088 2170 Et

2505 2197 2605 2250 hoc
2633 2199 2875 2252 accidere
2898 2201 3033 2252 solet
3057 2217 3220 2254 xxnn
3247 2203 3324 2255 vel
3346 2219 3468 2256 xxix
3497 2205 3643 2268 luna,
3661 2206 3771 2259 sole
3795 2207 3845 2260 in
3871 2218 4086 2276 postre-

2505 2288 2606 2340 mis
2634 2289 2766 2356 signi
2802 2291 3043 2358 partibus
3073 2292 3315 2360 degcule.
3349 2293 3452 2347 Sed
3481 2294 3608 2348 illud
3640 2297 3888 2364 superius
3920 2300 3972 2350 in
3999 2315 4087 2351 rr-

2502 2378 2746 2431 cessione
2769 2394 2797 2430 a
2824 2379 2956 2441 sole,
2982 2382 3082 2432 hoc
3110 2396 3236 2432 vero
3259 2384 3519 2452 contingit
3548 2385 3597 2437 in
3626 2387 4083 2453 reproximatione

2505 2465 2644 2519 lunae
2675 2469 2740 2520 ad
2791 2469 2976 2521 solem.
3018 2469 3285 2536 Quantum
3338 2473 3479 2524 enim
3535 2490 3630 2542 per
3671 2475 3910 2541 singulos
3966 2479 4084 2531 dies

2501 2557 2783 2626 elongatur
2835 2559 2901 2611 ab
2956 2575 3042 2622 eo,
3099 2563 3357 2615 recedens
3400 2578 3464 2615 ex
3519 2580 3622 2617 una
3677 2576 3858 2632 partes
3889 2568 4080 2622 circuli

2504 2663 2672 2716 usque
2703 2650 2768 2701 ad
2796 2650 3250 2719 hemisphwrium,
3283 2655 3421 2720 quod
3461 2666 3542 2708 est
3571 2672 3666 2720 xv;
3697 2667 3901 2711 tantum
3934 2669 4082 2714 tenet

2504 2739 2755 2807 deinceps
2775 2741 2946 2792 eidem
2974 2741 3069 2794 soli
3099 2743 3406 2810 proximans
3429 2760 3491 2797 ex
3517 2746 3682 2798 altera
3706 2758 3877 2814 parte,
3905 2750 4079 2803 donec

2499 2828 2565 2880 ad
2587 2829 2820 2897 signum,
2852 2830 2960 2883 imo
2990 2831 3055 2883 ad
3087 2834 3328 2886 eaiiulem
3370 2834 3534 2900 ipsius
3576 2836 3711 2905 signi
3747 2849 3952 2904 partem
3981 2856 4075 2893 ve-

2502 2917 2634 2979 niat,
2684 2917 2773 2970 ubi
2829 2935 2948 2971 eum
3004 2920 3292 2988 reliquerat
3337 2931 3450 2975 toto
3502 2937 3786 2992 peragrato
3832 2929 4072 2988 zodiaco.

2497 3006 2659 3072 quod,
2693 3016 2751 3058 ut
2783 3008 2982 3060 dictum
3029 3020 3111 3061 est
3161 3014 3426 3078 superius,
3468 3028 3613 3066 xxvn
3667 3017 3853 3068 diebus
3898 3029 3954 3070 et
4001 3035 4074 3072 ιιι

2498 3093 2645 3147 horis
2671 3096 2900 3162 perlicit.
2932 3095 3036 3150 Sed
3071 3098 3196 3165 quia
3223 3099 3333 3167 jam
3371 3100 3439 3154 ibi
3491 3102 3660 3155 solem
3708 3120 3812 3156 non
3849 3107 4073 3170 invenit,

2498 3192 2680 3250 utpote
2732 3200 2876 3237 xxvn
2931 3187 3201 3254 partibus,
3259 3189 3312 3240 in
3367 3191 3562 3256 quibus
3620 3193 3732 3260 ipsa
3791 3195 4073 3249 zodiacum

2495 3271 2838 3336 lustraverat,
2865 3277 3055 3328 exinde
3082 3277 3410 3348 elongatuin,
3441 3292 3560 3349 post
3587 3285 3873 3339 circuitum
3904 3289 4075 3356 signi-

2493 3361 2664 3413 ferum
2693 3363 2898 3415 duobus
2929 3364 3118 3416 diebus
3143 3375 3195 3417 et
3221 3383 3268 3418 IV
3301 3368 3448 3422 horis
3491 3373 3791 3438 per-ficiens,
3823 3377 3965 3442 quod
3993 3378 4073 3430 Sol

2490 3454 2762 3520 praedictis
2787 3471 2930 3507 xxv“
2957 3456 3141 3507 diebus
3163 3468 3214 3510 et
3240 3474 3331 3510 vm
3361 3461 3506 3514 horis
3530 3475 3829 3532 peregerat,
3860 3483 4071 3520 rursum

2490 3561 2614 3596 eum
2659 3544 2779 3597 luna
2809 3548 3174 3614 consequitur,
3214 3559 3264 3600 et
3292 3551 3463 3624 cidem
3515 3557 3810 3608 succedens
3857 3558 4072 3624 penitus

2488 3633 2826 3696 obscuratur,
2863 3644 2916 3688 et
2942 3652 3079 3688 xxxa
3135 3636 3389 3701 eflicitur;
3418 3641 3508 3708 qui
3557 3643 3718 3695 etiam
3755 3646 3868 3698 dies
3899 3647 4073 3699 inter-

2488 3725 2691 3776 lunium
2723 3725 2860 3777 solet
2897 3727 3175 3794 appellmi,
3214 3731 3354 3797 quod
3407 3730 3549 3784 inter
3595 3733 3858 3788 defectam
3890 3748 3944 3792 et
3978 3755 4068 3792 re-

2487 3825 2796 3869 nascentem
2828 3816 2897 3867 sit
2925 3817 3122 3870 lunam.

3052 3906 3277 3961 CAPUT
3328 3907 3487 3962 XXII.

2486 3994 2602 4058 Qua
2630 3994 2759 4046 hora
2786 3993 2910 4046 luna
2943 3999 3281 4057 accendatur,
3316 4001 3392 4050 vel
3421 4019 3524 4067 qua
3552 4003 3604 4055 in
3629 4020 3724 4056 sua
3758 4010 4065 4063 acccnsionc

3065 4077 3222 4117 malet
3258 4079 3484 4121 tt’lalcm.

2553 4153 2608 4208 Si
2644 4169 2802 4208 nosse
2831 4156 2984 4223 cupis
3026 4173 3129 4223 qua
3177 4157 3305 4210 hora
3356 4161 3459 4213 dici
3503 4161 3627 4216 luna
3675 4170 4004 4226 accendatur
4034 4191 4062 4227 a

2481 4247 2614 4310 sole,
2647 4246 2696 4298 id
2737 4255 2819 4299 est
2867 4257 3035 4300 nmtet
3070 4258 3305 4313 :etatem,
3353 4251 3475 4306 vide
3520 4267 3717 4323 quotus
3765 4261 3832 4313 sit
3889 4277 4065 4320 annus

2483 4338 2623 4390 illius
2646 4338 2779 4406 cycli
2813 4337 2902 4404 qui
2948 4339 3160 4405 proprie
3189 4338 3392 4393 lunaris
3422 4343 3639 4408 dicitur,
3689 4349 3842 4416 cujus
3873 4352 4062 4407 inven-

2483 4429 2682 4480 tionem
2743 4437 2863 4493 post
2913 4428 3240 4488 docebimus,
3298 4439 3353 4483 et
3420 4448 3702 4489 numerum
3764 4441 4061 4510 multiplica

796 4509 914 4547 unus
940 4512 1101 4563 quam
1134 4501 1478 4568 quotidianos
1509 4520 1606 4572 per
1636 4509 1916 4562 zodiacum
1967 4511 2094 4564 solis
2125 4527 2365 4581 progres-
2409 4507 2452 4562 l)
2483 4516 2788 4583 quinquies,
2818 4515 3005 4582 hisque
3023 4516 3158 4568 adde
3187 4519 3485 4585 praeteritos
3509 4524 3633 4577 anni
3667 4527 3780 4579 dies
3803 4543 3832 4581 a
3860 4501 4060 4584 Kalen-

791 4598 902 4637 sus.
937 4586 1066 4639 Item
1102 4589 1152 4641 in
1200 4592 1387 4644 eodem
1438 4607 1757 4663 argumento
1789 4599 2020 4665 probare
2069 4603 2372 4664 contendis,

791 4677 844 4730 in
875 4693 980 4746 quo
1018 4680 1172 4749 signo
1204 4681 1326 4736 luna
1357 4686 1544 4739 eodem
1576 4687 1660 4740 die
1703 4691 1998 4744 consistat?
2028 4689 2266 4744 Primum
2299 4693 2374 4744 vi-

791 4767 914 4822 deto
942 4769 994 4822 in
1019 4787 1124 4838 quo
1147 4771 1224 4825 sel
1261 4773 1377 4842 ipso
1409 4786 1649 4830 moretur
1678 4779 1784 4842 die,
1819 4789 1872 4833 et
1903 4780 1954 4835 in
1992 4791 2154 4849 quota
2186 4782 2372 4850 ,ipsius

789 4859 925 4929 signi
953 4875 1126 4929 parte,
1161 4865 1212 4917 id
1241 4876 1344 4930 est,
1375 4878 1505 4936 quot
1536 4870 1732 4924 ibidem
1749 4873 1863 4927 dies
1890 4883 2110 4928 exactos
2137 4875 2373 4928 habeat?

789 4944 858 5000 Et
892 4950 1018 5016 quia
1070 4959 1489 5025 unumquodque
1535 4959 1745 5028 signum
1793 4963 2094 5030 perlabitur
2142 4965 2221 5018 sol
2264 4981 2366 5017 xxx

787 5038 994 5104 diebus,
1025 5057 1208 5098 rursus
1237 5047 1415 5100 videto
1438 5061 1568 5117 quot
1598 5054 1666 5106 ab
1694 5069 1758 5107 co
1788 5055 1901 5108 dies
1933 5065 2249 5109 remaneant
2282 5072 2371 5108 us-

787 5144 890 5196 que
923 5135 988 5185 ad
1034 5150 1161 5198 xxx,
1216 5138 1265 5190 id
1300 5149 1384 5192 est
1429 5141 1493 5194 ad
1526 5144 1937 5211 completionem
1990 5146 2164 5215 signi?
2214 5145 2366 5210 Quod

784 5219 1008 5277 inventu
1050 5226 1364 5284 facillimum
1397 5240 1502 5298 est,
1552 5249 1674 5288 cum
1712 5235 1791 5288 sol
1827 5235 2037 5306 singula
2071 5237 2218 5306 signa
2259 5254 2363 5289 non

784 5313 1122 5374 solummodo
1153 5327 1319 5378 certis
1351 5329 1646 5395 mensibus,
1683 5331 1778 5383 sed
1825 5339 1880 5382 et
1922 5330 2086 5382 certis
2126 5330 2361 5398 ipsorum

781 5410 1046 5465 mensium
1078 5414 1238 5470 adeat
1273 5419 1482 5485 diebus,
1518 5422 1788 5490 prmcipue
1821 5437 1887 5474 xv
1933 5421 2052 5474 Kal.
2099 5420 2364 5490 cujusque

781 5501 979 5536 ιιιιηιοίε
1037 5505 1220 5536 nni-un
1265 5508 1467 5536 ,Ιηηεηυι
1519 5511 1600 5536 .tz-
1632 5510 1728 5536 ‘lI..I
1792 5510 1930 5536 A..-:l
2000 5511 2230 5536 ..-2....ηη
2274 5528 2334 5536 -Α.

2477 4609 2558 4661 dis
2584 4606 2823 4661 Januarii
2853 4621 3020 4674 usque
3051 4607 3114 4660 ad
3139 4624 3259 4661 eum
3289 4611 3426 4663 diem
3451 4612 3516 4666 de
3537 4631 3644 4683 quo
3676 4621 3897 4685 quaeris.
3932 4622 4062 4689 Qui-

2477 4699 2575 4750 bus
2605 4695 2656 4748 in
2685 4711 2845 4746 unum
2878 4696 3110 4747 redactis
3133 4695 3337 4750 siinfra
3371 4715 3432 4751 ιιι
3467 4707 3786 4770 manserint,
3819 4720 3895 4762 tot
3923 4728 4060 4780 puu-

2475 4798 2592 4840 ctus
2633 4801 2754 4839 esse.
2800 4785 2942 4838 scias
2990 4785 3239 4838 horarum
3298 4788 3463 4856 ipsius
3521 4793 3658 4858 diei;
3710 4808 3764 4851 et
3815 4800 4059 4870 singulas

2479 4879 2641 4930 horas
2670 4890 2765 4944 per
2793 4876 2985 4943 quinos
3008 4885 3583 4946 punctoscouiputans,
3613 4899 3672 4937 ea
3708 4887 3839 4941 hora
3871 4890 4053 4944 lunam

2475 4966 2677 5018 attemli
2708 4963 2942 5026 noveris,
2971 4963 3053 5015 cui
3084 4964 3323 5032 quinque
3354 4967 3623 5024 defuerint
3645 4978 3827 5040 puncti
3859 4978 3909 5031 in
3942 4988 4055 5032 toto

2474 5057 2640 5124 ipsius
2668 5056 2812 5108 hora?
2843 5063 3062 5122 puncto,
3109 5065 3239 5121 quot.
3281 5057 3461 5123 quinis
3511 5073 3830 5119 canerarum
3863 5084 4053 5138 super-

2471 5148 2668 5201 fuerint
2706 5147 2980 5200 horarum.
3017 5145 3071 5196 Si
3109 5160 3234 5199 vero
3265 5149 3518 5214 praefatus
3547 5169 3804 5210 numerus
3834 5175 4054 5231 sexage-

2473 5238 2681 5289 narium
2705 5235 3020 5294 excesserit,
3050 5235 3253 5302 partire
3292 5254 3435 5303 etim,
3468 5241 3556 5307 qui
3601 5255 3726 5297 sunt
3772 5249 3930 5303 unius
3956 5267 4052 5304 cu-

2464 5326 2658 5394 jusaue
2681 5324 2809 5388 diei,
2839 5324 2889 5376 id
2913 5333 2994 5376 est
3027 5339 3100 5376 xu
3133 5325 3385 5380 horarum
3412 5332 3615 5397 puncti,
3643 5343 3697 5386 et
3718 5337 3808 5402 qui
3836 5351 4054 5391 reman-

2470 5419 2661 5481 serint,
2692 5418 2831 5470 illius
2862 5417 2964 5470 diei
2995 5427 3224 5485 panctos
3249 5433 3366 5474 esse
3401 5403 3692 5478 niemento.
3721 5426 3797 5480 Ex
3830 5428 4047 5498 quibus,

3110 5519 3123 5536 ο
3197 5511 3355 5536 ιιι-...λ
3395 5512 3593 5536 ἤμει-η.-
3654 5528 3772 5536 --,_.
3842 5520 3853 5536 ι

2469 5517 2601 5536 οἶμαι...
2643 5517 2962 5536 ενι.ιαισΙ-ΛΙιιι
