4466 5578
356 432 418 482 37
1587 438 1787 493 LIBER
1829 440 1913 493 Μ
1956 440 2299 503 (ΣΟΜΡΓΥΟ.
3524 475 3590 527 33

358 540 832 607 progredientibus,
859 542 1265 611 .mqualiterquc
1316 560 1412 615 per
1468 563 1533 601 ιχ
1589 552 1797 617 partitis
1843 554 1915 606 nil
1947 562 1991 620 Α
2023 576 2142 614 nem
2164 563 2420 625 sui,untle
2443 572 3067 645 ctqmnquenniumUeg.
3095 581 3586 655 i'ittetnrlustrum].

358 627 668 655 ..ιηηνΓιιΛ-ιέι
718 629 1024 655 .Ι.ιιι.1ηηέ....ι
1054 632 1152 655 .Ιῖ..2
1185 632 1309 655 1----
1356 644 1401 655 Α.
1432 650 1489 655 --Α
1538 636 1585 655 2|
1620 652 1633 655 _
1673 646 1685 655 .
1776 639 1829 655 ι--
2044 651 2074 655 -.
2118 652 2127 655 -
3548 654 3551 655 ,

356 627 692 694 superfuerit,
717 629 1027 683 duodecima
1051 632 1153 683 diei
1184 632 1405 697 hora,et
1432 650 1517 697 vo,
1538 636 1585 687 id
1609 646 1710 699 ea,
1736 639 1922 691 ultimo

354 717 587 784 ejusdem
634 720 777 773 hora:
820 730 1017 790 puncto
1066 723 1209 776 illam
1264 728 1481 779 arcendi
1537 731 1771 796 noveris,
1820 732 1920 787 hoc

355 818 553 861 eertum
584 809 784 864 habens
812 827 1083 879 nunquam
1135 814 1185 866 in
1220 824 1397 873 nocte.
1431 817 1521 869 sed
1567 832 1778 887 semper
1800 835 1919 874 eam

355 899 403 951 in
431 898 513 953 dio
536 900 779 953 accendi.
821 900 890 953 At
927 902 969 954 si
1002 917 1097 969 per
1143 903 1284 956 diem
1333 916 1708 972 argumentum
1738 925 1840 978 qua
1868 910 1919 963 in

354 1003 443 1039 sua
482 991 803 1043 accensioue
847 1000 1019 1043 mutet
1063 1001 1302 1055 aetatem,
1338 994 1580 1049 invenire
1622 997 1918 1063 desideras,

355 1076 627 1143 praelatum
682 1079 887 1148 cyclum
940 1081 1115 1134 sexies
1151 1082 1466 1151 multiplica,
1500 1094 1554 1136 et
1583 1094 1709 1152 quot
1754 1087 1802 1139 in
1829 1101 1921 1140 su-

351 1168 544 1233 periori
582 1182 806 1220 nmnero
836 1170 1148 1221 scaenarios
1172 1171 1444 1236 habueris,
1467 1182 1539 1224 tot
1560 1174 1641 1226 his
1667 1177 1919 1229 mouades

351 1257 514 1319 adde,
552 1256 755 1324 junctis
801 1260 1018 1326 insuper
1077 1261 1288 1328 punctis
1341 1261 1444 1314 illis
1489 1263 1578 1330 qui
1625 1266 1919 1319 sexenariis

348 1343 726 1413 superfuerunt.
791 1345 891 1411 Qui
928 1348 972 1399 si
1026 1347 1163 1399 ultra
1198 1364 1302 1400 xu
1348 1350 1705 1415 excreverint,
1737 1353 1919 1406 recisis

349 1442 605 1502 quotquot
649 1434 1011 1502 superfuerint
1040 1452 1168 1499 xxx,
1190 1436 1681 1504 qui‘rcmanscrint,
1704 1451 1916 1495 :ctatem

354 1521 443 1572 tibi
470 1523 709 1589 pandent
730 1537 890 1589 quam
928 1523 1052 1575 luna
1088 1524 1141 1576 in
1182 1525 1310 1578 hora
1340 1540 1448 1578 suae
1478 1531 1812 1583 accensionis
1837 1539 1919 1583 est

348 1615 601 1683 ingressa.
650 1614 929 1670 Hactenus
974 1617 1074 1669 hac
1118 1618 1429 1684 quotidiana
1479 1617 1732 1672 dicuntur
1760 1636 1916 1689 argu-

348 1716 540 1765 menta,
566 1706 937 1774 quotsingulis
961 1716 1235 1761 mutentur
1256 1707 1477 1773 diebus;
1505 1709 1630 1763 hinc
1654 1711 1717 1763 ad
1738 1726 1913 1764 annua

345 1794 637 1848 veniamus.

898 1886 1122 1943 CAPUT
1164 1888 1345 1941 XXIII.

345 1970 577 2036 Qualiter
621 1975 955 2028 inveniantur
998 1978 1124 2030 anni
1161 1979 1224 2030 ab
1276 1981 1635 2033 incarnatione
1680 1980 1910 2035 Domini.

407 2059 647 2115 Primum
704 2065 865 2133 igitur
914 2080 1084 2119 annos
1135 2068 1201 2121 ab
1260 2068 1630 2123 incarnatione
1679 2070 1911 2135 Domini,

340 2150 569 2218 qualiter
593 2152 896 2207 inveniendi
925 2156 1050 2217 sint,
1075 2157 1371 2219 videamus,
1401 2168 1457 2211 ut
1477 2174 1573 2226 per
1599 2173 1691 2212 eos
1718 2170 1913 2215 extera

337 2252 655 2306 argumenta
704 2243 1057 2312 reperiamus.
1107 2246 1293 2300 Annos
1332 2249 1498 2317 igitur
1539 2250 1608 2304 ab
1659 2250 1911 2304 incarna-

343 2332 483 2384 tione
517 2331 751 2397 Domini,
783 2345 913 2403 quot
956 2338 1085 2400 sint,
1133 2338 1465 2403 inventurus,
1499 2355 1652 2394 sume
1696 2342 1913 2396 ordines

343 2418 695 2473 indictionum
720 2438 838 2489 quae
865 2424 1098 2478 [luerunt
1119 2425 1185 2477 ab
1211 2427 1324 2495 ipsa
1348 2428 1720 2483 incarnatione
1744 2446 1911 2497 usque

335 2521 491 2568 nunc,
526 2507 577 2559 id
606 2518 691 2561 est
717 2513 1003 2579 Lut,quia
1031 2514 1250 2583 singula:
1294 2516 1612 2572 indictiones
1637 2519 1908 2586 quindeci-

337 2607 523 2647 norum
573 2606 797 2649 currunt
854 2600 1184 2656 revolutione
1239 2619 1533 2671 annorum;
1595 2608 1907 2675 prxdietum

336 2696 613 2737 numerum
645 2686 938 2754 multiplica
969 2704 1064 2756 per
1092 2706 1181 2755 xv,
1209 2700 1262 2745 et
1298 2692 1430 2747 liunt
1472 2695 1618 2749 mille
1647 2711 1747 2749 va
1774 2714 1788 2751 :
1818 2698 1906 2751 bis

337 2772 467 2825 adde
498 2789 593 2839 xu,
611 2775 732 2841 quia
755 2779 965 2843 quando
982 2778 1091 2846 ipsa
1110 2781 1408 2855 inc-amatio
1433 2783 1569 2838 facta
1586 2799 1685 2848 cst,
1704 2802 1761 2839 tu
1779 2788 1907 2842 anni

336 2861 397 2913 de
428 2861 514 2913 illa
549 2863 838 2918 indictione
865 2882 1250 2935 praecesserant
1272 2883 1326 2925 et
1359 2889 1432 2927 xu
1467 2878 1763 2936 restabant.
1791 2876 1898 2931 llos

336 2967 459 3020 ergo
503 2954 592 3021 qui
643 2970 1018 3009 remanserant
1070 2960 1289 3026 prwlato
1337 2964 1500 3034 junge
1552 2982 1799 3031 numero,
1854 2975 1909 3021 ct

338 3040 470 3093 liunt
496 3042 636 3095 mille
668 3060 872 3098 Lxxvn.
907 3046 1054 3100 Adde
1085 3065 1295 3117 semper
1319 3054 1480 3116 illius,
1505 3056 1567 3108 de
1592 3072 1697 3123 quo
1714 3056 1908 3123 quzcris

331 3128 697 3194 indictiouem,
748 3131 887 3185 sicut
931 3135 1031 3188 hoc
1060 3152 1199 3189 almo
1231 3154 1347 3200 xm,
1376 3150 1429 3194 et
1480 3143 1609 3196 [ient
1647 3144 1791 3198 mille
1820 3160 1903 3198 zc.

2026 651 2242 713 dicitur,
2295 664 2348 707 et
2400 657 2648 719 lustrare,
2701 676 2950 732 purgare,
2999 670 3291 737 smpissimc
3339 654 3586 731 dicimus.

2024 738 2210 794 Flebat
2240 754 2416 798 autem
2458 747 2557 799 hoc
2584 763 2763 803 mense
2795 752 3105 819 Februario,
3144 774 3300 827 quem
3332 763 3400 815 ob
3428 765 3527 817 hoc
3558 784 3585 818 a

2022 827 2251 893 Februo,
2286 832 2334 884 id
2367 843 2449 887 est
2477 850 2503 885 a
2536 835 2759 892 Plutone
2797 855 3143 909 vocaverunt,
3193 863 3350 915 quem
3396 866 3588 922 purga-

2023 928 2191 973 torem
2248 924 2554 979 credebant.
2602 928 2874 986 Februare
2922 936 3063 989 enim
3110 952 3338 1009 purgare
3370 944 3588 1011 dicitur,

2022 1010 2129 1065 imo
2153 1021 2319 1068 totum
2351 1030 2591 1071 mensem
2633 1020 2734 1072 diis
2763 1020 3007 1078 Manibus
3036 1027 3433 1085 dedicaverunt.

2580 1109 2803 1164 CAPUT
2858 1114 3020 1168 XXV.

2372 1193 2611 1260 Qualiter
2642 1210 2834 1266 epactm
2879 1203 3228 1260 inveniantur.

2090 1282 2317 1349 Epactas
2348 1285 2633 1352 cujuslibet
2662 1290 2785 1341 anui
2823 1302 3149 1359 reperturus,
3205 1298 3335 1350 nihil
3382 1299 3587 1355 addens

2020 1373 2173 1423 annis
2205 1372 2409 1425 Domini
2458 1386 2549 1426 aut
2586 1376 2852 1441 minuens,
2883 1382 3111 1448 primum
3141 1400 3236 1453 per
3266 1403 3352 1439 xtx
3385 1390 3584 1452 divide,

2018 1471 2063 1509 et
2098 1470 2227 1529 quot
2253 1464 2626 1526 remanserint,
2658 1481 2843 1521 rursus
2890 1470 3183 1540 multiplica
3230 1491 3325 1544 per
3352 1493 3429 1541 χι,
3461 1488 3515 1532 et
3541 1480 3586 1534 si

2021 1567 2272 1606 numerus
2322 1552 2406 1605 ille
2452 1554 2587 1607 infra
2648 1572 2750 1610 xxx
2808 1563 3149 1626 remanserit,
3197 1578 3417 1633 epactas
3446 1568 3587 1622 illius

2018 1640 2140 1690 anni
2174 1653 2291 1693 esse
2337 1641 2498 1693 scias.
2533 1643 2682 1707 Quod
2738 1646 2781 1697 si
2817 1647 2954 1701 ultra
2987 1654 3306 1717 excreverit,
3340 1655 3586 1721 sublatis,

2017 1738 2250 1797 quotque
2278 1731 2491 1799 triginta
2526 1736 2727 1802 reperis
2757 1738 2997 1791 residuos
3023 1739 3161 1810 [cort.
3193 1745 3569 1798 remanserint.

2018 1819 2126 1871 vid.
2164 1820 2241 1872 sic
2289 1823 2529 1875 mutand.
2558 1824 2784 1878 sublatis
2815 1826 3050 1895 triginta,
3080 1842 3210 1897 quot
3240 1834 3559 1903 reperis....'l

3570 1876 3584 1895 0

1946 1896 1987 1953 Β
2019 1925 2115 1976 pro
2140 1912 2344 1978 epactis
2374 1913 2611 1967 habebis.
2657 1914 2711 1969 Si
2760 1917 2889 1969 nihil
2922 1896 3259 1983 remanserit,
3291 1896 3429 1981 nulla
3469 1935 3581 1987 est;

2015 1998 2135 2064 quia
2191 2013 2287 2066 per
2334 2014 2424 2053 xix
2478 2016 2647 2056 annos
2694 2014 3002 2072 epactarum
3054 2008 3286 2062 volvitur
3328 2012 3582 2067 circulus.

2013 2087 2215 2141 Idcirco
2248 2104 2416 2143 annos
2438 2090 2647 2145 Domini
2676 2109 2769 2161 per
2794 2095 2965 2163 ipsum
2991 2112 3269 2152 numerum
3298 2102 3583 2169 partinmr,

2015 2175 2284 2229 residuum
2345 2193 2439 2245 per
2472 2194 2522 2232 xl
2576 2182 3012 2249 multiplieamus,
3056 2186 3178 2253 quia
3238 2197 3313 2241 tot
3363 2191 3588 2260 singulis

2013 2263 2168 2315 annis
2218 2276 2534 2319 accrescunt
2586 2279 2807 2336 epuctm.
2860 2270 2990 2324 Eunt
3036 2288 3248 2341 quoque
3304 2293 3585 2333 numerum

2014 2366 2195 2404 rursus
2238 2367 2333 2420 per
2377 2368 2484 2405 xxx
2524 2356 2795 2419 metimur,
2826 2373 2983 2426 quem
3030 2373 3229 2429 epacttc
3277 2381 3381 2419 non
3428 2383 3584 2421 exce-

2010 2439 2171 2503 dunt;
2210 2441 2275 2492 ad
2314 2456 2484 2495 annos
2510 2443 2723 2497 Domini
2762 2460 2859 2499 nec
2889 2448 3135 2504 addimus
3163 2454 3453 2522 quidquam
3480 2472 3582 2510 nec

2012 2529 2321 2591 minuimus,
2354 2532 2477 2598 quia
2515 2533 2727 2598 quando
2766 2543 2921 2587 natus
2944 2547 3028 2591 est
3060 2540 3315 2595 Dominus
3341 2558 3393 2597 χι
3423 2555 3581 2599 erant

2010 2626 2231 2682 epaclte,
2263 2618 2349 2670 ubi
2383 2618 2591 2687 iucipiit
2617 2634 2737 2673 esse
2772 2622 2955 2690 cyclus
2984 2636 3317 2693 epactarum.

2574 2710 2798 2766 CAPUT
2826 2713 3013 2769 XXVI.

2012 2795 2283 2861 Quomodo
2309 2800 2483 2870 cyclus
2523 2804 2647 2854 solis
2679 2804 2990 2865 inveniatur,
3022 2817 3070 2859 et
3126 2825 3217 2862 cur
3262 2829 3353 2879 per
3410 2830 3579 2869 xxvm

2559 2888 2721 2924 annos
2754 2886 2981 2927 recurrat
3002 2878 3025 2928 5’

2080 2957 2497 3022 Concurrentes,
2530 2962 2579 3013 id
2610 2970 2692 3015 est
2720 2975 2939 3030 epactas
2983 2967 3111 3021 solis
3157 2968 3494 3034 inventurus,
3526 2976 3578 3028 in

2012 3051 2161 3103 initio
2187 3053 2350 3119 ipsius
2382 3053 2509 3106 solis
2539 3053 2743 3122 cyclum
2789 3070 2881 3122 per
2930 3074 3087 3125 quem
3143 3072 3369 3116 currunt
3416 3065 3580 3119 debes

1970 3156 1977 3163 ν
2011 3139 2288 3205 invenire;
2322 3143 2409 3208 qui
2438 3142 2635 3195 idcirco
2663 3159 2757 3211 per
2788 3161 2949 3197 xxvnt
2978 3163 3146 3201 annos
3187 3152 3494 3217 revolvitur,
3523 3166 3579 3210 ut

331 3217 419 3270 Isti
449 3228 572 3271 sunt
602 3222 722 3272 anni
757 3222 825 3275 ab
857 3222 1222 3280 incarnatione
1247 3227 1477 3282 Domini.
1503 3232 1763 3287 Similiter
1791 3238 1903 3290 sin-
1935 3222 1979 3281 (ἶ
2010 3228 2090 3280 Si"

1814 3238 1903 3290 vi..-
1935 3222 1979 3281 C
2010 3228 2233 3296 singulae
2280 3239 2663 3284 concurrentes
2710 3234 2760 3284 in
2816 3233 3108 3289 bissextum
3161 3240 3408 3304 veniant,
3437 3246 3578 3310 quo'l

330 3306 466 3374 gulis
498 3310 649 3361 anuis
679 3309 862 3373 facito,
887 3320 939 3364 ct
967 3328 1132 3367 annos
1163 3315 1371 3370 Domini
1396 3320 1511 3373 sine
1536 3334 1719 3377 errore
1750 3342 1904 3395 repe-

329 3398 454 3449 ries.
488 3395 598 3449 Iloc
627 3408 829 3451 tantum
861 3416 1068 3455 memor
1097 3414 1232 3467 esto,
1266 3417 1345 3469 ut,
1376 3424 1496 3460 cum
1533 3426 1597 3462 xv
1630 3423 1901 3473 transacta

328 3483 489 3538 fuerit
516 3486 753 3552 indictio,
786 3499 840 3543 et
867 3492 1040 3545 denuo
1068 3494 1242 3562 prima
1275 3498 1508 3558 redierit,
1533 3501 1599 3553 ad
1623 3504 1902 3570 pnelatum

337 3591 619 3630 numerum
653 3595 815 3632 unum
868 3597 1080 3651 semper
1125 3585 1363 3654 atijicias,
1417 3589 1468 3642 id
1492 3599 1597 3655 est,
1652 3609 1753 3647 non
1790 3596 1902 3664 jam

327 3682 452 3720 uxr
497 3668 632 3722 sicut
667 3686 827 3734 nunc,
859 3673 949 3725 sed
997 3690 1141 3730 Lxxu
1191 3678 1530 3749 multiplices,
1560 3694 1615 3738 et
1671 3688 1900 3758 reliqua,

329 3768 392 3811 ut
423 3759 621 3813 dictum
653 3771 755 3827 est,
799 3762 1072 3819 observes.

530 3852 539 3859 ’
888 3874 1112 3929 eam
1152 3876 1337 3932 xxw.

331 3960 489 4031 Origo
535 3962 902 4028 indictionum,
946 3977 993 4016 et
1035 3968 1261 4045 qualiter
1305 3970 1522 4039 singulis
1562 3977 1710 4028 annis
1754 3981 1897 4031 inre-

995 4046 1227 4089 ntantur.

399 4121 717 4177 Indictiones
766 4122 1028 4193 cujusque
1080 4128 1203 4180 anni
1260 4128 1498 4185 invenire
1560 4133 1894 4201 desiderans,

322 4229 477 4268 smne
524 4231 695 4269 annos
748 4216 978 4280 Domini,
1010 4227 1270 4286 quotquot
1301 4218 1497 4275 fuerint
1537 4223 1587 4275 in
1623 4229 1895 4293 prresenti,

322 4318 378 4362 et
404 4308 486 4362 his
511 4308 645 4361 adde
674 4308 946 4377 regulares
975 4324 1057 4371 ιιι,
1083 4309 1198 4361 illos
1227 4311 1429 4363 scilicet
1454 4328 1620 4366 annos
1644 4316 1730 4382 qui
1764 4333 1896 4384 prae-

322 4408 600 4453 cesserant
631 4399 696 4452 de
742 4399 1029 4453 indictione
1066 4418 1167 4466 qua
1215 4409 1369 4455 natus
1413 4413 1493 4455 est
1533 4404 1815 4470 Dominus,
1841 4416 1895 4461 et

323 4496 489 4541 totam
516 4489 655 4541 hanc
686 4503 946 4541 summam
979 4491 1178 4557 partire
1216 4506 1307 4559 per
1352 4508 1440 4556 xv,
1478 4501 1530 4545 et
1561 4495 1648 4562 qui
1683 4512 1892 4551 reman-

319 4578 508 4638 serint,
541 4578 655 4647 ipsa
680 4586 761 4631 est
792 4578 1013 4631 imlietio
1042 4580 1323 4648 praesentis
1352 4582 1501 4634 anni.
1542 4582 1595 4635 Si
1635 4584 1765 4637 nihil
1811 4604 1893 4641 re-

320 4670 603 4730 manserit,
635 4683 733 4720 xva
761 4670 883 4721 erit.

389 4758 744 4813 Indictionum
774 4760 1036 4829 originem
1071 4758 1255 4829 paucis
1286 4760 1462 4816 verbis
1506 4766 1717 4833 aperire
1742 4766 1889 4824 libet.

319 4831 528 4907 Dicitur
577 4861 753 4905 autem
802 4850 868 4904 ab
923 4852 1224 4905 indicendo.
1280 4854 1412 4908 Cum
1468 4856 1611 4908 enim
1662 4856 1889 4912 Romani

318 4943 569 4996 omnibus
598 4956 731 5010 pene
758 4942 1001 5009 gentibus
1034 4943 1380 5009 imperarent,
1406 4943 1655 4999 omnibus
1684 4946 1885 5001 tributa

321 5034 654 5093 indixerunt,
703 5046 821 5101 qua:
853 5034 931 5085 eis
961 5032 1151 5100 quinto
1206 5047 1343 5085 anno
1375 5047 1586 5103 semper
1616 5036 1890 5105 impende-

324 5126 547 5176 bantur.
578 5121 684 5174 Sed
720 5122 889 5190 primo
919 5122 1288 5191 quinquennio
1314 5140 1405 5188 :es,
1436 5125 1669 5178 secundo
1697 5140 1889 5195 argen-

321 5223 456 5273 tum,
490 5211 647 5264 tertio
671 5211 972 5264 solvebatur
999 5226 1208 5263 aurum.
1238 5211 1442 5278 Quarto
1477 5227 1660 5267 rursus
1691 5228 1718 5265 a
1751 5217 1894 5283 priu-

318 5302 464 5370 cipio
522 5301 871 5367 repetebatur,
938 5300 990 5354 id
1048 5309 1129 5353 est
1190 5303 1256 5354 ab
1304 5318 1438 5369 :ere;
1503 5304 1643 5357 unde
1687 5302 1891 5372 junctis

1128 5391 1373 5414 :n.'3-n!_,_
1394 5410 1408 5413 _

400 5407 699 5414 .-ιιι-..ω-...η
730 5407 792 5414 ...-
819 5409 909 5414 -__.
928 5407 1021 5414 -....

2010 3318 2123 3372 ﬁeri
2159 3336 2262 3373 non
2292 3330 2488 3388 potest,
2531 3322 2631 3374 nisi
2673 3336 2767 3390 per
2792 3330 2869 3375 tot
2896 3338 3083 3385 annos,
3114 3342 3235 3379 cum
3272 3330 3399 3397 ipsae
3444 3347 3576 3385 eon-

2006 3419 2290 3463 currentes
2322 3425 2491 3478 usque
2517 3411 2583 3462 ad
2637 3412 2994 3478 septenarium
3044 3416 3330 3482 proﬁciant
3387 3434 3575 3473 nume-

2006 3515 2146 3564 rum,
2175 3509 2229 3554 et
2258 3516 2361 3554 non
2391 3501 2490 3553 nisi
2525 3510 2714 3569 quarto
2747 3516 2886 3553 anno
2913 3517 3128 3572 semper
3154 3505 3426 3561 bissextus
3454 3524 3577 3562 eve-

2007 3589 2371 3655 niat.Quatcr
2421 3590 2563 3641 enim
2612 3604 2704 3650 vn,
2760 3605 2926 3643 διν-ιιι
2981 3601 3123 3643 sunt.
3181 3592 3320 3663 Ergo
3365 3595 3573 3665 cyclnm

2005 3675 2233 3729 solarem
2286 3676 2526 3729 invenire
2575 3676 2828 3743 cupiens,
2860 3678 2925 3729 ad
2980 3695 3258 3733 numerum
3310 3697 3573 3738 annorum

2004 3766 2210 3817 Domini
2238 3781 2450 3833 semper
2485 3766 2664 3818 addito
2699 3783 2772 3826 Iv,
2801 3768 2928 3835 quia
2990 3777 3066 3822 tot
3112 3772 3235 3823 anni
3287 3789 3575 3840 przecesse-

2006 3862 2128 3905 runt
2157 3854 2222 3905 de
2250 3853 2437 3906 eodem
2477 3870 2699 3907 nurnero
2732 3858 2897 3921 ipsam
2948 3856 3392 3922 incarnationem,
3430 3872 3569 3917 tum-

2003 3957 2106 4011 que
2135 3941 2272 3995 hanc
2302 3958 2562 3995 summam
2596 3943 2771 3996 divide
2805 3960 2897 4011 per
2928 3961 3055 4006 xvn,
3090 3958 3142 4000 et
3188 3959 3317 4017 quot
3352 3966 3565 4005 reman-

2003 4032 2192 4095 serint,
2229 4040 2368 4085 totus
2390 4040 2472 4086 est
2511 4048 2701 4086 almus.
2736 4031 2790 4086 Si
2820 4043 2998 4087 autem
3049 4038 3179 4090 nihil
3232 4042 3570 4105 remanserit,

2002 4137 2271 4176 xxvmvus
2300 4132 2402 4176 est.
2531 4177 2539 4186 _

2546 4214 2773 4269 CAPUT
2806 4214 3015 4270 XXVII.

2142 4307 2222 4359 Ad
2250 4307 2579 4360 inveniendus
2609 4318 2968 4361 concurrentes
3006 4308 3257 4379 cujusque
3281 4313 3426 4364 anni.

2068 4398 2215 4465 Ipsas
2244 4414 2369 4451 vero
2398 4408 2781 4451 concurrentes
2806 4397 3031 4467 alicujus
3056 4400 3180 4452 anui
3206 4400 3445 4455 invenire
3476 4403 3571 4455 de.

2000 4487 2261 4550 siderans,
2294 4501 2443 4540 sume
2473 4502 2612 4555 srcpe
2634 4486 2883 4555 praefatos
2908 4502 3078 4542 annos
3103 4490 3337 4555 Domini,
3363 4500 3418 4545 et
3443 4495 3569 4561 quia

1998 4594 2211 4647 semper
2239 4588 2433 4646 quarto
2458 4593 2598 4631 auito
2624 4593 2762 4631 unus
2798 4579 2869 4632 ob
2899 4578 3199 4633 bissextum
3242 4583 3568 4644 transilitur,

1996 4668 2163 4720 totius
2200 4668 2407 4720 tmmeri
2437 4676 2682 4735 quartam
2723 4677 2930 4735 partem
2967 4668 3221 4736 adjicies,
3269 4680 3323 4725 et
3373 4674 3571 4727 additis

1994 4756 2215 4824 insuper
2247 4755 2575 4825 regularibus
2601 4771 2683 4820 tv,
2713 4756 2836 4823 quia
2870 4766 2943 4810 tot
2995 4769 3390 4825 praecesserunt
3436 4778 3567 4817 eon-

1993 4856 2272 4900 curreutes
2301 4861 2499 4900 annum
2531 4846 2819 4899 Dominicze
2851 4847 3183 4913 nativitatis,
3217 4858 3390 4903 totum
3422 4853 3567 4905 hunc

1993 4949 2275 4988 numerum
2302 4949 2397 5003 per
2420 4949 2491 4987 vn
2521 4932 2717 4998 divide,
2748 4944 2797 4988 et
2828 4943 2957 5003 quot
2987 4947 3301 5003 supersunt,
3330 4939 3395 4991 ad
3423 4941 3539 5009 ejus

1997 5024 2117 5077 dem
2150 5023 2272 5075 anni
2307 5033 2689 5079 concurrentes
2712 5033 2851 5079 tene.
2884 5023 2938 5079 Si
2968 5024 3102 5078 nihil
3132 5029 3475 5095 remanserit,
3503 5045 3575 5082 vn

1995 5128 2114 5167 esse
2138 5115 2291 5168 scito.

2526 5204 2754 5262 CAPUT
2809 5203 3039 5261 XXVIII.

2355 5300 2555 5366 Quotus
2581 5313 2752 5353 annus
2781 5300 2848 5352 sit
2884 5315 2915 5350 a
2950 5296 3220 5353 bissexto?

2069 5383 2256 5414 IlI—nu...
2308 5408 2427 5414 -.-e-

2487 5390 2755 5414 Ικξιυ-Ανι---
2809 5391 2887 5414 -.-Ι
2939 5400 3135 5414 Iun-AI--.»
3188 5394 3245 5414 -l-
3298 5393 3481 5414 ---I-,_-
3519 5394 3587 5414 -2-
