4466 5578
910 410 977 459 πςι
1966 397 2321 452 ιιῑᾳιλκιςαιει
2365 394 2668 450 ΜΟΝΜἹΙΙΙ

2370 394 2668 450 ΜΟΝΜἹΙΙΙ
2710 396 2765 450 S.
2811 397 3007 453 GALLI
4069 404 4134 457 40

900 532 953 575 et
982 536 1075 589 per
1105 520 1308 588 eyclum
1340 516 1568 571 solarcm
1599 512 1844 567 inveniri.
1881 511 2303 577 Quotuscnnque
2323 507 2466 561 enim
2498 510 2546 565 Α

902 610 1080 673 fuerit,
1119 624 1225 666 uno
1254 607 1485 668 sublato,
1517 604 1759 657 residuos
1807 618 1901 669 per
1952 615 2003 652 tv
2058 598 2258 661 divide,
2306 604 2361 650 et
2414 606 2473 648 ut

901 715 1083 767 supra,
1114 715 1209 768 per
1249 712 1418 751 annos
1446 694 1675 756 Domini,
1724 707 1791 744 an
1844 690 2114 745 bissextus
2152 687 2233 742 vel
2277 696 2473 756 quotus

899 791 967 842 ab
1004 803 1067 842 eo
1093 789 1164 841 sit
1190 785 1661 848 annus,inveuies.

1462 910 1688 972 CAPUT
1721 915 1911 971 XXIX.

905 1049 1178 1114 Quomodo
1206 1049 1500 1102 inveniatur
1525 1045 1708 1115 cyclus
1723 1048 1948 1105 lunaris,
1975 1054 2021 1096 et
2049 1059 2164 1115 qum
2188 1044 2277 1115 sit
2323 1041 2473 1115 (li/fe.-

972 1121 1139 1173 rentia
1170 1120 1306 1170 inter
1331 1133 1498 1183 ipsum
1527 1113 1574 1169 et
1607 1116 1822 1177 xulem,
1849 1125 1894 1166 et
1933 1113 2157 1183 qualiter
2181 1113 2475 1164 inveniatur

970 1204 1062 1256 per
1088 1186 1399 1239 zodiacum?

970 1338 1051 1391 Ad
1081 1336 1286 1408 cyelum
1318 1336 1455 1391 luna:
1498 1336 1874 1390 inveniendum
1901 1349 1931 1388 e
1954 1349 2177 1389 numero
2206 1348 2469 1387 annorum

902 1424 1137 1490 Domini,
1169 1426 1377 1480 duobus
1430 1424 1655 1479 sublatis
1701 1425 1812 1493 qui,
1873 1426 1981 1479 Deo
2034 1425 2347 1482 humanato.
2408 1423 2473 1474 de

900 1520 1086 1571 eodem
1123 1517 1272 1588 cyrlo
1302 1517 1597 1581 restabant,
1626 1526 1849 1570 ca'teros
1880 1531 1979 1585 per
2008 1530 2098 1568 χιχ
2130 1513 2473 1581 divide,quo-

902 1623 1016 1660 rum
1051 1617 1263 1661 constat
1292 1607 1653 1671 revolutione;
1711 1605 1911 1660 residui
1962 1605 2203 1658 lunarem
2255 1603 2466 1673 cyclum

898 1699 1206 1752 oStendunt.
1236 1697 1290 1753 Si
1324 1698 1453 1752 nihil
1485 1699 1823 1761 remanserit,
1851 1715 1939 1752 .vtx
1965 1706 2144 1752 erunt.
2168 1696 2316 1750 llunc
2341 1710 2471 1748 sane

898 1788 1106 1856 ryclum
1141 1788 1505 1841 llomanorum
1535 1790 1811 1858 proprium
1849 1803 1968 1841 esse
2006 1786 2164 1846 scias,
2195 1785 2334 1839 sicut
2358 1799 2468 1837 χιιι-
2501 1826 2543 1885 Β

898 1877 1035 1927 alem
1062 1877 1336 1944 proprium
1362 1890 1482 1929 esse
1504 1885 1718 1929 constat
1747 1875 2111 1936 llebrmornm,
2150 1883 2207 1927 et
2256 1888 2285 1926 a
2338 1881 2467 1925 tem-

899 1978 1027 2031 pore
1056 1963 1345 2017 Dominicze
1376 1965 1786 2018 resurrectionis
1811 1964 1970 2017 etiam
1995 1962 2462 2026 Christianorum;

897 2057 1321 2124 ubservaturque
1363 2056 1464 2109 iste
1495 2056 1678 2124 cyclus
1710 2056 1758 2109 in
1810 2054 1932 2108 luna
1972 2053 2237 2117 Januarii,
2267 2055 2355 2121 qui
2387 2063 2468 2105 est

898 2144 1096 2197 mensis
1131 2143 1494 2196 Romanorum
1512 2144 1744 2210 primus,
1770 2143 1911 2196 sicut
1952 2142 2040 2195 ille
2092 2142 2142 2195 in
2195 2140 2464 2200 Paschali,

898 2248 1056 2300 quem
1085 2234 1314 2300 prinntm
1347 2232 1540 2284 .vtxalis
1566 2246 1801 2285 mensem
1828 2246 1947 2285 esse
1980 2230 2323 2284 llebrmorum
2370 2231 2469 2282 Do-

897 2324 1074 2376 miuus
1098 2324 1210 2391 ipse
1240 2331 1485 2385 testatur,
1505 2323 1594 2391 qui
1623 2322 1884 2375 Paschale
1912 2332 2311 2376 sacramentum
2337 2337 2467 2389 pne.-

898 2414 1064 2478 misit,
1092 2415 1314 2468 dicens:
1353 2433 1370 2463 ι
1401 2412 1597 2466 Mensis
1632 2414 1731 2465 iste
1774 2413 1926 2465 vobis
1974 2413 2293 2482 principium
2324 2425 2471 2463 tuen-

897 2503 1033 2554 siunt
1061 2520 1075 2554 7:
1104 2503 1307 2567 primus
1334 2503 1435 2555 erit
1467 2502 1517 2553 in
1565 2501 1839 2554 mensibus
1884 2503 2032 2553 anni.
2073 2520 2090 2551 ι
2126 2501 2277 2553 Sicut
2325 2499 2467 2551 enim

899 2590 988 2641 ille
1018 2591 1204 2658 incipit.
1231 2594 1298 2643 ah
1321 2606 1429 2645 acc:
1452 2591 1642 2644 usione
1666 2590 1804 2644 luna-
1826 2591 2117 2654 Paschalis,
2141 2599 2191 2641 et
2217 2605 2384 2658 usque
2404 2588 2469 2640 ad

904 2682 1148 2733 eamdem
1182 2683 1488 2750 porrigitur,
1526 2682 1772 2735 similiter
1808 2691 1863 2735 et
1910 2685 2008 2735 istc
2056 2697 2084 2733 a
2128 2682 2296 2750 prima
2346 2682 2467 2733 luna

897 2769 1134 2825 Januarii
1164 2772 1443 2841 incipiens,
1470 2772 1533 2824 ad
1561 2773 1806 2824 eamdem
1834 2771 2113 2824 deducitur
2148 2770 2327 2838 ibique
2352 2769 2468 2821 lini-

904 2869 1011 2925 tur,
1046 2862 1248 2915 habens
1275 2870 1327 2913 et
1366 2863 1477 2930 ipse
1527 2876 1836 2915 communes
1878 2877 2065 2923 annos,
2105 2861 2467 2914 duodeuorum

901 2952 1109 3010 scilicet
1151 2956 1437 3017 mensium,
1466 2955 1671 3008 dierum
1705 2970 1908 3019 cccttv,
1951 2970 2155 3008 necnon
2192 2963 2246 3006 et
2287 2954 2471 3007 embo-

902 3047 1085 3098 lismos
1118 3061 1209 3098 xm
1245 3046 1505 3098 mensium
1535 3054 1587 3098 et
1616 3061 1868 3098 ccccxxtv
1895 3048 2120 3102 dierum,
2145 3054 2221 3107 et,
2248 3053 2470 3112 excepto

3132 511 3357 567 CAPle
3405 512 3570 567 XXX.

2577 596 2715 661 Quid
2771 599 2837 651 sit
2878 601 3127 654 terminus
3182 601 3414 667 Paaclm',
3446 606 3524 657 rel
3552 606 3761 676 quando
3805 608 4138 663 observetur!

2645 685 2957 741 'l‘erminum
2996 689 3215 745 Pascha“:
3242 693 3371 746 nihil
3403 694 3547 747 aliud
3574 696 3803 750 dicimus
3840 711 3999 767 quam
4048 716 4137 753 λιν

2574 773 2789 840 lunam,
2843 793 2961 846 qum
3014 781 3243 848 primum
3297 785 3531 837 occurrit
3593 795 3705 855 post
3758 790 4133 856 mquinoctium

2572 870 2816 936 vernale;
2843 873 3056 939 quando
3082 873 3132 925 in
3164 872 3526 929 immolatione
3557 878 3678 946 agni
3708 877 3907 933 Judmis
3931 879 4134 935 Pascha

2575 958 2752 1016 facere
2780 961 2905 1014 olim
2932 970 3253 1030 prmeeptnm
3278 975 3390 1027 est;
3444 980 3547 1033 qua
3579 967 3737 1021 etiam
3778 978 3933 1020 nocte
3965 971 4139 1023 Denti-

2577 1068 2676 1106 nus
2704 1060 2885 1106 noster
2910 1052 3000 1105 illo
3036 1054 3263 1122 primum
3298 1055 3474 1124 typico
3497 1055 3700 1110 Pascha
3732 1066 3886 1125 pacto
3912 1059 4139 1114 traditus

2573 1152 2673 1206 est,
2704 1145 2826 1199 licet
2852 1146 3093 1214 sequenti
3122 1147 3226 1207 die.
3255 1148 3305 1201 id
3349 1158 3431 1202 est
3460 1165 3547 1213 xv,
3574 1165 3673 1219 pro
3707 1161 3890 1206 nostra
3922 1155 3991 1207 sit
4022 1170 4137 1208 om—

2576 1236 2721 1287 nium
2755 1234 2926 1288 salute
2952 1235 3279 1289 immolatus.
3311 1237 3461 1303 Quod
3496 1240 3873 1307 tequiuoctium
3912 1258 3983 1295 xu
4016 1242 4135 1295 Kal.

2574 1324 2741 1392 April.
2773 1340 3059 1379 occurrere
3107 1342 3267 1395 supra
3327 1337 3604 1383 ostensum
3654 1340 3758 1384 est.
3808 1330 4139 1401 Quacunque

2576 1416 2737 1486 igitur
2766 1418 3079 1487 septimana:
3104 1419 3187 1472 die
3218 1420 3338 1473 luna
3369 1435 3477 1485 xw,
3506 1421 3617 1475 sive
3648 1421 3699 1474 in
3747 1421 3862 1490 ipso
3905 1425 4139 1491 :equiuo-

2574 1508 2702 1568 etio,
2730 1507 2840 1561 sive
2869 1523 2933 1562 eo
2966 1518 3236 1564 transacto
3264 1511 3583 1575 occurrerit,
3603 1512 3889 1565 terminum
3921 1512 4139 1568 Pascha»

2573 1598 2816 1653 dicimus.
2851 1599 3022 1669 Ipsam
3068 1615 3193 1655 vero
3238 1601 3630 1656 solemnitatem
3693 1603 3743 1657 in
3803 1604 4137 1658 Dominicum

2573 1693 2733 1755 diem,
2763 1708 2869 1762 quo
2906 1693 3159 1746 Dominus
3188 1696 3499 1758 resurrexit,
3527 1696 3840 1759 dill‘crimus,
3858 1708 3913 1750 et
3940 1698 3983 1751 si
4012 1713 4141 1751 coa-

2575 1784 2755 1852 tigerit
2787 1784 2955 1852 ipsum
2990 1783 3273 1837 terminum
3302 1785 3387 1838 die
3412 1784 3687 1839 Dominico
3713 1787 3929 1840 evenire
3948 1826 3961 1849 ,
3994 1787 4139 1840 nihi-

2572 1874 2802 1928 lominus
2832 1876 2881 1927 in
2910 1874 3133 1928 alteram
3165 1875 3495 1929 Dominicam
3534 1886 3773 1930 nostrum
3808 1878 4014 1931 Pascha
4046 1892 4141 1931 ex-

2571 1972 2894 2032 spectamus,
2924 1973 2981 2017 ut
3032 1964 3180 2018 nutlti
3231 1965 3450 2030 dicunt,
3501 1981 3566 2019 ne
3609 1965 3890 2021 .ludaienm
3937 1966 4137 2020 Pascha

2571 2055 2860 2106 observare
2889 2054 3186 2117 videamur,
3216 2055 3258 2108 si
3309 2070 3430 2108 cum
3486 2055 3589 2110 illis
3641 2057 3825 2109 eadem
3881 2057 4138 2110 solemnia

2572 2143 2901 2203 inchoantes,
2948 2158 3067 2197 cum
3113 2145 3193 2198 eis
3237 2145 3417 2198 itidem
3467 2144 3732 2200 ﬁniamus.
3784 2145 3917 2199 Nam
3966 2157 4020 2201 et
4069 2147 4140 2201 illi

2570 2232 2706 2284 sicut
2733 2239 2785 2283 et
2815 2245 2912 2284 nos
2941 2232 3126 2284 eadem
3158 2231 3291 2287 festa
3324 2248 3421 2301 per
3446 2242 3670 2288 octonos
3696 2236 3972 2290 celebrant
4003 2237 4140 2299 dics,

2570 2329 2622 2372 et
2644 2319 2772 2372 nihil
2802 2328 2983 2373 nostra
3011 2320 3077 2374 ab
3104 2319 3311 2373 illorum
3340 2322 3502 2374 distat
3532 2322 3862 2386 celebritate,
3911 2324 4034 2389 nisi,
4085 2335 4143 2377 ιιι

2571 2411 2771 2464 dictum
2802 2420 2903 2471 est,
2931 2412 3071 2479 quod
3111 2426 3217 2464 non
3267 2411 3474 2479 pariter
3524 2414 3797 2467 inchoant.
3848 2414 3906 2467 Si
3960 2425 4139 2468 autent

2572 2499 2807 2555 Sabbato
2832 2516 2920 2556 ιιιν
2953 2500 3076 2554 luna
3108 2501 3400 2564 advenerit,
3435 2512 3490 2556 et
3518 2504 3599 2557 vel
3624 2503 4002 2572 :equinoctium
4029 2505 4143 2559 dies

2572 2592 2755 2657 fuerit,
2787 2592 2869 2645 vel
2908 2591 3018 2659 jam
3051 2601 3385 2655 transactus,
3414 2594 3591 2645 statim
3625 2594 3867 2662 sequenti
3906 2595 3991 2647 die
4038 2594 4137 2647 Do-

2576 2684 2771 2740 minico
2795 2683 3000 2736 Pascha
3029 2682 3383 2737 celebramus.
3417 2683 3620 2737 Idcirco
3650 2691 3829 2737 autem
3878 2684 4142 2737 terminus

2574 2776 2712 2829 idem
2742 2773 2907 2827 xntali
2938 2772 3088 2842 cyclo
3111 2773 3432 2833 continetur,
3459 2773 3600 2841 quod
3632 2788 3736 2826 non
3764 2773 3861 2826 nisi
3889 2781 3965 2827 tot
3986 2772 4142 2826 anuis

2573 2868 2803 2938 peractis
2831 2867 2895 2919 ad
2925 2866 3171 2918 eumdem
3205 2866 3343 2919 diem
3373 2858 3872 2917 Kalcndarumluna
3905 2880 3990 2917 λιν
4024 2866 4141 2918 ιουά-

2573 2967 2681 3011 eat.
2734 2944 2827 3010 llis
2856 2971 2982 3008 vero
3005 2954 3230 3023 expletis
3281 2954 3347 3006 ad
3398 2955 3569 3023 ipsum
3618 2955 3832 3021 quidem
3878 2954 4143 3007 Kalenda-

2576 3064 2690 3103 rum
2724 3049 2886 3109 diem,
2921 3055 3288 3099 verumtamen
3320 3060 3459 3098 nunc
3485 3060 3579 3113 per
3601 3045 3812 3099 eosdem
3860 3046 3996 3099 re.:it
4040 3046 4139 3099 Se-

900 3137 1041 3204 quod
1069 3136 1341 3189 Paschalis
1373 3136 1423 3188 in
1463 3135 1563 3188 hoc
1612 3152 1750 3188 nunc
1804 3137 1978 3204 agitur
2033 3136 2339 3197 celebritas,
2375 3150 2472 3204 per
2499 3150 2540 3209 (ζ
2575 3138 2822 3206 ptimanaa
2848 3137 2961 3190 dies
2986 3144 3209 3203 propter
3261 3144 3650 3187 concurrentes
3702 3134 3852 3215 solis,
3907 3136 3995 3203 qui
4048 3152 4142 3205 per

901 3224 1083 3277 omnia
1113 3225 1160 3277 ei
1210 3224 1596 3292 :equiparatnr,
1642 3233 1699 3277 ιιι
1754 3239 1781 3277 a
1834 3224 2134 3279 Venerabili
2186 3224 2323 3278 Beda
2378 3239 2469 3275 eo-

903 3317 1053 3384 piose
1085 3325 1369 3379 tractatur,
1395 3325 1449 3368 et
1478 3324 1702 3383 uterque
1730 3331 1759 3367 κ
1791 3325 1841 3368 et
1878 3332 1927 3367 Ix
1963 3331 2224 3368 annorum
2258 3313 2469 3367 revolu-

903 3405 1065 3467 tione,
1094 3413 1145 3457 et
1177 3404 1350 3456 lunari
1401 3411 1612 3456 constat
1660 3404 1889 3457 ratione.
1943 3404 2023 3458 0b
2073 3404 2238 3458 solam
2294 3414 2469 3455 tamen

903 3489 1327 3558 dignoseentiatn
1387 3490 1489 3542 istc
1551 3489 1773 3551 lunaris,
1831 3490 1918 3543 ille
1967 3499 2190 3543 vocatur
2237 3491 2470 3547 .vnalis.

902 3580 1197 3646 contposito
1228 3594 1291 3633 ex
1327 3579 1497 3632 tribus
1526 3579 1795 3649 corruptis
1833 3580 2109 3645 vocabulo,
2134 3595 2195 3634 ex
2249 3597 2279 3633 ξ(
2329 3582 2473 3634 scili-

901 3679 983 3724 cet
1013 3680 1067 3724 et
1098 3688 1234 3722 anno
1266 3680 1320 3723 el
1346 3687 1544 3733 norem,
1573 3673 1710 3724 sicut
1748 3680 1801 3724 et
1832 3672 1970 3740 apud
1998 3672 2215 3726 Grzecos
2250 3687 2312 3725 ex
2362 3674 2473 3724 eis-

902 3761 1022 3813 dem
1072 3760 1368 3824 vocabulis,
1428 3761 1519 3813 sed
1554 3761 1802 3830 ,integris
1859 3761 2157 3829 appellatur
2210 3761 2341 3816 ἴννεα
2392 3768 2474 3817 καί

901 3854 1227 3924 eamagema.
1258 3850 1359 3904 Ubi
1413 3851 1704 3905 notandum
1750 3854 1890 3921 quod
1933 3854 1983 3905 in
2028 3852 2214 3907 Latina
2260 3870 2474 3922 compo-

902 3943 1094 3995 sitione
1155 3943 1281 3994 (mni
1339 3942 1657 3995 vocabulum
1716 3952 1904 4003 sonet,
1958 3944 2007 3995 iu
2060 3943 2243 3997 Grarca
2295 3954 2473 3997 autem

902 4047 1100 4085 nomen
1135 4033 1259 4085 anni
1287 4049 1388 4085 non
1424 4034 1663 4101 ponitur,
1692 4034 1783 4087 sed
1820 4049 1847 4085 a
1885 4043 2033 4102 parte
2062 4037 2261 4088 :I‘statis
2290 4036 2476 4089 intelli-

902 4122 1075 4189 gitur;
1132 4122 1273 4196 Gc'po;
1327 4121 1468 4174 enim
1498 4132 1652 4175 (cstas
1684 4122 1895 4176 dicitur.
1953 4122 2079 4177 Illud
2120 4140 2332 4194 quoque
2377 4142 2476 4180 n0-

906 4213 1124 4263 tandum
1170 4212 1340 4265 tribus
1388 4225 1600 4281 semper
1648 4213 1803 4267 annis
1856 4214 2087 4267 Xlxalem
2142 4216 2473 4283 procedere,

901 4298 1054 4366 cujus
1084 4308 1278 4367 quarto
1306 4314 1448 4353 anno
1476 4299 1679 4353 lunaris
1706 4316 1918 4370 semper
1945 4303 2205 4370 incipiens
2233 4302 2469 4370 ejusdem

905 4388 1063 4441 tertio
1092 4389 1274 4440 linitur
1297 4403 1460 4450 anno,
1489 4389 1632 4457 quod
1663 4398 1789 4443 tunc
1818 4389 1939 4443 luna
1991 4392 2041 4443 in
2092 4391 2344 4446 Kalendis
2383 4392 2472 4448 Ja-

2575 3241 2737 3280 xxvtn
2766 3225 3059 3278 variantur.
3085 3225 3213 3290 Qua:
3240 3238 3324 3278 res
3357 3225 3498 3292 cogit
3530 3234 3634 3277 tam
3667 3210 3949 3280 lci-niuium
3978 3245 4139 3296 quam

2572 3328 2625 3372 et
2656 3318 2823 3386 ipsam
2852 3316 3196 3370 festivitatem
3234 3315 3400 3368 multo
3439 3315 3646 3383 longius
3678 3331 3928 3383 evngare,
3974 3320 4143 3371 maxi-

2575 3423 2825 3477 mumque
2866 3405 3083 3459 Pascha:
3113 3406 3319 3476 cyclum
3365 3421 3459 3473 per
3489 3423 3655 3459 xxvnt
3692 3409 3896 3462 Xlxales
3940 3410 4138 3478 lycios,

2574 3503 2625 3555 i.l
2652 3508 2734 3554 est
2761 3510 2940 3553 uxxxn
2973 3514 3141 3551 annos
3169 3497 3401 3550 extendi.
3434 3496 3563 3549 Nam
3611 3506 3664 3550 et
3716 3499 3757 3551 si
3811 3499 3947 3552 infra
4004 3502 4143 3555 huic

2574 3605 2834 3644 annorum
2863 3600 3142 3641 numerum
3187 3587 3265 3641 vel
3319 3587 3577 3641 terminus
3632 3590 3713 3641 vel
3763 3588 4023 3645 festivitas
4076 3595 4142 3645 al

2574 3687 2821 3734 euntdem
2849 3679 3210 3733 Kalendarum
3261 3680 3341 3732 vel
3389 3679 3705 3747 septimana:
3754 3680 3894 3733 diem
3936 3684 4141 3748 redeat,

2576 3792 2680 3828 non
2709 3784 2883 3826 tamen
2914 3771 3155 3840 pluribus
3184 3773 3339 3824 annis
3369 3788 3463 3840 per
3493 3771 3734 3824 ordinem
3764 3771 3865 3839 ljoc
3893 3773 4039 3827 facit.
4077 3777 4145 3829 At

2574 3882 2638 3918 eo
2664 3864 2877 3932 expleto
2914 3862 3064 3931 cyclo
3097 3863 3350 3923 maximo,
3379 3864 3557 3916 omnia
3595 3862 3660 3915 ad
3704 3865 3917 3917 eosdem
3947 3866 4145 3923 diesret

2574 3975 2670 4027 per
2704 3958 2914 4012 easdem
2950 3957 3174 4009 redeunt
3221 3956 3407 4009 lineas.
3453 3956 3618 4022 Quem
3670 3956 3982 4011 Paschalcm
4032 3967 4144 4011 ter-

2578 4050 2780 4102 mimun
2806 4057 2930 4101 ante
2964 4045 3178 4100 vernale
3198 4047 3574 4113 mquinoctium
3604 4045 3881 4099 celebrare
3906 4048 4142 4115 generali

2576 4140 2831 4195 Etclesize
2890 4139 3242 4207 prohibemur
3305 4137 3609 4191 traditione.
3670 4137 3741 4190 De
3801 4137 3914 4206 ipso
3965 4150 4142 4193 autem

2573 4228 2896 4298 aequinoctio
2929 4228 3077 4280 varia
3106 4242 3210 4279 non
3241 4234 3445 4280 tantum
3477 4237 3735 4293 veterum,
3766 4243 3950 4281 verum
3979 4231 4142 4283 etiam

2574 4323 2951 4375 modernorum
2969 4326 3145 4373 exstat
3168 4319 3371 4387 opinio,
3402 4316 3524 4372 aliis
3550 4335 3623 4372 χιι
3650 4318 3767 4373 Kal.
3799 4321 3991 4389 April.,
4024 4324 4145 4377 aliis

2574 4433 2643 4469 vn
2676 4413 2792 4469 Kal.
2811 4414 3191 4467 :zsserentibus.
3212 4411 3324 4466 Non
3348 4413 3583 4481 ineptum
3606 4416 3816 4468 videtur
3835 4420 4142 4480 ostendere,

903 4477 1077 4530 nuarii
1108 4478 1177 4529 sit
1209 4476 1355 4529 ﬁnita
1376 4517 1389 4541 ,
1419 4480 1541 4547 quia
1585 4494 1757 4532 annus
1786 4482 2065 4549 utriusque.
2092 4482 2223 4551 cycli
2254 4494 2335 4537 est
2362 4499 2470 4537 em-
2500 4479 2546 4536 D
2572 4506 2803 4574 qualiter
2834 4508 2933 4558 hoc
2966 4504 3253 4573 magistros
3281 4476 3492 4557 ιιοειτδς
3537 4505 3699 4558 etiam
3745 4508 4010 4575 εοιιροιιοιί
4060 4476 4142 4562 in;

904 4566 1180 4620 bolismus.
1208 4566 1372 4636 Cujus
1420 4569 1605 4622 notitia
1656 4570 1860 4623 lunaris
1907 4572 2007 4625 hoc
2065 4580 2269 4624 tantum
2320 4573 2475 4625 nobis

905 4658 1112 4711 videtur
1138 4658 1386 4711 utilitatis
1415 4658 1682 4722 conferre,
1711 4662 1850 4727 quod
1880 4675 1974 4729 per
2012 4678 2153 4723 eum,
2203 4671 2260 4714 ut
2312 4677 2475 4731 supra

906 4747 1207 4809 retulimus,
1237 4748 1478 4816 quotidie
1516 4750 1720 4804 lunaris
1766 4752 2104 4807 accensionis
2155 4755 2284 4806 hora
2328 4769 2478 4823 repe-

905 4839 1090 4891 rimus.
1152 4837 1494 4907 Quapropter
1553 4840 1651 4893 hoc
1710 4842 1921 4893 tandem
1969 4844 2361 4910 prmternuisso,
2410 4845 2476 4898 ad

908 4928 1099 4981 xtxalis
1131 4928 1460 4998 indaginem,
1491 4929 1613 4998 quia
1652 4930 1720 4983 ob
1752 4929 2075 4999 multiplices
2118 4929 2338 4985 Pascha)
2391 4947 2473 4984 ra-

906 5020 1076 5072 tiones
1102 5018 1389 5080 utiliorem,
1422 5019 1761 5072 accedamus.
1790 5018 1952 5085 Cujus
1978 5028 2171 5088 quotus
2200 5021 2266 5074 sit
2306 5036 2477 5075 annus

906 5109 1146 5162 “venire
1197 5110 1441 5178 cupiens,
1488 5109 1554 5160 ad
1608 5124 1887 5162 munerum
1952 5126 2213 5163 annorum
2264 5111 2472 5166 Domini

907 5214 1069 5252 unum
1101 5214 1313 5267 semper
1340 5199 1545 5267 adjiee;
1575 5202 1695 5269 quia
1726 5201 1962 5254 secundo
1991 5201 2106 5269 ejus
2128 5217 2267 5256 anno
2296 5202 2475 5256 Duni-

907 5305 1005 5343 nus
1034 5299 1191 5341 natus
1212 5290 1492 5353 asscritnr,
1526 5300 1580 5342 et
1614 5290 1992 5358 reliqua,sicut
2024 5291 2074 5343 in
2127 5292 2295 5346 lunari
2324 5293 2473 5363 cyclo

908 5378 1139 5416 divinante
1175 5380 1333 5416 fni-iln
1388 5379 1492 5416 Dor
1518 5380 1659 5416 Innvn
1684 5378 1890 5416 nvnlnln
1920 5388 2230 5416 nnnr-Iru-nm
2279 5384 2469 5416 ειηιῖοιη

2576 4598 2707 4650 tuitu
2725 4595 3373 4664 viderimusinvestigare.
3395 4594 3459 4647 Et
3485 4596 3527 4649 si
3562 4595 3682 4664 quis
3714 4599 3847 4653 adeo
3875 4598 4145 4655 studiosus

2574 4689 2866 4752 exstiterit,
2883 4699 2940 4743 ut
2967 4690 3067 4744 hoc
3092 4689 3261 4742 oculis
3293 4687 3402 4741 suis
3419 4690 3595 4756 potius
3608 4689 3968 4745 veliteredere
3985 4708 4143 4761 quam

2576 4776 2787 4841 litteris,
2808 4778 2893 4832 hic
2921 4778 3192 4848 exemplar
3224 4779 3635 4848 inveniat,quod
3678 4780 3885 4854 [Lquo]
3930 4784 3978 4837 id
4005 4786 4143 4852 quod

2575 4869 2766 4935 qn:r.rit
2794 4870 3050 4938 indagare
3080 4867 3384 4937 prtevaleat,
3414 4869 3502 4923 ubi
3548 4872 3725 4938 primo
3766 4872 4143 4936 solstitiorum,

2578 4963 2665 5031 qui
2695 4958 2819 5015 illud
2850 4962 2916 5013 ah
2963 4970 3188 5029 utraque
3233 4972 3383 5029 parte
3427 4963 3818 5028 quodammodo
3869 4965 4144 5025 ambiunt,

2578 5052 2800 5106 notandi
2834 5061 2955 5105 sunt
2983 5054 3118 5114 dies,
3152 5062 3208 5105 ut
3236 5055 3572 5121 postmodum
3607 5055 3656 5105 id
3684 5056 3825 5122 quod
3872 5056 3922 5108 in
3972 5058 4143 5108 medio

2577 5143 2957 5212 militinoctittnt
2984 5140 3195 5195 facilius
3228 5143 3525 5210 reperiatur
3554 5143 3851 5211 designatis
3894 5146 4143 5215 utrinque

2579 5230 2642 5305 [f.
2676 5232 3045 5304 utrorumque]
3078 5233 3334 5287 limitibus

3135 5322 3363 5377 CAPUT
3402 5321 3592 5377 XXXI.
