4466 5578
422 470 483 523 Α,
1698 470 1900 525 LIBER
1942 472 2026 527 ur;
2063 474 2409 535 caurum.
3603 505 3673 559 .42

418 588 577 641 silum
608 585 856 654 diligetur
897 582 963 687 ir.
993 581 1306 687 deligatur],
1344 591 1399 637 et
1426 583 1479 638 in
1508 598 1573 687 eo
1609 583 1856 687 foramen
1882 587 1985 641 tale
2013 590 2061 649 Α
2088 588 2358 646 Cancrum
2388 606 2513 650 sunt
2542 598 2777 667 Gemini,
2811 610 2865 657 et
2894 614 3014 673 p0st
3049 606 3313 668 Cancrum
3344 614 3487 680 Leo;
3523 632 3665 687 quu',

417 686 630 731 notetur
658 690 755 744 per
792 675 935 745 quod
971 673 1197 743 singulis
1227 673 1340 729 suis
1376 675 1688 741 exortibus,
1715 676 1807 745 qui
1865 685 1991 732 sunt

412 783 649 832 cuxxu,
676 767 755 823 sol
784 766 964 822 radios
990 780 1118 821 suos
1146 767 1468 835 introjacere
1488 768 1677 836 possit.
1712 768 1847 823 Tum
1879 770 1990 825 sin-

413 861 548 931 gulis
577 860 859 916 exortibus
883 866 1139 913 notentur
1166 858 1284 915 loca
1313 874 1435 929 qua:
1463 859 1647 915 radius
1678 858 1766 916 ille
1794 860 1989 917 lustrat

411 954 460 1007 in
490 951 806 1008 occidentali
834 951 1039 1021 pariete
1073 950 1280 1021 praefati
1323 951 1610 1007 etenaculi.
1660 952 1987 1021 Certumque

407 1054 488 1099 est
515 1043 723 1097 radium
756 1042 904 1097 illum
936 1042 1169 1097 solstitio
1197 1040 1428 1095 brumali
1449 1042 1516 1096 ad
1546 1056 1756 1108 corum,
1793 1044 1984 1097 :estivo

406 1144 582 1190 autem
607 1136 673 1189 ad
699 1134 943 1191 Africum
973 1134 1152 1203 dirigi.
1204 1132 1373 1188 Porro
1419 1134 1472 1188 in
1520 1134 1867 1205 aequinoctio,
1900 1142 1985 1188 ut-

403 1235 525 1297 pote
554 1241 586 1279 a
647 1225 825 1280 medio
886 1223 1114 1278 orientis
1160 1222 1275 1277 sole
1330 1234 1614 1294 surgente,
1648 1232 1796 1279 recta
1843 1223 1985 1279 linea

403 1319 636 1375 medium
665 1317 964 1373 occidentis
993 1325 1177 1386 petere
1208 1316 1554 1373 manifestum
1595 1327 1713 1381 est;
1767 1331 1984 1387 semper

403 1412 544 1466 enim
580 1411 633 1463 in
664 1408 970 1478 oppositam
997 1408 1097 1462 sibi
1137 1416 1357 1477 partem
1407 1407 1484 1462 sol
1542 1408 1723 1461 radios
1778 1406 1980 1478 dirigit.

398 1504 537 1571 Ergo
566 1500 811 1557 brumale
836 1500 1126 1555 solstitium
1162 1501 1626 1568 dcprehensurus,
1653 1514 1760 1568 quo
1805 1500 1887 1554 sol
1916 1500 1971 1555 iu

396 1595 724 1665 Capricorno
762 1595 894 1663 agit,
921 1594 999 1648 sic
1026 1593 1189 1647 facito
1221 1611 1233 1645 :
1266 1593 1307 1645 A
1336 1607 1405 1645 xv
1437 1591 1553 1645 Kal.
1583 1590 1851 1657 Januarii,
1875 1609 1982 1664 quo

396 1689 479 1741 die
521 1688 601 1742 sol
648 1685 930 1756 przefatum
988 1685 1289 1754 ingreditur
1332 1684 1565 1755 signum,
1598 1694 1783 1740 notato
1822 1701 1983 1741 mane

394 1778 601 1843 singula
627 1777 744 1831 loca
781 1791 889 1846 quo
934 1776 1013 1831 sol
1066 1776 1248 1830 oriens
1289 1776 1462 1847 primo
1509 1777 1705 1847 dirigat
1749 1778 1979 1842 radium,

393 1867 548 1921 factis
573 1867 627 1921 in
658 1866 870 1936 pariete
893 1867 1110 1935 punctis
1140 1882 1311 1936 usque
1359 1881 1433 1920 xu
1484 1866 1630 1931 Kal.,
1674 1875 1731 1921 et
1774 1866 1983 1922 videbis

2094 692 2153 783 ut
2181 684 2476 752 szepissime
2518 688 2718 745 dictum
2774 703 2878 758 cst,
2924 696 2995 751 ita
3048 698 3367 760 altrinsecus
3415 684 3675 779 sunt'po-

2088 866 2167 961 sol
2198 884 2414 938 quoque
2457 871 2512 927 in
2544 878 2902 945 utroquelibct
2952 900 3136 939 corum
3185 889 3390 957 positus
3432 908 3528 961 per
3556 910 3672 949 cas-

2088 956 2207 1047 dem
2251 958 2422 1016 lineas
2473 961 2697 1021 feratur.
2746 968 2850 1024 Sed
2904 973 2953 1026 in
3003 956 3245 1033 Geminis
3298 956 3563 1047 ascendit,
3613 987 3662 1038 in

2087 1042 2267 1104 Leone
2323 1052 2620 1112 descendit.
2675 1058 2806 1114 ltcm
2859 1072 2984 1118 ante
3037 1068 3290 1127 (ietninos
3340 1042 3571 1138 Taurus,
3618 1087 3674 1131 et

2087 1148 2209 1207 post
2259 1141 2492 1202 Leonem
2546 1159 2630 1207 est
2682 1152 2867 1225 Virgo,
2925 1158 2991 1212 de
3042 1162 3236 1227 quibus
3282 1167 3469 1221 eadem
3525 1169 3669 1226 dicta

2087 1242 2234 1329 sunt.
2266 1232 2435 1291 Porro
2461 1251 2586 1296 ante
2621 1243 2859 1301 Taurqu
2895 1248 3073 1316 Aries,
3120 1263 3175 1307 et
3225 1267 3345 1324 post
3384 1258 3664 1329 Virginem

2086 1322 2270 1423 Libra,
2312 1344 2433 1423 quae
2460 1333 2578 1400 pari
2625 1338 2783 1392 modo
2826 1355 2946 1397 esse
2978 1342 3153 1398 locata
3188 1322 3457 1404 testantur
3486 1322 3668 1423 acqui—

2085 1417 2267 1470 noctia
2323 1418 2377 1473 in
2436 1430 2669 1493 utroque
2723 1436 3206 1499 eorunrannatim
3266 1417 3666 1497 concurrentia.

2086 1502 2177 1598 Sic
2222 1506 2288 1561 de
2338 1513 2552 1567 cmteris
2603 1530 2772 1585 usque
2802 1519 2867 1571 ad
2902 1520 3309 1591 Capricornum,
3340 1530 3431 1598 qui
3459 1535 3671 1587 caeteris

2085 1596 2340 1655 humilior
2374 1618 2563 1661 rursus
2590 1623 2745 1664 suum
2775 1621 2955 1666 ortum
2982 1615 3145 1671 habet
3190 1629 3242 1672 et
3279 1596 3551 1687 occasum,
3588 1636 3670 1679 lo-

2087 1699 2305 1762 tmnque
2332 1696 2653 1756 discursum.
2704 1704 2837 1760 Ctun
2886 1723 3016 1779 ergo
3048 1710 3151 1777 sol,
3198 1724 3255 1767 ut
3306 1716 3508 1771 dictum
3562 1732 3666 1784 cst,

2084 1800 2180 1855 per
2210 1803 2435 1844 ccxxxu
2458 1803 2611 1849 ortus
2647 1796 2732 1851 vel
2777 1798 2947 1855 lineas
2983 1806 3302 1871 ascendens,
3336 1820 3390 1865 et
3423 1827 3521 1880 per
3551 1830 3669 1866 cas-

2088 1877 2208 1932 dem
2234 1880 2568 1939 descendens
2591 1901 2792 1941 annum
2814 1892 3082 1959 perliciat,
3114 1897 3322 1966 dUplica
3350 1877 3663 1968 praedictam:

390 1972 483 2026 ρει·
531 1958 773 2028 singulos
823 1966 992 2037 ortus.
1024 1957 1234 2011 radium
1292 1971 1506 2026 semper
1562 1957 1617 2011 iu
1673 1966 1798 2012 ante
1858 1973 1981 2027 pro-
2009 1956 2057 2016 Β
2084 1983 2391 2037 numerum,
2423 1982 2476 2027 et
2507 1974 2673 2031 habes
2701 1956 2924 2034 cccixrv
2953 1956 3079 2037 dies,
3106 1956 3231 2040 anni
3275 1956 3485 2046 solaris.

390 2052 536 2121 gredi
598 2066 787 2104 versus
843 2066 1055 2112 corum,
1111 2059 1296 2116 utpote
1341 2049 1451 2105 sole
1485 2051 1660 2106 adhuc
1712 2049 1971 2107 inferiora

389 2151 622 2210 petente.
645 2141 887 2212 Itemque
915 2157 991 2195 xu
1020 2141 1139 2195 Kal.
1173 2149 1352 2195 ortum
1393 2142 1525 2197 solis
1569 2143 1977 2214 diligentissime

387 2236 757 2301 considerans,
787 2238 1201 2307 vigilantissime
1230 2247 1356 2292 nota
1380 2239 1464 2293 bis
1491 2239 1668 2292 locum
1707 2254 1815 2308 quo
1865 2239 1977 2308 pri-

390 2343 533 2380 mum
564 2328 817 2383 emiserit
863 2329 1073 2383 radium
1120 2329 1365 2398 praedicti
1410 2328 1716 2385 foraminis.
1767 2329 1975 2385 Rursus

398 2424 648 2492 sequenti
670 2425 779 2489 die,
800 2424 852 2479 id
872 2433 976 2487 est,
996 2439 1048 2478 χι
1067 2423 1289 2479 Kalend.
1306 2434 1427 2479 ortu
1443 2425 1572 2480 solis
1583 2425 1971 2480 studiosissime

389 2517 737 2571 considerato
772 2517 1164 2583 animadverte,
1187 2518 1371 2572 radius
1403 2518 1491 2572 ille
1522 2528 1701 2573 utrum
1729 2519 1886 2573 solito
1915 2520 1968 2573 iu

382 2617 507 2661 ante
549 2615 847 2678 pergat,an
882 2607 1563 2678 aliquantulum,quamvis
1596 2620 1970 2679 parum,retro

382 2701 538 2754 rcdea
546 2700 744 2768 t.Quod
763 2700 809 2756 si
821 2715 944 2756 eum
955 2701 1486 2771 quantulumcunque
1498 2702 1674 2756 redire
1686 2716 1972 2773 perspexe-

379 2793 475 2857 ris,
495 2794 639 2861 quod
663 2794 782 2847 sine
798 2794 959 2848 dubio
974 2794 1206 2859 eveniet,
1221 2795 1520 2849 certissime
1536 2796 1749 2849 noveris
1773 2798 1962 2860 solem,

382 2892 603 2951 peracto
654 2885 829 2953 pridie
855 2924 870 2949 ,
900 2886 952 2940 id
994 2894 1076 2939 est
1106 2902 1182 2939 xu
1229 2886 1367 2951 Kal.,
1400 2886 1652 2952 solstitio,
1683 2887 1961 2957 superiora

379 2982 642 3041 repetere.
676 2974 877 3029 Deinde
916 2975 961 3028 si
996 2974 1230 3029 volueris
1258 2991 1355 3046 per
1384 2976 1624 3045 singulos
1653 2984 1807 3031 ortus
1833 2984 1959 3031 nota

379 3078 593 3134 semper
619 3066 735 3121 loca
765 3082 887 3136 qua:
920 3066 1125 3121 tardius
1153 3067 1240 3123 ille
1287 3068 1502 3137 petierit
1550 3068 1710 3133 scire,
1751 3066 1959 3121 videbis

376 3170 498 3209 eniti
534 3157 849 3227 quotidiano
879 3174 1136 3229 processu
1171 3159 1239 3215 ad
1269 3158 1514 3215 Africum
1546 3158 1763 3214 tendere
1790 3173 1959 3228 usque

378 3264 452 3304 xu
485 3249 602 3303 Kal.
634 3248 778 3305 Julii.
833 3249 949 3317 Quo
982 3250 1068 3304 die
1096 3250 1379 3321 diligenter
1424 3250 1633 3320 signato
1660 3290 1674 3315 ,
1716 3249 1829 3317 jam
1869 3266 1957 3304 se-

375 3341 560 3410 quenti
592 3341 709 3407 die,
750 3340 805 3394 id
835 3348 920 3395 est
958 3355 1034 3394 ιιι
1076 3338 1220 3405 Kuh,
1254 3347 1397 3393 retro
1432 3340 1606 3393 redire
1635 3339 1956 3409 conspicics,

376 3441 560 3502 utpote
594 3431 823 3487 solstitio
846 3439 1086 3500 peracto,
1116 3430 1229 3484 sole
1264 3430 1331 3483 ad
1374 3428 1633 3484 inferiora
1678 3430 1955 3485 redeunte.

376 3521 529 3589 Quod
556 3522 602 3576 si
631 3522 806 3577 denuo
850 3520 1182 3586 consideres,
1214 3518 1457 3575 invenies
1499 3518 1741 3590 quotidie
1784 3520 1956 3589 ipsum

374 3617 585 3671 radium
651 3631 748 3688 per
783 3617 1003 3672 easdem
1051 3616 1222 3672 lineas
1266 3616 1443 3671 redire
1486 3617 1553 3671 ad
1603 3632 1810 3682 corum,
1861 3632 1958 3687 per

374 3724 510 3781 quas
534 3710 738 3780 pridem
766 3718 993 3765 venerat
1020 3711 1087 3765 ad
1122 3708 1389 3775 Africum,
1433 3707 1543 3764 sole
1584 3709 1833 3764 videlicet
1861 3724 1957 3779 per

372 3804 591 3859 eosdem
615 3811 768 3859 ortus
789 3803 1151 3858 descendente
1179 3802 1249 3857 ab
1273 3802 1459 3857 mstivo
1479 3816 1652 3871 usque
1679 3802 1747 3857 ad
1778 3801 1956 3856 hiber-

373 3910 501 3948 num
532 3892 783 3959 solstitio,
829 3909 927 3963 per
953 3908 1090 3963 quos
1115 3893 1471 3947 descenderat
1502 3893 1569 3946 ab
1603 3893 1830 3947 hiberno
1862 3909 1954 3947 us-

372 3999 477 4054 que
520 3985 586 4039 ad
615 3985 860 4039 mstivum
894 3984 1207 4039 solstitium.
1249 3983 1318 4038 Et
1362 3984 1464 4038 hoc
1509 3984 1763 4054 estquod
1791 3998 1954 4053 supra

372 4076 608 4131 diximus
635 4091 854 4131 ccxxxu
883 4076 1259 4132 tantummodo
1285 4091 1407 4131 esse
1439 4085 1593 4130 ortus
1636 4075 1785 4142 solis,
1830 4092 1951 4130 cum

371 4168 426 4221 in
455 4183 596 4221 anno
619 4168 886 4238 esplendo
907 4182 1109 4223 cccnxv
1136 4168 1252 4223 dies
1291 4177 1537 4238 peragat.
1571 4167 1787 4239 Peragit
1808 4169 1951 4222 enim

372 4272 570 4311 annum
601 4274 759 4313 suum
808 4260 1106 4315 ascendens
1152 4276 1182 4313 a
1220 4259 1451 4314 brumali
1496 4260 1727 4316 solstitio
1757 4261 1823 4314 ad
1852 4260 1952 4317 bo-

372 4350 541 4415 reale,
572 4350 807 4421 indeque
837 4368 1025 4407 rursus
1065 4352 1399 4408 descendens
1447 4352 1515 4407 ad
1562 4354 1826 4421 brumale,
1873 4362 1949 4419 et,

372 4456 431 4499 ut
460 4447 655 4502 dictum
684 4456 791 4513 est,
821 4448 1039 4504 eosdem
1065 4449 1374 4504 custodiens
1401 4457 1556 4505 ortus
1578 4451 1951 4507 descendendo

370 4551 506 4605 quos
532 4551 849 4594 servaverat
879 4539 1239 4606 ascendendo,
1279 4558 1380 4596 non
1415 4556 1524 4611 quo
1564 4543 1750 4597 eadem
1797 4544 1947 4615 signa

370 4636 597 4697 repetat,
626 4629 868 4700 alioquin
901 4648 1004 4687 non
1037 4632 1138 4687 nisi
1164 4633 1441 4688 dimidium
1478 4633 1737 4688 lustraret
1768 4636 1948 4690 zodia-

2082 2075 2142 2113 ro
2174 2076 2311 2153 unus
2338 2122 2339 2125 η
2366 2065 2503 2131 dies,
2560 2070 2649 2137 qui
2705 2088 2827 2127 cum
2874 2076 3177 2145 quadrante
3221 2092 3486 2151 superest,
3528 2101 3661 2153 quo-

2079 2152 2239 2206 modo
2278 2152 2394 2209 dics
2424 2156 2512 2211 ille
2542 2174 2605 2213 ex
2650 2163 2874 2220 minutis
2923 2168 3242 2225 conﬁciatur
3296 2152 3553 2229 horarum
3582 2179 3659 2230 vi-

2078 2242 2318 2299 deamus.
2369 2245 2462 2302 Sol
2488 2250 2632 2304 enim
2677 2265 2922 2311 moratur
2969 2260 3019 2311 in
3072 2270 3299 2332 utroque
3352 2265 3507 2334 signo
3554 2283 3659 2321 xxx

2076 2334 2191 2391 dics
2219 2345 2274 2392 et
2298 2353 2331 2391 x
2360 2340 2525 2397 horas
2545 2359 2609 2399 ac
2638 2346 2933 2403 dimidiam.
2957 2352 3159 2422 Accipe
3185 2356 3418 2425 primunt
3448 2358 3537 2412 illa
3561 2375 3658 2414 sex

2073 2427 2225 2498 signa
2251 2446 2352 2500 per
2376 2448 2495 2502 qua:
2522 2435 2603 2491 sol
2645 2440 2713 2493 ad
2739 2441 3029 2497 solstitium
3062 2448 3327 2512 ascendit,
3360 2459 3415 2504 et
3443 2452 3508 2505 da
3536 2454 3653 2507 uni-

2072 2521 2265 2591 cuique
2282 2525 2437 2596 siguo
2453 2543 2559 2581 xxx
2584 2528 2699 2585 dies
2717 2534 2824 2602 etix
2848 2532 3010 2589 horas
3032 2551 3096 2591 ac
3110 2538 3409 2603 dimidiam,
3426 2550 3480 2595 et
3494 2543 3656 2598 habe-

2072 2610 2155 2664 bis
2185 2628 2403 2669 CLxxxn
2437 2617 2573 2684 dies,
2599 2620 2819 2692 insuper
2842 2633 2896 2678 et
2927 2641 2995 2679 xv
3026 2628 3210 2694 horas,
3252 2630 3305 2684 id
3338 2642 3419 2686 est
3448 2634 3656 2689 minuta

2069 2715 2154 2755 CL.
2195 2704 2272 2758 Ex
2307 2706 2390 2761 his
2418 2723 2547 2778 ergo
2573 2728 2668 2767 ccc
2701 2715 2921 2771 minutis
2955 2734 3173 2775 cccnnts
3216 2734 3411 2778 vatus
3454 2728 3566 2781 dies
3596 2740 3650 2781 et

2069 2798 2340 2863 quadrans
2384 2800 2617 2859 ellicitur
2664 2822 2732 2861 ex
2774 2809 2993 2865 minutis
3039 2814 3315 2879 horarum,
3364 2820 3555 2887 quibus
3593 2823 3644 2874 in

2067 2900 2391 2979 unoquoque
2432 2893 2588 2962 signo
2626 2911 2792 2967 super
2821 2915 2927 2955 xxx
2970 2903 3084 2957 dies
3114 2905 3454 2974 immoratur,
3488 2926 3646 2979 quem

2068 2975 2210 3030 diem
2237 2979 2318 3032 sol
2344 2988 2451 3035 tam
2482 2983 2534 3038 in
2579 3001 2807 3043 ascensu
2846 3006 3007 3059 quam
3040 2994 3091 3046 in
3126 2996 3384 3052 descensu
3415 2975 3646 3067 perlicit.

2068 3065 2173 3122 Sed
2203 3072 2325 3137 quia
2354 3072 2406 3126 in
2440 3090 2668 3133 ascensu
2697 3096 2797 3135 nec
2828 3084 2953 3138 dum
2992 3099 3262 3154 peractus,
3307 3065 3648 3166 pro—integro

2064 3167 2366 3231 computari
2411 3171 2621 3238 nequit,
2655 3183 2999 3244 computatur
3028 3188 3083 3232 ct
3119 3182 3401 3237 descensu.
3434 3185 3499 3238 Et
3526 3188 3650 3243 inde

2065 3257 2316 3324 estquod
2374 3258 2443 3313 ab
2490 3264 2679 3319 aestivo
2731 3266 2965 3324 solstitio
3015 3286 3186 3340 usque
3239 3274 3305 3326 ad
3364 3276 3645 3333 hibernum

2065 3358 2413 3417 computatur
2435 3367 2574 3409 unus
2606 3355 2741 3419 dies,
2784 3358 2836 3411 id
2875 3373 2958 3415 cst
3003 3376 3263 3432 cuxxut,
3309 3382 3430 3421 cum
3466 3379 3643 3425 tamen

2060 3437 2161 3502 sol,
2204 3448 2263 3493 ut
2293 3440 2492 3497 dictum
2544 3440 2647 3513 est,
2690 3463 2788 3518 per
2830 3453 3045 3507 easdem
3096 3471 3309 3527 semper
3344 3460 3515 3516 lineas
3548 3464 3645 3516 de—

2061 3530 2288 3585 scendat
2331 3547 2426 3602 per
2452 3549 2588 3605 quas
2637 3541 2977 3607 ascenderat,
3031 3545 3199 3601 donec
3251 3560 3444 3617 quarto
3504 3568 3645 3608 anno

2060 3634 2128 3675 ex
2156 3624 2547 3691 quadrantibus
2572 3627 2780 3700 integer
2807 3632 2921 3687 dies
2947 3635 3195 3705 expletus
3234 3644 3480 3697 ascensui
3514 3646 3612 3699 soli
3630 3666 3645 3695 ς

2061 3710 2456 3808 interponatur,
2504 3718 2691 3788 sicque
2730 3730 2785 3775 et
2830 3739 3088 3782 ascensus
3126 3739 3180 3783 et
3207 3730 3496 3789 descensus
3526 3741 3642 3808 pari

2060 3802 2267 3858 dierum
2320 3823 2549 3863 numero
2596 3823 2957 3896 computetur,
2994 3819 3047 3874 id
3086 3832 3169 3876 est
3220 3840 3493 3895 ccxxxm,
3526 3802 3642 3902 'qui

2059 3895 2413 3967 simuljuncti
2463 3899 2669 3957 faciunt
2724 3904 3016 3967 bissextilis
3053 3915 3179 3970 anni
3233 3919 3347 3973 dies
3398 3895 3640 3979 ccccxvt.

2060 3985 2257 4042 Verum
2302 3990 2513 4067 his_per
2542 4009 2822 4053 excessum
2852 4001 3089 4059 breviter
3123 4007 3303 4075 dictis,
3349 4016 3414 4068 ad
3459 4026 3642 4073 osten-

2060 4075 2291 4133 dendum
2336 4082 2466 4138 solis
2496 4100 2733 4143 annuum
2776 4107 2995 4149 cursum
3038 4098 3343 4167 redeamus,
3391 4108 3531 4163 unde
3560 4112 3639 4165 di-

2060 4171 2231 4269 gressi
2251 4187 2436 4229 sumus
2462 4177 2527 4231 ad
2546 4180 3305 4254 probandosazquinoctiorum
3336 4196 3469 4262 dies,
3502 4215 3638 4269 quos

2056 4260 2233 4330 palam
2254 4273 2338 4319 est
2367 4266 2626 4334 invenire,
2654 4272 2699 4326 si
2724 4287 2787 4327 ea
2828 4289 2947 4342 quae
2972 4277 3038 4333 dc
3060 4280 3307 4337 solstitiis
3340 4260 3482 4341 dicta
3514 4260 3638 4344 sunt

2056 4362 2174 4409 rata
2222 4357 2625 4414 constituerint.
2683 4360 2738 4416 Si
2789 4365 2933 4419 enim
2996 4369 3077 4423 sol
3130 4371 3361 4429 brumali
3403 4377 3636 4435 solstitio

2057 4446 2336 4503 minimum
2378 4450 2520 4505 diem
2567 4461 2621 4507 et
2669 4456 2958 4512 maximam
3009 4474 3175 4531 agens
3218 4473 3431 4520 noctem
3479 4469 3635 4524 deiu-

2063 4552 2188 4606 ceps
2256 4542 2570 4607 quotidiano
2630 4558 2888 4611 processu
2944 4560 3156 4606 noctem
3211 4556 3503 4623 contrahit,
3572 4577 3635 4613 ac

2058 4627 2198 4682 diem
2240 4632 2485 4687 extendit
2528 4648 2700 4704 usque
2744 4637 2813 4691 ad
2866 4639 3112 4695 aestivum
3166 4644 3476 4714 solstitium,
3525 4666 3632 4717 quo

370 4732 513 4785 cum,
543 4721 637 4774 sed
665 4722 741 4774 ila
785 4731 870 4776 est
916 4723 1029 4792 ipse
1063 4722 1287 4792 signifer
1334 4724 1551 4794 oblique
1598 4740 1696 4794 per
1750 4727 1943 4781 cmlum
1974 4701 2154 4774 Dnox
2191 4720 2508 4778 brevissima
2560 4735 2614 4779 et
2671 4727 2785 4783 dies
2833 4739 3011 4785 exstat
3064 4730 3433 4803 longissimus,
3484 4701 3634 4808 patet

370 4821 646 4879 porrectus
674 4828 705 4865 a
734 4812 860 4883 polo
898 4828 1068 4883 usque
1106 4814 1172 4868 ad
1203 4814 1410 4883 polum,
1456 4823 1517 4869 ut
1562 4815 1689 4869 bina
1731 4830 1946 4888 semper

369 4900 523 4970 signa
551 4911 737 4957 contra
766 4918 826 4957 se
872 4902 1193 4959 altrinsecus
1221 4906 1398 4973 posita
1444 4905 1663 4960 eosdem
1713 4906 1946 4961 habeant

368 5001 522 5047 ortus
547 5002 602 5048 et
626 5009 874 5061 occasus,
910 4996 1117 5051 duobus
1140 4998 1364 5067 tropicis
1391 4998 1652 5053 duntaxat
1677 5003 1940 5071 exceptis,

368 5097 490 5152 quae
510 5084 833 5155 singularem
862 5086 1057 5142 habent
1101 5096 1277 5143 ortum
1323 5100 1380 5146 ct
1414 5105 1689 5159 occasum,
1733 5092 1943 5150 Cancro

368 5174 616 5231 videlicet
642 5186 695 5231 et
718 5163 1069 5246 Capricorno,
1106 5194 1334 5248 quorum
1376 5182 1605 5237 alterum
1651 5186 1941 5252 excelsius,

369 5264 597 5320 alterum
635 5267 877 5323 divexius
902 5278 1120 5326 constat
1162 5285 1283 5327 esse
1328 5274 1585 5331 locatum.
1639 5273 1709 5329 Ut
1758 5289 1941 5336 autem

370 5359 479 5414 hoc
519 5363 659 5429 quod
698 5361 927 5419 diximus
970 5363 1417 5424 manifestissime
1468 5376 1670 5437 pateat,
1710 5369 1940 5438 Cancer,

1382 5458 1662 5484 -..I.I:.“:....
1688 5463 1803 5484 ...λιι

369 5456 555 5484 ιιιηηιο
578 5451 787 5484 βηηηιῖρ
814 5454 1076 5484 ΩνΛΛΙΛῖιιιο
1135 5459 1340 5484 ΛιιηΑΙτΑ

2048 4812 2290 4881 profecto
2340 4816 2515 4871 medio
2566 4818 2868 4875 mediorum
2917 4821 3146 4878 decurso
3192 4825 3402 4881 dierqu
3459 4831 3634 4899 spatio

2049 4916 2257 4960 tantum
2286 4908 2610 4963 minoratam
2651 4922 2862 4967 noctem
2908 4923 3235 4986 auctumque
3287 4933 3409 4974 esse
3458 4922 3628 4989 diem,

2046 5006 2107 5051 ut
2148 4998 2261 5068 pari
2308 4998 2640 5070 longitudine
2688 5005 3003 5070 metiantur,
3046 5016 3296 5061 servante
3342 5011 3520 5065 adhuc
3546 5014 3635 5069 die

2047 5093 2263 5148 solitum
2312 5094 2519 5161 αὐξθόην
2593 5095 2858 5166 [διῳνας
2924 5110 3305 5169 augmentum;
3363 5104 3632 5176 via.,leg.

2050 5184 2340 5258 αὔξησλος],
2365 5198 2417 5243 et
2442 5195 2595 5241 nocte
2616 5187 2784 5255 ἂνξιν
2807 5190 2933 5262 [vict
2966 5192 3065 5262 leg.
3089 5190 3343 5264 αὕξησιν],
3371 5196 3541 5251 donec
3564 5201 3635 5255 ad

2052 5292 2171 5333 eam
2203 5279 2520 5347 proveniant
2562 5279 2952 5347 prolixitatem,
2987 5282 3072 5335 vel
3098 5283 3439 5350 angustiam,
3469 5302 3635 5355 quam

2052 5377 2242 5424 neuter
2265 5368 2528 5424 excedere
2564 5377 2767 5436 potest,
2797 5373 2938 5442 quod
2978 5373 3037 5427 lit
3083 5386 3269 5423 rursus
3315 5371 3367 5423 in
3401 5374 3639 5432 solstitio

2055 5464 2215 5484 -1ι-ᾉ-
2270 5463 2309 5484 l‘
2338 5478 2400 5484 κ..-
2435 5476 2550 5484 ..μηρρ
2587 5463 2784 5484 -..1-.’.·
2858 5467 2914 5484 .I.
3058 5482 3063 5483 ν
3104 5479 3173 5484 ----
3207 5463 3296 5484 IYAI
3370 5465 3415 5484 ἰν
3580 5475 3611 5484 ι-

2338 5478 2400 5484 κ..-
2435 5476 2550 5484 Α-...αρ
2587 5461 2714 5484 μα’-.
