4466 5578
395 369 460 422 lib
1661 357 1859 414 LIBER
1913 357 2000 412 DE
2045 356 2159 411 (20.1

1913 357 2000 412 DE
2045 355 2390 412 (JOMPUTO.
3591 353 3661 408 ιϐ

396 494 512 533 esse
543 476 774 532 noveris.
794 478 850 532 Si
884 485 1063 532 autem
1085 473 1447 530 Kalendarum
1475 475 1589 529 dirs
1617 473 1868 528 inciderit
1894 487 1970 526 xu
1999 479 2049 535 Α
2078 471 2336 541 reperies.
2376 471 2468 526 Est
2496 477 2676 525 autem
2745 468 3010 524 terminus
3041 483 3196 524 ante
3237 483 3376 524 .una:
3421 485 3454 523 x
3480 510 3495 536 ,
3542 483 3664 540 qua

397 571 510 626 Kal.
539 580 632 624 aut
659 570 710 623 in
734 579 879 634 ante,
915 569 965 622 id
992 577 1077 622 est
1105 583 1158 622 xl
1191 566 1274 621 vel
1304 583 1360 630 x,
1386 575 1479 620 aut
1502 564 1754 633 deinceps
1780 578 1971 618 evene-

398 663 487 726 rit,
519 671 628 716 tum
662 671 824 723 retro,
881 661 982 716 hoc
1025 670 1107 716 est
1162 661 1215 714 in
1262 658 1488 721 Martio,
1535 671 1655 712 esse
1696 659 1873 721 scias,
1921 664 1974 711 et

397 756 662 812 Kalendas
684 757 827 824 ipsas
859 755 1056 825 Aprilis
1082 753 1480 824 pronuntiabis.
1524 750 1618 806 Sin
1665 760 1846 826 retro,
1872 749 1975 803 hoc

395 859 475 904 est
503 863 590 901 xlv
615 856 710 901 aut
737 863 852 912 xm,
881 846 963 900 vel
992 861 1060 900 xv
1091 845 1210 900 Kal.
1237 845 1490 914 deinceps
1520 843 1815 905 acciderit,
1847 842 1974 912 quia

397 942 450 997 hi
481 942 596 996 dies
623 942 673 995 in
711 941 901 995 Martio
931 950 1055 995 ante
1080 939 1461 1010 aequinoctium
1507 948 1632 994 sunt
1657 978 1672 1002 ,
1717 937 1768 990 in
1806 935 1973 1006 Aprili

397 1033 731 1103 computabis
764 1033 1072 1096 terminum,
1108 1033 1251 1102 ipsas
1283 1031 1554 1087 Kalendas
1578 1028 1701 1084 Maii
1730 1044 1968 1100 pronun-

398 1126 572 1188 tiabis,
599 1126 743 1196 quod
795 1124 964 1180 tribus
1013 1133 1222 1178 tantum
1274 1123 1432 1177 annis
1477 1122 1675 1177 accidit
1717 1123 1768 1176 in
1824 1119 1975 1192 cyclo

397 1219 578 1282 xlxali,
607 1219 658 1273 id
683 1228 785 1284 est,
813 1229 1002 1274 octavo
1024 1234 1164 1273 anno
1185 1218 1417 1273 termino
1444 1216 1710 1274 existente
1741 1230 1830 1268 xiv
1855 1213 1972 1268 Kal.

397 1309 537 1372 .‘daii,
594 1320 647 1364 et
694 1311 980 1364 undecimo
1023 1310 1263 1381 ejusdem
1311 1309 1449 1381 cycli
1507 1324 1686 1372 anno,
1729 1322 1852 1362 cum
1893 1315 1977 1362 est

397 1403 658 1457 terminus
683 1419 793 1458 xm
823 1403 940 1458 Kal.
973 1401 1120 1466 Maii,
1148 1411 1203 1457 et
1241 1403 1451 1457 decimo
1479 1417 1622 1454 nono
1653 1416 1793 1454 anno
1813 1441 1828 1465 ,
1881 1399 1972 1469 qui

394 1503 473 1549 est
501 1494 638 1565 eyeli
667 1495 907 1559 ultimus,
941 1495 1229 1549 terminum
1255 1495 1458 1549 habens
1480 1510 1547 1547 xv
1573 1494 1688 1549 Kal.
1719 1493 1862 1547 Maii.

463 1587 567 1642 Sed
616 1587 844 1643 fortasse
894 1587 1136 1643 dicturus
1179 1603 1238 1642 es
1286 1603 1384 1643 nec
1430 1587 1689 1656 praetenti
1741 1587 1865 1639 anui
1922 1594 1974 1639 te

393 1692 550 1733 nosse
583 1681 870 1734 terminum
902 1679 991 1748 qui
1039 1679 1158 1732 fuit.
1212 1678 1318 1734 Sed
1369 1688 1424 1732 et
1469 1679 1591 1732 inde
1642 1677 1975 1733 consulimus

394 1770 692 1839 imperitiae.
727 1770 926 1842 Nempe
951 1781 1007 1826 et
1045 1771 1088 1826 si
1133 1770 1359 1825 multum
1403 1770 1568 1825 hebes
1601 1786 1659 1825 cs
1683 1811 1697 1836 ,
1739 1770 1972 1840 primum

2079 564 2150 618 sit
2180 562 2458 617 Februarii
2490 562 2710 628 mensis,
2736 561 2788 616 id
2813 571 2897 616 est
2925 575 3047 632 qua:
3074 561 3130 615 in
3163 559 3254 615 illo
3283 561 3520 616 ﬁniatur.
3555 561 3661 615 Lu-

2077 673 2200 712 nam
2249 658 2394 713 enim
2437 656 2696 727 cujusque
2742 657 2945 715 mensis
2986 672 3109 713 eam
3156 655 3388 712 dicimus
3438 673 3556 727 quae
3608 657 3662 712 in

2076 750 2190 820 ipso
2215 765 2400 806 mense
2428 750 2666 806 ﬁniatur.

2146 843 2682 914 Quadragesimalem
2741 844 3056 900 Terminum
3091 861 3120 900 a
3171 860 3250 899 xu
3314 841 3436 899 Kal.
3487 842 3666 900 Martii

2075 936 2315 1005 require.
2345 936 2614 1007 Incipiens
2640 953 2736 1007 per
2765 937 2945 992 omnia
2968 939 3047 991 sic
3081 938 3268 1003 facito,
3298 937 3439 994 sicut
3463 937 3529 992 de
3556 952 3663 991 Lxx

2077 1028 2331 1081 diximus.
2368 1028 2465 1083 Est
2503 1038 2683 1086 autem
2711 1030 2836 1085 luna
2857 1045 2894 1085 ιι
2931 1029 3134 1084 mensis
3185 1029 3386 1084 Martii.
3424 1028 3539 1085 Hoc
3568 1043 3666 1084 au-

2078 1129 2186 1174 tem
2215 1120 2267 1174 in
2293 1119 2377 1174 bis
2403 1120 2612 1178 duobus
2643 1122 2893 1177 terminis
2927 1121 3265 1187 observabis,
3306 1129 3367 1176 ut
3394 1119 3666 1178 bissextili

2077 1196 2219 1267 anno
2256 1229 2363 1269 uno
2390 1213 2478 1270 die
2506 1214 2712 1270 tardius
2735 1217 3017 1288 requirere
3047 1215 3296 1286 incipias,
3330 1215 3385 1270 id
3405 1221 3491 1272 est
3515 1230 3658 1272 Lxxa

2077 1321 2130 1359 ιν
2169 1304 2286 1361 Kal.
2315 1305 2478 1362 Febr.
2507 1323 2561 1363 xl
2593 1323 2724 1362 vero
2768 1309 2836 1362 ab
2875 1325 2930 1364 xi
2973 1308 3092 1364 Kal.
3155 1308 3374 1374 Martii,
3423 1309 3567 1380 quod
3610 1310 3667 1364 in

2077 1396 2196 1451 aliis
2225 1413 2329 1451 non
2357 1397 2524 1455 facias
2550 1399 2816 1455 terminis.
2851 1399 2918 1453 Et
2949 1401 3014 1454 de
3043 1415 3145 1455 Lxx
3183 1402 3402 1470 quidem
3436 1401 3490 1454 in
3516 1400 3665 1457 omni

2077 1487 2340 1543 bissextili
2369 1505 2508 1546 anno
2540 1491 2640 1546 hoc
2688 1490 3026 1546 obscrvabis.
3063 1489 3141 1545 De
3179 1507 3336 1546 mea
3367 1507 3497 1547 vero
3536 1503 3666 1548 tunc

2078 1591 2311 1646 tantum,
2351 1597 2477 1637 cum
2501 1583 2615 1653 ipse
2645 1585 3065 1640 terminus‘ante
3110 1583 3411 1640 bissextum
3435 1586 3662 1640 venerit.

2077 1677 2364 1743 Czeterum,
2393 1675 2436 1731 si
2470 1686 2588 1746 post
2615 1676 2910 1732 bissextum
2945 1687 3239 1733 eventurus
3270 1678 3380 1745 sit,
3409 1677 3571 1734 etiam
3610 1678 3665 1733 in

2078 1768 2318 1822 bissexto
2342 1767 2481 1822 sicut
2511 1767 2560 1820 in
2589 1767 2708 1822 aliis
2740 1767 2899 1822 annis
2929 1783 3041 1822 xxu
3067 1766 3184 1821 Kal.
3216 1767 3393 1823 Martii
3424 1769 3666 1840 require.

396 1869 571 1915 tamen
629 1861 824 1916 xtxalis
885 1861 1018 1931 cycli
1084 1861 1416 1925 terminum,
1469 1871 1755 1930 postquam
1806 1849 2130 1915 semelBln
2159 1863 2388 1914 termino
2429 1876 2642 1930 quoque
2689 1877 2792 1917 Lxx
2852 1861 2976 1915 mali
3027 1860 3293 1916 bissextili
3345 1877 3487 1919 anno
3535 1862 3671 1918 solet

393 1953 645 2014 audieris,
681 1955 917 2008 retinere
941 1963 1115 2022 potes,
1142 1953 1193 2006 id
1231 1961 1313 2008 est
1339 1952 1503 2008 Nonae
1530 1953 1699 2022 April.
1749 1951 1900 2020 Quod
1930 1953 1974 2008 si

393 2045 628 2114 reliquos
677 2045 874 2100 oblitus
915 2060 1015 2110 es,
1067 2054 1316 2116 computa
1369 2046 1606 2114 primunt
1651 2055 1850 2115 quotus
1903 2047 1976 2100 sit

391 2149 564 2190 annus
627 2136 762 2206 cycli
814 2136 1011 2191 xtxalis
1065 2150 1162 2205 per
1193 2147 1572 2208 argumentum
1620 2138 1762 2206 quod
1811 2152 1973 2206 supra

391 2227 741 2281 ostendimus.
777 2227 842 2280 Et
880 2229 1020 2282 hunc
1055 2242 1178 2282 cum
1219 2229 1491 2285 inveneris
1516 2271 1528 2294 ,
1565 2241 1816 2300 computa
1847 2230 1972 2284 toti-

394 2314 511 2369 dem
553 2316 812 2372 terminos
861 2333 891 2372 a
941 2316 1107 2374 Nonis
1161 2318 1396 2389 Aprilis,
1445 2329 1640 2390 quotus
1689 2321 1758 2374 sit
1802 2337 1975 2376 annus

393 2408 548 2476 cycli.
577 2417 629 2462 et
674 2425 834 2478 quem
865 2410 1153 2464 terminum
1183 2411 1236 2464 in
1263 2411 1452 2466 eodem
1473 2412 1661 2466 ordine
1685 2413 1972 2481 repereris,

393 2497 564 2565 ipsum
615 2514 734 2554 eSse
781 2501 923 2556 scius
963 2517 1122 2571 quem
1154 2505 1372 2572 quaeris.
1414 2503 1480 2557 Et
1528 2513 1588 2558 ut
1635 2504 1975 2559 manifestius

391 2591 534 2659 quod
567 2593 798 2648 dicimus
825 2595 1092 2658 advertas,
1112 2597 1260 2650 verbi
1279 2597 1474 2667 gratia,
1500 2596 1545 2652 si
1569 2595 1732 2652 fuerit
1753 2598 1975 2666 quintus

394 2699 534 2754 saepe
572 2688 779 2754 praefati
811 2689 981 2759 cycli,
1029 2699 1281 2760 computa
1325 2689 1564 2762 singulos
1603 2691 1864 2747 terminos
1909 2707 1974 2748 eo

392 2789 498 2843 quo
523 2777 759 2832 diximus
789 2780 969 2842 modo,
1003 2796 1031 2832 a
1063 2780 1227 2835 Nonis
1255 2781 1428 2851 April.
1459 2790 1673 2852 sumpto
1718 2783 1894 2848 initio,
1922 2792 1975 2836 et

390 2870 760 2939 quicunquevv
798 2873 1099 2927 occurrerit
1129 2875 1407 2940 terminus,
1440 2875 1612 2946 ipsum
1634 2891 1666 2928 v
1691 2891 1834 2930 anno
1854 2890 1976 2930 esse

390 2960 534 3014 scias
577 2976 718 3032 saepe
771 2964 898 3018 dicti
946 2965 1101 3036 cycli.
1160 2967 1250 3022 Sic
1297 2968 1510 3023 cretet'is
1559 2969 1715 3022 anuis
1773 2967 1974 3024 faciens

391 3051 644 3110 facillime
670 3059 931 3128 cujusque
963 3061 1088 3114 anni
1121 3063 1408 3116 terminum
1444 3063 1704 3118 invenies.

927 3153 1152 3208 CAPUT
1205 3154 1446 3210 XXXIV.

555 3240 702 3297 Unde
737 3244 1069 3299 inveniantur
1099 3247 1362 3318 regulares
1393 3249 1552 3319 ipsius
1584 3252 1810 3305 termini.

463 3335 758 3407 Regulares
786 3348 968 3393 autem
1004 3341 1155 3409 eujus
1187 3339 1494 3416 [cujusque]
1525 3345 1739 3399 termini
1787 3361 1974 3416 reper-

394 3435 564 3488 turus,
598 3445 734 3498 pone
765 3445 976 3499 semper
1005 3431 1122 3484 Kal.
1157 3432 1356 3501 Aprilis
1392 3435 1442 3487 iu
1492 3435 1666 3504 prima
1711 3435 1842 3489 feria
1869 3478 1882 3500 ,
1919 3447 1974 3492 et

392 3531 642 3590 computa
702 3521 942 3592 singulos
1000 3522 1364 3578 Kalendarum
1422 3526 1535 3580 dies
1587 3542 1684 3597 per
1736 3529 1972 3598 singulas

392 3611 560 3668 ferias
585 3631 754 3686 usque
791 3617 855 3670 ad
887 3617 1198 3683 terminum,
1229 3619 1360 3674 etin
1409 3630 1571 3690 quota
1605 3620 1739 3677 feria
1786 3624 1974 3678 termi-

395 3723 522 3761 num
555 3724 824 3780 quemque
855 3712 1142 3780 rcpereris,
1174 3721 1252 3767 tot
1299 3712 1574 3785 regulares
1622 3715 1696 3770 illi
1727 3716 1969 3772 tribuito.

395 3797 631 3870 Exempli
663 3817 828 3855 causa
862 3819 874 3854 :
907 3800 1054 3857 Pone
1085 3801 1204 3857 Kal.
1235 3803 1408 3875 April.
1443 3804 1494 3858 in
1526 3806 1700 3876 prima
1727 3805 1888 3871 feria,
1920 3817 1974 3861 et

393 3903 682 3946 occurrunt
710 3893 878 3949 Nona:
909 3895 1109 3963 Aprilis
1137 3895 1187 3949 in
1230 3897 1419 3966 quinta
1458 3895 1613 3951 feria.
1656 3897 1751 3953 Dic
1797 3913 1927 3968 ergo
1955 3913 1968 3950 :

393 3981 558 4037 Nonae
579 3984 776 4053 Aprilis
804 3993 1002 4039 norunt
1053 3986 1265 4055 quinos.
1299 3985 1389 4041 Sic
1418 3986 1484 4040 de
1512 3989 1724 4042 caeteris
1768 3986 1933 4043 facies
1957 4029 1972 4055 ,

394 4083 449 4128 et
471 4075 802 4145 singulorqu
837 4077 1113 4147 regulares
1143 4081 1346 4150 absque
1369 4095 1555 4136 errore
1586 4082 1845 4151 reperies.
1877 4083 1975 4138 Hic

395 4178 574 4222 autem
599 4169 725 4224 illud
756 4172 992 4236 attende,
1041 4173 1167 4227 utsi
1220 4175 1480 4228 terminus
1526 4185 1653 4229 ante
1705 4175 1975 4232 Kalendas

395 4269 518 4323 est,
601 4272 749 4318 retro
824 4273 1102 4334 computes
1167 4274 1219 4320 et
1304 4266 1576 4323 Kalendas
1664 4278 1718 4324 et
1787 4269 1972 4326 ferias.

398 4352 554 4409 Verbi
617 4354 849 4423 gratia:
903 4354 1092 4423 positis
1149 4354 1400 4412 Kalendis
1464 4358 1516 4413 in
1570 4357 1744 4428 prima
1800 4359 1974 4427 feria,

397 4460 518 4500 mox
579 4447 752 4515 pridie
813 4447 930 4500 Kal.
994 4448 1045 4502 in
1099 4450 1328 4518 septima
1386 4451 1518 4507 feria
1579 4462 1764 4518 retro,
1815 4464 1869 4509 et
1914 4471 1973 4510 ιιι

396 4539 509 4594 Kal.
542 4541 590 4595 in
623 4552 778 4595 sexta
828 4541 999 4606 feria,
1054 4550 1107 4596 et
1158 4543 1236 4598 sic
1271 4544 1525 4615 deinceps
1570 4555 1716 4600 retro
1762 4562 1977 4618 semper

1996 3227 2053 3295 ε

2074 1955 2290 2011 evenire
2317 1955 2442 2010 luna
2478 1971 2556 2020 xi,
2584 1936 2734 2025 quod
2776 1955 2898 2012 ideo
2944 1956 3127 2012 notavi
3171 1972 3242 2012 ne
3286 1972 3410 2014 cum
3458 1957 3672 2014 venerit

2075 2047 2318 2102 turbaret
2349 2046 2757 2101 calculatorem.

2145 2135 2433 2193 Terminus
2478 2138 2840 2211 Rogationum
2887 2141 3035 2197 omni
3082 2149 3326 2212 tempore
3356 2157 3386 2196 a
3443 2156 3485 2197 ιι
3527 2139 3666 2200 Νοιι.

2073 2228 2195 2284 Maii
2231 2230 2545 2300 requiritur,
2583 2241 2638 2287 et
2667 2234 2849 2289 omnia
2876 2243 2936 2290 ut
2963 2235 3017 2288 in
3044 2233 3418 2305 superioribus
3440 2248 3667 2306 compu-

2075 2329 2279 2387 tantur,
2312 2333 2367 2377 et
2391 2333 2474 2378 est
2498 2321 2650 2378 Luna
2683 2341 2755 2380 xx
2783 2342 2904 2396 qua;
2931 2326 3139 2382 mensis
3165 2325 3315 2382 Maii.

2144 2414 2494 2474 Pentecostes
2546 2419 2810 2475 terminus
2841 2435 2873 2474 a
2910 2435 3011 2476 xm
3066 2419 3186 2476 Kal.
3240 2418 3387 2475 Junii
3451 2435 3668 2494 semper

2075 2513 2369 2582 requiritur
2398 2527 2496 2584 per
2514 2517 2718 2582 omnia,
2749 2516 2890 2572 sicut
2927 2500 3259 2586 superiores,
3282 2517 3376 2587 qui
3416 2526 3503 2574 est
3537 2516 3665 2573 luna

2076 2621 2128 2659 tv
2163 2603 2402 2674 ejusdem
2432 2609 2656 2664 mensis.
2689 2606 2892 2665 Omnes
2919 2623 3050 2664 vero
3075 2608 3291 2674 termini
3318 2625 3426 2665 una
3446 2611 3668 2666 eadem-

2075 2713 2181 2768 que
2207 2697 2343 2754 feria
2373 2701 2718 2769 provenient,
2746 2709 2800 2756 et
2828 2710 2887 2755 ut
2913 2699 3142 2767 Pascha,
3171 2701 3253 2757 sic
3275 2709 3488 2758 caeteras
3539 2703 3660 2757 ista:

2075 2789 2400 2846 festivitates
2429 2793 2481 2847 in
2507 2793 2845 2848 Domiuieum
2873 2793 3015 2848 diem
3046 2793 3496 2862 protelabuutur;
3527 2801 3584 2848 et
3605 2802 3666 2848 ut

2077 2880 2143 2937 de
2168 2881 2397 2948 Pascha,
2427 2884 2506 2939 sic
2538 2882 2605 2938 de
2632 2883 2846 2939 ceteris
2888 2881 3127 2954 iutellige
3151 2923 3166 2947 ,
3201 2892 3259 2937 ut
3303 2883 3359 2939 si
3387 2883 3441 2938 in
3479 2882 3662 2939 Domi-

2076 2975 2199 3031 nico
2225 2976 2311 3031 die
2349 2978 2616 3041 evenerit,
2645 2978 2699 3030 in
2753 2976 2982 3032 alterum
3036 2975 3386 3032 festivitatem
3417 2975 3661 3036 differas.

2615 3087 2841 3145 CAPUT
2888 3087 3127 3144 XXXVI.

2076 3183 2156 3240 De
2177 3184 2343 3239 tribus
2366 3183 2521 3238 armis
2571 3182 2837 3254 Xlxalibus
2867 3182 2998 3254 cycli
3022 3223 3036 3247 ,
3067 3183 3124 3236 in
3160 3183 3347 3254 quibus
3385 3181 3514 3254 lana
3539 3201 3663 3254 epa-

2149 3264 2354 3312 ctarum
2385 3273 2490 3310 non
2516 3263 2689 3310 servat
2733 3251 2990 3319 ordinem,
3033 3263 3081 3308 et
3119 3251 3348 3323 qualiter
3387 3251 3664 3310 Paschalis

2149 3326 2278 3382 luna
2303 3328 2620 3382 observetur.

2145 3444 2223 3500 De
2261 3443 2388 3498 luna
2417 3443 2722 3499 embolismi
2750 3443 2852 3499 hoc
2895 3441 3233 3498 solummodo
3263 3442 3658 3500 adnectendum

2077 3537 2286 3602 censui,
2313 3537 2456 3606 quod
2482 3551 2754 3604 nunquam
2781 3536 2961 3590 cursui
2986 3534 3292 3606 refragatur
3315 3545 3654 3606 epactarun‘i,

2075 3626 2318 3697 exceptis
2370 3627 2542 3681 tribus
2570 3627 2725 3680 anuis
2753 3625 2890 3698 cycli
2921 3624 3117 3682 xtxalis
3141 3667 3154 3690 ,
3209 3635 3402 3684 octavo
3451 3627 3660 3682 scilicet

2076 3733 2238 3786 anno,
2265 3719 2357 3789 qui
2385 3719 2589 3789 ogdoas
2637 3717 2940 3789 appellatur
2969 3717 3157 3775 Graece
3184 3759 3198 3784 ,
3229 3727 3286 3774 et
3331 3718 3619 3776 undecimo
3643 3761 3656 3779 .

2076 3825 2286 3864 necnon
2320 3809 2529 3863 decimo
2556 3823 2733 3874 nono,
2768 3808 2859 3878 qui
2904 3816 2989 3864 est
3034 3808 3295 3872 ultimus,
3352 3816 3408 3863 et
3461 3808 3660 3864 dicitur

2076 3899 2310 3956 endecas
2345 3899 2550 3964 Graec,
2574 3899 2716 3968 quod
2739 3906 2864 3969 post
2891 3899 3191 3971 ogdoadem
3219 3899 3292 3954 sit
3316 3898 3661 3968 undecimus.

2077 3987 2135 4044 ln
2163 3991 2358 4062 quibus
2403 3992 2559 4046 annis
2607 4000 2796 4047 contra
2844 3990 3292 4048 consuetudinem
3346 4001 3662 4060 epactarum

2079 4084 2473 4154 inquibus-lam
2519 4083 2777 4140 Kalendis
2822 4082 3078 4139 occurrit.
3121 4080 3525 4138 Ostendendum
3575 4081 3670 4137 ubi.

2058 4171 2324 4234 ordinem
2354 4179 2576 4233 tribuat.
2613 4177 2822 4234 Octavo
2851 4177 3014 4248 igitur
3035 4193 3176 4231 anno
3198 4179 3404 4248 epactis
3424 4177 3667 4233 existen-

2082 4270 2223 4325 tibus
2253 4285 2361 4323 xvu
2412 4268 2799 4325 embolismalis
2844 4267 2968 4322 luna
3000 4283 3038 4322 ιι
3070 4266 3209 4321 Νοιι.
3243 4266 3422 4324 Martii
3453 4267 3668 4340 incipit,

2083 4363 2374 4431 ﬁniturque
2412 4378 2430 4416 1
2476 4361 2611 4416 Non.
2645 4360 2815 4431 April.
2860 4373 3038 4423 xxxa,
3090 4357 3219 4412 licet
3289 4358 3342 4412 in
3382 4357 3554 4427 Aprili
3598 4360 3633 4413 lt

2083 4456 2280 4518 niatur,
2310 4455 2400 4522 qui
2435 4469 2709 4523 nunquam
2739 4452 2898 4505 habet
2923 4465 3050 4504 xxx.
3082 4448 3188 4502 Ista
3211 4447 3354 4502 enim
3379 4463 3477 4502 uec
3501 4448 3665 4516 Apri-

2083 4549 2147 4603 lis
2179 4557 2278 4613 est,
2320 4563 2421 4604 nec
2442 4547 2668 4618 alicujus
2700 4545 2900 4601 mensis
2927 4586 2940 4607 ,
2978 4543 3072 4598 sed
3103 4539 3516 4606 embolismalis,
3543 4555 3667 4610 qum

396 4649 562 4704 usque
592 4633 655 4687 ad
687 4635 998 4688 lermillum-
1031 4633 1089 4689 Si
1119 4650 1247 4689 \‘el‘o
1283 4647 1401 4706 post
1451 4636 1719 4692 Kalendas
1778 4638 1975 4708 Aprilis
2003 4613 2057 4673 D
2089 4644 2283 4698 nullius
2318 4658 2554 4713 unquam
2597 4641 2796 4695 dicitur
2851 4637 3072 4704 mensis,
3103 4646 3158 4692 et
3210 4651 3424 4706 semper
3466 4651 3669 4691 xxxma

397 4725 574 4788 fuerit,
607 4727 657 4779 in
691 4735 818 4781 ante
846 4728 1026 4781 omnia
1080 4730 1437 4798 computabis.
1483 4729 1721 4785 Inventis
1764 4731 1977 4802 regula-

397 4818 544 4872 ribus
567 4820 750 4890 junge,
771 4829 828 4872 ut
856 4821 1057 4875 dictmu
1080 4829 1180 4888 cst,
1205 4831 1594 4878 concurrentes
1628 4824 1796 4892 ipsius
1827 4825 1973 4889 anni,

397 4925 451 4966 et
479 4914 526 4965 iu
553 4924 711 4981 ιἰιιοιει
737 4912 871 4966 feria
897 4916 1155 4968 terminus
1176 4919 1373 4981 veniat,
1393 4916 1670 4986 reperiens
1689 4914 1784 4988 [sic
1807 4917 1978 4990 cod.],

399 5003 687 5057 adveniens
714 5003 926 5058 Domini
959 5005 1166 5060 Pascha
1194 5007 1551 5061 celebramus.
1600 5007 1790 5064 Restat
1833 5024 1977 5065 nunc

398 5098 678 5151 ostendere
704 5095 933 5167 qualiter
962 5114 1058 5168 per
1087 5100 1228 5154 hunc
1274 5102 1454 5156 czcteri
1499 5102 1836 5168 reperiantur
1864 5115 1975 5160 ter-

402 5190 552 5243 mini.

941 5285 1171 5342 CAPUT
1202 5286 1418 5344 XXXV.

405 5374 640 5438 Qualiter
677 5391 766 5444 per
795 5372 1101 5448 Prisc/uilem
1129 5381 1402 5434 terminum
1431 5379 1602 5434 creteri
1627 5377 1978 5436 inveniantur.

2087 4744 2451 4806 computatur.
2485 4732 2741 4804 Sequitur
2766 4731 2891 4786 luna
2917 4729 3113 4804 Aprilis
3139 4771 3152 4794 ,
3195 4742 3317 4798 quze
3357 4737 3441 4782 est
3471 4736 3525 4781 et
3564 4725 3670 4780 Pa-

2087 4830 2305 4893 schalis,
2340 4846 2370 4884 a
2409 4829 2545 4884 Non.
2585 4825 2784 4895 Aprilis
2813 4825 3074 4894 incipiens
3098 4863 3112 4885 ,
3155 4821 3448 4890 ﬁniturque
3469 4834 3499 4872 v
3531 4816 3673 4874 Non.

2088 4924 2233 4988 Maii,
2261 4937 2380 4991 qua:
2425 4933 2766 4990 nequaquam
2794 4931 2990 4972 xxxma
3036 4922 3381 4983 computatur
3405 4955 3420 4981 ,
3459 4912 3585 4966 liiet
3622 4913 3679 4967 in

2090 5017 2227 5073 Maio
2251 5015 2492 5078 ﬁniatur,
2515 5027 2635 5066 cmn
2659 5025 2875 5083 semper
2897 5008 3066 5063 Maius
3088 5023 3195 5062 xxx
3231 5006 3428 5061 habeat
3454 5007 3639 5062 lunam
3663 5025 3676 5069 ;

2091 5110 2212 5182 quia
2242 5109 2368 5172 ista,
2401 5115 2458 5161 ut
2485 5105 2688 5159 dictum
2720 5114 2825 5170 est,
2852 5119 2956 5157 non
3006 5100 3128 5154 Maii
3158 5139 3172 5162 ,
3203 5098 3296 5151 sed
3326 5098 3532 5168 Aprilis
3569 5111 3676 5157 est.

2091 5200 2188 5254 Est
2225 5208 2408 5254 autem
2436 5198 2487 5252 in
2535 5194 2798 5252 Kalendis
2827 5194 2949 5248 Maii
2983 5203 3220 5246 xxvuma
3245 5229 3258 5252 ,
3306 5189 3564 5254 quamvis
3593 5205 3685 5248 se-

2092 5293 2328 5348 cuudum
2384 5288 2641 5344 rationem
2695 5296 3011 5357 cpactarunt
3074 5298 3135 5334 ac
3184 5276 3516 5349 regularium
3565 5297 3693 5339 esse.

2097 5382 2410 5440 debuerit...
2440 5378 2633 5449 Incipit
2657 5393 2792 5436 vero
2818 5381 2939 5432 luna
2975 5374 3096 5432 Maii
3137 5386 3188 5424 tv
3216 5369 3354 5424 Non.
3390 5371 3563 5442 ipsius
3592 5418 3605 5436 ,
3634 5382 3694 5431 et

477 5474 975 5546 Septuagesinmlcm
1005 5480 1288 5533 terminum
1315 5481 1557 5537 invenire
1588 5479 1833 5546 cupiens,
1858 5480 1984 5535 vide
2101 5476 2286 5530 finitur
2311 5491 2363 5528 iv
2393 5470 2527 5525 Non.
2547 5469 2692 5524 Junii
2731 5488 2928 5528 xxxma
2966 5469 3227 5528 existens,
3255 5460 3382 5531 quia
3413 5479 3520 5518 non
3548 5464 3698 5521 Junii

3050 5557 3159 5578 \Y--.
3218 5557 3386 5578 2-...2..-
