4466 5578
842 366 902 421 Si
1826 374 2124 431 BERNERI
2162 378 2452 436 ABBATIS
2495 379 3052 438 lll'ilOIARIENSIS
4010 386 4079 441 52

843 476 957 531 vitii
991 478 1373 547 parcimoniam
1400 483 1737 553 propinavit:
1772 494 1823 539 et
1846 501 1964 556 qu:e
1995 488 2225 558 primum
2252 490 2410 546 facile
2436 499 2486 558 Α
2509 493 2595 563 jus
2622 494 2902 563 aggredior
2939 493 3068 548 Vitre
3092 502 3471 566 gestorumque
3506 511 3674 568 pauca
3725 497 4031 553 describere
4061 538 4075 554 .

841 570 1110 624 consentit
1140 578 1199 624 ut
1228 573 1463 640 caderet,
1490 584 1545 629 et
1573 584 1744 631 mater
1772 577 2094 634 calamitatis
2123 582 2400 648 existeret;

844 660 1179 727 postmodum
1223 676 1319 731 per
1345 662 1544 720 Christi
1577 668 1806 737 gratiam
1846 670 2060 723 fortiter
2104 672 2302 725 restitit
2349 681 2407 727 ut

838 750 1084 804 zabulum
1134 762 1539 823 prosterneret,
1584 774 1845 830 sororque
1901 771 1955 816 et
1984 768 2156 817 mater
2198 764 2408 817 Domini

847 840 1144 901 Salvatoris
1170 848 1338 916 gratis
1366 849 1533 904 electa
1563 851 1791 907 feliciter
1820 853 1993 908 ﬁeret.
2034 853 2202 922 Hujus
2247 856 2409 924 igitur

836 934 1031 990 divinae
1076 938 1261 1008 gratize
1296 950 1495 995 sortem
1532 944 1723 1013 adepta
1764 944 1995 1014 gloriosa
2036 945 2184 1015 virgo
2230 945 2408 999 Hune-

836 1030 1067 1097 guudis,
1099 1032 1168 1086 ab
1213 1032 1558 1092 immaculato
1583 1037 1749 1092 divini
1802 1038 1965 1095 fontis
2012 1047 2167 1095 utero
2215 1049 2404 1094 renata

837 1121 1057 1189 prodiit,
1081 1124 1306 1181 educata
1328 1126 1605 1183 catholicas
1635 1129 1754 1185 sinu
1798 1132 1985 1187 matris
2006 1131 2281 1195 Ecclesiae,
2313 1147 2405 1185 cu-

2509 590 2668 651 prout
2713 584 2949 653 comperi
2981 599 3009 637 a
3044 585 3287 641 fidelibus
3334 588 3599 641 enarrari.
3631 587 3866 643 Obsecro
3896 587 4078 656 itaque

2514 688 2600 727 me
2642 675 2936 744 principem
2968 689 3311 747 peccatorum
3358 690 3403 735 ct
3448 680 3783 735 sacerdotum
3828 681 4076 733 ultimum

2517 767 2710 820 vestris
2737 768 2983 837 precibus
3017 770 3293 840 suffragari
3321 811 3335 837 ,
3387 779 3649 841 quatenus
3686 769 3818 824 mihi
3857 777 4077 824 sanctus

2512 857 2760 924 dignetur
2791 858 2977 913 adesse
3023 858 3253 929 Spiritus
3283 901 3297 925 ,
3327 862 3414 930 qui
3443 869 3498 916 et
3526 860 3818 915 facinorum
3868 867 4078 914 nostro-

2512 963 2630 1001 rum
2670 948 2905 1003 maculas
2928 948 3124 1014 deleat,
3166 959 3219 1004 et
3248 950 3481 1021 linguam
3508 952 3574 1005 ad
3603 948 3906 1005 enarranda
3930 964 4076 1018 qum-

2512 1040 2633 1093 dam
2663 1040 2885 1110 virginis
2911 1050 3057 1110 gesta
3086 1041 3339 1097 disertam
3367 1040 3582 1097 eﬂiciat.

1946 1435 2482 1551 INCIPIT
2568 1432 2963 1551 VITA.

902 1648 957 1703 2.
1000 1648 1220 1704 Summa
1245 1657 1301 1705 et
1339 1650 1899 1722 incomprehensibilis
1935 1653 2277 1723 providentia
2308 1652 2401 1707 Di-
2432 1654 2480 1715 B
2508 1660 2561 1705 et
2588 1653 2763 1706 anima
2790 1660 2911 1722 post
2950 1658 3223 1721 peractum
3246 1648 3371 1703 vitae
3414 1646 3629 1703 cursum
3671 1645 3905 1699 fructum
3950 1659 4073 1699 car-

834 1740 1097 1803 vinitatis,
1131 1754 1251 1795 cum
1282 1755 1348 1795 ex
1375 1757 1470 1796 sua
1490 1744 1880 1813 omnipotentia
1903 1746 2085 1799 mundi
2106 1745 2402 1815 principem

834 1833 1147 1899 debellaret,
1177 1836 1398 1906 ejusque
1428 1839 1692 1893 versutias
1717 1840 1931 1907 penitus
1960 1842 2262 1910 exstirpare
2292 1841 2400 1894 dis-

836 1935 1095 1995 poneret.
1142 1942 1264 1981 eum
1309 1944 1412 1982 non
1438 1930 1607 1983 solum
1646 1940 1893 1999 potenter
1933 1933 2204 2001 superavit
2243 1941 2402 2000 atque

833 2034 981 2072 arma
1013 2019 1265 2087 abstulit,
1293 2036 1479 2075 verum
1521 2022 1685 2076 ctiam
1728 2023 1859 2092 ipsis
1891 2024 2055 2076 armis
2092 2023 2400 2077 miscricor-

833 2110 1092 2163 dilertam
1118 2110 1429 2180 praeclaram
1456 2112 1681 2166 contulit
1700 2111 2055 2183 flagrantiam,
2082 2112 2403 2181 utfugarcnt

831 2202 1517 2257 acdelerentsordidissimi
1543 2206 1801 2274 principis
1824 2205 2079 2269 dominia,
2106 2206 2403 2275 lierentque

828 2292 1029 2346 Christi
1056 2293 1345 2347 luminaria
1383 2310 1501 2363 quae
1530 2293 1747 2349 fuerant
1795 2298 2001 2364 pridem
2050 2311 2197 2348 arma
2250 2304 2402 2349 tene-

827 2382 1010 2437 bI‘OSa.
1045 2382 1157 2437 Tali
1188 2384 1351 2453 igitur
1375 2385 1567 2439 ordine
1592 2385 1773 2439 mundi
1801 2396 2010 2454 sceptra
2033 2384 2401 2438 crudelissima

828 2475 1198 2539 immutantur,
1233 2478 1518 2546 omnisque
1560 2478 1735 2547 portio
1763 2478 2107 2532 tenebrarum
2141 2477 2251 2530 suis
2281 2492 2401 2530 cum

830 2567 1149 2621 satellitibus
1193 2579 1341 2623 tanto
1364 2570 1557 2639 jubare
1581 2569 1964 2640 restinguitur,
1997 2569 2276 2639 oriturque
2306 2584 2403 2638 per

831 2658 1036 2728 pagella
1080 2676 1212 2713 nova
1267 2660 1355 2714 lux
1398 2672 1451 2715 et
1497 2661 1791 2731 gaudium,
1842 2660 2220 2715 submittcntes
2267 2660 2400 2715 colla

831 2749 961 2818 Regi
994 2767 1216 2819 regum,
1253 2761 1308 2805 et
1342 2752 1597 2821 paulatim
1626 2767 1655 2806 a
1702 2753 1831 2808 solis
1854 2762 1975 2807 ortu
2018 2769 2186 2822 usque
2214 2753 2279 2806 ad
2312 2768 2401 2807 oc-

830 2854 1013 2891 casum
1044 2841 1247 2894 Clrristi
1279 2841 1605 2911 divulgatum
1630 2852 1713 2897 est
1753 2844 2057 2913 imperium.
2095 2842 2242 2897 Inter
2266 2858 2403 2913 quos

828 2943 959 2999 gens
986 2929 1317 2999 Francigcna
1339 2971 1353 2995 ,
1387 2931 1569 2985 multis
1608 2940 1821 2987 actmnn
1852 2934 2095 3003 insigniis
2121 2933 2396 3002 splendida

829 3036 891 3076 ac
919 3022 1205 3091 triumphis
1235 3024 1416 3077 multis
1446 3024 1808 3080 famosissima
1828 3065 1842 3089 ,
1887 2999 2011 3078 licet
2050 2999 2263 3079 Christo
2294 3024 2397 3079 lide
2423 2999 2471 3063 θ

828 3123 1010 3169 sancta
1030 3116 1233 3169 tardius
1251 3128 1583 3183 occurreret,
1614 3127 1791 3173 tamen
1818 3128 1874 3171 ut
1903 3118 2168 3187 persensit
2192 3117 2398 3171 Domini

828 3204 1206 3267 clementiam,
1257 3207 1421 3275 coepit
1450 3207 1649 3275 passim
1682 3206 1993 3277 pullulando
2020 3221 2212 3260 novam
2239 3216 2400 3275 atque

827 3306 1067 3351 sanctam
1098 3298 1206 3351 Deo
1240 3296 1386 3351 Patri
1428 3299 1636 3368 prolem
1685 3300 1930 3369 gignere.
1976 3299 2053 3353 Ex
2097 3298 2249 3366 cujus
2287 3298 2397 3366 jam

824 3389 1194 3443 sacratissimo
1258 3392 1530 3445 consortio
1587 3401 1773 3445 sancta
1824 3399 1997 3445 mater
2047 3399 2207 3459 atque
2246 3391 2397 3459 virgo

824 3478 1022 3534 Christi
1054 3480 1276 3534 dilatata
1306 3490 1388 3535 est
1428 3481 1663 3536 Ecclesia
1683 3523 1695 3545 ,
1722 3498 1841 3551 quze
1865 3482 2024 3536 oblita
2057 3483 2275 3536 domum
2304 3497 2397 3551 pa-

825 3571 922 3625 tris
949 3580 1109 3642 atque
1154 3572 1407 3642 populum
1429 3615 1443 3640 ,
1473 3575 1667 3629 unitati
1699 3574 1849 3629 trina:
1882 3576 2057 3628 sinum
2089 3576 2268 3630 cordis
2297 3576 2394 3629 ob-

822 3661 974 3726 tulit,
1028 3664 1315 3718 unde..sibi
1344 3664 1718 3721 immaculatus
1760 3665 2017 3721 Dominus
2062 3666 2395 3737 impollutam

823 3767 1142 3807 consecrare
1167 3753 1448 3809 familiam.

894 3844 947 3898 5.
989 3846 1127 3917 Ergo
1157 3846 1313 3901 tellus
1353 3846 1627 3911 Franciaa,
1674 3863 1844 3918 pagus
1884 3847 2089 3904 scilicet
2135 3848 2395 3904 Verman-

818 3934 1019 4001 densis,
1050 3936 1536 4007 prmpollentissimi
1566 3940 1819 4009 martyris
1855 3938 2097 4005 Quintini
2140 3941 2393 3994 decorata

816 4023 1107 4096 suﬂragiis,
1140 4027 1433 4083 anhelabat
1459 4029 1589 4083 totis
1616 4028 1821 4083 viribus
1847 4036 1905 4083 ut
1924 4028 2144 4084 offerret
2167 4028 2393 4084 Domino

819 4131 1013 4171 munus
1037 4126 1248 4187 gratum
1267 4118 1321 4171 in
1347 4118 1567 4173 odorem
1586 4119 1984 4174 suavissimum.
2014 4119 2131 4186 Quo
2152 4120 2205 4173 in
2232 4134 2387 4189 pago,

818 4216 980 4276 atque
1006 4209 1131 4262 villa
1165 4224 1330 4278 quam
1361 4209 1673 4265 Lembaidis
1698 4210 1998 4275 nominant,
2023 4220 2213 4265 sancta
2236 4211 2390 4280 virgo

814 4297 1166 4367 Hunegundis
1195 4314 1455 4369 generosa
1493 4308 1617 4354 nata
1662 4310 1745 4355 est
1779 4302 2028 4371 prosapia
2052 4342 2065 4365 ,
2100 4316 2219 4370 quae
2260 4316 2383 4370 pro-

2508 1753 2663 1815 peret
2689 1743 3039 1798 centesimum
3071 1740 3444 1795 sacratissimis
3468 1738 3765 1805 virginibus
3796 1751 4076 1791 consecra-

2508 1842 2640 1889 tum.
2686 1833 2838 1888 Unde
2866 1832 2990 1902 quia
3033 1838 3149 1885 erat
3187 1829 3427 1900 gloriosae
3468 1827 3661 1881 indolis
3688 1826 3972 1894 progenie,
4009 1826 4073 1877 ab

2507 1925 2635 1993 ipsis
2666 1922 3001 1977 incunabulis
3029 1919 3199 1974 fertur
3220 1935 3338 1975 esse
3366 1920 3680 1987 desponsata
3714 1916 4073 1984 coarqualibus

2505 2015 2772 2069 natalibus
2795 2033 2807 2068 :
2840 2014 2931 2068 sed
2954 2013 3142 2067 dilecta
3162 2012 3329 2081 magis
3352 2026 3544 2081 sponso
3565 2008 3769 2064 cmlesti
3804 2008 4073 2062 terrestris

2505 2105 2871 2169 confunditur,
2904 2103 3222 2171 occultoque
3269 2100 3361 2154 Dei
3387 2100 3590 2169 judicio
3620 2099 3809 2153 mortis
3840 2096 4071 2152 conlinio

2505 2196 2793 2250 clauditur.
3669 2193 3676 2199 ’

2574 2288 2628 2342 4.
2670 2286 2958 2355 Postquam
3000 2299 3128 2339 vero
3156 2283 3319 2352 coepit
3349 2290 3532 2337 sancta
3558 2282 3708 2351 virgo
3734 2297 3851 2337 esse
3894 2280 4071 2335 adole-

2504 2396 2659 2434 scens
2702 2394 2925 2449 corpore
2962 2378 3297 2446 candidoque
3335 2376 3481 2437 vultu
3530 2384 3689 2445 atque
3723 2374 3856 2427 flava
3902 2374 4066 2437 facie,

2504 2473 2859 2542 desponsatur
2900 2486 3111 2525 rursum
3140 2486 3169 2523 a
3206 2470 3433 2539 quodam
3466 2469 3679 2521 nomine
3716 2466 3954 2521 Eudaldo
3981 2482 4069 2536 ge-

2503 2580 2711 2619 nerosa:
2741 2563 2926 2633 stirpis
2952 2563 3194 2625 homine,
3224 2577 3251 2615 a
3277 2576 3381 2630 quo
3412 2561 3575 2613 variis
3599 2567 3679 2613 est
3706 2558 3885 2612 dotata
3910 2572 4069 2626 spon-

2504 2656 2704 2711 salibus
2733 2671 2851 2709 cum
2903 2654 3183 2722 mancipiis
3212 2661 3262 2707 et
3293 2652 3519 2705 villulis:
3552 2667 3669 2720 qua:
3714 2650 3891 2702 omnia
3946 2648 4069 2701 licet

2504 2762 2531 2801 a
2561 2748 2873 2818 parentibus
2917 2756 3101 2801 coacta
3123 2787 3137 2808 ,
3164 2745 3308 2799 vultu
3342 2755 3517 2799 tamen
3546 2743 3751 2813 placido
3796 2751 3851 2795 et
3891 2753 4069 2795 mente

2503 2846 2652 2893 casta
2684 2838 2983 2908 perferens,
3014 2836 3589 2905 meditabaturjamdiu
3614 2836 3811 2899 animo,
3834 2835 4067 2903 qualiter

2503 2947 2561 2985 se
2588 2940 2641 2986 et
2670 2947 2764 2986 sua
2789 2931 3003 2985 Christo
3041 2945 3236 2998 sponso
3286 2929 3518 2981 traderet
3548 2926 3740 2980 dotalia
3760 2968 3773 2989 ,
3809 2926 4067 2995 fieretque

2502 3020 2924 3075 sanctimonialis
2956 3020 3148 3073 femina
3173 3019 3272 3072 sub
3302 3017 3461 3070 tutela
3497 3025 3693 3070 sanctm
3728 3017 3916 3069 matris
3948 3016 4068 3069 Vir-

2501 3115 2659 3182 ginis,
2692 3114 2945 3184 insignita
2974 3113 3162 3182 capitis
3190 3112 3472 3176 velamine,
3519 3120 3575 3171 ut
3608 3126 3727 3164 eum
3757 3111 4065 3165 adolescen-

2503 3204 2628 3258 tulis
2662 3204 2773 3256 veri
2809 3204 2951 3273 regis
2976 3203 3175 3256 valeret
3204 3202 3450 3255 edicere:
3488 3199 3655 3270 Nigra
3688 3218 3800 3255 sum
3836 3202 3925 3255 sed
3957 3202 4067 3269 for—

2500 3312 2669 3356 mosa,
2706 3292 2831 3360 ﬁlia?
2879 3291 3195 3355 Jerusalem,
3237 3292 3351 3343 ideo
3406 3290 3584 3343 dilexit
3611 3308 3690 3343 me
3720 3290 3857 3352 Rex,
3906 3301 3952 3343 et
3988 3293 4066 3344 iu-

2499 3387 2729 3441 troduatit
2753 3401 2832 3438 mc
2861 3386 2912 3437 in
2944 3383 3233 3437 cubiculum
3260 3399 3410 3436 suum
3443 3382 3615 3451 (Cant.
3653 3382 3692 3451 ι)
3719 3398 3731 3447 ;
3760 3382 4020 3436 ctitcrum
4050 3401 4063 3436 :

2502 3478 2679 3532 Nolite
2713 3494 2793 3530 me
2820 3476 3147 3529 considerare
3176 3476 3311 3544 quod
3355 3475 3500 3533 fusca
3530 3474 3629 3528 sim
3651 3515 3665 3537 ,
3710 3476 3833 3543 quia
3861 3474 4066 3527 decolo-

2501 3570 2628 3624 ravit
2655 3585 2733 3622 me
2760 3568 2837 3622 sol
2860 3565 3065 3637 (lbid.).
3099 3564 3241 3619 Talis
3271 3566 3493 3619 intentio
3520 3574 3575 3617 et
3612 3573 3717 3617 tam
3746 3563 4063 3634 praeclarum

2498 3645 2813 3715 exercitium
2843 3656 3163 3711 versabatur
3190 3654 3371 3709 sedule
3398 3655 3450 3708 in
3476 3654 3785 3725 praecordiis
3811 3653 4064 3723 puellari-

2497 3758 2618 3823 bus,
2648 3754 2853 3824 flosque
2875 3752 3165 3808 Genitricis
3189 3748 3471 3819 virginalis
3503 3748 3554 3801 in
3576 3748 3677 3801 bac
3707 3756 3889 3801 sancta
3916 3748 4065 3799 redo-

2498 3851 2643 3906 lebat
2665 3848 2890 3917 virgine,
2920 3846 3196 3898 radiantes
3224 3842 3465 3913 plurimas
3493 3840 3753 3895 virtutum
3786 3840 3970 3910 gratia:
3996 3856 4062 3912 ex

2496 3942 2752 4014 virgineis
2784 3940 3142 3995 successibus.

2565 4036 2618 4089 5.
2660 4035 2859 4090 Deinde
2903 4048 3022 4088 cum
3062 4039 3305 4085 sanctum
3337 4046 3445 4085 sua:
3488 4028 3684 4084 mentis
3722 4028 4059 4099 propositum

2495 4128 2560 4182 ad
2590 4125 2837 4182 effectum
2888 4123 3215 4195 operationis
3256 4122 3414 4176 vellet
3458 4122 3781 4190 perducere,
3830 4120 4057 4189 sapienti

2493 4233 2585 4273 usa
2614 4216 2861 4280 consilio,
2892 4230 3143 4285 sponsum
3186 4228 3289 4281 qua
3321 4212 3494 4280 potuit
3532 4220 3645 4264 arte
3679 4211 3903 4265 tentavit
3932 4226 4057 4264 sua-

2492 4310 2628 4363 viter
2658 4306 2917 4371 emollire,
2968 4322 3029 4359 ac
3056 4305 3403 4359 demulcendo
3434 4304 3727 4359 subtilitate
3758 4303 3956 4372 ingenii
3989 4302 4055 4355 ab

814 4388 975 4441 cessit
1005 4389 1152 4443 velut
1191 4390 1396 4461 virgula
1438 4391 1566 4445 fumi
1597 4406 1663 4447 ex
1704 4392 2036 4446 aromatibus
2071 4390 2303 4462 myrrha:
2336 4397 2389 4444 cl
2417 4392 2466 4451 D
2492 4398 2826 4468 amplexibus
2854 4398 3073 4451 omnino
3096 4396 3368 4451 divellere.
3409 4395 3505 4449 Cui
3534 4394 3655 4448 talia
3688 4392 4055 4449 blandissimis

815 4481 992 4536 thuris
1015 4490 1067 4537 et
1096 4482 1328 4538 universi
1358 4486 1573 4555 generis
1597 4486 2019 4555 pigmentorum,
2053 4486 2179 4540 dum
2225 4484 2381 4538 nobi-

807 4576 950 4633 libus
992 4587 1046 4633 et
1093 4579 1367 4636 Christum
1430 4580 1731 4637 colentibus
1782 4582 1981 4653 prodiit
2045 4579 2379 4649 parentibus.

810 4668 961 4724 Hauc
988 4685 1018 4725 e
1054 4686 1209 4727 sacro
1237 4671 1385 4728 fonte
1406 4671 1588 4729 ferunt
1617 4672 1885 4729 elevatam
1914 4673 1981 4727 ab
2010 4670 2181 4741 Eligio
2201 4668 2381 4739 ponti-

805 4760 908 4816 ftce
949 4762 1321 4821 Noviomensis
1371 4781 1434 4821 ac
1478 4765 1899 4821 Vermandensis
1947 4762 2232 4825 Ecclesiae,
2290 4759 2381 4814 ubi

804 4853 1032 4923 sumpsit
1058 4855 1171 4909 veri
1202 4856 1383 4924 sponsi
1414 4856 1637 4911 arrham
1659 4895 1674 4920 ,
1722 4854 1987 4921 simulque
2018 4859 2221 4907 vestem
2257 4862 2380 4918 pre-

804 4946 996 5000 tiosam
1030 4948 1451 5003 immortalitatis
1476 4950 1631 5020 signo
1655 4946 1997 5002 candidatam
2026 4953 2082 4997 et
2109 4940 2378 5010 triumpho

799 5038 1069 5107 passionis
1098 5040 1485 5108 perlustratam
1511 5080 1525 5104 ,
1576 5048 1738 5109 atque
1778 5045 1941 5091 castae
1982 5034 2261 5090 charitatis
2290 5048 2377 5086 or-

801 5130 926 5184 dine
978 5131 1178 5199 regiam
1223 5142 1276 5187 et
1322 5131 1713 5188 sacerdotalem
1764 5144 2019 5185 coronam
2069 5125 2370 5198 mysticam.

803 5218 899 5274 Ubi
931 5221 1092 5275 etiam
1138 5220 1190 5275 in
1239 5233 1443 5293 septem
1490 5221 1748 5293 gradibus
1790 5217 2129 5290 baptismatis
2169 5227 2372 5283 septem

798 5314 1205 5383 comprehendit
1231 5317 1367 5370 dona
1394 5315 1625 5386 Spiritus
1649 5314 1841 5377 sancti,
1887 5308 2176 5381 episcopali
2208 5307 2370 5360 bene-

795 5404 1028 5460 dictione
1077 5406 1391 5462 contirmata
1441 5416 1495 5463 et
1545 5414 1732 5461 sancto
1781 5404 2072 5457 chrismate
2114 5399 2367 5455 delibuta.

798 5496 1005 5563 Quibus
1052 5497 1287 5567 undique
1316 5498 1447 5552 fulta
1478 5498 1659 5551 vivere
1705 5494 1912 5549 studuit
1948 5490 2233 5563 juvencnla
2273 5504 2372 5560 per

2495 4491 2774 4559 alloquens
2808 4488 3029 4543 vocibus
3054 4488 3225 4541 dixit:
3260 4488 3303 4543 Ο
3345 4487 3649 4542 dulcissime
3678 4494 3840 4557 atque
3866 4501 4055 4539 aman-

2488 4583 2695 4637 tissime
2735 4579 2959 4647 conjux,
2992 4580 3243 4650 quoniam
3269 4578 3739 4635 Cbristianissimis
3783 4586 3836 4631 et
3876 4580 4055 4633 ortho-

2484 4674 2639 4729 doxis
2670 4673 2985 4743 parentibus
3009 4671 3171 4742 geniti
3205 4686 3411 4735 sumus,
3456 4687 3562 4725 non
3586 4672 3738 4725 decet
3769 4686 3867 4725 nos
3896 4671 4048 4725 coin-

2481 4766 2693 4835 quinari
2742 4780 2806 4819 ac
2846 4763 3144 4819 libidinosis
3182 4761 3642 4817 commistionibus
3671 4762 3869 4832 pollui,
3904 4762 4050 4816 velut

2480 4866 2666 4927 gentes
2689 4870 2807 4926 quze
2840 4854 3091 4923 ignorant
3115 4852 3305 4914 Deum.
3338 4860 3390 4907 et
3415 4852 3553 4907 sicut
3590 4867 3760 4923 equus
3782 4860 3837 4906 et
3868 4851 4045 4907 mulus

2478 4951 2671 5019 quibus
2713 4956 2924 5002 nonest
2968 4946 3289 5001 intellectus.
3342 4946 3555 5001 Placeat
3586 4945 3712 5011 tibi,
3756 4960 3949 5013 precor
3990 4955 4044 5001 et

2478 5050 2751 5097 contestor
2780 5055 2874 5110 per
2902 5038 3215 5103 Dominum,
3254 5052 3429 5091 meum
3473 5036 3684 5090 salubre
3724 5030 4004 5091 consilium
4026 5078 4039 5101 ,

2477 5135 2717 5202 meisque
2751 5144 2801 5187 te
2828 5131 3168 5185 accommoda
3199 5130 3388 5195 dictis,
3439 5137 3491 5183 et
3521 5144 3822 5199 quaeramus
3854 5138 4041 5183 mutuo

2475 5225 2703 5295 qualiter
2727 5231 2907 5278 nostra
2951 5223 3063 5277 Deo
3103 5222 3294 5292 placita
3334 5220 3630 5275 elliciantur
3659 5220 3933 5291 conjugis,
3984 5228 4038 5273 ut

2476 5316 2539 5369 de
2578 5315 2731 5368 nobis
2782 5331 2883 5369 non
2915 5322 3127 5369 terrena
3159 5314 3248 5367 sed
3279 5312 3559 5382 progenies
3597 5311 3829 5367 cmlcstis
3858 5326 4032 5365 emer-

2474 5416 2579 5475 gat.
2630 5407 2790 5460 Decet
2828 5405 2968 5459 enim
3002 5390 3331 5473 nimiumque
3369 5403 3510 5457 valet
3540 5418 3637 5457 nos
3669 5400 4030 5471 apostolorum

2470 5498 2764 5567 principem
2795 5505 3078 5564 expetere,
3126 5503 3288 5565 atque
3315 5494 3428 5549 loca
3458 5500 3641 5548 sancta
3684 5493 3942 5558 circuire,
3978 5504 4029 5547 ut
