  <div class='ocr_page' id='page_1' title='image "/cluster/home/n/w/nwhite01/storage/ocr_20150623/137/hvd.32044021286828/032.png"; bbox 0 0 4466 5578; ppageno 0'>
   <div class='ocr_carea' id='block_1_1' title="bbox 385 301 3658 381">
    <p class='ocr_par' dir='ltr' id='par_1_1' title="bbox 385 301 3658 381">
     <span class='ocr_line' id='line_1_1' title="bbox 385 301 3658 381; baseline 0 -20"><span class='ocrx_word' id='word_1_1' title='bbox 385 317 459 381; x_wconf 65' lang='lat'><strong>55</strong></span> <span class='ocrx_word' id='word_1_2' title='bbox 1587 304 1674 362; x_wconf 87' lang='lat' dir='ltr'><strong>DE</strong></span> <span class='ocrx_word' id='word_1_3' title='bbox 1712 304 1870 362; x_wconf 76' lang='lat' dir='ltr'><strong>VITA</strong></span> <span class='ocrx_word' id='word_1_4' title='bbox 1915 304 1971 360; x_wconf 93' lang='lat' dir='ltr'><strong>s.</strong></span> <span class='ocrx_word' id='word_1_5' title='bbox 2017 301 2485 363; x_wconf 71' lang='lat' dir='ltr'><strong>uuuecuums.</strong></span> <span class='ocrx_word' id='word_1_6' title='bbox 3587 314 3658 373; x_wconf 69' lang='grc' dir='ltr'><strong>δι</strong></span> 
     </span>
    </p>
   </div>
   <div class='ocr_carea' id='block_1_2' title="bbox 386 422 3657 504">
    <p class='ocr_par' dir='ltr' id='par_1_2' title="bbox 386 422 3657 504">
     <span class='ocr_line' id='line_1_2' title="bbox 386 422 3657 504; baseline 0.003 -27"><span class='ocrx_word' id='word_1_7' title='bbox 386 448 538 504; x_wconf 69' lang='lat' dir='ltr'><strong>pace,</strong></span> <span class='ocrx_word' id='word_1_8' title='bbox 572 427 617 486; x_wconf 89' lang='grc' dir='ltr'>ο</span> <span class='ocrx_word' id='word_1_9' title='bbox 649 430 800 484; x_wconf 76' lang='lat' dir='ltr'><strong>beata</strong></span> <span class='ocrx_word' id='word_1_10' title='bbox 833 427 1018 498; x_wconf 84' lang='lat' dir='ltr'><strong>virgo,</strong></span> <span class='ocrx_word' id='word_1_11' title='bbox 1047 443 1078 480; x_wconf 93' lang='lat' dir='ltr'><strong>o</strong></span> <span class='ocrx_word' id='word_1_12' title='bbox 1104 427 1320 498; x_wconf 79' lang='lat' dir='ltr'><strong>superni</strong></span> <span class='ocrx_word' id='word_1_13' title='bbox 1362 425 1525 495; x_wconf 76' lang='lat' dir='ltr'><strong>Regis</strong></span> <span class='ocrx_word' id='word_1_14' title='bbox 1552 440 1774 496; x_wconf 88' lang='lat' dir='ltr'><strong>sponsa,</strong></span> <span class='ocrx_word' id='word_1_15' title='bbox 1806 438 1965 492; x_wconf 85' lang='lat' dir='ltr'><strong>quam</strong></span> <span class='ocrx_word' id='word_1_16' title='bbox 1997 422 2049 482; x_wconf 77' lang='grc' dir='ltr'><strong>Α</strong></span> <span class='ocrx_word' id='word_1_17' title='bbox 2077 425 2266 478; x_wconf 92' lang='lat' dir='ltr'><strong>matris</strong></span> <span class='ocrx_word' id='word_1_18' title='bbox 2308 423 2595 489; x_wconf 67' lang='lat' dir='ltr'><strong>Ecclesiae,</strong></span> <span class='ocrx_word' id='word_1_19' title='bbox 2646 423 2878 481; x_wconf 75' lang='lat' dir='ltr'><strong>oil&#39;erens</strong></span> <span class='ocrx_word' id='word_1_20' title='bbox 2933 435 3234 496; x_wconf 89' lang='lat' dir='ltr'><strong>protectam</strong></span> <span class='ocrx_word' id='word_1_21' title='bbox 3289 427 3657 499; x_wconf 72' lang='lat' dir='ltr'><strong>virginitatem</strong></span> 
     </span>
    </p>
   </div>
   <div class='ocr_carea' id='block_1_3' title="bbox 388 517 1970 591">
    <p class='ocr_par' dir='ltr' id='par_1_3' title="bbox 388 517 1970 591">
     <span class='ocr_line' id='line_1_3' title="bbox 388 517 1970 591; baseline -0.008 -9"><span class='ocrx_word' id='word_1_22' title='bbox 388 529 584 582; x_wconf 86' lang='lat' dir='ltr'><strong>devota</strong></span> <span class='ocrx_word' id='word_1_23' title='bbox 611 525 838 580; x_wconf 84' lang='lat' dir='ltr'><strong>diceris!</strong></span> <span class='ocrx_word' id='word_1_24' title='bbox 874 524 1011 578; x_wconf 84' lang='lat' dir='ltr'><strong>Ecce</strong></span> <span class='ocrx_word' id='word_1_25' title='bbox 1040 522 1176 576; x_wconf 91' lang='lat' dir='ltr'><strong>dicis</strong></span> <span class='ocrx_word' id='word_1_26' title='bbox 1198 522 1349 591; x_wconf 80' lang='lat' dir='ltr'><strong>quasi</strong></span> <span class='ocrx_word' id='word_1_27' title='bbox 1381 529 1574 589; x_wconf 87' lang='lat' dir='ltr'><strong>optans</strong></span> <span class='ocrx_word' id='word_1_28' title='bbox 1596 518 1690 573; x_wconf 93' lang='lat' dir='ltr'><strong>tibi</strong></span> <span class='ocrx_word' id='word_1_29' title='bbox 1715 517 1970 572; x_wconf 91' lang='lat' dir='ltr'><strong>mundum</strong></span> 
     </span>
    </p>
   </div>
   <div class='ocr_carea' id='block_1_4' title="bbox 387 609 1973 685">
    <p class='ocr_par' dir='ltr' id='par_1_4' title="bbox 387 609 1973 685">
     <span class='ocr_line' id='line_1_4' title="bbox 387 609 1973 685; baseline -0.007 -14"><span class='ocrx_word' id='word_1_30' title='bbox 387 615 749 680; x_wconf 71' lang='lat' dir='ltr'><strong>efﬂorescere,</strong></span> <span class='ocrx_word' id='word_1_31' title='bbox 788 630 944 685; x_wconf 85' lang='lat' dir='ltr'><strong>quem</strong></span> <span class='ocrx_word' id='word_1_32' title='bbox 975 615 1025 668; x_wconf 92' lang='lat' dir='ltr'><strong>in</strong></span> <span class='ocrx_word' id='word_1_33' title='bbox 1059 615 1222 668; x_wconf 91' lang='lat' dir='ltr'><strong>corde</strong></span> <span class='ocrx_word' id='word_1_34' title='bbox 1247 614 1358 682; x_wconf 87' lang='lat' dir='ltr'><strong>jam</strong></span> <span class='ocrx_word' id='word_1_35' title='bbox 1393 613 1702 682; x_wconf 79' lang='lat' dir='ltr'><strong>deSpectum</strong></span> <span class='ocrx_word' id='word_1_36' title='bbox 1733 609 1973 663; x_wconf 90' lang='lat' dir='ltr'><strong>funditus</strong></span> 
     </span>
    </p>
   </div>
   <div class='ocr_carea' id='block_1_5' title="bbox 387 703 1974 782">
    <p class='ocr_par' dir='ltr' id='par_1_5' title="bbox 387 703 1974 782">
     <span class='ocr_line' id='line_1_5' title="bbox 387 703 1974 782; baseline -0.007 -16"><span class='ocrx_word' id='word_1_37' title='bbox 387 726 702 782; x_wconf 82' lang='lat' dir='ltr'><strong>spreveras,</strong></span> <span class='ocrx_word' id='word_1_38' title='bbox 745 717 800 764; x_wconf 93' lang='lat' dir='ltr'><strong>et</strong></span> <span class='ocrx_word' id='word_1_39' title='bbox 825 708 971 761; x_wconf 87' lang='lat' dir='ltr'><strong>velut</strong></span> <span class='ocrx_word' id='word_1_40' title='bbox 1009 717 1216 760; x_wconf 92' lang='lat' dir='ltr'><strong>stercus</strong></span> <span class='ocrx_word' id='word_1_41' title='bbox 1249 705 1548 759; x_wconf 80' lang='lat' dir='ltr'><strong>marcidum</strong></span> <span class='ocrx_word' id='word_1_42' title='bbox 1576 704 1720 773; x_wconf 92' lang='lat' dir='ltr'><strong>quod</strong></span> <span class='ocrx_word' id='word_1_43' title='bbox 1760 703 1974 773; x_wconf 86' lang='lat' dir='ltr'><strong>penitus</strong></span> 
     </span>
    </p>
   </div>
   <div class='ocr_carea' id='block_1_6' title="bbox 386 793 1971 870">
    <p class='ocr_par' dir='ltr' id='par_1_6' title="bbox 386 793 1971 870">
     <span class='ocr_line' id='line_1_6' title="bbox 386 793 1971 870; baseline -0.006 -12"><span class='ocrx_word' id='word_1_44' title='bbox 386 804 718 858; x_wconf 66' lang='lat' dir='ltr'><strong>calcat-eras.</strong></span> <span class='ocrx_word' id='word_1_45' title='bbox 752 800 889 867; x_wconf 84' lang='lat' dir='ltr'><strong>Quid</strong></span> <span class='ocrx_word' id='word_1_46' title='bbox 920 799 1110 870; x_wconf 89' lang='lat' dir='ltr'><strong>plura?</strong></span> <span class='ocrx_word' id='word_1_47' title='bbox 1163 799 1231 853; x_wconf 84' lang='lat' dir='ltr'><strong>ita</strong></span> <span class='ocrx_word' id='word_1_48' title='bbox 1263 797 1479 868; x_wconf 83' lang='lat' dir='ltr'><strong>quidem</strong></span> <span class='ocrx_word' id='word_1_49' title='bbox 1509 806 1592 851; x_wconf 90' lang='lat' dir='ltr'><strong>est</strong></span> <span class='ocrx_word' id='word_1_50' title='bbox 1615 796 1797 850; x_wconf 80' lang='lat' dir='ltr'><strong>delusa</strong></span> <span class='ocrx_word' id='word_1_51' title='bbox 1824 793 1971 848; x_wconf 88' lang='lat' dir='ltr'><strong>solli-</strong></span> 
     </span>
    </p>
   </div>
   <div class='ocr_carea' id='block_1_7' title="bbox 387 885 1974 960">
    <p class='ocr_par' dir='ltr' id='par_1_7' title="bbox 387 885 1974 960">
     <span class='ocr_line' id='line_1_7' title="bbox 387 885 1974 960; baseline -0.006 -12"><span class='ocrx_word' id='word_1_52' title='bbox 387 894 573 948; x_wconf 88' lang='lat' dir='ltr'><strong>citudo</strong></span> <span class='ocrx_word' id='word_1_53' title='bbox 601 891 880 960; x_wconf 83' lang='lat' dir='ltr'><strong>nuptialis,</strong></span> <span class='ocrx_word' id='word_1_54' title='bbox 907 899 1069 960; x_wconf 90' lang='lat' dir='ltr'><strong>atque</strong></span> <span class='ocrx_word' id='word_1_55' title='bbox 1099 888 1360 959; x_wconf 90' lang='lat' dir='ltr'><strong>protelata</strong></span> <span class='ocrx_word' id='word_1_56' title='bbox 1387 887 1500 941; x_wconf 90' lang='lat' dir='ltr'><strong>dies</strong></span> <span class='ocrx_word' id='word_1_57' title='bbox 1531 885 1893 949; x_wconf 79' lang='lat' dir='ltr'><strong>matrimonii;</strong></span> <span class='ocrx_word' id='word_1_58' title='bbox 1920 893 1974 939; x_wconf 92' lang='lat' dir='ltr'><strong>et</strong></span> 
     </span>
    </p>
   </div>
   <div class='ocr_carea' id='block_1_8' title="bbox 387 981 1975 1053">
    <p class='ocr_par' dir='ltr' id='par_1_8' title="bbox 387 981 1975 1053">
     <span class='ocr_line' id='line_1_8' title="bbox 387 981 1975 1053; baseline -0.005 -13"><span class='ocrx_word' id='word_1_59' title='bbox 387 1003 510 1040; x_wconf 87' lang='lat' dir='ltr'><strong>cum</strong></span> <span class='ocrx_word' id='word_1_60' title='bbox 567 986 863 1039; x_wconf 88' lang='lat' dir='ltr'><strong>debuerant</strong></span> <span class='ocrx_word' id='word_1_61' title='bbox 909 983 1202 1053; x_wconf 84' lang='lat' dir='ltr'><strong>praeparari</strong></span> <span class='ocrx_word' id='word_1_62' title='bbox 1257 981 1550 1051; x_wconf 71' lang='lat' dir='ltr'><strong>nuptialia,</strong></span> <span class='ocrx_word' id='word_1_63' title='bbox 1603 989 1975 1048; x_wconf 57' lang='lat' dir='ltr'><strong>praeparantur</strong></span> 
     </span>
    </p>
   </div>
   <div class='ocr_carea' id='block_1_9' title="bbox 385 1073 1972 1150">
    <p class='ocr_par' dir='ltr' id='par_1_9' title="bbox 385 1073 1972 1150">
     <span class='ocr_line' id='line_1_9' title="bbox 385 1073 1972 1150; baseline -0.005 -16"><span class='ocrx_word' id='word_1_64' title='bbox 385 1089 636 1150; x_wconf 81' lang='lat' dir='ltr'><strong>sumptus</strong></span> <span class='ocrx_word' id='word_1_65' title='bbox 686 1087 740 1132; x_wconf 91' lang='lat' dir='ltr'><strong>et</strong></span> <span class='ocrx_word' id='word_1_66' title='bbox 771 1077 1014 1132; x_wconf 83' lang='lat' dir='ltr'><strong>vehicula</strong></span> <span class='ocrx_word' id='word_1_67' title='bbox 1058 1085 1204 1130; x_wconf 91' lang='lat' dir='ltr'><strong>tanto</strong></span> <span class='ocrx_word' id='word_1_68' title='bbox 1236 1074 1413 1129; x_wconf 90' lang='lat' dir='ltr'><strong>itineri</strong></span> <span class='ocrx_word' id='word_1_69' title='bbox 1461 1074 1792 1129; x_wconf 87' lang='lat' dir='ltr'><strong>necessaria.</strong></span> <span class='ocrx_word' id='word_1_70' title='bbox 1842 1073 1972 1126; x_wconf 72' lang='lat' dir='ltr'><strong>Nam</strong></span> 
     </span>
    </p>
   </div>
   <div class='ocr_carea' id='block_1_10' title="bbox 383 1167 1972 1242">
    <p class='ocr_par' dir='ltr' id='par_1_10' title="bbox 383 1167 1972 1242">
     <span class='ocr_line' id='line_1_10' title="bbox 383 1167 1972 1242; baseline -0.001 -20"><span class='ocrx_word' id='word_1_71' title='bbox 383 1174 510 1242; x_wconf 86' lang='lat' dir='ltr'><strong>quia</strong></span> <span class='ocrx_word' id='word_1_72' title='bbox 543 1181 658 1225; x_wconf 88' lang='lat' dir='ltr'><strong>erat</strong></span> <span class='ocrx_word' id='word_1_73' title='bbox 694 1172 840 1241; x_wconf 82' lang='lat' dir='ltr'><strong>virgo</strong></span> <span class='ocrx_word' id='word_1_74' title='bbox 867 1170 1156 1223; x_wconf 89' lang='lat' dir='ltr'><strong>tenerrima</strong></span> <span class='ocrx_word' id='word_1_75' title='bbox 1189 1210 1202 1233; x_wconf 93' lang='lat'><strong>,</strong></span> <span class='ocrx_word' id='word_1_76' title='bbox 1249 1177 1303 1223; x_wconf 91' lang='lat' dir='ltr'><strong>et</strong></span> <span class='ocrx_word' id='word_1_77' title='bbox 1349 1179 1455 1222; x_wconf 89' lang='lat' dir='ltr'><strong>tam</strong></span> <span class='ocrx_word' id='word_1_78' title='bbox 1483 1167 1759 1221; x_wconf 89' lang='lat' dir='ltr'><strong>voluntate</strong></span> <span class='ocrx_word' id='word_1_79' title='bbox 1813 1182 1972 1235; x_wconf 88' lang='lat' dir='ltr'><strong>quant</strong></span> 
     </span>
    </p>
   </div>
   <div class='ocr_carea' id='block_1_11' title="bbox 383 1255 1974 1328">
    <p class='ocr_par' dir='ltr' id='par_1_11' title="bbox 383 1255 1974 1328">
     <span class='ocr_line' id='line_1_11' title="bbox 383 1255 1974 1328; baseline -0.003 -15"><span class='ocrx_word' id='word_1_80' title='bbox 383 1272 543 1315; x_wconf 54' lang='lat' dir='ltr'><strong>adate</strong></span> <span class='ocrx_word' id='word_1_81' title='bbox 579 1261 801 1325; x_wconf 87' lang='lat' dir='ltr'><strong>innuba,</strong></span> <span class='ocrx_word' id='word_1_82' title='bbox 834 1261 1084 1328; x_wconf 80' lang='lat' dir='ltr'><strong>idemque</strong></span> <span class='ocrx_word' id='word_1_83' title='bbox 1117 1262 1346 1328; x_wconf 86' lang='lat' dir='ltr'><strong>sponsus</strong></span> <span class='ocrx_word' id='word_1_84' title='bbox 1372 1258 1654 1311; x_wconf 88' lang='lat' dir='ltr'><strong>titnorattts</strong></span> <span class='ocrx_word' id='word_1_85' title='bbox 1676 1268 1727 1310; x_wconf 91' lang='lat' dir='ltr'><strong>et</strong></span> <span class='ocrx_word' id='word_1_86' title='bbox 1750 1255 1974 1312; x_wconf 83' lang='lat' dir='ltr'><strong>Christi-</strong></span> 
     </span>
    </p>
   </div>
   <div class='ocr_carea' id='block_1_12' title="bbox 383 1348 1974 1422">
    <p class='ocr_par' dir='ltr' id='par_1_12' title="bbox 383 1348 1974 1422">
     <span class='ocr_line' id='line_1_12' title="bbox 383 1348 1974 1422; baseline -0.001 -17"><span class='ocrx_word' id='word_1_87' title='bbox 383 1356 497 1405; x_wconf 76' lang='grc' dir='ltr'><strong>‹·‹ι1.ι</strong></span> <span class='ocrx_word' id='word_1_88' title='bbox 521 1394 535 1418; x_wconf 88' lang='grc'><em>,</em></span> <span class='ocrx_word' id='word_1_89' title='bbox 566 1353 836 1422; x_wconf 75' lang='lat' dir='ltr'><strong>acquievit</strong></span> <span class='ocrx_word' id='word_1_90' title='bbox 871 1352 1110 1422; x_wconf 74' lang='lat' dir='ltr'><strong>placide;</strong></span> <span class='ocrx_word' id='word_1_91' title='bbox 1143 1361 1197 1404; x_wconf 89' lang='lat' dir='ltr'><strong>et</strong></span> <span class='ocrx_word' id='word_1_92' title='bbox 1223 1360 1282 1404; x_wconf 96' lang='lat' dir='ltr'><strong>ut</strong></span> <span class='ocrx_word' id='word_1_93' title='bbox 1305 1350 1556 1420; x_wconf 78' lang='lat' dir='ltr'><strong>cognovit</strong></span> <span class='ocrx_word' id='word_1_94' title='bbox 1588 1366 1690 1402; x_wconf 87' lang='lat' dir='ltr'><strong>non</strong></span> <span class='ocrx_word' id='word_1_95' title='bbox 1725 1365 1844 1403; x_wconf 82' lang='lat' dir='ltr'><strong>esse</strong></span> <span class='ocrx_word' id='word_1_96' title='bbox 1895 1348 1974 1403; x_wconf 82' lang='lat' dir='ltr'><strong>fas</strong></span> 
     </span>
    </p>
   </div>
   <div class='ocr_carea' id='block_1_13' title="bbox 383 1445 1974 1516">
    <p class='ocr_par' dir='ltr' id='par_1_13' title="bbox 383 1445 1974 1516">
     <span class='ocr_line' id='line_1_13' title="bbox 383 1445 1974 1516; baseline -0.001 -17"><span class='ocrx_word' id='word_1_97' title='bbox 383 1448 670 1504; x_wconf 69' lang='lat' dir='ltr'><strong>resistere,</strong></span> <span class='ocrx_word' id='word_1_98' title='bbox 706 1446 869 1500; x_wconf 90' lang='lat' dir='ltr'><strong>etiam</strong></span> <span class='ocrx_word' id='word_1_99' title='bbox 903 1447 1015 1516; x_wconf 92' lang='lat' dir='ltr'><strong>ipse</strong></span> <span class='ocrx_word' id='word_1_100' title='bbox 1052 1445 1219 1514; x_wconf 74' lang='lat' dir='ltr'><strong>C(Bpil</strong></span> <span class='ocrx_word' id='word_1_101' title='bbox 1247 1459 1368 1499; x_wconf 89' lang='lat' dir='ltr'><strong>esse</strong></span> <span class='ocrx_word' id='word_1_102' title='bbox 1399 1454 1588 1498; x_wconf 87' lang='lat' dir='ltr'><strong>auctor</strong></span> <span class='ocrx_word' id='word_1_103' title='bbox 1613 1445 1849 1508; x_wconf 91' lang='lat' dir='ltr'><strong>itineris,</strong></span> <span class='ocrx_word' id='word_1_104' title='bbox 1879 1461 1974 1514; x_wconf 86' lang='lat' dir='ltr'><strong>op-</strong></span> 
     </span>
    </p>
   </div>
   <div class='ocr_carea' id='block_1_14' title="bbox 385 1537 1972 1600">
    <p class='ocr_par' dir='ltr' id='par_1_14' title="bbox 385 1537 1972 1600">
     <span class='ocr_line' id='line_1_14' title="bbox 385 1537 1972 1600; baseline 0 -10"><span class='ocrx_word' id='word_1_105' title='bbox 385 1550 510 1592; x_wconf 70' lang='lat' dir='ltr'><strong>tuus</strong></span> <span class='ocrx_word' id='word_1_106' title='bbox 541 1550 593 1592; x_wconf 83' lang='lat' dir='ltr'><strong>et</strong></span> <span class='ocrx_word' id='word_1_107' title='bbox 624 1553 857 1592; x_wconf 82' lang='lat' dir='ltr'><strong>exorans</strong></span> <span class='ocrx_word' id='word_1_108' title='bbox 901 1537 970 1591; x_wconf 91' lang='lat' dir='ltr'><strong>ita</strong></span> <span class='ocrx_word' id='word_1_109' title='bbox 1001 1538 1100 1592; x_wconf 89' lang='lat' dir='ltr'><strong>sibi</strong></span> <span class='ocrx_word' id='word_1_110' title='bbox 1134 1547 1328 1592; x_wconf 88' lang='lat' dir='ltr'><strong>cuneta</strong></span> <span class='ocrx_word' id='word_1_111' title='bbox 1357 1537 1603 1600; x_wconf 76' lang='lat' dir='ltr'><strong>evenire,</strong></span> <span class='ocrx_word' id='word_1_112' title='bbox 1649 1546 1706 1590; x_wconf 79' lang='grc' dir='ltr'><strong>ιιι</strong></span> <span class='ocrx_word' id='word_1_113' title='bbox 1729 1537 1972 1590; x_wconf 86' lang='lat' dir='ltr'><strong>audierat</strong></span> 
     </span>
    </p>
   </div>
   <div class='ocr_carea' id='block_1_15' title="bbox 385 1629 926 1699">
    <p class='ocr_par' dir='ltr' id='par_1_15' title="bbox 385 1629 926 1699">
     <span class='ocr_line' id='line_1_15' title="bbox 385 1629 926 1699; baseline -0.006 -16"><span class='ocrx_word' id='word_1_114' title='bbox 385 1630 635 1683; x_wconf 47' lang='lat' dir='ltr'><strong>amnti-Its</strong></span> <span class='ocrx_word' id='word_1_115' title='bbox 660 1629 926 1699; x_wconf 65' lang='lat' dir='ltr'><strong>puellulae.</strong></span> 
     </span>
    </p>
   </div>
   <div class='ocr_carea' id='block_1_16' title="bbox 457 1722 1972 1795">
    <p class='ocr_par' dir='ltr' id='par_1_16' title="bbox 457 1722 1972 1795">
     <span class='ocr_line' id='line_1_16' title="bbox 457 1722 1972 1795; baseline 0.002 -19"><span class='ocrx_word' id='word_1_116' title='bbox 457 1723 509 1776; x_wconf 83' lang='grc'><strong>6.</strong></span> <span class='ocrx_word' id='word_1_117' title='bbox 552 1722 645 1776; x_wconf 87' lang='lat' dir='ltr'><strong>His</strong></span> <span class='ocrx_word' id='word_1_118' title='bbox 701 1724 801 1776; x_wconf 89' lang='lat' dir='ltr'><strong>rite</strong></span> <span class='ocrx_word' id='word_1_119' title='bbox 832 1724 1066 1792; x_wconf 88' lang='lat' dir='ltr'><strong>peractis</strong></span> <span class='ocrx_word' id='word_1_120' title='bbox 1106 1734 1160 1777; x_wconf 88' lang='lat' dir='ltr'><strong>et</strong></span> <span class='ocrx_word' id='word_1_121' title='bbox 1204 1725 1410 1795; x_wconf 90' lang='lat' dir='ltr'><strong>paratis</strong></span> <span class='ocrx_word' id='word_1_122' title='bbox 1461 1723 1710 1778; x_wconf 90' lang='lat' dir='ltr'><strong>omnibus</strong></span> <span class='ocrx_word' id='word_1_123' title='bbox 1757 1739 1877 1794; x_wconf 68' lang='lat' dir='ltr'><strong>qua:</strong></span> <span class='ocrx_word' id='word_1_124' title='bbox 1909 1726 1972 1779; x_wconf 90' lang='lat' dir='ltr'><strong>ad</strong></span> 
     </span>
    </p>
   </div>
   <div class='ocr_carea' id='block_1_17' title="bbox 388 1817 2049 1888">
    <p class='ocr_par' dir='ltr' id='par_1_17' title="bbox 388 1817 2049 1888">
     <span class='ocr_line' id='line_1_17' title="bbox 388 1817 2049 1888; baseline 0.002 -18"><span class='ocrx_word' id='word_1_125' title='bbox 388 1833 546 1870; x_wconf 84' lang='lat' dir='ltr'><strong>nsunt</strong></span> <span class='ocrx_word' id='word_1_126' title='bbox 579 1817 658 1870; x_wconf 89' lang='lat' dir='ltr'><strong>vel</strong></span> <span class='ocrx_word' id='word_1_127' title='bbox 684 1817 749 1870; x_wconf 90' lang='lat' dir='ltr'><strong>ad</strong></span> <span class='ocrx_word' id='word_1_128' title='bbox 777 1819 976 1871; x_wconf 91' lang='lat' dir='ltr'><strong>victum</strong></span> <span class='ocrx_word' id='word_1_129' title='bbox 1006 1817 1185 1872; x_wconf 82' lang='lat' dir='ltr'><strong>forent</strong></span> <span class='ocrx_word' id='word_1_130' title='bbox 1211 1834 1446 1888; x_wconf 85' lang='lat' dir='ltr'><strong>congrua</strong></span> <span class='ocrx_word' id='word_1_131' title='bbox 1479 1819 1685 1873; x_wconf 90' lang='lat' dir='ltr'><strong>cunctis</strong></span> <span class='ocrx_word' id='word_1_132' title='bbox 1732 1819 1977 1872; x_wconf 90' lang='lat' dir='ltr'><strong>iteranti-</strong></span> <span class='ocrx_word' id='word_1_133' title='bbox 2009 1818 2049 1876; x_wconf 63' lang='grc'><strong>11</strong></span> 
     </span>
    </p>
   </div>
   <div class='ocr_carea' id='block_1_18' title="bbox 381 1908 1974 1982">
    <p class='ocr_par' dir='ltr' id='par_1_18' title="bbox 381 1908 1974 1982">
     <span class='ocr_line' id='line_1_18' title="bbox 381 1908 1974 1982; baseline 0.001 -19"><span class='ocrx_word' id='word_1_134' title='bbox 381 1909 487 1963; x_wconf 84' lang='lat' dir='ltr'><strong>bus</strong></span> <span class='ocrx_word' id='word_1_135' title='bbox 517 1908 962 1981; x_wconf 79' lang='lat' dir='ltr'><strong>litiuerantibus],</strong></span> <span class='ocrx_word' id='word_1_136' title='bbox 989 1911 1192 1978; x_wconf 83' lang='lat' dir='ltr'><strong>gratias</strong></span> <span class='ocrx_word' id='word_1_137' title='bbox 1207 1921 1427 1981; x_wconf 82' lang='lat' dir='ltr'><strong>agentes</strong></span> <span class='ocrx_word' id='word_1_138' title='bbox 1450 1912 1558 1965; x_wconf 86' lang='lat' dir='ltr'><strong>Deo</strong></span> <span class='ocrx_word' id='word_1_139' title='bbox 1583 1913 1722 1966; x_wconf 86' lang='lat' dir='ltr'><strong>viain</strong></span> <span class='ocrx_word' id='word_1_140' title='bbox 1747 1920 1974 1982; x_wconf 84' lang='lat' dir='ltr'><strong>pergunt</strong></span> 
     </span>
    </p>
   </div>
   <div class='ocr_carea' id='block_1_19' title="bbox 382 2001 1976 2073">
    <p class='ocr_par' dir='ltr' id='par_1_19' title="bbox 382 2001 1976 2073">
     <span class='ocr_line' id='line_1_19' title="bbox 382 2001 1976 2073; baseline 0.002 -19"><span class='ocrx_word' id='word_1_141' title='bbox 382 2001 687 2072; x_wconf 74' lang='lat' dir='ltr'><strong>publicam;</strong></span> <span class='ocrx_word' id='word_1_142' title='bbox 725 2018 952 2072; x_wconf 75' lang='lat' dir='ltr'><strong>Sponsus</strong></span> <span class='ocrx_word' id='word_1_143' title='bbox 987 2020 1178 2073; x_wconf 82' lang='lat' dir='ltr'><strong>pompa</strong></span> <span class='ocrx_word' id='word_1_144' title='bbox 1213 2006 1452 2059; x_wconf 72' lang='lat' dir='ltr'><strong>saeculari</strong></span> <span class='ocrx_word' id='word_1_145' title='bbox 1485 2005 1670 2059; x_wconf 87' lang='lat' dir='ltr'><strong>hilaris</strong></span> <span class='ocrx_word' id='word_1_146' title='bbox 1699 2015 1750 2058; x_wconf 91' lang='lat' dir='ltr'><strong>et</strong></span> <span class='ocrx_word' id='word_1_147' title='bbox 1796 2005 1976 2058; x_wconf 90' lang='lat' dir='ltr'><strong>alacer</strong></span> 
     </span>
    </p>
   </div>
   <div class='ocr_carea' id='block_1_20' title="bbox 385 2095 1976 2168">
    <p class='ocr_par' dir='ltr' id='par_1_20' title="bbox 385 2095 1976 2168">
     <span class='ocr_line' id='line_1_20' title="bbox 385 2095 1976 2168; baseline 0.004 -23"><span class='ocrx_word' id='word_1_148' title='bbox 385 2095 754 2158; x_wconf 74' lang='lat' dir='ltr'><strong>extrinsecus,</strong></span> <span class='ocrx_word' id='word_1_149' title='bbox 791 2112 809 2142; x_wconf 64' lang='grc' dir='ltr'><strong>κ</strong></span> <span class='ocrx_word' id='word_1_150' title='bbox 826 2097 939 2165; x_wconf 83' lang='lat' dir='ltr'><strong>irgo</strong></span> <span class='ocrx_word' id='word_1_151' title='bbox 963 2096 1129 2150; x_wconf 91' lang='lat' dir='ltr'><strong>multo</strong></span> <span class='ocrx_word' id='word_1_152' title='bbox 1152 2098 1467 2168; x_wconf 82' lang='lat' dir='ltr'><strong>gaudentior</strong></span> <span class='ocrx_word' id='word_1_153' title='bbox 1489 2098 1772 2153; x_wconf 71' lang='lat' dir='ltr'><strong>lzctabatur</strong></span> <span class='ocrx_word' id='word_1_154' title='bbox 1789 2100 1976 2152; x_wconf 75' lang='grc' dir='ltr'><strong>ἰιιιΓὶιιο</strong></span> 
     </span>
    </p>
   </div>
   <div class='ocr_carea' id='block_1_21' title="bbox 383 2191 1974 2265">
    <p class='ocr_par' dir='ltr' id='par_1_21' title="bbox 383 2191 1974 2265">
     <span class='ocr_line' id='line_1_21' title="bbox 383 2191 1974 2265; baseline -0.001 -19"><span class='ocrx_word' id='word_1_155' title='bbox 383 2207 564 2246; x_wconf 89' lang='lat' dir='ltr'><strong>secus.</strong></span> <span class='ocrx_word' id='word_1_156' title='bbox 593 2191 798 2246; x_wconf 90' lang='lat' dir='ltr'><strong>Cuncta</strong></span> <span class='ocrx_word' id='word_1_157' title='bbox 823 2193 1020 2262; x_wconf 89' lang='lat' dir='ltr'><strong>quippe</strong></span> <span class='ocrx_word' id='word_1_158' title='bbox 1049 2194 1094 2246; x_wconf 89' lang='lat' dir='ltr'><strong>ei</strong></span> <span class='ocrx_word' id='word_1_159' title='bbox 1120 2193 1367 2247; x_wconf 85' lang='lat' dir='ltr'><strong>Christus</strong></span> <span class='ocrx_word' id='word_1_160' title='bbox 1398 2194 1663 2249; x_wconf 86' lang='lat' dir='ltr'><strong>tribuebat</strong></span> <span class='ocrx_word' id='word_1_161' title='bbox 1696 2210 1974 2265; x_wconf 81' lang='lat' dir='ltr'><strong>prospera,</strong></span> 
     </span>
    </p>
   </div>
   <div class='ocr_carea' id='block_1_22' title="bbox 390 2284 1975 2356">
    <p class='ocr_par' dir='ltr' id='par_1_22' title="bbox 390 2284 1975 2356">
     <span class='ocr_line' id='line_1_22' title="bbox 390 2284 1975 2356; baseline 0.001 -18"><span class='ocrx_word' id='word_1_162' title='bbox 390 2285 476 2338; x_wconf 89' lang='lat' dir='ltr'><strong>cui</strong></span> <span class='ocrx_word' id='word_1_163' title='bbox 506 2287 616 2350; x_wconf 89' lang='lat' dir='ltr'><strong>jam</strong></span> <span class='ocrx_word' id='word_1_164' title='bbox 649 2299 770 2338; x_wconf 92' lang='lat' dir='ltr'><strong>cum</strong></span> <span class='ocrx_word' id='word_1_165' title='bbox 806 2284 908 2338; x_wconf 89' lang='lat' dir='ltr'><strong>fide</strong></span> <span class='ocrx_word' id='word_1_166' title='bbox 933 2301 1057 2339; x_wconf 83' lang='lat' dir='ltr'><strong>vera</strong></span> <span class='ocrx_word' id='word_1_167' title='bbox 1083 2327 1096 2349; x_wconf 95' lang='lat'><strong>,</strong></span> <span class='ocrx_word' id='word_1_168' title='bbox 1126 2301 1219 2355; x_wconf 90' lang='lat' dir='ltr'><strong>spe</strong></span> <span class='ocrx_word' id='word_1_169' title='bbox 1246 2295 1299 2339; x_wconf 87' lang='lat' dir='ltr'><strong>et</strong></span> <span class='ocrx_word' id='word_1_170' title='bbox 1332 2285 1595 2341; x_wconf 85' lang='lat' dir='ltr'><strong>cbaritate</strong></span> <span class='ocrx_word' id='word_1_171' title='bbox 1631 2288 1834 2356; x_wconf 85' lang='lat' dir='ltr'><strong>integra</strong></span> <span class='ocrx_word' id='word_1_172' title='bbox 1858 2328 1870 2351; x_wconf 96' lang='lat'><strong>,</strong></span> <span class='ocrx_word' id='word_1_173' title='bbox 1902 2287 1975 2339; x_wconf 82' lang='lat' dir='ltr'><strong>fa-</strong></span> 
     </span>
    </p>
   </div>
   <div class='ocr_carea' id='block_1_23' title="bbox 385 2377 1977 2448">
    <p class='ocr_par' dir='ltr' id='par_1_23' title="bbox 385 2377 1977 2448">
     <span class='ocr_line' id='line_1_23' title="bbox 385 2377 1977 2448; baseline 0.003 -18"><span class='ocrx_word' id='word_1_174' title='bbox 385 2377 583 2430; x_wconf 89' lang='lat' dir='ltr'><strong>mulari</strong></span> <span class='ocrx_word' id='word_1_175' title='bbox 630 2393 843 2446; x_wconf 86' lang='lat' dir='ltr'><strong>semper</strong></span> <span class='ocrx_word' id='word_1_176' title='bbox 891 2394 1040 2431; x_wconf 87' lang='lat' dir='ltr'><strong>suam</strong></span> <span class='ocrx_word' id='word_1_177' title='bbox 1091 2379 1384 2433; x_wconf 87' lang='lat' dir='ltr'><strong>devovebat</strong></span> <span class='ocrx_word' id='word_1_178' title='bbox 1437 2381 1704 2445; x_wconf 89' lang='lat' dir='ltr'><strong>animam,</strong></span> <span class='ocrx_word' id='word_1_179' title='bbox 1750 2396 1977 2448; x_wconf 87' lang='lat' dir='ltr'><strong>poscens</strong></span> 
     </span>
    </p>
   </div>
   <div class='ocr_carea' id='block_1_24' title="bbox 382 2471 1978 2544">
    <p class='ocr_par' dir='ltr' id='par_1_24' title="bbox 382 2471 1978 2544">
     <span class='ocr_line' id='line_1_24' title="bbox 382 2471 1978 2544; baseline 0.002 -17"><span class='ocrx_word' id='word_1_180' title='bbox 382 2471 567 2527; x_wconf 72' lang='lat' dir='ltr'><strong>Jesum</strong></span> <span class='ocrx_word' id='word_1_181' title='bbox 601 2471 876 2526; x_wconf 64' lang='lat' dir='ltr'><strong>Christum</strong></span> <span class='ocrx_word' id='word_1_182' title='bbox 903 2474 1080 2526; x_wconf 73' lang='lat' dir='ltr'><strong>tacitis</strong></span> <span class='ocrx_word' id='word_1_183' title='bbox 1103 2473 1352 2544; x_wconf 71' lang='lat' dir='ltr'><strong>pret-ibus</strong></span> <span class='ocrx_word' id='word_1_184' title='bbox 1376 2477 1630 2531; x_wconf 86' lang='lat' dir='ltr'><strong>custodiri</strong></span> <span class='ocrx_word' id='word_1_185' title='bbox 1662 2492 1756 2531; x_wconf 89' lang='lat' dir='ltr'><strong>cor</strong></span> <span class='ocrx_word' id='word_1_186' title='bbox 1784 2487 1838 2531; x_wconf 90' lang='lat' dir='ltr'><strong>et</strong></span> <span class='ocrx_word' id='word_1_187' title='bbox 1859 2493 1978 2530; x_wconf 90' lang='lat' dir='ltr'><strong>cor-</strong></span> 
     </span>
    </p>
   </div>
   <div class='ocr_carea' id='block_1_25' title="bbox 384 2565 1978 2636">
    <p class='ocr_par' dir='ltr' id='par_1_25' title="bbox 384 2565 1978 2636">
     <span class='ocr_line' id='line_1_25' title="bbox 384 2565 1978 2636; baseline 0.004 -20"><span class='ocrx_word' id='word_1_188' title='bbox 384 2581 488 2636; x_wconf 85' lang='lat' dir='ltr'><strong>pus</strong></span> <span class='ocrx_word' id='word_1_189' title='bbox 550 2565 994 2630; x_wconf 88' lang='lat' dir='ltr'><strong>immaculatum,</strong></span> <span class='ocrx_word' id='word_1_190' title='bbox 1040 2583 1107 2621; x_wconf 90' lang='lat' dir='ltr'><strong>ne</strong></span> <span class='ocrx_word' id='word_1_191' title='bbox 1163 2568 1588 2624; x_wconf 89' lang='lat' dir='ltr'><strong>confunderetur</strong></span> <span class='ocrx_word' id='word_1_192' title='bbox 1647 2570 1978 2624; x_wconf 85' lang='lat' dir='ltr'><strong>illecebrosis</strong></span> 
     </span>
    </p>
   </div>
   <div class='ocr_carea' id='block_1_26' title="bbox 384 2655 1975 2732">
    <p class='ocr_par' dir='ltr' id='par_1_26' title="bbox 384 2655 1975 2732">
     <span class='ocr_line' id='line_1_26' title="bbox 384 2655 1975 2732; baseline 0.005 -25"><span class='ocrx_word' id='word_1_193' title='bbox 384 2656 772 2724; x_wconf 87' lang='lat' dir='ltr'><strong>voluptatibus.</strong></span> <span class='ocrx_word' id='word_1_194' title='bbox 813 2655 919 2711; x_wconf 91' lang='lat' dir='ltr'><strong>Ore</strong></span> <span class='ocrx_word' id='word_1_195' title='bbox 968 2658 1130 2710; x_wconf 88' lang='lat' dir='ltr'><strong>tacito</strong></span> <span class='ocrx_word' id='word_1_196' title='bbox 1162 2674 1314 2713; x_wconf 90' lang='lat' dir='ltr'><strong>meus</strong></span> <span class='ocrx_word' id='word_1_197' title='bbox 1342 2661 1563 2725; x_wconf 89' lang='lat' dir='ltr'><strong>orabat,</strong></span> <span class='ocrx_word' id='word_1_198' title='bbox 1594 2670 1647 2715; x_wconf 90' lang='lat' dir='ltr'><strong>et</strong></span> <span class='ocrx_word' id='word_1_199' title='bbox 1691 2672 1975 2732; x_wconf 88' lang='lat' dir='ltr'><strong>protegen-</strong></span> 
     </span>
    </p>
   </div>
   <div class='ocr_carea' id='block_1_27' title="bbox 385 2747 1975 2821">
    <p class='ocr_par' dir='ltr' id='par_1_27' title="bbox 385 2747 1975 2821">
     <span class='ocr_line' id='line_1_27' title="bbox 385 2747 1975 2821; baseline 0.003 -20"><span class='ocrx_word' id='word_1_200' title='bbox 385 2757 496 2801; x_wconf 90' lang='lat' dir='ltr'><strong>tetn</strong></span> <span class='ocrx_word' id='word_1_201' title='bbox 533 2764 587 2801; x_wconf 69' lang='lat' dir='ltr'><strong>se</strong></span> <span class='ocrx_word' id='word_1_202' title='bbox 617 2747 902 2801; x_wconf 83' lang='lat' dir='ltr'><strong>Dominum</strong></span> <span class='ocrx_word' id='word_1_203' title='bbox 930 2749 1107 2803; x_wconf 86' lang='lat' dir='ltr'><strong>cordis</strong></span> <span class='ocrx_word' id='word_1_204' title='bbox 1134 2749 1304 2804; x_wconf 89' lang='lat' dir='ltr'><strong>oculis</strong></span> <span class='ocrx_word' id='word_1_205' title='bbox 1327 2752 1715 2821; x_wconf 87' lang='lat' dir='ltr'><strong>eonspiciehat.</strong></span> <span class='ocrx_word' id='word_1_206' title='bbox 1755 2752 1975 2806; x_wconf 57' lang='lat' dir='ltr'><strong>Suavis—</strong></span> 
     </span>
    </p>
   </div>
   <div class='ocr_carea' id='block_1_28' title="bbox 384 2840 1979 2911">
    <p class='ocr_par' dir='ltr' id='par_1_28' title="bbox 384 2840 1979 2911">
     <span class='ocr_line' id='line_1_28' title="bbox 384 2840 1979 2911; baseline 0.003 -18"><span class='ocrx_word' id='word_1_207' title='bbox 384 2840 541 2894; x_wconf 81' lang='lat' dir='ltr'><strong>simis</strong></span> <span class='ocrx_word' id='word_1_208' title='bbox 579 2840 825 2909; x_wconf 89' lang='lat' dir='ltr'><strong>alloquiis</strong></span> <span class='ocrx_word' id='word_1_209' title='bbox 859 2840 1091 2909; x_wconf 78' lang='lat' dir='ltr'><strong>legiones</strong></span> <span class='ocrx_word' id='word_1_210' title='bbox 1133 2851 1345 2896; x_wconf 84' lang='lat' dir='ltr'><strong>sanctas</strong></span> <span class='ocrx_word' id='word_1_211' title='bbox 1377 2844 1687 2911; x_wconf 75' lang='lat' dir='ltr'><strong>angelorum</strong></span> <span class='ocrx_word' id='word_1_212' title='bbox 1720 2843 1979 2897; x_wconf 75' lang='lat' dir='ltr'><strong>evocabat</strong></span> 
     </span>
    </p>
   </div>
   <div class='ocr_carea' id='block_1_29' title="bbox 386 2929 1978 3003">
    <p class='ocr_par' dir='ltr' id='par_1_29' title="bbox 386 2929 1978 3003">
     <span class='ocr_line' id='line_1_29' title="bbox 386 2929 1978 3003; baseline 0.003 -19"><span class='ocrx_word' id='word_1_213' title='bbox 386 2945 542 2984; x_wconf 83' lang='lat' dir='ltr'><strong>Suum</strong></span> <span class='ocrx_word' id='word_1_214' title='bbox 575 2929 625 2982; x_wconf 93' lang='lat' dir='ltr'><strong>in</strong></span> <span class='ocrx_word' id='word_1_215' title='bbox 656 2930 918 2983; x_wconf 80' lang='lat' dir='ltr'><strong>auxilium</strong></span> <span class='ocrx_word' id='word_1_216' title='bbox 941 2971 954 2992; x_wconf 93' lang='lat'><strong>,</strong></span> <span class='ocrx_word' id='word_1_217' title='bbox 990 2941 1042 2982; x_wconf 89' lang='lat' dir='ltr'><strong>et</strong></span> <span class='ocrx_word' id='word_1_218' title='bbox 1073 2947 1192 2984; x_wconf 92' lang='lat' dir='ltr'><strong>cum</strong></span> <span class='ocrx_word' id='word_1_219' title='bbox 1221 2932 1473 3003; x_wconf 83' lang='lat' dir='ltr'><strong>lacrytnis</strong></span> <span class='ocrx_word' id='word_1_220' title='bbox 1517 2935 1618 2987; x_wconf 87' lang='lat' dir='ltr'><strong>sibi</strong></span> <span class='ocrx_word' id='word_1_221' title='bbox 1667 2935 1855 2987; x_wconf 75' lang='lat' dir='ltr'><strong>adesse</strong></span> <span class='ocrx_word' id='word_1_222' title='bbox 1885 2949 1978 3003; x_wconf 81' lang='lat' dir='ltr'><strong>po-</strong></span> 
     </span>
    </p>
   </div>
   <div class='ocr_carea' id='block_1_30' title="bbox 385 3021 1975 3094">
    <p class='ocr_par' dir='ltr' id='par_1_30' title="bbox 385 3021 1975 3094">
     <span class='ocr_line' id='line_1_30' title="bbox 385 3021 1975 3094; baseline 0.001 -17"><span class='ocrx_word' id='word_1_223' title='bbox 385 3021 575 3077; x_wconf 86' lang='lat' dir='ltr'><strong>scebat</strong></span> <span class='ocrx_word' id='word_1_224' title='bbox 600 3035 813 3074; x_wconf 89' lang='lat' dir='ltr'><strong>omnem</strong></span> <span class='ocrx_word' id='word_1_225' title='bbox 855 3022 1080 3075; x_wconf 91' lang='lat' dir='ltr'><strong>chorum</strong></span> <span class='ocrx_word' id='word_1_226' title='bbox 1126 3024 1395 3094; x_wconf 81' lang='lat' dir='ltr'><strong>agminum</strong></span> <span class='ocrx_word' id='word_1_227' title='bbox 1424 3026 1750 3079; x_wconf 70' lang='lat' dir='ltr'><strong>caelestium.</strong></span> <span class='ocrx_word' id='word_1_228' title='bbox 1797 3027 1975 3080; x_wconf 81' lang='lat' dir='ltr'><strong>Exau—</strong></span> 
     </span>
    </p>
   </div>
   <div class='ocr_carea' id='block_1_31' title="bbox 384 3114 1978 3179">
    <p class='ocr_par' dir='ltr' id='par_1_31' title="bbox 384 3114 1978 3179">
     <span class='ocr_line' id='line_1_31' title="bbox 384 3114 1978 3179; baseline 0.001 -9"><span class='ocrx_word' id='word_1_229' title='bbox 384 3117 533 3170; x_wconf 89' lang='lat' dir='ltr'><strong>ditur</strong></span> <span class='ocrx_word' id='word_1_230' title='bbox 557 3114 650 3169; x_wconf 90' lang='lat' dir='ltr'><strong>Dei</strong></span> <span class='ocrx_word' id='word_1_231' title='bbox 687 3114 915 3179; x_wconf 88' lang='lat' dir='ltr'><strong>famula,</strong></span> <span class='ocrx_word' id='word_1_232' title='bbox 946 3125 999 3169; x_wconf 92' lang='lat' dir='ltr'><strong>et</strong></span> <span class='ocrx_word' id='word_1_233' title='bbox 1030 3119 1324 3172; x_wconf 83' lang='lat' dir='ltr'><strong>comitante</strong></span> <span class='ocrx_word' id='word_1_234' title='bbox 1355 3118 1424 3171; x_wconf 92' lang='lat' dir='ltr'><strong>illi</strong></span> <span class='ocrx_word' id='word_1_235' title='bbox 1461 3120 1638 3172; x_wconf 90' lang='lat' dir='ltr'><strong>divina</strong></span> <span class='ocrx_word' id='word_1_236' title='bbox 1670 3121 1978 3174; x_wconf 88' lang='lat' dir='ltr'><strong>miscricor-</strong></span> 
     </span>
    </p>
   </div>
   <div class='ocr_carea' id='block_1_32' title="bbox 385 3182 2048 3280">
    <p class='ocr_par' dir='ltr' id='par_1_32' title="bbox 385 3182 2048 3280">
     <span class='ocr_line' id='line_1_32' title="bbox 385 3182 2048 3280; baseline 0.001 -16"><span class='ocrx_word' id='word_1_237' title='bbox 385 3210 506 3272; x_wconf 87' lang='lat' dir='ltr'><strong>dia,</strong></span> <span class='ocrx_word' id='word_1_238' title='bbox 558 3209 775 3278; x_wconf 89' lang='lat' dir='ltr'><strong>superni</strong></span> <span class='ocrx_word' id='word_1_239' title='bbox 836 3220 1114 3278; x_wconf 85' lang='lat' dir='ltr'><strong>respectus</strong></span> <span class='ocrx_word' id='word_1_240' title='bbox 1161 3212 1456 3280; x_wconf 82' lang='lat' dir='ltr'><strong>promeruit</strong></span> <span class='ocrx_word' id='word_1_241' title='bbox 1508 3211 1710 3278; x_wconf 86' lang='lat' dir='ltr'><strong>majora</strong></span> <span class='ocrx_word' id='word_1_242' title='bbox 1761 3213 1970 3266; x_wconf 88' lang='lat' dir='ltr'><strong>solatia.</strong></span> <span class='ocrx_word' id='word_1_243' title='bbox 2004 3182 2048 3245; x_wconf 80' lang='lat' dir='ltr'><strong>C</strong></span> 
     </span>
    </p>
   </div>
   <div class='ocr_carea' id='block_1_33' title="bbox 387 3300 1976 3373">
    <p class='ocr_par' dir='ltr' id='par_1_33' title="bbox 387 3300 1976 3373">
     <span class='ocr_line' id='line_1_33' title="bbox 387 3300 1976 3373; baseline 0.002 -19"><span class='ocrx_word' id='word_1_244' title='bbox 387 3300 760 3355; x_wconf 90' lang='lat' dir='ltr'><strong>Sacrosancta</strong></span> <span class='ocrx_word' id='word_1_245' title='bbox 806 3301 993 3370; x_wconf 89' lang='lat' dir='ltr'><strong>utique</strong></span> <span class='ocrx_word' id='word_1_246' title='bbox 1041 3303 1288 3370; x_wconf 72' lang='lat' dir='ltr'><strong>przcsidia</strong></span> <span class='ocrx_word' id='word_1_247' title='bbox 1334 3304 1434 3357; x_wconf 88' lang='lat' dir='ltr'><strong>sibi</strong></span> <span class='ocrx_word' id='word_1_248' title='bbox 1482 3319 1602 3357; x_wconf 78' lang='lat' dir='ltr'><strong>mox</strong></span> <span class='ocrx_word' id='word_1_249' title='bbox 1633 3305 1822 3357; x_wconf 86' lang='lat' dir='ltr'><strong>adesse</strong></span> <span class='ocrx_word' id='word_1_250' title='bbox 1855 3321 1976 3373; x_wconf 89' lang='lat' dir='ltr'><strong>pcr-</strong></span> 
     </span>
    </p>
   </div>
   <div class='ocr_carea' id='block_1_34' title="bbox 383 3392 1980 3462">
    <p class='ocr_par' dir='ltr' id='par_1_34' title="bbox 383 3392 1980 3462">
     <span class='ocr_line' id='line_1_34' title="bbox 383 3392 1980 3462; baseline 0.003 -16"><span class='ocrx_word' id='word_1_251' title='bbox 383 3393 590 3456; x_wconf 87' lang='lat' dir='ltr'><strong>sensit,</strong></span> <span class='ocrx_word' id='word_1_252' title='bbox 633 3407 754 3462; x_wconf 58' lang='lat' dir='ltr'><strong>quae</strong></span> <span class='ocrx_word' id='word_1_253' title='bbox 799 3392 1073 3447; x_wconf 84' lang='lat' dir='ltr'><strong>defensam</strong></span> <span class='ocrx_word' id='word_1_254' title='bbox 1121 3394 1370 3448; x_wconf 90' lang='lat' dir='ltr'><strong>omnibus</strong></span> <span class='ocrx_word' id='word_1_255' title='bbox 1413 3395 1766 3450; x_wconf 88' lang='lat' dir='ltr'><strong>incommodis</strong></span> <span class='ocrx_word' id='word_1_256' title='bbox 1798 3395 1980 3451; x_wconf 77' lang='lat' dir='ltr'><strong>Roma:</strong></span> 
     </span>
    </p>
   </div>
   <div class='ocr_carea' id='block_1_35' title="bbox 381 3483 1976 3556">
    <p class='ocr_par' dir='ltr' id='par_1_35' title="bbox 381 3483 1976 3556">
     <span class='ocr_line' id='line_1_35' title="bbox 381 3483 1976 3556; baseline 0.003 -19"><span class='ocrx_word' id='word_1_257' title='bbox 381 3492 787 3553; x_wconf 70' lang='lat' dir='ltr'><strong>praesentarunt</strong></span> <span class='ocrx_word' id='word_1_258' title='bbox 833 3483 1145 3554; x_wconf 91' lang='lat' dir='ltr'><strong>apostolicis</strong></span> <span class='ocrx_word' id='word_1_259' title='bbox 1198 3486 1608 3556; x_wconf 87' lang='lat' dir='ltr'><strong>conspectibus,</strong></span> <span class='ocrx_word' id='word_1_260' title='bbox 1663 3504 1783 3540; x_wconf 88' lang='lat' dir='ltr'><strong>cttut</strong></span> <span class='ocrx_word' id='word_1_261' title='bbox 1833 3489 1976 3542; x_wconf 92' lang='lat' dir='ltr'><strong>omni</strong></span> 
     </span>
    </p>
   </div>
   <div class='ocr_carea' id='block_1_36' title="bbox 384 3574 1978 3648">
    <p class='ocr_par' dir='ltr' id='par_1_36' title="bbox 384 3574 1978 3648">
     <span class='ocr_line' id='line_1_36' title="bbox 384 3574 1978 3648; baseline 0.002 -19"><span class='ocrx_word' id='word_1_262' title='bbox 384 3575 697 3646; x_wconf 77' lang='lat' dir='ltr'><strong>integritate</strong></span> <span class='ocrx_word' id='word_1_263' title='bbox 736 3574 860 3629; x_wconf 89' lang='lat' dir='ltr'><strong>fidei</strong></span> <span class='ocrx_word' id='word_1_264' title='bbox 895 3586 948 3630; x_wconf 93' lang='lat' dir='ltr'><strong>et</strong></span> <span class='ocrx_word' id='word_1_265' title='bbox 974 3578 1236 3646; x_wconf 90' lang='lat' dir='ltr'><strong>corporis.</strong></span> <span class='ocrx_word' id='word_1_266' title='bbox 1281 3576 1522 3647; x_wconf 90' lang='lat' dir='ltr'><strong>Cumque</strong></span> <span class='ocrx_word' id='word_1_267' title='bbox 1554 3591 1978 3648; x_wconf 86' lang='lat' dir='ltr'><strong>percunctaren-</strong></span> 
     </span>
    </p>
   </div>
   <div class='ocr_carea' id='block_1_37' title="bbox 385 3667 1982 3738">
    <p class='ocr_par' dir='ltr' id='par_1_37' title="bbox 385 3667 1982 3738">
     <span class='ocr_line' id='line_1_37' title="bbox 385 3667 1982 3738; baseline 0.001 -18"><span class='ocrx_word' id='word_1_268' title='bbox 385 3677 476 3720; x_wconf 88' lang='lat' dir='ltr'><strong>tur</strong></span> <span class='ocrx_word' id='word_1_269' title='bbox 503 3667 618 3721; x_wconf 68' lang='lat' dir='ltr'><strong>loba</strong></span> <span class='ocrx_word' id='word_1_270' title='bbox 648 3668 800 3721; x_wconf 89' lang='lat' dir='ltr'><strong>urbis</strong></span> <span class='ocrx_word' id='word_1_271' title='bbox 833 3667 1016 3720; x_wconf 90' lang='lat' dir='ltr'><strong>mundi</strong></span> <span class='ocrx_word' id='word_1_272' title='bbox 1044 3668 1294 3730; x_wconf 62' lang='lat' dir='ltr'><strong>dominae,</strong></span> <span class='ocrx_word' id='word_1_273' title='bbox 1322 3677 1373 3721; x_wconf 92' lang='lat' dir='ltr'><strong>et</strong></span> <span class='ocrx_word' id='word_1_274' title='bbox 1396 3669 1626 3737; x_wconf 90' lang='lat' dir='ltr'><strong>superbo</strong></span> <span class='ocrx_word' id='word_1_275' title='bbox 1657 3668 1794 3722; x_wconf 89' lang='lat' dir='ltr'><strong>fastu</strong></span> <span class='ocrx_word' id='word_1_276' title='bbox 1822 3684 1982 3738; x_wconf 91' lang='lat' dir='ltr'><strong>spon-</strong></span> 
     </span>
    </p>
   </div>
   <div class='ocr_carea' id='block_1_38' title="bbox 385 3757 1980 3830">
    <p class='ocr_par' dir='ltr' id='par_1_38' title="bbox 385 3757 1980 3830">
     <span class='ocr_line' id='line_1_38' title="bbox 385 3757 1980 3830; baseline 0.001 -17"><span class='ocrx_word' id='word_1_277' title='bbox 385 3773 481 3813; x_wconf 91' lang='lat' dir='ltr'><strong>sus</strong></span> <span class='ocrx_word' id='word_1_278' title='bbox 507 3773 625 3812; x_wconf 91' lang='lat' dir='ltr'><strong>cum</strong></span> <span class='ocrx_word' id='word_1_279' title='bbox 663 3757 942 3813; x_wconf 81' lang='lat' dir='ltr'><strong>sodalibus</strong></span> <span class='ocrx_word' id='word_1_280' title='bbox 971 3759 1207 3828; x_wconf 88' lang='lat' dir='ltr'><strong>undique</strong></span> <span class='ocrx_word' id='word_1_281' title='bbox 1235 3760 1653 3830; x_wconf 84' lang='lat' dir='ltr'><strong>circumseptus,</strong></span> <span class='ocrx_word' id='word_1_282' title='bbox 1685 3761 1831 3814; x_wconf 90' lang='lat' dir='ltr'><strong>varia</strong></span> <span class='ocrx_word' id='word_1_283' title='bbox 1859 3776 1980 3814; x_wconf 83' lang='lat' dir='ltr'><strong>san-</strong></span> 
     </span>
    </p>
   </div>
   <div class='ocr_carea' id='block_1_39' title="bbox 385 3850 1980 3924">
    <p class='ocr_par' dir='ltr' id='par_1_39' title="bbox 385 3850 1980 3924">
     <span class='ocr_line' id='line_1_39' title="bbox 385 3850 1980 3924; baseline 0.003 -21"><span class='ocrx_word' id='word_1_284' title='bbox 385 3859 594 3903; x_wconf 89' lang='lat' dir='ltr'><strong>ctorum</strong></span> <span class='ocrx_word' id='word_1_285' title='bbox 647 3850 907 3904; x_wconf 87' lang='lat' dir='ltr'><strong>circuiret</strong></span> <span class='ocrx_word' id='word_1_286' title='bbox 979 3850 1232 3921; x_wconf 89' lang='lat' dir='ltr'><strong>pignora;</strong></span> <span class='ocrx_word' id='word_1_287' title='bbox 1283 3851 1371 3905; x_wconf 92' lang='lat' dir='ltr'><strong>illa</strong></span> <span class='ocrx_word' id='word_1_288' title='bbox 1416 3853 1594 3908; x_wconf 89' lang='lat' dir='ltr'><strong>vitans</strong></span> <span class='ocrx_word' id='word_1_289' title='bbox 1659 3855 1980 3924; x_wconf 71' lang='lat' dir='ltr'><strong>arrogantiae</strong></span> 
     </span>
    </p>
   </div>
   <div class='ocr_carea' id='block_1_40' title="bbox 385 3940 1979 4014">
    <p class='ocr_par' dir='ltr' id='par_1_40' title="bbox 385 3940 1979 4014">
     <span class='ocr_line' id='line_1_40' title="bbox 385 3940 1979 4014; baseline 0.004 -20"><span class='ocrx_word' id='word_1_290' title='bbox 385 3942 724 4008; x_wconf 87' lang='lat' dir='ltr'><strong>comitatum,</strong></span> <span class='ocrx_word' id='word_1_291' title='bbox 761 3941 869 3994; x_wconf 89' lang='lat' dir='ltr'><strong>sola</strong></span> <span class='ocrx_word' id='word_1_292' title='bbox 898 3940 1478 4012; x_wconf 89' lang='lat' dir='ltr'><strong>ibatadapostolorum</strong></span> <span class='ocrx_word' id='word_1_293' title='bbox 1507 3944 1709 3998; x_wconf 90' lang='lat' dir='ltr'><strong>limina.</strong></span> <span class='ocrx_word' id='word_1_294' title='bbox 1739 3944 1979 4014; x_wconf 90' lang='lat' dir='ltr'><strong>Sponsus</strong></span> 
     </span>
    </p>
   </div>
   <div class='ocr_carea' id='block_1_41' title="bbox 383 4036 1973 4106">
    <p class='ocr_par' dir='ltr' id='par_1_41' title="bbox 383 4036 1973 4106">
     <span class='ocr_line' id='line_1_41' title="bbox 383 4036 1973 4106; baseline 0.002 -17"><span class='ocrx_word' id='word_1_295' title='bbox 383 4049 507 4089; x_wconf 88' lang='lat' dir='ltr'><strong>eam</strong></span> <span class='ocrx_word' id='word_1_296' title='bbox 527 4036 832 4090; x_wconf 60' lang='lat' dir='ltr'><strong>aestimabat</strong></span> <span class='ocrx_word' id='word_1_297' title='bbox 857 4050 1150 4105; x_wconf 87' lang='lat' dir='ltr'><strong>repausare</strong></span> <span class='ocrx_word' id='word_1_298' title='bbox 1175 4052 1286 4106; x_wconf 67' lang='lat' dir='ltr'><strong>prae</strong></span> <span class='ocrx_word' id='word_1_299' title='bbox 1304 4037 1483 4090; x_wconf 74' lang='lat' dir='ltr'><strong>multae</strong></span> <span class='ocrx_word' id='word_1_300' title='bbox 1505 4038 1602 4091; x_wconf 69' lang='lat' dir='ltr'><strong>vim</strong></span> <span class='ocrx_word' id='word_1_301' title='bbox 1625 4037 1939 4093; x_wconf 89' lang='lat' dir='ltr'><strong>lassitudine</strong></span> <span class='ocrx_word' id='word_1_302' title='bbox 1963 4057 1973 4092; x_wconf 92' lang='lat'>:</span> 
     </span>
    </p>
   </div>
   <div class='ocr_carea' id='block_1_42' title="bbox 385 4125 1978 4194">
    <p class='ocr_par' dir='ltr' id='par_1_42' title="bbox 385 4125 1978 4194">
     <span class='ocr_line' id='line_1_42' title="bbox 385 4125 1978 4194; baseline 0.003 -14"><span class='ocrx_word' id='word_1_303' title='bbox 385 4125 476 4180; x_wconf 92' lang='lat' dir='ltr'><strong>illa</strong></span> <span class='ocrx_word' id='word_1_304' title='bbox 508 4126 656 4181; x_wconf 89' lang='lat' dir='ltr'><strong>velut</strong></span> <span class='ocrx_word' id='word_1_305' title='bbox 680 4138 863 4182; x_wconf 85' lang='lat' dir='ltr'><strong>mente</strong></span> <span class='ocrx_word' id='word_1_306' title='bbox 895 4137 1150 4182; x_wconf 90' lang='lat' dir='ltr'><strong>renovata</strong></span> <span class='ocrx_word' id='word_1_307' title='bbox 1183 4142 1248 4183; x_wconf 90' lang='lat' dir='ltr'><strong>ac</strong></span> <span class='ocrx_word' id='word_1_308' title='bbox 1275 4130 1546 4185; x_wconf 76' lang='lat' dir='ltr'><strong>robusdor</strong></span> <span class='ocrx_word' id='word_1_309' title='bbox 1561 4128 1768 4194; x_wconf 75' lang='lat' dir='ltr'><strong>effecta,</strong></span> <span class='ocrx_word' id='word_1_310' title='bbox 1799 4131 1978 4186; x_wconf 90' lang='lat' dir='ltr'><strong>omnia</strong></span> 
     </span>
    </p>
   </div>
   <div class='ocr_carea' id='block_1_43' title="bbox 383 4217 1978 4276">
    <p class='ocr_par' dir='ltr' id='par_1_43' title="bbox 383 4217 1978 4276">
     <span class='ocr_line' id='line_1_43' title="bbox 383 4217 1978 4276; baseline 0.003 -4"><span class='ocrx_word' id='word_1_311' title='bbox 383 4217 520 4273; x_wconf 88' lang='lat' dir='ltr'><strong>foris</strong></span> <span class='ocrx_word' id='word_1_312' title='bbox 558 4231 610 4274; x_wconf 90' lang='lat' dir='ltr'><strong>et</strong></span> <span class='ocrx_word' id='word_1_313' title='bbox 659 4221 807 4274; x_wconf 88' lang='lat' dir='ltr'><strong>intus</strong></span> <span class='ocrx_word' id='word_1_314' title='bbox 853 4220 1003 4274; x_wconf 92' lang='lat' dir='ltr'><strong>urbis</strong></span> <span class='ocrx_word' id='word_1_315' title='bbox 1049 4219 1236 4274; x_wconf 78' lang='lat' dir='ltr'><strong>Roma:</strong></span> <span class='ocrx_word' id='word_1_316' title='bbox 1277 4222 1540 4275; x_wconf 84' lang='lat' dir='ltr'><strong>circuibat</strong></span> <span class='ocrx_word' id='word_1_317' title='bbox 1584 4222 1841 4276; x_wconf 87' lang='lat' dir='ltr'><strong>oratoria.</strong></span> <span class='ocrx_word' id='word_1_318' title='bbox 1887 4222 1978 4276; x_wconf 92' lang='lat' dir='ltr'><strong>llle</strong></span> 
     </span>
    </p>
   </div>
   <div class='ocr_carea' id='block_1_44' title="bbox 383 4311 1980 4382">
    <p class='ocr_par' dir='ltr' id='par_1_44' title="bbox 383 4311 1980 4382">
     <span class='ocr_line' id='line_1_44' title="bbox 383 4311 1980 4382; baseline 0.003 -18"><span class='ocrx_word' id='word_1_319' title='bbox 383 4325 516 4382; x_wconf 83' lang='lat' dir='ltr'><strong>ergo</strong></span> <span class='ocrx_word' id='word_1_320' title='bbox 545 4311 751 4364; x_wconf 88' lang='lat' dir='ltr'><strong>ruitura</strong></span> <span class='ocrx_word' id='word_1_321' title='bbox 779 4311 937 4365; x_wconf 92' lang='lat' dir='ltr'><strong>oculo</strong></span> <span class='ocrx_word' id='word_1_322' title='bbox 963 4325 1226 4382; x_wconf 91' lang='lat' dir='ltr'><strong>corporeo</strong></span> <span class='ocrx_word' id='word_1_323' title='bbox 1251 4311 1550 4366; x_wconf 90' lang='lat' dir='ltr'><strong>mirabatur</strong></span> <span class='ocrx_word' id='word_1_324' title='bbox 1572 4312 1800 4368; x_wconf 81' lang='lat' dir='ltr'><strong>aedificia</strong></span> <span class='ocrx_word' id='word_1_325' title='bbox 1831 4314 1980 4368; x_wconf 88' lang='lat' dir='ltr'><strong>urbis</strong></span> 
     </span>
    </p>
   </div>
   <div class='ocr_carea' id='block_1_45' title="bbox 386 4401 1982 4473">
    <p class='ocr_par' dir='ltr' id='par_1_45' title="bbox 386 4401 1982 4473">
     <span class='ocr_line' id='line_1_45' title="bbox 386 4401 1982 4473; baseline 0.003 -16"><span class='ocrx_word' id='word_1_326' title='bbox 386 4401 814 4468; x_wconf 71' lang='lat' dir='ltr'><strong>Hiericontinze;</strong></span> <span class='ocrx_word' id='word_1_327' title='bbox 864 4403 980 4458; x_wconf 69' lang='lat' dir='ltr'><strong>hrec</strong></span> <span class='ocrx_word' id='word_1_328' title='bbox 1027 4404 1077 4457; x_wconf 93' lang='lat' dir='ltr'><strong>in</strong></span> <span class='ocrx_word' id='word_1_329' title='bbox 1126 4414 1447 4473; x_wconf 88' lang='lat' dir='ltr'><strong>perpetuum</strong></span> <span class='ocrx_word' id='word_1_330' title='bbox 1481 4418 1738 4460; x_wconf 85' lang='lat' dir='ltr'><strong>mansura</strong></span> <span class='ocrx_word' id='word_1_331' title='bbox 1783 4405 1982 4461; x_wconf 89' lang='lat' dir='ltr'><strong>mentis</strong></span> 
     </span>
    </p>
   </div>
   <div class='ocr_carea' id='block_1_46' title="bbox 384 4498 1974 4572">
    <p class='ocr_par' dir='ltr' id='par_1_46' title="bbox 384 4498 1974 4572">
     <span class='ocr_line' id='line_1_46' title="bbox 384 4498 1974 4572; baseline -0.001 -17"><span class='ocrx_word' id='word_1_332' title='bbox 384 4499 581 4555; x_wconf 89' lang='lat' dir='ltr'><strong>intuitu</strong></span> <span class='ocrx_word' id='word_1_333' title='bbox 613 4500 882 4554; x_wconf 88' lang='lat' dir='ltr'><strong>invisebat</strong></span> <span class='ocrx_word' id='word_1_334' title='bbox 904 4499 1053 4554; x_wconf 87' lang='lat' dir='ltr'><strong>clara</strong></span> <span class='ocrx_word' id='word_1_335' title='bbox 1079 4498 1278 4553; x_wconf 74' lang='lat' dir='ltr'><strong>mrenia</strong></span> <span class='ocrx_word' id='word_1_336' title='bbox 1310 4499 1545 4554; x_wconf 79' lang='lat' dir='ltr'><strong>caelestis</strong></span> <span class='ocrx_word' id='word_1_337' title='bbox 1571 4498 1974 4572; x_wconf 66' lang='lat' dir='ltr'><strong>Hierosolymaz,</strong></span> 
     </span>
    </p>
   </div>
   <div class='ocr_carea' id='block_1_47' title="bbox 385 4593 1976 4664">
    <p class='ocr_par' dir='ltr' id='par_1_47' title="bbox 385 4593 1976 4664">
     <span class='ocr_line' id='line_1_47' title="bbox 385 4593 1976 4664; baseline 0 -15"><span class='ocrx_word' id='word_1_338' title='bbox 385 4608 602 4662; x_wconf 89' lang='lat' dir='ltr'><strong>semper</strong></span> <span class='ocrx_word' id='word_1_339' title='bbox 630 4594 697 4648; x_wconf 91' lang='lat' dir='ltr'><strong>ob</strong></span> <span class='ocrx_word' id='word_1_340' title='bbox 731 4608 974 4647; x_wconf 88' lang='lat' dir='ltr'><strong>amorem</strong></span> <span class='ocrx_word' id='word_1_341' title='bbox 1025 4594 1217 4664; x_wconf 81' lang='lat' dir='ltr'><strong>patria.-</strong></span> <span class='ocrx_word' id='word_1_342' title='bbox 1257 4593 1492 4648; x_wconf 76' lang='lat' dir='ltr'><strong>crelestis</strong></span> <span class='ocrx_word' id='word_1_343' title='bbox 1535 4593 1586 4648; x_wconf 94' lang='lat' dir='ltr'><strong>in</strong></span> <span class='ocrx_word' id='word_1_344' title='bbox 1639 4593 1976 4650; x_wconf 87' lang='lat' dir='ltr'><strong>orationibus</strong></span> 
     </span>
    </p>
   </div>
   <div class='ocr_carea' id='block_1_48' title="bbox 383 4685 1976 4756">
    <p class='ocr_par' dir='ltr' id='par_1_48' title="bbox 383 4685 1976 4756">
     <span class='ocr_line' id='line_1_48' title="bbox 383 4685 1976 4756; baseline 0.003 -15"><span class='ocrx_word' id='word_1_345' title='bbox 383 4696 438 4741; x_wconf 90' lang='lat' dir='ltr'><strong>et</strong></span> <span class='ocrx_word' id='word_1_346' title='bbox 465 4685 662 4755; x_wconf 85' lang='lat' dir='ltr'><strong>vigiliis</strong></span> <span class='ocrx_word' id='word_1_347' title='bbox 707 4702 768 4741; x_wconf 91' lang='lat' dir='ltr'><strong>ac</strong></span> <span class='ocrx_word' id='word_1_348' title='bbox 793 4685 1018 4756; x_wconf 87' lang='lat' dir='ltr'><strong>jejuniis</strong></span> <span class='ocrx_word' id='word_1_349' title='bbox 1046 4696 1172 4740; x_wconf 92' lang='lat' dir='ltr'><strong>ante</strong></span> <span class='ocrx_word' id='word_1_350' title='bbox 1221 4687 1590 4755; x_wconf 89' lang='lat' dir='ltr'><strong>apostolorum</strong></span> <span class='ocrx_word' id='word_1_351' title='bbox 1632 4688 1816 4743; x_wconf 89' lang='lat' dir='ltr'><strong>limina</strong></span> <span class='ocrx_word' id='word_1_352' title='bbox 1862 4689 1976 4746; x_wconf 84' lang='lat' dir='ltr'><strong>solo</strong></span> 
     </span>
    </p>
   </div>
   <div class='ocr_carea' id='block_1_49' title="bbox 385 4779 1551 4848">
    <p class='ocr_par' dir='ltr' id='par_1_49' title="bbox 385 4779 1551 4848">
     <span class='ocr_line' id='line_1_49' title="bbox 385 4779 1551 4848; baseline 0.003 -16"><span class='ocrx_word' id='word_1_353' title='bbox 385 4779 676 4844; x_wconf 88' lang='lat' dir='ltr'><strong>recubans,</strong></span> <span class='ocrx_word' id='word_1_354' title='bbox 706 4789 758 4834; x_wconf 90' lang='lat' dir='ltr'><strong>et</strong></span> <span class='ocrx_word' id='word_1_355' title='bbox 789 4779 877 4833; x_wconf 83' lang='lat' dir='ltr'><strong>vix</strong></span> <span class='ocrx_word' id='word_1_356' title='bbox 901 4780 964 4833; x_wconf 87' lang='lat' dir='ltr'><strong>ad</strong></span> <span class='ocrx_word' id='word_1_357' title='bbox 990 4779 1282 4848; x_wconf 88' lang='lat' dir='ltr'><strong>hospitium</strong></span> <span class='ocrx_word' id='word_1_358' title='bbox 1317 4781 1551 4836; x_wconf 87' lang='lat' dir='ltr'><strong>rediens.</strong></span> 
     </span>
    </p>
   </div>
   <div class='ocr_carea' id='block_1_50' title="bbox 389 4870 1976 4945">
    <p class='ocr_par' dir='ltr' id='par_1_50' title="bbox 389 4870 1976 4945">
     <span class='ocr_line' id='line_1_50' title="bbox 389 4870 1976 4945; baseline 0.003 -19"><span class='ocrx_word' id='word_1_359' title='bbox 389 4876 397 4926; x_wconf 88' lang='lat' dir='ltr'><strong>i</strong></span> <span class='ocrx_word' id='word_1_360' title='bbox 457 4871 512 4923; x_wconf 86' lang='lat'><strong>7.</strong></span> <span class='ocrx_word' id='word_1_361' title='bbox 543 4870 665 4925; x_wconf 88' lang='lat' dir='ltr'><strong>Inde</strong></span> <span class='ocrx_word' id='word_1_362' title='bbox 690 4873 884 4940; x_wconf 84' lang='lat' dir='ltr'><strong>spretis</strong></span> <span class='ocrx_word' id='word_1_363' title='bbox 915 4873 1077 4926; x_wconf 88' lang='lat' dir='ltr'><strong>rebus</strong></span> <span class='ocrx_word' id='word_1_364' title='bbox 1109 4872 1432 4927; x_wconf 88' lang='lat' dir='ltr'><strong>transitoriis</strong></span> <span class='ocrx_word' id='word_1_365' title='bbox 1459 4874 1753 4943; x_wconf 89' lang='lat' dir='ltr'><strong>relictoque</strong></span> <span class='ocrx_word' id='word_1_366' title='bbox 1777 4889 1976 4945; x_wconf 92' lang='lat' dir='ltr'><strong>sponso</strong></span> 
     </span>
    </p>
   </div>
   <div class='ocr_carea' id='block_1_51' title="bbox 383 4963 1975 5034">
    <p class='ocr_par' dir='ltr' id='par_1_51' title="bbox 383 4963 1975 5034">
     <span class='ocr_line' id='line_1_51' title="bbox 383 4963 1975 5034; baseline 0.001 -16"><span class='ocrx_word' id='word_1_367' title='bbox 383 4979 513 5018; x_wconf 85' lang='lat' dir='ltr'><strong>cum</strong></span> <span class='ocrx_word' id='word_1_368' title='bbox 549 4963 657 5016; x_wconf 86' lang='lat' dir='ltr'><strong>suis</strong></span> <span class='ocrx_word' id='word_1_369' title='bbox 686 4965 952 5028; x_wconf 90' lang='lat' dir='ltr'><strong>omnibus,</strong></span> <span class='ocrx_word' id='word_1_370' title='bbox 981 4979 1190 5034; x_wconf 80' lang='lat' dir='ltr'><strong>pernox</strong></span> <span class='ocrx_word' id='word_1_371' title='bbox 1225 4974 1342 5019; x_wconf 89' lang='lat' dir='ltr'><strong>erat</strong></span> <span class='ocrx_word' id='word_1_372' title='bbox 1371 4966 1420 5020; x_wconf 92' lang='lat' dir='ltr'><strong>in</strong></span> <span class='ocrx_word' id='word_1_373' title='bbox 1465 4967 1826 5032; x_wconf 90' lang='lat' dir='ltr'><strong>orationibus,</strong></span> <span class='ocrx_word' id='word_1_374' title='bbox 1855 4982 1975 5022; x_wconf 90' lang='lat' dir='ltr'><strong>cor-</strong></span> 
     </span>
    </p>
   </div>
   <div class='ocr_carea' id='block_1_52' title="bbox 380 5052 1973 5126">
    <p class='ocr_par' dir='ltr' id='par_1_52' title="bbox 380 5052 1973 5126">
     <span class='ocr_line' id='line_1_52' title="bbox 380 5052 1973 5126; baseline 0.004 -19"><span class='ocrx_word' id='word_1_375' title='bbox 380 5069 491 5125; x_wconf 89' lang='lat' dir='ltr'><strong>pus</strong></span> <span class='ocrx_word' id='word_1_376' title='bbox 520 5052 710 5122; x_wconf 84' lang='lat' dir='ltr'><strong>vigiliis</strong></span> <span class='ocrx_word' id='word_1_377' title='bbox 738 5063 789 5108; x_wconf 91' lang='lat' dir='ltr'><strong>et</strong></span> <span class='ocrx_word' id='word_1_378' title='bbox 818 5056 988 5110; x_wconf 91' lang='lat' dir='ltr'><strong>inedia</strong></span> <span class='ocrx_word' id='word_1_379' title='bbox 1010 5069 1313 5118; x_wconf 75' lang='lat' dir='ltr'><strong>maceratis,</strong></span> <span class='ocrx_word' id='word_1_380' title='bbox 1349 5067 1400 5111; x_wconf 87' lang='lat' dir='ltr'><strong>et</strong></span> <span class='ocrx_word' id='word_1_381' title='bbox 1423 5059 1601 5112; x_wconf 90' lang='lat' dir='ltr'><strong>omnia</strong></span> <span class='ocrx_word' id='word_1_382' title='bbox 1628 5073 1746 5126; x_wconf 66' lang='lat' dir='ltr'><strong>qua:</strong></span> <span class='ocrx_word' id='word_1_383' title='bbox 1775 5057 1973 5113; x_wconf 89' lang='lat' dir='ltr'><strong>habere</strong></span> 
     </span>
    </p>
   </div>
   <div class='ocr_carea' id='block_1_53' title="bbox 380 5149 1975 5220">
    <p class='ocr_par' dir='ltr' id='par_1_53' title="bbox 380 5149 1975 5220">
     <span class='ocr_line' id='line_1_53' title="bbox 380 5149 1975 5220; baseline 0.006 -23"><span class='ocrx_word' id='word_1_384' title='bbox 380 5155 607 5218; x_wconf 86' lang='lat' dir='ltr'><strong>poterat</strong></span> <span class='ocrx_word' id='word_1_385' title='bbox 631 5149 942 5216; x_wconf 89' lang='lat' dir='ltr'><strong>pauperibus</strong></span> <span class='ocrx_word' id='word_1_386' title='bbox 964 5163 1202 5220; x_wconf 83' lang='lat' dir='ltr'><strong>erogans</strong></span> <span class='ocrx_word' id='word_1_387' title='bbox 1229 5167 1240 5202; x_wconf 90' lang='lat'><strong>:</strong></span> <span class='ocrx_word' id='word_1_388' title='bbox 1263 5149 1442 5220; x_wconf 90' lang='lat' dir='ltr'><strong>sicque</strong></span> <span class='ocrx_word' id='word_1_389' title='bbox 1468 5151 1728 5207; x_wconf 81' lang='lat' dir='ltr'><strong>monacho</strong></span> <span class='ocrx_word' id='word_1_390' title='bbox 1748 5151 1975 5207; x_wconf 51' lang='lat' dir='ltr'><strong>etl‘icitur</strong></span> 
     </span>
    </p>
   </div>
   <div class='ocr_carea' id='block_1_54' title="bbox 377 5242 1972 5314">
    <p class='ocr_par' dir='ltr' id='par_1_54' title="bbox 377 5242 1972 5314">
     <span class='ocr_line' id='line_1_54' title="bbox 377 5242 1972 5314; baseline 0.007 -27"><span class='ocrx_word' id='word_1_391' title='bbox 377 5252 514 5307; x_wconf 71' lang='lat' dir='ltr'><strong>quae</strong></span> <span class='ocrx_word' id='word_1_392' title='bbox 576 5250 758 5304; x_wconf 88' lang='lat' dir='ltr'><strong>sponsa</strong></span> <span class='ocrx_word' id='word_1_393' title='bbox 800 5242 1124 5309; x_wconf 89' lang='lat' dir='ltr'><strong>putabatur;</strong></span> <span class='ocrx_word' id='word_1_394' title='bbox 1179 5249 1231 5294; x_wconf 89' lang='lat' dir='ltr'><strong>et</strong></span> <span class='ocrx_word' id='word_1_395' title='bbox 1288 5247 1559 5300; x_wconf 74' lang='lat' dir='ltr'><strong>terrestris</strong></span> <span class='ocrx_word' id='word_1_396' title='bbox 1608 5245 1795 5314; x_wconf 89' lang='lat' dir='ltr'><strong>copula</strong></span> <span class='ocrx_word' id='word_1_397' title='bbox 1850 5259 1972 5299; x_wconf 90' lang='lat' dir='ltr'><strong>cum</strong></span> 
     </span>
    </p>
   </div>
   <div class='ocr_carea' id='block_1_55' title="bbox 376 5327 1974 5406">
    <p class='ocr_par' dir='ltr' id='par_1_55' title="bbox 376 5327 1974 5406">
     <span class='ocr_line' id='line_1_55' title="bbox 376 5327 1974 5406; baseline 0.004 -21"><span class='ocrx_word' id='word_1_398' title='bbox 376 5327 543 5384; x_wconf 86' lang='lat' dir='ltr'><strong>omni</strong></span> <span class='ocrx_word' id='word_1_399' title='bbox 579 5342 759 5397; x_wconf 84' lang='lat' dir='ltr'><strong>pompa</strong></span> <span class='ocrx_word' id='word_1_400' title='bbox 789 5331 1066 5402; x_wconf 89' lang='lat' dir='ltr'><strong>dejicitur,</strong></span> <span class='ocrx_word' id='word_1_401' title='bbox 1103 5347 1225 5386; x_wconf 91' lang='lat' dir='ltr'><strong>cum</strong></span> <span class='ocrx_word' id='word_1_402' title='bbox 1260 5349 1286 5386; x_wconf 89' lang='lat' dir='ltr'><strong>a</strong></span> <span class='ocrx_word' id='word_1_403' title='bbox 1321 5341 1526 5406; x_wconf 86' lang='lat' dir='ltr'><strong>superis</strong></span> <span class='ocrx_word' id='word_1_404' title='bbox 1557 5338 1781 5392; x_wconf 84' lang='lat' dir='ltr'><strong>castitas</strong></span> <span class='ocrx_word' id='word_1_405' title='bbox 1805 5336 1974 5391; x_wconf 87' lang='lat' dir='ltr'><strong>virtu-</strong></span> 
     </span>
    </p>
   </div>
   <div class='ocr_carea' id='block_1_56' title="bbox 376 5420 1974 5504">
    <p class='ocr_par' dir='ltr' id='par_1_56' title="bbox 376 5420 1974 5504">
     <span class='ocr_line' id='line_1_56' title="bbox 376 5420 1974 5504; baseline 0.004 -26"><span class='ocrx_word' id='word_1_406' title='bbox 376 5433 508 5478; x_wconf 84' lang='lat' dir='ltr'><strong>tum</strong></span> <span class='ocrx_word' id='word_1_407' title='bbox 537 5420 713 5490; x_wconf 79' lang='lat' dir='ltr'><strong>regina</strong></span> <span class='ocrx_word' id='word_1_408' title='bbox 734 5424 1054 5486; x_wconf 76' lang='lat' dir='ltr'><strong>diffunditur.</strong></span> <span class='ocrx_word' id='word_1_409' title='bbox 1085 5427 1216 5482; x_wconf 88' lang='lat' dir='ltr'><strong>Erat</strong></span> <span class='ocrx_word' id='word_1_410' title='bbox 1239 5438 1382 5485; x_wconf 86' lang='lat' dir='ltr'><strong>certe</strong></span> <span class='ocrx_word' id='word_1_411' title='bbox 1404 5435 1645 5504; x_wconf 79' lang='lat' dir='ltr'><strong>gaudens</strong></span> <span class='ocrx_word' id='word_1_412' title='bbox 1661 5431 1974 5502; x_wconf 90' lang='lat' dir='ltr'><strong>quasiquod</strong></span> 
     </span>
    </p>
   </div>
   <div class='ocr_carea' id='block_1_57' title="bbox 370 5513 1974 5578">
    <p class='ocr_par' dir='ltr' id='par_1_57' title="bbox 370 5513 1974 5578">
     <span class='ocr_line' id='line_1_57' title="bbox 370 5513 1974 5578; baseline 0 0"><span class='ocrx_word' id='word_1_413' title='bbox 370 5517 677 5578; x_wconf 70' lang='grc' dir='ltr'><strong>οβι³ν⁰¹¹³ῑ</strong></span> <span class='ocrx_word' id='word_1_414' title='bbox 721 5513 799 5568; x_wconf 71' lang='lat' dir='ltr'><strong>diu</strong></span> <span class='ocrx_word' id='word_1_415' title='bbox 829 5523 1148 5578; x_wconf 76' lang='lat' dir='ltr'><strong>possidens.</strong></span> <span class='ocrx_word' id='word_1_416' title='bbox 1199 5519 1334 5574; x_wconf 86' lang='lat' dir='ltr'><strong>unde</strong></span> <span class='ocrx_word' id='word_1_417' title='bbox 1383 5542 1479 5578; x_wconf 87' lang='lat' dir='ltr'><strong>nec</strong></span> <span class='ocrx_word' id='word_1_418' title='bbox 1525 5524 1595 5578; x_wconf 90' lang='lat' dir='ltr'><strong>ad</strong></span> <span class='ocrx_word' id='word_1_419' title='bbox 1643 5532 1974 5578; x_wconf 87' lang='lat' dir='ltr'><strong>momentum</strong></span> 
     </span>
    </p>
   </div>
   <div class='ocr_carea' id='block_1_58' title="bbox 2077 516 3661 593">
    <p class='ocr_par' dir='ltr' id='par_1_58' title="bbox 2077 516 3661 593">
     <span class='ocr_line' id='line_1_58' title="bbox 2077 516 3661 593; baseline 0.006 -23"><span class='ocrx_word' id='word_1_420' title='bbox 2077 516 2297 571; x_wconf 90' lang='lat' dir='ltr'><strong>Christo</strong></span> <span class='ocrx_word' id='word_1_421' title='bbox 2328 517 2557 572; x_wconf 83' lang='lat' dir='ltr'><strong>Domino</strong></span> <span class='ocrx_word' id='word_1_422' title='bbox 2586 519 2650 572; x_wconf 88' lang='lat' dir='ltr'><strong>ad</strong></span> <span class='ocrx_word' id='word_1_423' title='bbox 2679 519 2984 588; x_wconf 74' lang='lat' dir='ltr'><strong>exemplum</strong></span> <span class='ocrx_word' id='word_1_424' title='bbox 3009 518 3302 575; x_wconf 88' lang='lat' dir='ltr'><strong>Genitricis</strong></span> <span class='ocrx_word' id='word_1_425' title='bbox 3332 521 3578 593; x_wconf 82' lang='lat' dir='ltr'><strong>virginis,</strong></span> <span class='ocrx_word' id='word_1_426' title='bbox 3605 533 3661 580; x_wconf 83' lang='lat' dir='ltr'><strong>et</strong></span> 
     </span>
    </p>
   </div>
   <div class='ocr_carea' id='block_1_59' title="bbox 2078 607 3660 685">
    <p class='ocr_par' dir='ltr' id='par_1_59' title="bbox 2078 607 3660 685">
     <span class='ocr_line' id='line_1_59' title="bbox 2078 607 3660 685; baseline 0.005 -24"><span class='ocrx_word' id='word_1_427' title='bbox 2078 607 2426 678; x_wconf 70' lang='lat' dir='ltr'><strong>expostulans</strong></span> <span class='ocrx_word' id='word_1_428' title='bbox 2476 624 2532 662; x_wconf 91' lang='lat' dir='ltr'><strong>se</strong></span> <span class='ocrx_word' id='word_1_429' title='bbox 2564 609 2766 664; x_wconf 88' lang='lat' dir='ltr'><strong>sacrari</strong></span> <span class='ocrx_word' id='word_1_430' title='bbox 2810 609 2984 679; x_wconf 86' lang='lat' dir='ltr'><strong>sigillo</strong></span> <span class='ocrx_word' id='word_1_431' title='bbox 3016 611 3351 667; x_wconf 69' lang='lat' dir='ltr'><strong>castimonia:</strong></span> <span class='ocrx_word' id='word_1_432' title='bbox 3376 623 3431 668; x_wconf 91' lang='lat' dir='ltr'><strong>et</strong></span> <span class='ocrx_word' id='word_1_433' title='bbox 3464 615 3660 685; x_wconf 87' lang='lat' dir='ltr'><strong>capitis</strong></span> 
     </span>
    </p>
   </div>
   <div class='ocr_carea' id='block_1_60' title="bbox 2076 702 3659 775">
    <p class='ocr_par' dir='ltr' id='par_1_60' title="bbox 2076 702 3659 775">
     <span class='ocr_line' id='line_1_60' title="bbox 2076 702 3659 775; baseline 0.003 -18"><span class='ocrx_word' id='word_1_434' title='bbox 2076 702 2343 758; x_wconf 88' lang='lat' dir='ltr'><strong>velamine</strong></span> <span class='ocrx_word' id='word_1_435' title='bbox 2373 703 2470 756; x_wconf 85' lang='lat' dir='ltr'><strong>sub</strong></span> <span class='ocrx_word' id='word_1_436' title='bbox 2503 703 2669 758; x_wconf 91' lang='lat' dir='ltr'><strong>tutela</strong></span> <span class='ocrx_word' id='word_1_437' title='bbox 2701 712 2755 757; x_wconf 90' lang='lat' dir='ltr'><strong>et</strong></span> <span class='ocrx_word' id='word_1_438' title='bbox 2804 705 3024 760; x_wconf 88' lang='lat' dir='ltr'><strong>servitio</strong></span> <span class='ocrx_word' id='word_1_439' title='bbox 3066 705 3504 775; x_wconf 83' lang='lat' dir='ltr'><strong>incomparabilis</strong></span> <span class='ocrx_word' id='word_1_440' title='bbox 3534 707 3659 762; x_wconf 85' lang='lat' dir='ltr'><strong>Vir-</strong></span> 
     </span>
    </p>
   </div>
   <div class='ocr_carea' id='block_1_61' title="bbox 2077 794 3662 868">
    <p class='ocr_par' dir='ltr' id='par_1_61' title="bbox 2077 794 3662 868">
     <span class='ocr_line' id='line_1_61' title="bbox 2077 794 3662 868; baseline 0.003 -19"><span class='ocrx_word' id='word_1_441' title='bbox 2077 797 2215 868; x_wconf 90' lang='lat' dir='ltr'><strong>ginis</strong></span> <span class='ocrx_word' id='word_1_442' title='bbox 2258 795 2458 850; x_wconf 72' lang='lat' dir='ltr'><strong>Marire.</strong></span> <span class='ocrx_word' id='word_1_443' title='bbox 2509 794 2671 866; x_wconf 86' lang='lat' dir='ltr'><strong>Cujus</strong></span> <span class='ocrx_word' id='word_1_444' title='bbox 2717 797 3158 866; x_wconf 85' lang='lat' dir='ltr'><strong>henignissimam</strong></span> <span class='ocrx_word' id='word_1_445' title='bbox 3205 798 3558 853; x_wconf 79' lang='lat' dir='ltr'><strong>intentionem</strong></span> <span class='ocrx_word' id='word_1_446' title='bbox 3607 809 3662 856; x_wconf 85' lang='lat' dir='ltr'><strong>et</strong></span> 
     </span>
    </p>
   </div>
   <div class='ocr_carea' id='block_1_62' title="bbox 2078 890 3664 961">
    <p class='ocr_par' dir='ltr' id='par_1_62' title="bbox 2078 890 3664 961">
     <span class='ocr_line' id='line_1_62' title="bbox 2078 890 3664 961; baseline 0.001 -16"><span class='ocrx_word' id='word_1_447' title='bbox 2078 890 2417 945; x_wconf 87' lang='lat' dir='ltr'><strong>devotionem</strong></span> <span class='ocrx_word' id='word_1_448' title='bbox 2469 890 2588 960; x_wconf 91' lang='lat' dir='ltr'><strong>pius</strong></span> <span class='ocrx_word' id='word_1_449' title='bbox 2640 890 2799 944; x_wconf 90' lang='lat' dir='ltr'><strong>Pater</strong></span> <span class='ocrx_word' id='word_1_450' title='bbox 2845 891 3069 945; x_wconf 89' lang='lat' dir='ltr'><strong>audiens</strong></span> <span class='ocrx_word' id='word_1_451' title='bbox 3113 899 3164 944; x_wconf 90' lang='lat' dir='ltr'><strong>et</strong></span> <span class='ocrx_word' id='word_1_452' title='bbox 3205 906 3233 944; x_wconf 88' lang='lat' dir='ltr'><strong>a</strong></span> <span class='ocrx_word' id='word_1_453' title='bbox 3280 893 3508 946; x_wconf 86' lang='lat' dir='ltr'><strong>Domino</strong></span> <span class='ocrx_word' id='word_1_454' title='bbox 3549 893 3664 961; x_wconf 88' lang='lat' dir='ltr'><strong>ejus</strong></span> 
     </span>
    </p>
   </div>
   <div class='ocr_carea' id='block_1_63' title="bbox 2079 983 3665 1058">
    <p class='ocr_par' dir='ltr' id='par_1_63' title="bbox 2079 983 3665 1058">
     <span class='ocr_line' id='line_1_63' title="bbox 2079 983 3665 1058; baseline 0.003 -20"><span class='ocrx_word' id='word_1_455' title='bbox 2079 993 2311 1038; x_wconf 88' lang='lat' dir='ltr'><strong>tuentem</strong></span> <span class='ocrx_word' id='word_1_456' title='bbox 2346 985 2667 1038; x_wconf 89' lang='lat' dir='ltr'><strong>illustratam</strong></span> <span class='ocrx_word' id='word_1_457' title='bbox 2698 983 3023 1051; x_wconf 75' lang='lat' dir='ltr'><strong>intelligens,</strong></span> <span class='ocrx_word' id='word_1_458' title='bbox 3053 1000 3183 1039; x_wconf 87' lang='lat' dir='ltr'><strong>voce</strong></span> <span class='ocrx_word' id='word_1_459' title='bbox 3213 985 3545 1058; x_wconf 84' lang='lat' dir='ltr'><strong>laerymahili</strong></span> <span class='ocrx_word' id='word_1_460' title='bbox 3576 987 3665 1042; x_wconf 84' lang='lat' dir='ltr'><strong>ad-</strong></span> 
     </span>
    </p>
   </div>
   <div class='ocr_carea' id='block_1_64' title="bbox 2078 1076 3658 1147">
    <p class='ocr_par' dir='ltr' id='par_1_64' title="bbox 2078 1076 3658 1147">
     <span class='ocr_line' id='line_1_64' title="bbox 2078 1076 3658 1147; baseline 0.003 -18"><span class='ocrx_word' id='word_1_461' title='bbox 2078 1077 2282 1129; x_wconf 89' lang='lat' dir='ltr'><strong>mirans</strong></span> <span class='ocrx_word' id='word_1_462' title='bbox 2317 1085 2519 1129; x_wconf 85' lang='lat' dir='ltr'><strong>tantam</strong></span> <span class='ocrx_word' id='word_1_463' title='bbox 2555 1077 2603 1130; x_wconf 91' lang='lat' dir='ltr'><strong>in</strong></span> <span class='ocrx_word' id='word_1_464' title='bbox 2636 1076 2810 1146; x_wconf 89' lang='lat' dir='ltr'><strong>puella</strong></span> <span class='ocrx_word' id='word_1_465' title='bbox 2837 1077 3192 1147; x_wconf 89' lang='lat' dir='ltr'><strong>sapientiam,</strong></span> <span class='ocrx_word' id='word_1_466' title='bbox 3219 1079 3417 1133; x_wconf 76' lang='lat' dir='ltr'><strong>dixisse</strong></span> <span class='ocrx_word' id='word_1_467' title='bbox 3449 1078 3658 1134; x_wconf 79' lang='lat' dir='ltr'><strong>fertur:</strong></span> 
     </span>
    </p>
   </div>
   <div class='ocr_carea' id='block_1_65' title="bbox 2085 1167 3664 1240">
    <p class='ocr_par' dir='ltr' id='par_1_65' title="bbox 2085 1167 3664 1240">
     <span class='ocr_line' id='line_1_65' title="bbox 2085 1167 3664 1240; baseline 0.005 -21"><span class='ocrx_word' id='word_1_468' title='bbox 2085 1188 2102 1219; x_wconf 74' lang='grc' dir='ltr'><strong><em>ι</em></strong></span> <span class='ocrx_word' id='word_1_469' title='bbox 2135 1167 2460 1222; x_wconf 85' lang='lat' dir='ltr'><strong>Benedictus</strong></span> <span class='ocrx_word' id='word_1_470' title='bbox 2504 1183 2582 1232; x_wconf 91' lang='lat' dir='ltr'><strong>cs,</strong></span> <span class='ocrx_word' id='word_1_471' title='bbox 2613 1168 2836 1224; x_wconf 89' lang='lat' dir='ltr'><strong>Domine</strong></span> <span class='ocrx_word' id='word_1_472' title='bbox 2885 1170 3022 1225; x_wconf 90' lang='lat' dir='ltr'><strong>Deus</strong></span> <span class='ocrx_word' id='word_1_473' title='bbox 3050 1172 3310 1234; x_wconf 86' lang='lat' dir='ltr'><strong>omnium,</strong></span> <span class='ocrx_word' id='word_1_474' title='bbox 3343 1174 3430 1240; x_wconf 90' lang='lat' dir='ltr'><strong>qui</strong></span> <span class='ocrx_word' id='word_1_475' title='bbox 3462 1173 3512 1226; x_wconf 92' lang='lat' dir='ltr'><strong>in</strong></span> <span class='ocrx_word' id='word_1_476' title='bbox 3547 1182 3664 1227; x_wconf 92' lang='lat' dir='ltr'><strong>toro</strong></span> 
     </span>
    </p>
   </div>
   <div class='ocr_carea' id='block_1_66' title="bbox 2076 1259 3664 1333">
    <p class='ocr_par' dir='ltr' id='par_1_66' title="bbox 2076 1259 3664 1333">
     <span class='ocr_line' id='line_1_66' title="bbox 2076 1259 3664 1333; baseline 0.006 -24"><span class='ocrx_word' id='word_1_477' title='bbox 2076 1259 2326 1330; x_wconf 83' lang='lat' dir='ltr'><strong>virginali</strong></span> <span class='ocrx_word' id='word_1_478' title='bbox 2361 1261 2557 1315; x_wconf 89' lang='lat' dir='ltr'><strong>mentis</strong></span> <span class='ocrx_word' id='word_1_479' title='bbox 2586 1271 2749 1316; x_wconf 64' lang='lat' dir='ltr'><strong>casta:</strong></span> <span class='ocrx_word' id='word_1_480' title='bbox 2776 1272 2826 1316; x_wconf 90' lang='lat' dir='ltr'><strong>et</strong></span> <span class='ocrx_word' id='word_1_481' title='bbox 2867 1263 3110 1333; x_wconf 90' lang='lat' dir='ltr'><strong>corporis</strong></span> <span class='ocrx_word' id='word_1_482' title='bbox 3140 1273 3284 1318; x_wconf 91' lang='lat' dir='ltr'><strong>tuum</strong></span> <span class='ocrx_word' id='word_1_483' title='bbox 3319 1265 3465 1319; x_wconf 89' lang='lat' dir='ltr'><strong>locas</strong></span> <span class='ocrx_word' id='word_1_484' title='bbox 3495 1265 3664 1318; x_wconf 90' lang='lat' dir='ltr'><strong>domi-</strong></span> 
     </span>
    </p>
   </div>
   <div class='ocr_carea' id='block_1_67' title="bbox 2079 1352 3666 1426">
    <p class='ocr_par' dir='ltr' id='par_1_67' title="bbox 2079 1352 3666 1426">
     <span class='ocr_line' id='line_1_67' title="bbox 2079 1352 3666 1426; baseline 0.004 -22"><span class='ocrx_word' id='word_1_485' title='bbox 2079 1353 2281 1412; x_wconf 89' lang='lat' dir='ltr'><strong>cilium,</strong></span> <span class='ocrx_word' id='word_1_486' title='bbox 2319 1363 2372 1406; x_wconf 89' lang='lat' dir='ltr'><strong>et</strong></span> <span class='ocrx_word' id='word_1_487' title='bbox 2399 1353 2448 1406; x_wconf 94' lang='lat' dir='ltr'><strong>in</strong></span> <span class='ocrx_word' id='word_1_488' title='bbox 2481 1369 2611 1407; x_wconf 83' lang='lat' dir='ltr'><strong>sexu</strong></span> <span class='ocrx_word' id='word_1_489' title='bbox 2647 1352 2853 1423; x_wconf 89' lang='lat' dir='ltr'><strong>fragilis</strong></span> <span class='ocrx_word' id='word_1_490' title='bbox 2885 1358 3122 1409; x_wconf 66' lang='lat' dir='ltr'><strong>mali-rite</strong></span> <span class='ocrx_word' id='word_1_491' title='bbox 3157 1372 3438 1410; x_wconf 87' lang='lat' dir='ltr'><strong>numerosa</strong></span> <span class='ocrx_word' id='word_1_492' title='bbox 3474 1373 3666 1426; x_wconf 87' lang='lat' dir='ltr'><strong>opera-</strong></span> 
     </span>
    </p>
   </div>
   <div class='ocr_carea' id='block_1_68' title="bbox 2080 1445 3665 1518">
    <p class='ocr_par' dir='ltr' id='par_1_68' title="bbox 2080 1445 3665 1518">
     <span class='ocr_line' id='line_1_68' title="bbox 2080 1445 3665 1518; baseline 0.003 -20"><span class='ocrx_word' id='word_1_493' title='bbox 2080 1446 2155 1498; x_wconf 90' lang='lat' dir='ltr'><strong>ris</strong></span> <span class='ocrx_word' id='word_1_494' title='bbox 2190 1445 2478 1499; x_wconf 89' lang='lat' dir='ltr'><strong>mirabilia.</strong></span> <span class='ocrx_word' id='word_1_495' title='bbox 2508 1445 2746 1499; x_wconf 89' lang='lat' dir='ltr'><strong>Laudem</strong></span> <span class='ocrx_word' id='word_1_496' title='bbox 2771 1461 2900 1517; x_wconf 86' lang='lat' dir='ltr'><strong>ergo</strong></span> <span class='ocrx_word' id='word_1_497' title='bbox 2936 1449 3027 1500; x_wconf 91' lang='lat' dir='ltr'><strong>tibi</strong></span> <span class='ocrx_word' id='word_1_498' title='bbox 3053 1449 3375 1518; x_wconf 81' lang='lat' dir='ltr'><strong>generaliter</strong></span> <span class='ocrx_word' id='word_1_499' title='bbox 3415 1450 3665 1518; x_wconf 84' lang='lat' dir='ltr'><strong>loquatur</strong></span> 
     </span>
    </p>
   </div>
   <div class='ocr_carea' id='block_1_69' title="bbox 2078 1537 3666 1609">
    <p class='ocr_par' dir='ltr' id='par_1_69' title="bbox 2078 1537 3666 1609">
     <span class='ocr_line' id='line_1_69' title="bbox 2078 1537 3666 1609; baseline 0.004 -19"><span class='ocrx_word' id='word_1_500' title='bbox 2078 1538 2256 1605; x_wconf 80' lang='lat' dir='ltr'><strong>lingua</strong></span> <span class='ocrx_word' id='word_1_501' title='bbox 2286 1537 2559 1600; x_wconf 85' lang='lat' dir='ltr'><strong>omnium,</strong></span> <span class='ocrx_word' id='word_1_502' title='bbox 2610 1538 2733 1605; x_wconf 88' lang='lat' dir='ltr'><strong>quia</strong></span> <span class='ocrx_word' id='word_1_503' title='bbox 2769 1539 2983 1604; x_wconf 72' lang='lat' dir='ltr'><strong>dignum</strong></span> <span class='ocrx_word' id='word_1_504' title='bbox 3031 1549 3111 1592; x_wconf 89' lang='lat' dir='ltr'><strong>est</strong></span> <span class='ocrx_word' id='word_1_505' title='bbox 3159 1540 3208 1592; x_wconf 88' lang='lat' dir='ltr'><strong>itt</strong></span> <span class='ocrx_word' id='word_1_506' title='bbox 3258 1539 3451 1592; x_wconf 85' lang='lat' dir='ltr'><strong>talibus</strong></span> <span class='ocrx_word' id='word_1_507' title='bbox 3499 1541 3666 1609; x_wconf 62' lang='lat' dir='ltr'><strong>gestis</strong></span> 
     </span>
    </p>
   </div>
   <div class='ocr_carea' id='block_1_70' title="bbox 2080 1632 3662 1703">
    <p class='ocr_par' dir='ltr' id='par_1_70' title="bbox 2080 1632 3662 1703">
     <span class='ocr_line' id='line_1_70' title="bbox 2080 1632 3662 1703; baseline 0.003 -19"><span class='ocrx_word' id='word_1_508' title='bbox 2080 1632 2326 1686; x_wconf 85' lang='lat' dir='ltr'><strong>attollere</strong></span> <span class='ocrx_word' id='word_1_509' title='bbox 2379 1642 2428 1685; x_wconf 88' lang='lat' dir='ltr'><strong>te</strong></span> <span class='ocrx_word' id='word_1_510' title='bbox 2485 1632 2767 1685; x_wconf 88' lang='lat' dir='ltr'><strong>Dominum</strong></span> <span class='ocrx_word' id='word_1_511' title='bbox 2819 1633 3214 1686; x_wconf 70' lang='lat' dir='ltr'><strong>universorum.</strong></span> <span class='ocrx_word' id='word_1_512' title='bbox 3271 1634 3531 1703; x_wconf 56' lang='lat' dir='ltr'><strong>l-‘quidetu</strong></span> <span class='ocrx_word' id='word_1_513' title='bbox 3584 1636 3662 1697; x_wconf 76' lang='lat' dir='ltr'><strong>te,</strong></span> 
     </span>
    </p>
   </div>
   <div class='ocr_carea' id='block_1_71' title="bbox 2080 1722 3662 1794">
    <p class='ocr_par' dir='ltr' id='par_1_71' title="bbox 2080 1722 3662 1794">
     <span class='ocr_line' id='line_1_71' title="bbox 2080 1722 3662 1794; baseline 0.004 -21"><span class='ocrx_word' id='word_1_514' title='bbox 2080 1722 2334 1786; x_wconf 85' lang='lat' dir='ltr'><strong>Domine,</strong></span> <span class='ocrx_word' id='word_1_515' title='bbox 2383 1739 2543 1791; x_wconf 89' lang='lat' dir='ltr'><strong>super</strong></span> <span class='ocrx_word' id='word_1_516' title='bbox 2570 1723 2652 1776; x_wconf 86' lang='lat' dir='ltr'><strong>his</strong></span> <span class='ocrx_word' id='word_1_517' title='bbox 2687 1723 2738 1776; x_wconf 91' lang='lat' dir='ltr'><strong>in</strong></span> <span class='ocrx_word' id='word_1_518' title='bbox 2783 1735 3046 1778; x_wconf 70' lang='lat' dir='ltr'><strong>mternum</strong></span> <span class='ocrx_word' id='word_1_519' title='bbox 3096 1724 3344 1787; x_wconf 87' lang='lat' dir='ltr'><strong>laudabo,</strong></span> <span class='ocrx_word' id='word_1_520' title='bbox 3379 1735 3432 1779; x_wconf 88' lang='lat' dir='ltr'><strong>et</strong></span> <span class='ocrx_word' id='word_1_521' title='bbox 3462 1725 3662 1794; x_wconf 81' lang='lat' dir='ltr'><strong>gloriﬁ-</strong></span> 
     </span>
    </p>
   </div>
   <div class='ocr_carea' id='block_1_72' title="bbox 2078 1813 2990 1868">
    <p class='ocr_par' dir='ltr' id='par_1_72' title="bbox 2078 1813 2990 1868">
     <span class='ocr_line' id='line_1_72' title="bbox 2078 1813 2990 1868; baseline -0.001 -2"><span class='ocrx_word' id='word_1_522' title='bbox 2078 1813 2212 1866; x_wconf 86' lang='lat' dir='ltr'><strong>cabo</strong></span> <span class='ocrx_word' id='word_1_523' title='bbox 2241 1828 2433 1866; x_wconf 90' lang='lat' dir='ltr'><strong>nomen</strong></span> <span class='ocrx_word' id='word_1_524' title='bbox 2461 1821 2606 1865; x_wconf 85' lang='lat' dir='ltr'><strong>tuuut</strong></span> <span class='ocrx_word' id='word_1_525' title='bbox 2639 1813 2689 1866; x_wconf 93' lang='lat' dir='ltr'><strong>in</strong></span> <span class='ocrx_word' id='word_1_526' title='bbox 2725 1815 2934 1868; x_wconf 71' lang='lat' dir='ltr'><strong>sa-cula.</strong></span> <span class='ocrx_word' id='word_1_527' title='bbox 2974 1834 2990 1865; x_wconf 73' lang='grc' dir='ltr'><strong><em>ι</em></strong></span> 
     </span>
    </p>
   </div>
   <div class='ocr_carea' id='block_1_73' title="bbox 2149 1907 3656 1977">
    <p class='ocr_par' dir='ltr' id='par_1_73' title="bbox 2149 1907 3656 1977">
     <span class='ocr_line' id='line_1_73' title="bbox 2149 1907 3656 1977; baseline 0.002 -17"><span class='ocrx_word' id='word_1_528' title='bbox 2149 1907 2199 1960; x_wconf 90' lang='grc'><strong>8.</strong></span> <span class='ocrx_word' id='word_1_529' title='bbox 2245 1907 2305 1960; x_wconf 85' lang='lat' dir='ltr'><strong>Et</strong></span> <span class='ocrx_word' id='word_1_530' title='bbox 2344 1920 2638 1960; x_wconf 88' lang='lat' dir='ltr'><strong>conversus</strong></span> <span class='ocrx_word' id='word_1_531' title='bbox 2669 1907 2732 1959; x_wconf 90' lang='lat' dir='ltr'><strong>ad</strong></span> <span class='ocrx_word' id='word_1_532' title='bbox 2765 1907 2854 1961; x_wconf 89' lang='lat' dir='ltr'><strong>Dei</strong></span> <span class='ocrx_word' id='word_1_533' title='bbox 2889 1916 3093 1961; x_wconf 85' lang='lat' dir='ltr'><strong>castam</strong></span> <span class='ocrx_word' id='word_1_534' title='bbox 3139 1908 3402 1977; x_wconf 85' lang='lat' dir='ltr'><strong>virginem</strong></span> <span class='ocrx_word' id='word_1_535' title='bbox 3439 1908 3555 1962; x_wconf 87' lang='lat' dir='ltr'><strong>infit</strong></span> <span class='ocrx_word' id='word_1_536' title='bbox 3584 1909 3656 1963; x_wconf 80' lang='lat' dir='ltr'><strong>ita</strong></span> 
     </span>
    </p>
   </div>
   <div class='ocr_carea' id='block_1_74' title="bbox 2081 1999 3668 2070">
    <p class='ocr_par' dir='ltr' id='par_1_74' title="bbox 2081 1999 3668 2070">
     <span class='ocr_line' id='line_1_74' title="bbox 2081 1999 3668 2070; baseline 0.001 -15"><span class='ocrx_word' id='word_1_537' title='bbox 2081 2002 2333 2069; x_wconf 87' lang='lat' dir='ltr'><strong>inquiens</strong></span> <span class='ocrx_word' id='word_1_538' title='bbox 2369 2020 2380 2054; x_wconf 91' lang='lat'>:</span> <span class='ocrx_word' id='word_1_539' title='bbox 2421 2021 2437 2051; x_wconf 74' lang='grc' dir='ltr'><strong><em>ι</em></strong></span> <span class='ocrx_word' id='word_1_540' title='bbox 2472 1999 2636 2070; x_wconf 86' lang='lat' dir='ltr'><strong>Cujas</strong></span> <span class='ocrx_word' id='word_1_541' title='bbox 2668 2016 2725 2055; x_wconf 92' lang='lat' dir='ltr'><strong>cs</strong></span> <span class='ocrx_word' id='word_1_542' title='bbox 2760 2001 2957 2070; x_wconf 83' lang='lat' dir='ltr'><strong>puella,</strong></span> <span class='ocrx_word' id='word_1_543' title='bbox 3004 2001 3082 2053; x_wconf 89' lang='lat' dir='ltr'><strong>vel</strong></span> <span class='ocrx_word' id='word_1_544' title='bbox 3117 2017 3144 2054; x_wconf 88' lang='lat' dir='ltr'><strong>a</strong></span> <span class='ocrx_word' id='word_1_545' title='bbox 3175 2003 3371 2070; x_wconf 84' lang='lat' dir='ltr'><strong>quibus</strong></span> <span class='ocrx_word' id='word_1_546' title='bbox 3413 2003 3527 2056; x_wconf 88' lang='lat' dir='ltr'><strong>oris</strong></span> <span class='ocrx_word' id='word_1_547' title='bbox 3570 2003 3668 2057; x_wconf 88' lang='lat' dir='ltr'><strong>ad-</strong></span> 
     </span>
    </p>
   </div>
   <div class='ocr_carea' id='block_1_75' title="bbox 2079 2093 3666 2165">
    <p class='ocr_par' dir='ltr' id='par_1_75' title="bbox 2079 2093 3666 2165">
     <span class='ocr_line' id='line_1_75' title="bbox 2079 2093 3666 2165; baseline 0.002 -19"><span class='ocrx_word' id='word_1_548' title='bbox 2079 2095 2269 2147; x_wconf 88' lang='lat' dir='ltr'><strong>venisti</strong></span> <span class='ocrx_word' id='word_1_549' title='bbox 2304 2094 2526 2162; x_wconf 87' lang='lat' dir='ltr'><strong>replica,</strong></span> <span class='ocrx_word' id='word_1_550' title='bbox 2562 2109 2864 2163; x_wconf 87' lang='lat' dir='ltr'><strong>nomenque</strong></span> <span class='ocrx_word' id='word_1_551' title='bbox 2899 2103 3046 2147; x_wconf 89' lang='lat' dir='ltr'><strong>tuum</strong></span> <span class='ocrx_word' id='word_1_552' title='bbox 3081 2104 3134 2147; x_wconf 89' lang='lat' dir='ltr'><strong>et</strong></span> <span class='ocrx_word' id='word_1_553' title='bbox 3169 2093 3324 2147; x_wconf 88' lang='lat' dir='ltr'><strong>fidem</strong></span> <span class='ocrx_word' id='word_1_554' title='bbox 3360 2105 3462 2147; x_wconf 77' lang='lat' dir='ltr'><strong>tum</strong></span> <span class='ocrx_word' id='word_1_555' title='bbox 3491 2097 3666 2165; x_wconf 75' lang='lat' dir='ltr'><strong>gentis</strong></span> 
     </span>
    </p>
   </div>
   <div class='ocr_carea' id='block_1_76' title="bbox 2078 2185 3670 2257">
    <p class='ocr_par' dir='ltr' id='par_1_76' title="bbox 2078 2185 3670 2257">
     <span class='ocr_line' id='line_1_76' title="bbox 2078 2185 3670 2257; baseline 0.003 -19"><span class='ocrx_word' id='word_1_556' title='bbox 2078 2187 2281 2255; x_wconf 88' lang='lat' dir='ltr'><strong>pariter</strong></span> <span class='ocrx_word' id='word_1_557' title='bbox 2311 2186 2551 2255; x_wconf 86' lang='lat' dir='ltr'><strong>desigua.</strong></span> <span class='ocrx_word' id='word_1_558' title='bbox 2586 2185 2818 2240; x_wconf 56' lang='lat' dir='ltr'><strong>IEstimo</strong></span> <span class='ocrx_word' id='word_1_559' title='bbox 2863 2187 3004 2239; x_wconf 86' lang='lat' dir='ltr'><strong>cuitu</strong></span> <span class='ocrx_word' id='word_1_560' title='bbox 3049 2197 3097 2240; x_wconf 91' lang='lat' dir='ltr'><strong>te</strong></span> <span class='ocrx_word' id='word_1_561' title='bbox 3140 2185 3472 2240; x_wconf 71' lang='lat' dir='ltr'><strong>nobiliSsima</strong></span> <span class='ocrx_word' id='word_1_562' title='bbox 3504 2189 3670 2257; x_wconf 83' lang='lat' dir='ltr'><strong>stirpe</strong></span> 
     </span>
    </p>
   </div>
   <div class='ocr_carea' id='block_1_77' title="bbox 2079 2276 3666 2347">
    <p class='ocr_par' dir='ltr' id='par_1_77' title="bbox 2079 2276 3666 2347">
     <span class='ocr_line' id='line_1_77' title="bbox 2079 2276 3666 2347; baseline 0.002 -18"><span class='ocrx_word' id='word_1_563' title='bbox 2079 2276 2439 2347; x_wconf 78' lang='lat' dir='ltr'><strong>progenitum.</strong></span> <span class='ocrx_word' id='word_1_564' title='bbox 2472 2276 2618 2328; x_wconf 89' lang='lat' dir='ltr'><strong>etab</strong></span> <span class='ocrx_word' id='word_1_565' title='bbox 2650 2277 2780 2343; x_wconf 86' lang='lat' dir='ltr'><strong>ipsis</strong></span> <span class='ocrx_word' id='word_1_566' title='bbox 2821 2276 3061 2329; x_wconf 65' lang='lat' dir='ltr'><strong>infantia:</strong></span> <span class='ocrx_word' id='word_1_567' title='bbox 3095 2277 3250 2330; x_wconf 88' lang='lat' dir='ltr'><strong>cuuis</strong></span> <span class='ocrx_word' id='word_1_568' title='bbox 3281 2277 3666 2332; x_wconf 64' lang='lat' dir='ltr'><strong>Ecclesiasticm</strong></span> 
     </span>
    </p>
   </div>
   <div class='ocr_carea' id='block_1_78' title="bbox 2079 2369 3670 2439">
    <p class='ocr_par' dir='ltr' id='par_1_78' title="bbox 2079 2369 3670 2439">
     <span class='ocr_line' id='line_1_78' title="bbox 2079 2369 3670 2439; baseline 0.002 -17"><span class='ocrx_word' id='word_1_569' title='bbox 2079 2370 2374 2439; x_wconf 83' lang='lat' dir='ltr'><strong>disciplinac</strong></span> <span class='ocrx_word' id='word_1_570' title='bbox 2408 2369 2600 2423; x_wconf 88' lang='lat' dir='ltr'><strong>litteris</strong></span> <span class='ocrx_word' id='word_1_571' title='bbox 2627 2370 2916 2422; x_wconf 84' lang='lat' dir='ltr'><strong>eruditam.</strong></span> <span class='ocrx_word' id='word_1_572' title='bbox 2954 2390 2970 2420; x_wconf 83' lang='grc'>›</span> <span class='ocrx_word' id='word_1_573' title='bbox 3020 2370 3097 2422; x_wconf 85' lang='lat' dir='ltr'><strong>Ad</strong></span> <span class='ocrx_word' id='word_1_574' title='bbox 3132 2371 3245 2423; x_wconf 74' lang='lat' dir='ltr'><strong>haec</strong></span> <span class='ocrx_word' id='word_1_575' title='bbox 3278 2370 3364 2423; x_wconf 90' lang='lat' dir='ltr'><strong>illa</strong></span> <span class='ocrx_word' id='word_1_576' title='bbox 3399 2381 3578 2423; x_wconf 77' lang='lat' dir='ltr'><strong>incute</strong></span> <span class='ocrx_word' id='word_1_577' title='bbox 3611 2379 3670 2425; x_wconf 87' lang='lat' dir='ltr'><strong>et</strong></span> 
     </span>
    </p>
   </div>
   <div class='ocr_carea' id='block_1_79' title="bbox 2081 2460 3665 2525">
    <p class='ocr_par' dir='ltr' id='par_1_79' title="bbox 2081 2460 3665 2525">
     <span class='ocr_line' id='line_1_79' title="bbox 2081 2460 3665 2525; baseline 0 -9"><span class='ocrx_word' id='word_1_578' title='bbox 2081 2464 2214 2517; x_wconf 85' lang='lat' dir='ltr'><strong>facie</strong></span> <span class='ocrx_word' id='word_1_579' title='bbox 2244 2463 2588 2517; x_wconf 89' lang='lat' dir='ltr'><strong>serenissima</strong></span> <span class='ocrx_word' id='word_1_580' title='bbox 2624 2462 2893 2516; x_wconf 82' lang='lat' dir='ltr'><strong>submisso</strong></span> <span class='ocrx_word' id='word_1_581' title='bbox 2925 2460 3092 2525; x_wconf 90' lang='lat' dir='ltr'><strong>vultu,</strong></span> <span class='ocrx_word' id='word_1_582' title='bbox 3138 2462 3228 2516; x_wconf 91' lang='lat' dir='ltr'><strong>tali</strong></span> <span class='ocrx_word' id='word_1_583' title='bbox 3259 2477 3380 2516; x_wconf 88' lang='lat' dir='ltr'><strong>orsa</strong></span> <span class='ocrx_word' id='word_1_584' title='bbox 3419 2473 3499 2514; x_wconf 66' lang='lat' dir='ltr'><strong>est</strong></span> <span class='ocrx_word' id='word_1_585' title='bbox 3531 2462 3665 2516; x_wconf 91' lang='lat' dir='ltr'><strong>allo-</strong></span> 
     </span>
    </p>
   </div>
   <div class='ocr_carea' id='block_1_80' title="bbox 2080 2554 3669 2631">
    <p class='ocr_par' dir='ltr' id='par_1_80' title="bbox 2080 2554 3669 2631">
     <span class='ocr_line' id='line_1_80' title="bbox 2080 2554 3669 2631; baseline 0 -23"><span class='ocrx_word' id='word_1_586' title='bbox 2080 2558 2206 2625; x_wconf 87' lang='lat' dir='ltr'><strong>quio</strong></span> <span class='ocrx_word' id='word_1_587' title='bbox 2243 2575 2254 2609; x_wconf 94' lang='lat'>:</span> <span class='ocrx_word' id='word_1_588' title='bbox 2293 2574 2310 2605; x_wconf 83' lang='lat'><strong>(</strong></span> <span class='ocrx_word' id='word_1_589' title='bbox 2341 2555 2396 2609; x_wconf 91' lang='lat' dir='ltr'><strong>Si</strong></span> <span class='ocrx_word' id='word_1_590' title='bbox 2427 2554 2492 2607; x_wconf 88' lang='lat' dir='ltr'><strong>de</strong></span> <span class='ocrx_word' id='word_1_591' title='bbox 2535 2564 2710 2621; x_wconf 80' lang='lat' dir='ltr'><strong>gente,</strong></span> <span class='ocrx_word' id='word_1_592' title='bbox 2743 2555 2922 2617; x_wconf 77' lang='lat' dir='ltr'><strong>Pater,</strong></span> <span class='ocrx_word' id='word_1_593' title='bbox 2955 2555 3172 2623; x_wconf 83' lang='lat' dir='ltr'><strong>qua-ris,</strong></span> <span class='ocrx_word' id='word_1_594' title='bbox 3207 2556 3535 2631; x_wconf 75' lang='lat' dir='ltr'><strong>etdotuiue,</strong></span> <span class='ocrx_word' id='word_1_595' title='bbox 3570 2570 3669 2622; x_wconf 81' lang='lat' dir='ltr'><strong>ego</strong></span> 
     </span>
    </p>
   </div>
   <div class='ocr_carea' id='block_1_81' title="bbox 2079 2646 3666 2719">
    <p class='ocr_par' dir='ltr' id='par_1_81' title="bbox 2079 2646 3666 2719">
     <span class='ocr_line' id='line_1_81' title="bbox 2079 2646 3666 2719; baseline -0.002 -17"><span class='ocrx_word' id='word_1_596' title='bbox 2079 2650 2253 2719; x_wconf 89' lang='lat' dir='ltr'><strong>gentis</strong></span> <span class='ocrx_word' id='word_1_597' title='bbox 2285 2665 2401 2702; x_wconf 87' lang='lat' dir='ltr'><strong>sum</strong></span> <span class='ocrx_word' id='word_1_598' title='bbox 2452 2646 2751 2710; x_wconf 60' lang='lat' dir='ltr'><strong>Francirre,</strong></span> <span class='ocrx_word' id='word_1_599' title='bbox 2786 2655 2946 2714; x_wconf 90' lang='lat' dir='ltr'><strong>atque</strong></span> <span class='ocrx_word' id='word_1_600' title='bbox 2993 2646 3340 2715; x_wconf 77' lang='lat' dir='ltr'><strong>lluneguudis</strong></span> <span class='ocrx_word' id='word_1_601' title='bbox 3383 2647 3532 2698; x_wconf 63' lang='grc' dir='ltr'><strong>δίνην</strong></span> <span class='ocrx_word' id='word_1_602' title='bbox 3565 2661 3666 2699; x_wconf 88' lang='lat' dir='ltr'><strong>no-</strong></span> 
     </span>
    </p>
   </div>
   <div class='ocr_carea' id='block_1_82' title="bbox 2081 2740 3665 2812">
    <p class='ocr_par' dir='ltr' id='par_1_82' title="bbox 2081 2740 3665 2812">
     <span class='ocr_line' id='line_1_82' title="bbox 2081 2740 3665 2812; baseline 0 -18"><span class='ocrx_word' id='word_1_603' title='bbox 2081 2742 2338 2805; x_wconf 87' lang='lat' dir='ltr'><strong>mine,et</strong></span> <span class='ocrx_word' id='word_1_604' title='bbox 2368 2741 2418 2795; x_wconf 92' lang='lat' dir='ltr'><strong>in</strong></span> <span class='ocrx_word' id='word_1_605' title='bbox 2473 2757 2609 2812; x_wconf 82' lang='lat' dir='ltr'><strong>pago</strong></span> <span class='ocrx_word' id='word_1_606' title='bbox 2663 2750 2783 2794; x_wconf 88' lang='lat' dir='ltr'><strong>nata</strong></span> <span class='ocrx_word' id='word_1_607' title='bbox 2833 2756 2949 2794; x_wconf 86' lang='lat' dir='ltr'><strong>sum</strong></span> <span class='ocrx_word' id='word_1_608' title='bbox 2999 2740 3428 2803; x_wconf 79' lang='lat' dir='ltr'><strong>Vermandensi,</strong></span> <span class='ocrx_word' id='word_1_609' title='bbox 3472 2757 3497 2793; x_wconf 90' lang='lat' dir='ltr'><strong>a</strong></span> <span class='ocrx_word' id='word_1_610' title='bbox 3560 2755 3665 2810; x_wconf 91' lang='lat' dir='ltr'><strong>quo</strong></span> 
     </span>
    </p>
   </div>
   <div class='ocr_carea' id='block_1_83' title="bbox 2081 2832 3658 2904">
    <p class='ocr_par' dir='ltr' id='par_1_83' title="bbox 2081 2832 3658 2904">
     <span class='ocr_line' id='line_1_83' title="bbox 2081 2832 3658 2904; baseline -0.002 -17"><span class='ocrx_word' id='word_1_611' title='bbox 2081 2836 2256 2889; x_wconf 87' lang='lat' dir='ltr'><strong>delata</strong></span> <span class='ocrx_word' id='word_1_612' title='bbox 2315 2835 2419 2888; x_wconf 87' lang='lat' dir='ltr'><strong>huc.</strong></span> <span class='ocrx_word' id='word_1_613' title='bbox 2479 2833 2621 2887; x_wconf 88' lang='lat' dir='ltr'><strong>veni.</strong></span> <span class='ocrx_word' id='word_1_614' title='bbox 2687 2833 2926 2886; x_wconf 87' lang='lat' dir='ltr'><strong>Educata</strong></span> <span class='ocrx_word' id='word_1_615' title='bbox 2972 2832 3220 2904; x_wconf 84' lang='lat' dir='ltr'><strong>equidem</strong></span> <span class='ocrx_word' id='word_1_616' title='bbox 3289 2847 3406 2886; x_wconf 90' lang='lat' dir='ltr'><strong>sum</strong></span> <span class='ocrx_word' id='word_1_617' title='bbox 3462 2848 3658 2900; x_wconf 89' lang='lat' dir='ltr'><strong>paren-</strong></span> 
     </span>
    </p>
   </div>
   <div class='ocr_carea' id='block_1_84' title="bbox 2082 2924 3664 2988">
    <p class='ocr_par' dir='ltr' id='par_1_84' title="bbox 2082 2924 3664 2988">
     <span class='ocr_line' id='line_1_84' title="bbox 2082 2924 3664 2988; baseline -0.002 -8"><span class='ocrx_word' id='word_1_618' title='bbox 2082 2927 2224 2980; x_wconf 89' lang='lat' dir='ltr'><strong>tibus</strong></span> <span class='ocrx_word' id='word_1_619' title='bbox 2272 2925 2639 2988; x_wconf 83' lang='lat' dir='ltr'><strong>Christicolis,</strong></span> <span class='ocrx_word' id='word_1_620' title='bbox 2696 2934 2747 2978; x_wconf 87' lang='lat' dir='ltr'><strong>ct</strong></span> <span class='ocrx_word' id='word_1_621' title='bbox 2796 2934 2983 2978; x_wconf 85' lang='lat' dir='ltr'><strong>contra</strong></span> <span class='ocrx_word' id='word_1_622' title='bbox 3037 2924 3172 2979; x_wconf 86' lang='lat' dir='ltr'><strong>velle</strong></span> <span class='ocrx_word' id='word_1_623' title='bbox 3228 2940 3440 2986; x_wconf 83' lang='lat' dir='ltr'><strong>meum,</strong></span> <span class='ocrx_word' id='word_1_624' title='bbox 3487 2935 3570 2985; x_wconf 92' lang='lat' dir='ltr'><strong>et,</strong></span> <span class='ocrx_word' id='word_1_625' title='bbox 3610 2934 3664 2977; x_wconf 83' lang='grc' dir='ltr'><strong>ιιι</strong></span> 
     </span>
    </p>
   </div>
   <div class='ocr_carea' id='block_1_85' title="bbox 2080 3017 3665 3087">
    <p class='ocr_par' dir='ltr' id='par_1_85' title="bbox 2080 3017 3665 3087">
     <span class='ocr_line' id='line_1_85' title="bbox 2080 3017 3665 3087; baseline -0.001 -15"><span class='ocrx_word' id='word_1_626' title='bbox 2080 3019 2263 3083; x_wconf 90' lang='lat' dir='ltr'><strong>credo,</strong></span> <span class='ocrx_word' id='word_1_627' title='bbox 2301 3017 2392 3072; x_wconf 91' lang='lat' dir='ltr'><strong>Dei</strong></span> <span class='ocrx_word' id='word_1_628' title='bbox 2424 3018 2703 3087; x_wconf 91' lang='lat' dir='ltr'><strong>placitum,</strong></span> <span class='ocrx_word' id='word_1_629' title='bbox 2737 3031 2937 3087; x_wconf 90' lang='lat' dir='ltr'><strong>sponso</strong></span> <span class='ocrx_word' id='word_1_630' title='bbox 2970 3019 3167 3072; x_wconf 92' lang='lat' dir='ltr'><strong>tradita</strong></span> <span class='ocrx_word' id='word_1_631' title='bbox 3205 3035 3322 3071; x_wconf 91' lang='lat' dir='ltr'><strong>sum</strong></span> <span class='ocrx_word' id='word_1_632' title='bbox 3349 3018 3665 3087; x_wconf 85' lang='lat' dir='ltr'><strong>juvenculo,</strong></span> 
     </span>
    </p>
   </div>
   <div class='ocr_carea' id='block_1_86' title="bbox 2082 3109 3666 3183">
    <p class='ocr_par' dir='ltr' id='par_1_86' title="bbox 2082 3109 3666 3183">
     <span class='ocr_line' id='line_1_86' title="bbox 2082 3109 3666 3183; baseline -0.001 -18"><span class='ocrx_word' id='word_1_633' title='bbox 2082 3127 2240 3182; x_wconf 91' lang='lat' dir='ltr'><strong>quem</strong></span> <span class='ocrx_word' id='word_1_634' title='bbox 2269 3121 2536 3183; x_wconf 90' lang='lat' dir='ltr'><strong>postpono</strong></span> <span class='ocrx_word' id='word_1_635' title='bbox 2566 3120 2621 3166; x_wconf 91' lang='lat' dir='ltr'><strong>et</strong></span> <span class='ocrx_word' id='word_1_636' title='bbox 2650 3111 2828 3165; x_wconf 89' lang='lat' dir='ltr'><strong>devito</strong></span> <span class='ocrx_word' id='word_1_637' title='bbox 2860 3112 3109 3166; x_wconf 81' lang='lat' dir='ltr'><strong>devincta</strong></span> <span class='ocrx_word' id='word_1_638' title='bbox 3150 3109 3349 3165; x_wconf 89' lang='lat' dir='ltr'><strong>Christi</strong></span> <span class='ocrx_word' id='word_1_639' title='bbox 3382 3111 3666 3174; x_wconf 85' lang='lat' dir='ltr'><strong>ebarilate,</strong></span> 
     </span>
    </p>
   </div>
   <div class='ocr_carea' id='block_1_87' title="bbox 2083 3201 3667 3274">
    <p class='ocr_par' dir='ltr' id='par_1_87' title="bbox 2083 3201 3667 3274">
     <span class='ocr_line' id='line_1_87' title="bbox 2083 3201 3667 3274; baseline -0.001 -19"><span class='ocrx_word' id='word_1_640' title='bbox 2083 3219 2188 3274; x_wconf 90' lang='lat' dir='ltr'><strong>quo</strong></span> <span class='ocrx_word' id='word_1_641' title='bbox 2216 3205 2446 3258; x_wconf 89' lang='lat' dir='ltr'><strong>ducente</strong></span> <span class='ocrx_word' id='word_1_642' title='bbox 2494 3211 2549 3257; x_wconf 91' lang='lat' dir='ltr'><strong>et</strong></span> <span class='ocrx_word' id='word_1_643' title='bbox 2596 3201 2830 3267; x_wconf 86' lang='lat' dir='ltr'><strong>favente,</strong></span> <span class='ocrx_word' id='word_1_644' title='bbox 2862 3210 2974 3256; x_wconf 92' lang='lat' dir='ltr'><strong>toto</strong></span> <span class='ocrx_word' id='word_1_645' title='bbox 3016 3217 3244 3270; x_wconf 88' lang='lat' dir='ltr'><strong>corpore</strong></span> <span class='ocrx_word' id='word_1_646' title='bbox 3290 3217 3406 3255; x_wconf 88' lang='lat' dir='ltr'><strong>sum</strong></span> <span class='ocrx_word' id='word_1_647' title='bbox 3460 3201 3667 3271; x_wconf 83' lang='lat' dir='ltr'><strong>integra</strong></span> 
     </span>
    </p>
   </div>
   <div class='ocr_carea' id='block_1_88' title="bbox 2083 3292 3672 3365">
    <p class='ocr_par' dir='ltr' id='par_1_88' title="bbox 2083 3292 3672 3365">
     <span class='ocr_line' id='line_1_88' title="bbox 2083 3292 3672 3365; baseline -0.003 -14"><span class='ocrx_word' id='word_1_648' title='bbox 2083 3307 2242 3365; x_wconf 91' lang='lat' dir='ltr'><strong>atque</strong></span> <span class='ocrx_word' id='word_1_649' title='bbox 2271 3304 2452 3350; x_wconf 85' lang='lat' dir='ltr'><strong>mente.</strong></span> <span class='ocrx_word' id='word_1_650' title='bbox 2482 3294 2779 3364; x_wconf 86' lang='lat' dir='ltr'><strong>impolluta.</strong></span> <span class='ocrx_word' id='word_1_651' title='bbox 2814 3292 2890 3347; x_wconf 92' lang='lat' dir='ltr'><strong>llli</strong></span> <span class='ocrx_word' id='word_1_652' title='bbox 2937 3308 3022 3348; x_wconf 93' lang='lat' dir='ltr'><strong>me</strong></span> <span class='ocrx_word' id='word_1_653' title='bbox 3063 3293 3300 3348; x_wconf 89' lang='lat' dir='ltr'><strong>devoveo</strong></span> <span class='ocrx_word' id='word_1_654' title='bbox 3331 3294 3420 3362; x_wconf 94' lang='lat' dir='ltr'><strong>qui</strong></span> <span class='ocrx_word' id='word_1_655' title='bbox 3463 3293 3672 3346; x_wconf 88' lang='lat' dir='ltr'><strong>creavit</strong></span> 
     </span>
    </p>
   </div>
   <div class='ocr_carea' id='block_1_89' title="bbox 2081 3385 3665 3459">
    <p class='ocr_par' dir='ltr' id='par_1_89' title="bbox 2081 3385 3665 3459">
     <span class='ocr_line' id='line_1_89' title="bbox 2081 3385 3665 3459; baseline -0.003 -18"><span class='ocrx_word' id='word_1_656' title='bbox 2081 3391 2330 3443; x_wconf 90' lang='lat' dir='ltr'><strong>universa</strong></span> <span class='ocrx_word' id='word_1_657' title='bbox 2351 3430 2364 3453; x_wconf 93' lang='lat'><strong>,</strong></span> <span class='ocrx_word' id='word_1_658' title='bbox 2398 3396 2559 3459; x_wconf 90' lang='lat' dir='ltr'><strong>atque</strong></span> <span class='ocrx_word' id='word_1_659' title='bbox 2589 3387 2749 3442; x_wconf 90' lang='lat' dir='ltr'><strong>fidem</strong></span> <span class='ocrx_word' id='word_1_660' title='bbox 2784 3401 2944 3456; x_wconf 90' lang='lat' dir='ltr'><strong>quam</strong></span> <span class='ocrx_word' id='word_1_661' title='bbox 2976 3385 3209 3456; x_wconf 77' lang='lat' dir='ltr'><strong>requiris</strong></span> <span class='ocrx_word' id='word_1_662' title='bbox 3241 3386 3336 3455; x_wconf 92' lang='lat' dir='ltr'><strong>ipsi</strong></span> <span class='ocrx_word' id='word_1_663' title='bbox 3391 3399 3548 3438; x_wconf 89' lang='lat' dir='ltr'><strong>servo</strong></span> <span class='ocrx_word' id='word_1_664' title='bbox 3581 3385 3665 3438; x_wconf 90' lang='lat' dir='ltr'><strong>in-</strong></span> 
     </span>
    </p>
   </div>
   <div class='ocr_carea' id='block_1_90' title="bbox 2083 3473 3666 3550">
    <p class='ocr_par' dir='ltr' id='par_1_90' title="bbox 2083 3473 3666 3550">
     <span class='ocr_line' id='line_1_90' title="bbox 2083 3473 3666 3550; baseline -0.005 -15"><span class='ocrx_word' id='word_1_665' title='bbox 2083 3490 2307 3550; x_wconf 83' lang='lat' dir='ltr'><strong>tegram.</strong></span> <span class='ocrx_word' id='word_1_666' title='bbox 2343 3477 2516 3545; x_wconf 87' lang='lat' dir='ltr'><strong>Quam</strong></span> <span class='ocrx_word' id='word_1_667' title='bbox 2572 3479 2614 3532; x_wconf 92' lang='lat' dir='ltr'><strong>si</strong></span> <span class='ocrx_word' id='word_1_668' title='bbox 2671 3477 2828 3547; x_wconf 89' lang='lat' dir='ltr'><strong>plane</strong></span> <span class='ocrx_word' id='word_1_669' title='bbox 2875 3477 2958 3530; x_wconf 91' lang='lat' dir='ltr'><strong>vis</strong></span> <span class='ocrx_word' id='word_1_670' title='bbox 3007 3476 3216 3538; x_wconf 86' lang='lat' dir='ltr'><strong>audire,</strong></span> <span class='ocrx_word' id='word_1_671' title='bbox 3267 3473 3498 3543; x_wconf 90' lang='lat' dir='ltr'><strong>pandam</strong></span> <span class='ocrx_word' id='word_1_672' title='bbox 3548 3473 3666 3537; x_wconf 94' lang='lat' dir='ltr'><strong>tibi,</strong></span> 
     </span>
    </p>
   </div>
   <div class='ocr_carea' id='block_1_91' title="bbox 2081 3567 3665 3644">
    <p class='ocr_par' dir='ltr' id='par_1_91' title="bbox 2081 3567 3665 3644">
     <span class='ocr_line' id='line_1_91' title="bbox 2081 3567 3665 3644; baseline -0.007 -15"><span class='ocrx_word' id='word_1_673' title='bbox 2081 3575 2244 3629; x_wconf 84' lang='lat' dir='ltr'><strong>Pater</strong></span> <span class='ocrx_word' id='word_1_674' title='bbox 2273 3575 2494 3644; x_wconf 90' lang='lat' dir='ltr'><strong>optime,</strong></span> <span class='ocrx_word' id='word_1_675' title='bbox 2530 3571 2830 3640; x_wconf 87' lang='lat' dir='ltr'><strong>quia,licet</strong></span> <span class='ocrx_word' id='word_1_676' title='bbox 2880 3569 3110 3624; x_wconf 89' lang='lat' dir='ltr'><strong>barbara</strong></span> <span class='ocrx_word' id='word_1_677' title='bbox 3145 3567 3247 3622; x_wconf 87' lang='lat' dir='ltr'><strong>sim</strong></span> <span class='ocrx_word' id='word_1_678' title='bbox 3300 3567 3542 3629; x_wconf 88' lang='lat' dir='ltr'><strong>natione,</strong></span> <span class='ocrx_word' id='word_1_679' title='bbox 3583 3575 3665 3618; x_wconf 84' lang='lat' dir='ltr'><strong>ta-</strong></span> 
     </span>
    </p>
   </div>
   <div class='ocr_carea' id='block_1_92' title="bbox 2083 3662 3666 3728">
    <p class='ocr_par' dir='ltr' id='par_1_92' title="bbox 2083 3662 3666 3728">
     <span class='ocr_line' id='line_1_92' title="bbox 2083 3662 3666 3728; baseline -0.008 -7"><span class='ocrx_word' id='word_1_680' title='bbox 2083 3684 2202 3722; x_wconf 88' lang='lat' dir='ltr'><strong>men</strong></span> <span class='ocrx_word' id='word_1_681' title='bbox 2263 3666 2404 3720; x_wconf 91' lang='lat' dir='ltr'><strong>hanc</strong></span> <span class='ocrx_word' id='word_1_682' title='bbox 2453 3663 2689 3718; x_wconf 87' lang='lat' dir='ltr'><strong>fatemur</strong></span> <span class='ocrx_word' id='word_1_683' title='bbox 2739 3662 2895 3715; x_wconf 84' lang='lat' dir='ltr'><strong>fidem</strong></span> <span class='ocrx_word' id='word_1_684' title='bbox 2953 3675 3136 3715; x_wconf 89' lang='lat' dir='ltr'><strong>veram</strong></span> <span class='ocrx_word' id='word_1_685' title='bbox 3193 3669 3352 3728; x_wconf 89' lang='lat' dir='ltr'><strong>atque</strong></span> <span class='ocrx_word' id='word_1_686' title='bbox 3400 3667 3666 3719; x_wconf 89' lang='lat' dir='ltr'><strong>sanctam,</strong></span> 
     </span>
    </p>
   </div>
   <div class='ocr_carea' id='block_1_93' title="bbox 2082 3751 3668 3830">
    <p class='ocr_par' dir='ltr' id='par_1_93' title="bbox 2082 3751 3668 3830">
     <span class='ocr_line' id='line_1_93' title="bbox 2082 3751 3668 3830; baseline -0.005 -18"><span class='ocrx_word' id='word_1_687' title='bbox 2082 3776 2200 3830; x_wconf 63' lang='lat' dir='ltr'><strong>qum</strong></span> <span class='ocrx_word' id='word_1_688' title='bbox 2237 3759 2391 3813; x_wconf 90' lang='lat' dir='ltr'><strong>nobis</strong></span> <span class='ocrx_word' id='word_1_689' title='bbox 2426 3758 2474 3811; x_wconf 95' lang='lat' dir='ltr'><strong>in</strong></span> <span class='ocrx_word' id='word_1_690' title='bbox 2509 3755 2616 3812; x_wconf 91' lang='lat' dir='ltr'><strong>fine</strong></span> <span class='ocrx_word' id='word_1_691' title='bbox 2647 3754 2904 3824; x_wconf 91' lang='lat' dir='ltr'><strong>temporis</strong></span> <span class='ocrx_word' id='word_1_692' title='bbox 2933 3763 3017 3808; x_wconf 91' lang='lat' dir='ltr'><strong>est</strong></span> <span class='ocrx_word' id='word_1_693' title='bbox 3050 3753 3224 3807; x_wconf 87' lang='lat' dir='ltr'><strong>delata</strong></span> <span class='ocrx_word' id='word_1_694' title='bbox 3257 3753 3322 3804; x_wconf 92' lang='lat' dir='ltr'><strong>ab</strong></span> <span class='ocrx_word' id='word_1_695' title='bbox 3353 3751 3453 3806; x_wconf 89' lang='lat' dir='ltr'><strong>hac</strong></span> <span class='ocrx_word' id='word_1_696' title='bbox 3482 3761 3668 3805; x_wconf 87' lang='lat' dir='ltr'><strong>sancta</strong></span> 
     </span>
    </p>
   </div>
   <div class='ocr_carea' id='block_1_94' title="bbox 2082 3845 3667 3923">
    <p class='ocr_par' dir='ltr' id='par_1_94' title="bbox 2082 3845 3667 3923">
     <span class='ocr_line' id='line_1_94' title="bbox 2082 3845 3667 3923; baseline -0.009 -13"><span class='ocrx_word' id='word_1_697' title='bbox 2082 3855 2207 3910; x_wconf 83' lang='lat' dir='ltr'><strong>sede.</strong></span> <span class='ocrx_word' id='word_1_698' title='bbox 2257 3851 2552 3923; x_wconf 88' lang='lat' dir='ltr'><strong>apostolica</strong></span> <span class='ocrx_word' id='word_1_699' title='bbox 2603 3859 2657 3905; x_wconf 92' lang='lat' dir='ltr'><strong>et</strong></span> <span class='ocrx_word' id='word_1_700' title='bbox 2705 3849 2972 3904; x_wconf 88' lang='lat' dir='ltr'><strong>catholica</strong></span> <span class='ocrx_word' id='word_1_701' title='bbox 3026 3857 3200 3903; x_wconf 91' lang='lat' dir='ltr'><strong>matre</strong></span> <span class='ocrx_word' id='word_1_702' title='bbox 3229 3845 3496 3900; x_wconf 86' lang='lat' dir='ltr'><strong>Ecclesia.</strong></span> <span class='ocrx_word' id='word_1_703' title='bbox 3528 3845 3667 3900; x_wconf 81' lang='lat' dir='ltr'><strong>Ecce.</strong></span> 
     </span>
    </p>
   </div>
   <div class='ocr_carea' id='block_1_95' title="bbox 2081 3939 3669 4011">
    <p class='ocr_par' dir='ltr' id='par_1_95' title="bbox 2081 3939 3669 4011">
     <span class='ocr_line' id='line_1_95' title="bbox 2081 3939 3669 4011; baseline -0.008 -7"><span class='ocrx_word' id='word_1_704' title='bbox 2081 3949 2281 4004; x_wconf 87' lang='lat' dir='ltr'><strong>etenim</strong></span> <span class='ocrx_word' id='word_1_705' title='bbox 2319 3957 2404 4001; x_wconf 91' lang='lat' dir='ltr'><strong>tua</strong></span> <span class='ocrx_word' id='word_1_706' title='bbox 2437 3945 2703 4000; x_wconf 89' lang='lat' dir='ltr'><strong>sanctitas</strong></span> <span class='ocrx_word' id='word_1_707' title='bbox 2747 3943 2871 3998; x_wconf 92' lang='lat' dir='ltr'><strong>dum</strong></span> <span class='ocrx_word' id='word_1_708' title='bbox 2909 3958 2940 3996; x_wconf 93' lang='lat' dir='ltr'><strong>a</strong></span> <span class='ocrx_word' id='word_1_709' title='bbox 2973 3943 3127 3996; x_wconf 91' lang='lat' dir='ltr'><strong>nobis</strong></span> <span class='ocrx_word' id='word_1_710' title='bbox 3169 3940 3328 3995; x_wconf 86' lang='lat' dir='ltr'><strong>fidem</strong></span> <span class='ocrx_word' id='word_1_711' title='bbox 3359 3940 3556 4011; x_wconf 80' lang='lat' dir='ltr'><strong>exigit,</strong></span> <span class='ocrx_word' id='word_1_712' title='bbox 3586 3939 3669 3992; x_wconf 88' lang='lat' dir='ltr'><strong>vi-</strong></span> 
     </span>
    </p>
   </div>
   <div class='ocr_carea' id='block_1_96' title="bbox 2082 4035 3665 4109">
    <p class='ocr_par' dir='ltr' id='par_1_96' title="bbox 2082 4035 3665 4109">
     <span class='ocr_line' id='line_1_96' title="bbox 2082 4035 3665 4109; baseline -0.006 -14"><span class='ocrx_word' id='word_1_713' title='bbox 2082 4043 2239 4097; x_wconf 87' lang='lat' dir='ltr'><strong>detur</strong></span> <span class='ocrx_word' id='word_1_714' title='bbox 2292 4041 2445 4096; x_wconf 89' lang='lat' dir='ltr'><strong>nobis</strong></span> <span class='ocrx_word' id='word_1_715' title='bbox 2497 4039 2651 4109; x_wconf 91' lang='lat' dir='ltr'><strong>quasi</strong></span> <span class='ocrx_word' id='word_1_716' title='bbox 2707 4035 2957 4093; x_wconf 89' lang='lat' dir='ltr'><strong>Christus</strong></span> <span class='ocrx_word' id='word_1_717' title='bbox 2998 4052 3026 4090; x_wconf 90' lang='lat' dir='ltr'><strong>a</strong></span> <span class='ocrx_word' id='word_1_718' title='bbox 3075 4035 3419 4090; x_wconf 87' lang='lat' dir='ltr'><strong>Samaritana</strong></span> <span class='ocrx_word' id='word_1_719' title='bbox 3469 4048 3665 4103; x_wconf 89' lang='lat' dir='ltr'><strong>aquam</strong></span> 
     </span>
    </p>
   </div>
   <div class='ocr_carea' id='block_1_97' title="bbox 2082 4126 3671 4204">
    <p class='ocr_par' dir='ltr' id='par_1_97' title="bbox 2082 4126 3671 4204">
     <span class='ocr_line' id='line_1_97' title="bbox 2082 4126 3671 4204; baseline -0.004 -18"><span class='ocrx_word' id='word_1_720' title='bbox 2082 4132 2245 4188; x_wconf 91' lang='lat' dir='ltr'><strong>fontis</strong></span> <span class='ocrx_word' id='word_1_721' title='bbox 2285 4132 2520 4204; x_wconf 81' lang='lat' dir='ltr'><strong>postulet</strong></span> <span class='ocrx_word' id='word_1_722' title='bbox 2555 4149 2568 4185; x_wconf 92' lang='lat'><strong>:</strong></span> <span class='ocrx_word' id='word_1_723' title='bbox 2603 4131 2693 4202; x_wconf 91' lang='lat' dir='ltr'><strong>qui</strong></span> <span class='ocrx_word' id='word_1_724' title='bbox 2738 4132 2863 4186; x_wconf 92' lang='lat' dir='ltr'><strong>dum</strong></span> <span class='ocrx_word' id='word_1_725' title='bbox 2907 4129 2998 4183; x_wconf 92' lang='lat' dir='ltr'><strong>tali</strong></span> <span class='ocrx_word' id='word_1_726' title='bbox 3041 4129 3294 4198; x_wconf 84' lang='lat' dir='ltr'><strong>dignatus</strong></span> <span class='ocrx_word' id='word_1_727' title='bbox 3339 4136 3424 4183; x_wconf 90' lang='lat' dir='ltr'><strong>est</strong></span> <span class='ocrx_word' id='word_1_728' title='bbox 3465 4126 3671 4197; x_wconf 89' lang='lat' dir='ltr'><strong>perfrui</strong></span> 
     </span>
    </p>
   </div>
   <div class='ocr_carea' id='block_1_98' title="bbox 2083 4220 3668 4296">
    <p class='ocr_par' dir='ltr' id='par_1_98' title="bbox 2083 4220 3668 4296">
     <span class='ocr_line' id='line_1_98' title="bbox 2083 4220 3668 4296; baseline -0.005 -15"><span class='ocrx_word' id='word_1_729' title='bbox 2083 4228 2336 4296; x_wconf 91' lang='lat' dir='ltr'><strong>alloquio,</strong></span> <span class='ocrx_word' id='word_1_730' title='bbox 2373 4226 2548 4280; x_wconf 91' lang='lat' dir='ltr'><strong>innuit</strong></span> <span class='ocrx_word' id='word_1_731' title='bbox 2579 4225 2814 4280; x_wconf 88' lang='lat' dir='ltr'><strong>latenter</strong></span> <span class='ocrx_word' id='word_1_732' title='bbox 2857 4221 2996 4294; x_wconf 92' lang='lat' dir='ltr'><strong>quod</strong></span> <span class='ocrx_word' id='word_1_733' title='bbox 3042 4224 3309 4278; x_wconf 91' lang='lat' dir='ltr'><strong>neminem</strong></span> <span class='ocrx_word' id='word_1_734' title='bbox 3361 4235 3390 4276; x_wconf 86' lang='lat' dir='ltr'><strong>a</strong></span> <span class='ocrx_word' id='word_1_735' title='bbox 3427 4221 3532 4274; x_wconf 85' lang='lat' dir='ltr'><strong>fide</strong></span> <span class='ocrx_word' id='word_1_736' title='bbox 3562 4220 3668 4274; x_wconf 88' lang='lat' dir='ltr'><strong>ulla</strong></span> 
     </span>
    </p>
   </div>
   <div class='ocr_carea' id='block_1_99' title="bbox 2080 4313 3669 4388">
    <p class='ocr_par' dir='ltr' id='par_1_99' title="bbox 2080 4313 3669 4388">
     <span class='ocr_line' id='line_1_99' title="bbox 2080 4313 3669 4388; baseline -0.004 -15"><span class='ocrx_word' id='word_1_737' title='bbox 2080 4326 2262 4388; x_wconf 88' lang='lat' dir='ltr'><strong>potest</strong></span> <span class='ocrx_word' id='word_1_738' title='bbox 2308 4318 2457 4388; x_wconf 84' lang='lat' dir='ltr'><strong>regio</strong></span> <span class='ocrx_word' id='word_1_739' title='bbox 2505 4317 2787 4388; x_wconf 87' lang='lat' dir='ltr'><strong>repellere.</strong></span> <span class='ocrx_word' id='word_1_740' title='bbox 2824 4313 2976 4371; x_wconf 89' lang='lat' dir='ltr'><strong>Unde</strong></span> <span class='ocrx_word' id='word_1_741' title='bbox 3024 4329 3123 4370; x_wconf 88' lang='lat' dir='ltr'><strong>nos</strong></span> <span class='ocrx_word' id='word_1_742' title='bbox 3170 4315 3296 4385; x_wconf 89' lang='lat' dir='ltr'><strong>quia</strong></span> <span class='ocrx_word' id='word_1_743' title='bbox 3353 4314 3511 4369; x_wconf 86' lang='lat' dir='ltr'><strong>fidem</strong></span> <span class='ocrx_word' id='word_1_744' title='bbox 3563 4327 3669 4366; x_wconf 93' lang='lat' dir='ltr'><strong>non</strong></span> 
     </span>
    </p>
   </div>
   <div class='ocr_carea' id='block_1_100' title="bbox 2082 4403 3670 4479">
    <p class='ocr_par' dir='ltr' id='par_1_100' title="bbox 2082 4403 3670 4479">
     <span class='ocr_line' id='line_1_100' title="bbox 2082 4403 3670 4479; baseline -0.007 -13"><span class='ocrx_word' id='word_1_745' title='bbox 2082 4411 2474 4475; x_wconf 90' lang='lat' dir='ltr'><strong>erubescimus,</strong></span> <span class='ocrx_word' id='word_1_746' title='bbox 2503 4411 2568 4466; x_wconf 94' lang='lat' dir='ltr'><strong>de</strong></span> <span class='ocrx_word' id='word_1_747' title='bbox 2592 4408 2871 4479; x_wconf 83' lang='lat' dir='ltr'><strong>provincia</strong></span> <span class='ocrx_word' id='word_1_748' title='bbox 2897 4420 3238 4477; x_wconf 88' lang='lat' dir='ltr'><strong>nequaquam</strong></span> <span class='ocrx_word' id='word_1_749' title='bbox 3266 4403 3670 4468; x_wconf 90' lang='lat' dir='ltr'><strong>confundimur,</strong></span> 
     </span>
    </p>
   </div>
   <div class='ocr_carea' id='block_1_101' title="bbox 2084 4494 3673 4574">
    <p class='ocr_par' dir='ltr' id='par_1_101' title="bbox 2084 4494 3673 4574">
     <span class='ocr_line' id='line_1_101' title="bbox 2084 4494 3673 4574; baseline -0.009 -14"><span class='ocrx_word' id='word_1_750' title='bbox 2084 4521 2206 4560; x_wconf 89' lang='lat' dir='ltr'><strong>cum</strong></span> <span class='ocrx_word' id='word_1_751' title='bbox 2241 4505 2407 4559; x_wconf 90' lang='lat' dir='ltr'><strong>David</strong></span> <span class='ocrx_word' id='word_1_752' title='bbox 2461 4502 2740 4574; x_wconf 82' lang='lat' dir='ltr'><strong>praecipiat</strong></span> <span class='ocrx_word' id='word_1_753' title='bbox 2769 4515 2959 4555; x_wconf 92' lang='lat' dir='ltr'><strong>omnes</strong></span> <span class='ocrx_word' id='word_1_754' title='bbox 2990 4508 3176 4569; x_wconf 78' lang='lat' dir='ltr'><strong>gentes</strong></span> <span class='ocrx_word' id='word_1_755' title='bbox 3206 4496 3464 4568; x_wconf 87' lang='lat' dir='ltr'><strong>plaudere</strong></span> <span class='ocrx_word' id='word_1_756' title='bbox 3495 4494 3673 4550; x_wconf 90' lang='lat' dir='ltr'><strong>mani-</strong></span> 
     </span>
    </p>
   </div>
   <div class='ocr_carea' id='block_1_102' title="bbox 2006 4563 3672 4668">
    <p class='ocr_par' dir='ltr' id='par_1_102' title="bbox 2006 4563 3672 4668">
     <span class='ocr_line' id='line_1_102' title="bbox 2006 4563 3672 4668; baseline -0.01 -11"><span class='ocrx_word' id='word_1_757' title='bbox 2006 4563 2184 4656; x_wconf 87' lang='lat' dir='ltr'><strong>Dbus</strong></span> <span class='ocrx_word' id='word_1_758' title='bbox 2235 4609 2289 4654; x_wconf 92' lang='lat' dir='ltr'><strong>et</strong></span> <span class='ocrx_word' id='word_1_759' title='bbox 2331 4563 2567 4668; x_wconf 73' lang='lat' dir='ltr'><strong>jubiiare</strong></span> <span class='ocrx_word' id='word_1_760' title='bbox 2625 4597 2736 4651; x_wconf 87' lang='lat' dir='ltr'><strong>Deo</strong></span> <span class='ocrx_word' id='word_1_761' title='bbox 2793 4594 2848 4649; x_wconf 94' lang='lat' dir='ltr'><strong>in</strong></span> <span class='ocrx_word' id='word_1_762' title='bbox 2898 4609 3030 4648; x_wconf 89' lang='lat' dir='ltr'><strong>voce</strong></span> <span class='ocrx_word' id='word_1_763' title='bbox 3086 4590 3505 4656; x_wconf 86' lang='lat' dir='ltr'><strong>exsultationis,</strong></span> <span class='ocrx_word' id='word_1_764' title='bbox 3564 4597 3672 4643; x_wconf 93' lang='lat' dir='ltr'><strong>etc.</strong></span> 
     </span>
    </p>
   </div>
   <div class='ocr_carea' id='block_1_103' title="bbox 2085 4683 3678 4760">
    <p class='ocr_par' dir='ltr' id='par_1_103' title="bbox 2085 4683 3678 4760">
     <span class='ocr_line' id='line_1_103' title="bbox 2085 4683 3678 4760; baseline -0.009 -10"><span class='ocrx_word' id='word_1_765' title='bbox 2085 4695 2475 4750; x_wconf 83' lang='lat' dir='ltr'><strong>Verumtamen</strong></span> <span class='ocrx_word' id='word_1_766' title='bbox 2544 4689 2802 4760; x_wconf 86' lang='lat' dir='ltr'><strong>quoniam</strong></span> <span class='ocrx_word' id='word_1_767' title='bbox 2868 4687 3179 4759; x_wconf 89' lang='lat' dir='ltr'><strong>apostolicis</strong></span> <span class='ocrx_word' id='word_1_768' title='bbox 3243 4683 3678 4740; x_wconf 87' lang='lat' dir='ltr'><strong>institutionibus</strong></span> 
     </span>
    </p>
   </div>
   <div class='ocr_carea' id='block_1_104' title="bbox 2083 4777 3680 4853">
    <p class='ocr_par' dir='ltr' id='par_1_104' title="bbox 2083 4777 3680 4853">
     <span class='ocr_line' id='line_1_104' title="bbox 2083 4777 3680 4853; baseline -0.01 -10"><span class='ocrx_word' id='word_1_769' title='bbox 2083 4803 2370 4843; x_wconf 90' lang='lat' dir='ltr'><strong>monemur</strong></span> <span class='ocrx_word' id='word_1_770' title='bbox 2403 4796 2461 4841; x_wconf 92' lang='lat' dir='ltr'><strong>ut</strong></span> <span class='ocrx_word' id='word_1_771' title='bbox 2491 4784 2744 4841; x_wconf 90' lang='lat' dir='ltr'><strong>omnibus</strong></span> <span class='ocrx_word' id='word_1_772' title='bbox 2789 4781 3139 4853; x_wconf 85' lang='lat' dir='ltr'><strong>poscentibus</strong></span> <span class='ocrx_word' id='word_1_773' title='bbox 3188 4777 3455 4831; x_wconf 88' lang='lat' dir='ltr'><strong>rationem</strong></span> <span class='ocrx_word' id='word_1_774' title='bbox 3490 4777 3554 4831; x_wconf 93' lang='lat' dir='ltr'><strong>de</strong></span> <span class='ocrx_word' id='word_1_775' title='bbox 3585 4785 3680 4841; x_wconf 84' lang='lat' dir='ltr'><strong>spe</strong></span> 
     </span>
    </p>
   </div>
   <div class='ocr_carea' id='block_1_105' title="bbox 2081 4871 3680 4950">
    <p class='ocr_par' dir='ltr' id='par_1_105' title="bbox 2081 4871 3680 4950">
     <span class='ocr_line' id='line_1_105' title="bbox 2081 4871 3680 4950; baseline -0.009 -15"><span class='ocrx_word' id='word_1_776' title='bbox 2081 4890 2136 4935; x_wconf 94' lang='lat' dir='ltr'><strong>et</strong></span> <span class='ocrx_word' id='word_1_777' title='bbox 2169 4879 2439 4936; x_wconf 86' lang='lat' dir='ltr'><strong>charitate</strong></span> <span class='ocrx_word' id='word_1_778' title='bbox 2470 4893 2586 4950; x_wconf 67' lang='lat' dir='ltr'><strong>quae</strong></span> <span class='ocrx_word' id='word_1_779' title='bbox 2617 4875 2669 4929; x_wconf 92' lang='lat' dir='ltr'><strong>in</strong></span> <span class='ocrx_word' id='word_1_780' title='bbox 2701 4875 2862 4931; x_wconf 86' lang='lat' dir='ltr'><strong>nobis</strong></span> <span class='ocrx_word' id='word_1_781' title='bbox 2892 4884 2975 4929; x_wconf 90' lang='lat' dir='ltr'><strong>est</strong></span> <span class='ocrx_word' id='word_1_782' title='bbox 3005 4871 3374 4945; x_wconf 88' lang='lat' dir='ltr'><strong>proferamus,</strong></span> <span class='ocrx_word' id='word_1_783' title='bbox 3420 4887 3529 4926; x_wconf 91' lang='lat' dir='ltr'><strong>nou</strong></span> <span class='ocrx_word' id='word_1_784' title='bbox 3561 4882 3680 4921; x_wconf 80' lang='lat' dir='ltr'><strong>mo-</strong></span> 
     </span>
    </p>
   </div>
   <div class='ocr_carea' id='block_1_106' title="bbox 2084 4960 3686 5041">
    <p class='ocr_par' dir='ltr' id='par_1_106' title="bbox 2084 4960 3686 5041">
     <span class='ocr_line' id='line_1_106' title="bbox 2084 4960 3686 5041; baseline -0.008 -13"><span class='ocrx_word' id='word_1_785' title='bbox 2084 4989 2274 5028; x_wconf 90' lang='lat' dir='ltr'><strong>remur</strong></span> <span class='ocrx_word' id='word_1_786' title='bbox 2307 4975 2510 5029; x_wconf 90' lang='lat' dir='ltr'><strong>diutius</strong></span> <span class='ocrx_word' id='word_1_787' title='bbox 2545 4969 2775 5041; x_wconf 86' lang='lat' dir='ltr'><strong>gloriam</strong></span> <span class='ocrx_word' id='word_1_788' title='bbox 2815 4969 2936 5026; x_wconf 88' lang='lat' dir='ltr'><strong>fidei</strong></span> <span class='ocrx_word' id='word_1_789' title='bbox 2982 4977 3180 5023; x_wconf 74' lang='lat' dir='ltr'><strong>nostra:</strong></span> <span class='ocrx_word' id='word_1_790' title='bbox 3223 4973 3326 5018; x_wconf 67' lang='lat' dir='ltr'><strong>tuae</strong></span> <span class='ocrx_word' id='word_1_791' title='bbox 3356 4960 3686 5020; x_wconf 87' lang='lat' dir='ltr'><strong>beatitudini</strong></span> 
     </span>
    </p>
   </div>
   <div class='ocr_carea' id='block_1_107' title="bbox 2085 5059 3693 5137">
    <p class='ocr_par' dir='ltr' id='par_1_107' title="bbox 2085 5059 3693 5137">
     <span class='ocr_line' id='line_1_107' title="bbox 2085 5059 3693 5137; baseline -0.011 -14"><span class='ocrx_word' id='word_1_792' title='bbox 2085 5066 2277 5137; x_wconf 89' lang='lat' dir='ltr'><strong>paucis</strong></span> <span class='ocrx_word' id='word_1_793' title='bbox 2305 5065 2704 5123; x_wconf 89' lang='lat' dir='ltr'><strong>demonstrare.</strong></span> <span class='ocrx_word' id='word_1_794' title='bbox 2731 5061 3022 5121; x_wconf 83' lang='lat' dir='ltr'><strong>Credimus</strong></span> <span class='ocrx_word' id='word_1_795' title='bbox 3053 5059 3248 5130; x_wconf 88' lang='lat' dir='ltr'><strong>quippe</strong></span> <span class='ocrx_word' id='word_1_796' title='bbox 3275 5064 3329 5110; x_wconf 89' lang='lat' dir='ltr'><strong>et</strong></span> <span class='ocrx_word' id='word_1_797' title='bbox 3358 5059 3693 5113; x_wconf 84' lang='lat' dir='ltr'><strong>confitemur</strong></span> 
     </span>
    </p>
   </div>
   <div class='ocr_carea' id='block_1_108' title="bbox 2085 5149 3692 5232">
    <p class='ocr_par' dir='ltr' id='par_1_108' title="bbox 2085 5149 3692 5232">
     <span class='ocr_line' id='line_1_108' title="bbox 2085 5149 3692 5232; baseline -0.006 -20"><span class='ocrx_word' id='word_1_798' title='bbox 2085 5159 2291 5230; x_wconf 88' lang='lat' dir='ltr'><strong>absque</strong></span> <span class='ocrx_word' id='word_1_799' title='bbox 2319 5158 2588 5232; x_wconf 89' lang='lat' dir='ltr'><strong>principio</strong></span> <span class='ocrx_word' id='word_1_800' title='bbox 2618 5161 2880 5227; x_wconf 89' lang='lat' dir='ltr'><strong>temporis</strong></span> <span class='ocrx_word' id='word_1_801' title='bbox 2907 5164 2960 5212; x_wconf 91' lang='lat' dir='ltr'><strong>et</strong></span> <span class='ocrx_word' id='word_1_802' title='bbox 2995 5156 3102 5211; x_wconf 90' lang='lat' dir='ltr'><strong>fine</strong></span> <span class='ocrx_word' id='word_1_803' title='bbox 3132 5167 3399 5206; x_wconf 91' lang='lat' dir='ltr'><strong>summum</strong></span> <span class='ocrx_word' id='word_1_804' title='bbox 3431 5164 3490 5209; x_wconf 89' lang='lat' dir='ltr'><strong>et</strong></span> <span class='ocrx_word' id='word_1_805' title='bbox 3520 5149 3692 5207; x_wconf 82' lang='lat' dir='ltr'><strong>incir-</strong></span> 
     </span>
    </p>
   </div>
   <div class='ocr_carea' id='block_1_109' title="bbox 2085 5244 3699 5326">
    <p class='ocr_par' dir='ltr' id='par_1_109' title="bbox 2085 5244 3699 5326">
     <span class='ocr_line' id='line_1_109' title="bbox 2085 5244 3699 5326; baseline -0.003 -20"><span class='ocrx_word' id='word_1_806' title='bbox 2085 5253 2482 5326; x_wconf 84' lang='lat' dir='ltr'><strong>cumscriptum</strong></span> <span class='ocrx_word' id='word_1_807' title='bbox 2535 5250 2827 5322; x_wconf 87' lang='lat' dir='ltr'><strong>Spiritum,</strong></span> <span class='ocrx_word' id='word_1_808' title='bbox 2879 5265 3044 5306; x_wconf 91' lang='lat' dir='ltr'><strong>unum</strong></span> <span class='ocrx_word' id='word_1_809' title='bbox 3092 5244 3522 5314; x_wconf 88' lang='lat' dir='ltr'><strong>omnipotentem</strong></span> <span class='ocrx_word' id='word_1_810' title='bbox 3576 5258 3699 5300; x_wconf 85' lang='lat' dir='ltr'><strong>esse</strong></span> 
     </span>
    </p>
   </div>
   <div class='ocr_carea' id='block_1_110' title="bbox 2087 5334 3696 5417">
    <p class='ocr_par' dir='ltr' id='par_1_110' title="bbox 2087 5334 3696 5417">
     <span class='ocr_line' id='line_1_110' title="bbox 2087 5334 3696 5417; baseline -0.002 -22"><span class='ocrx_word' id='word_1_811' title='bbox 2087 5341 2285 5408; x_wconf 90' lang='lat' dir='ltr'><strong>Deum,</strong></span> <span class='ocrx_word' id='word_1_812' title='bbox 2316 5344 2474 5414; x_wconf 68' lang='lat' dir='ltr'><strong>juxta</strong></span> <span class='ocrx_word' id='word_1_813' title='bbox 2527 5343 2668 5414; x_wconf 90' lang='lat' dir='ltr'><strong>quod</strong></span> <span class='ocrx_word' id='word_1_814' title='bbox 2721 5345 2800 5400; x_wconf 88' lang='lat' dir='ltr'><strong>ait</strong></span> <span class='ocrx_word' id='word_1_815' title='bbox 2834 5344 3044 5417; x_wconf 82' lang='lat' dir='ltr'><strong>Moyses</strong></span> <span class='ocrx_word' id='word_1_816' title='bbox 3074 5360 3087 5396; x_wconf 93' lang='lat'>:</span> <span class='ocrx_word' id='word_1_817' title='bbox 3122 5337 3284 5401; x_wconf 80' lang='lat' dir='ltr'><strong>Audi,</strong></span> <span class='ocrx_word' id='word_1_818' title='bbox 3338 5335 3513 5395; x_wconf 73' lang='lat' dir='ltr'><strong>Israel</strong></span> <span class='ocrx_word' id='word_1_819' title='bbox 3540 5356 3557 5394; x_wconf 92' lang='lat'><strong><em>:</em></strong></span> <span class='ocrx_word' id='word_1_820' title='bbox 3588 5334 3696 5391; x_wconf 88' lang='lat' dir='ltr'><strong>Do-</strong></span> 
     </span>
    </p>
   </div>
   <div class='ocr_carea' id='block_1_111' title="bbox 2090 5431 3701 5509">
    <p class='ocr_par' dir='ltr' id='par_1_111' title="bbox 2090 5431 3701 5509">
     <span class='ocr_line' id='line_1_111' title="bbox 2090 5431 3701 5509; baseline -0.002 -21"><span class='ocrx_word' id='word_1_821' title='bbox 2090 5437 2264 5490; x_wconf 81' lang='lat' dir='ltr'><strong>minus</strong></span> <span class='ocrx_word' id='word_1_822' title='bbox 2296 5438 2441 5500; x_wconf 81' lang='lat' dir='ltr'><strong>Deus</strong></span> <span class='ocrx_word' id='word_1_823' title='bbox 2468 5451 2588 5496; x_wconf 77' lang='lat' dir='ltr'><strong>tuus</strong></span> <span class='ocrx_word' id='word_1_824' title='bbox 2624 5436 2760 5493; x_wconf 83' lang='lat' dir='ltr'><strong>Deus</strong></span> <span class='ocrx_word' id='word_1_825' title='bbox 2791 5458 2930 5498; x_wconf 83' lang='lat' dir='ltr'><strong>unus</strong></span> <span class='ocrx_word' id='word_1_826' title='bbox 2959 5448 3032 5494; x_wconf 76' lang='lat' dir='ltr'><strong>est</strong></span> <span class='ocrx_word' id='word_1_827' title='bbox 3062 5432 3241 5509; x_wconf 83' lang='lat' dir='ltr'><strong>(Deut.</strong></span> <span class='ocrx_word' id='word_1_828' title='bbox 3271 5433 3370 5498; x_wconf 77' lang='lat' dir='ltr'><strong>vi).</strong></span> <span class='ocrx_word' id='word_1_829' title='bbox 3413 5431 3567 5488; x_wconf 88' lang='lat' dir='ltr'><strong>Unus</strong></span> <span class='ocrx_word' id='word_1_830' title='bbox 3593 5436 3701 5496; x_wconf 86' lang='lat' dir='ltr'><strong>est.</strong></span> 
     </span>
    </p>
   </div>
   <div class='ocr_carea' id='block_1_112' title="bbox 2090 5520 3701 5578">
    <p class='ocr_par' dir='ltr' id='par_1_112' title="bbox 2090 5520 3701 5578">
     <span class='ocr_line' id='line_1_112' title="bbox 2090 5520 3701 5578; baseline -0.001 0"><span class='ocrx_word' id='word_1_831' title='bbox 2090 5526 2341 5578; x_wconf 74' lang='lat' dir='ltr'><strong>inquam-</strong></span> <span class='ocrx_word' id='word_1_832' title='bbox 2404 5537 2545 5578; x_wconf 73' lang='grc' dir='ltr'>Πριις</span> <span class='ocrx_word' id='word_1_833' title='bbox 2595 5529 2760 5578; x_wconf 79' lang='lat' dir='ltr'><strong>Pater</strong></span> <span class='ocrx_word' id='word_1_834' title='bbox 2815 5532 3110 5578; x_wconf 69' lang='lat' dir='ltr'><strong>ingenitus.</strong></span> <span class='ocrx_word' id='word_1_835' title='bbox 3166 5538 3307 5578; x_wconf 87' lang='lat' dir='ltr'><strong>unus</strong></span> <span class='ocrx_word' id='word_1_836' title='bbox 3357 5521 3530 5578; x_wconf 78' lang='lat' dir='ltr'><strong>Filius</strong></span> <span class='ocrx_word' id='word_1_837' title='bbox 3582 5520 3701 5578; x_wconf 89' lang='lat' dir='ltr'><strong>eius</strong></span> 
     </span>
    </p>
   </div>
  </div>
