4466 5578
821 387 893 444 35
1800 386 2104 444 BERNERI
2141 378 2434 441 ABBATIS
2470 378 3029 436 IIUMOLARIENSIS
4011 382 4079 441 56

821 514 929 571 quo
956 500 1159 568 omnia,
1191 516 1288 572 per
1317 514 1478 571 quem
1509 500 1707 563 omnia,
1742 510 1793 555 et
1827 502 1878 555 in
1908 517 2014 570 quo
2046 510 2171 555 sunt
2198 497 2402 559 omnia,
2430 525 2478 581 Α
2509 508 2605 563 per
2633 502 2873 548 nostram
2905 491 3338 548 benedictionem
3380 490 3472 545 tibi
3511 505 3541 543 a
3578 488 3807 544 Domino
3834 503 4085 545 concessa

818 604 871 648 et
897 591 1014 649 sine
1045 609 1151 663 quo
1201 594 1400 649 factum
1454 602 1535 647 est
1587 594 1741 648 nihil.
1776 594 1899 650 llrec
1952 595 2218 665 tripartita
2274 608 2403 647 con-

810 684 1021 755 junctio
1050 694 1106 740 et
1144 685 1431 754 conjuncta
1463 686 1678 752 divisio,
1707 695 1761 740 et
1808 688 1859 740 in
1892 687 2139 757 personis
2167 684 2404 741 excludit

816 778 1107 845 unionem,
1161 789 1216 834 et
1268 780 1320 834 in
1383 794 1741 848 personarum
1795 767 2141 834 distinctione
2194 778 2403 833 obtinet

819 871 1106 926 unitatem.
1152 869 1267 925 Non
1324 878 1504 926 autem
1558 871 1697 925 sicut
1748 878 1858 925 tres
1906 885 2188 940 personas,
2222 868 2296 923 ita
2348 874 2403 923 et

816 972 928 1016 tres
959 961 1088 1016 deos
1117 961 1425 1026 credimus,
1456 959 1549 1016 sed
1601 960 1651 1014 in
1712 961 1883 1015 tribus
1933 959 2183 1031 personis
2237 974 2402 1015 unam

814 1054 1082 1109 Deitatcm
1115 1052 1438 1109 confitemur
1466 1072 1478 1106 :
1506 1052 1826 1107 Trinitatem
1853 1061 2099 1107 sanctam
2124 1051 2401 1106 credimus

816 1145 869 1199 in
906 1144 1326 1199 subsistentibus
1357 1142 1625 1214 personis,
1662 1142 1925 1196 unitatem
1959 1156 2090 1195 vero
2122 1141 2171 1194 in
2206 1149 2401 1194 natura

814 1244 872 1289 et
920 1236 1205 1307 majestate
1256 1251 1319 1290 ac
1367 1234 1666 1289 substantia
1720 1232 1965 1288 Deitatis.
2012 1231 2185 1288 Omne
2236 1232 2403 1303 igitur

814 1327 960 1395 quod
1006 1334 1110 1391 est,
1142 1327 1195 1380 in
1250 1326 1357 1381 duo
1406 1326 1715 1380 dividimus.
1769 1324 1988 1393 Absque
2043 1323 2155 1377 sola
2209 1338 2401 1394 nempe

814 1417 1077 1473 Trinitatc
1127 1435 1287 1475 omne
1335 1419 1477 1489 quod
1532 1418 1585 1472 in
1638 1417 1791 1473 coelis
1846 1416 2113 1486 terrisque
2162 1424 2216 1471 et
2265 1417 2401 1471 mari

811 1520 1128 1581 potentatur
1158 1511 1240 1567 vel
1269 1513 1448 1584 agitur
1495 1511 1577 1564 vel
1629 1518 1897 1575 movetur,
1930 1518 2237 1565 creaturam
2282 1523 2401 1563 csse

815 1606 1088 1661 credimus
1118 1616 1173 1662 et
1202 1607 1455 1673 fatemur,
1487 1606 1655 1661 Deum
1709 1620 1837 1659 vero
1873 1604 2045 1659 solum
2079 1612 2399 1659 creatorem.

810 1695 1013 1751 Filium
1042 1713 1256 1768 quoque
1308 1698 1403 1753 Dei
1434 1698 1707 1753 credimus
1751 1698 1803 1751 in
1836 1696 2148 1751 novissimis
2195 1702 2403 1764 tempo-

812 1790 967 1845 ribus
996 1800 1319 1862 conceptum
1346 1805 1468 1846 esse
1501 1790 1567 1844 de
1620 1788 1824 1860 Spiritu
1877 1796 2066 1843 sancto
2114 1796 2169 1841 et
2215 1795 2402 1840 natum

2508 585 2728 651 dotalia,
2760 600 2857 656 per
2909 600 3029 655 qua:
3076 598 3325 654 sponsam
3375 581 3575 637 Christi
3630 591 3682 635 te
3729 582 3782 636 in
3830 589 4091 636 aeternum

2508 691 2893 745 recognoscas,
2939 685 2993 731 et
3049 673 3361 729 transitoria
3413 672 3842 738 contemnendo,
3890 673 4057 745 sempi

2507 778 2661 824 terna
2693 770 2886 840 gaudia
2921 767 3375 838 comprehendas.
3410 765 3500 820 ille
3528 766 3671 820 enim
3704 765 3757 819 in
3796 774 3883 820 tua
3912 774 4092 821 mente

2506 861 2637 930 quid
2666 860 2833 916 facies
2861 860 3149 931 prospicit,
3175 868 3229 913 et
3256 873 3415 929 quam
3441 858 3693 913 decenter
3719 855 3834 924 ejus
3855 858 4092 928 virgines

2506 951 2782 1007 comiteris
2825 950 3079 1006 attendit.
3134 948 3431 1019 Propterea
3473 947 3541 1002 ab
3567 945 3976 1002 adolescentulis
4014 947 4093 1018 ip-

2505 1042 2618 1098 sius
2647 1052 2705 1097 ut
2733 1043 2980 1113 diligaris
3008 1042 3359 1096 vehementer
3382 1039 3620 1102 decerta,
3649 1049 3705 1092 et
3731 1046 3853 1109 post
3873 1038 4093 1094 odorem

2505 1143 2899 1205 unguentorum
2930 1135 3074 1190 illius
3104 1148 3330 1190 currere
3360 1132 3681 1186 festinanter
3706 1129 3922 1195 anhela,
3951 1145 4093 1184 sem-

2504 1242 2600 1298 per
2631 1242 2732 1297 pro
2766 1228 3042 1282 concessis
3090 1224 3322 1280 Domino
3371 1224 3578 1294 gratias
3608 1222 3870 1285 referens,
3902 1232 3957 1275 et
3980 1225 4093 1290 'pro

2503 1320 2861 1376 concedendis
2892 1319 3172 1375 humiliter
3201 1332 3454 1373 exorans.
3488 1316 3793 1384 Hortorque
3822 1324 3873 1369 te
3897 1313 4094 1368 habere

2504 1411 2557 1465 in
2580 1411 2840 1467 memoria
2864 1427 2982 1481 qua:
3008 1410 3286 1482 possidere
3308 1408 3649 1477 concupiscis
3668 1408 3719 1461 in
3740 1406 3848 1459 vita
3872 1413 4090 1469 aaterna,

2502 1513 2562 1558 ut
2590 1502 2742 1572 cujus
2765 1513 2816 1559 te
2843 1519 3095 1574 sponsam
3127 1502 3317 1556 fateris
3343 1501 3394 1555 in
3423 1509 3587 1565 terra,
3613 1499 3730 1570 ejus
3757 1496 4094 1567 amplexibus

2502 1597 2707 1668 perfrui
2741 1596 3003 1652 merearis
3035 1598 3088 1650 in
3124 1594 3351 1665 perenni
3383 1593 3573 1663 gloria.
3608 1611 3625 1643 ›

2579 1689 2666 1743 10.
2708 1688 2804 1743 llis
2836 1689 2997 1743 dictis
3024 1687 3201 1740 velum
3236 1684 3430 1754 capitis
3461 1699 3524 1738 ac
3552 1682 3758 1752 reliqua
3783 1682 4094 1736 indumenta

2508 1780 2562 1835 in
2592 1780 2901 1835 humilitate
2934 1779 3243 1835 castitatem
3285 1777 3467 1832 cordis
3498 1784 3552 1830 et
3596 1775 3840 1845 corporis
3870 1790 3932 1828 ac
3959 1789 4093 1827 con-

812 1897 882 1937 οχ
920 1882 1088 1937 Maria
1141 1884 1369 1953 virgine,
1404 1898 1734 1952 carnemque
1785 1890 1993 1936 natura:
2044 1881 2295 1934 humanm
2347 1886 2401 1933 et
2434 1888 2477 1947 Β
2510 1880 2770 1942 templum
2802 1872 2986 1926 rnundi
3031 1868 3395 1940 significantia
3444 1882 3608 1937 super
3647 1874 3892 1921 sanctum
3924 1863 4096 1919 altare

814 1973 1053 2028 animam
1084 1974 1405 2043 suscepisse.
1438 1972 1495 2027 ιιι
1539 1988 1643 2043 qua
1676 1987 1839 2027 carne
1887 1969 2205 2026 cruciﬁxum
2237 1976 2291 2024 et
2317 1983 2401 2023 se-

809 2064 1019 2132 pultum
1051 2080 1115 2120 ac
1144 2067 1512 2120 resurrexisse
1561 2082 1590 2119 a
1644 2065 1873 2119 mortuis
1919 2063 2192 2117 credimus
2232 2072 2287 2117 et
2316 2060 2397 2114 fa-

811 2163 1007 2221 temur,
1039 2166 1095 2211 et
1121 2158 1173 2211 in
1204 2158 1391 2212 eadem
1423 2158 1535 2228 ipsa
1567 2172 1748 2221 carne,
1782 2156 1909 2211 licet
1940 2154 2162 2208 alterius
2192 2153 2397 2224 gloriae,

809 2259 934 2318 post
985 2253 1435 2308 resurrectionem
1486 2252 1794 2307 ascendisse
1847 2252 1900 2305 in
1959 2250 2191 2317 coelum,
2258 2250 2400 2305 unde

803 2344 1043 2414 judicent
1095 2355 1382 2400 venturum
1433 2354 1816 2416 exspectamus
1868 2343 2113 2398 vivorum
2147 2352 2201 2399 ct
2256 2359 2401 2399 mor-

806 2442 1048 2490 tuorum.
1083 2435 1274 2491 Carnis
1323 2450 1537 2506 quoque
1566 2444 1766 2489 nostra:
1813 2433 2269 2488 resurrectionem
2319 2431 2399 2487 fa-

809 2536 993 2583 temur
1045 2529 1310 2599 integram
1371 2538 1531 2599 atque
1593 2528 1889 2598 perfectam
1920 2570 1933 2595 ,
1994 2528 2045 2581 in
2099 2544 2205 2598 qua
2257 2543 2402 2583 nunc

810 2624 1046 2680 vivimus
1076 2633 1131 2679 et
1181 2639 1466 2679 movemur
1522 2623 1576 2677 in
1627 2622 1878 2693 prmsenli
1933 2619 2041 2674 vita
2065 2661 2081 2687 ,
2115 2628 2169 2674 ct
2197 2619 2248 2674 in
2283 2620 2398 2688 ipsa

814 2725 907 2770 aut
949 2731 1048 2785 pro
1093 2716 1248 2770 bonis
1293 2716 1504 2770 actibus
1557 2714 1813 2783 consequi
1863 2713 2125 2767 bonorum
2156 2713 2397 2782 prmmia,

815 2816 909 2860 aut
939 2822 1037 2874 pro
1078 2806 1236 2861 malis
1277 2807 1546 2861 sustinere
1585 2818 1866 2875 ptenarum
1906 2802 2188 2873 supplicia.
2218 2801 2401 2856 Pmni-

810 2898 1036 2952 tentiam
1072 2908 1419 2967 peccatorum
1454 2896 1768 2967 plenissima
1811 2894 1916 2950 fide
1964 2894 2304 2964 profitemur,
2336 2908 2400 2948 ac

808 2991 957 3045 velut
1004 2990 1297 3044 secundam
1354 2989 1583 3059 gratiam
1641 2987 1999 3055 suscipimus,
2050 2984 2205 3055 juxta
2258 2983 2399 3053 quod

815 3082 1092 3153 apostolus
1122 3082 1250 3135 dicit
1286 3082 1351 3136 ad
1386 3081 1694 3136 Corinthios
1729 3099 1741 3134 :
1786 3079 1940 3132 Volui
1982 3095 2072 3149 per
2094 3094 2179 3131 vos
2202 3078 2397 3144 venire,

809 3184 865 3227 ut
903 3174 1187 3227 secundum
1236 3173 1462 3243 gratiam
1510 3171 1763 3224 haberetis
1800 3169 1881 3241 (II
1919 3167 2042 3223 Cor.
2076 3170 2136 3239 ι).
2168 3168 2265 3222 Hic
2316 3176 2399 3222 est

2502 1964 2801 2035 composita
2833 1973 3053 2018 sanctus
3102 1979 3241 2033 papa
3272 1961 3349 2032 (2i
3378 1961 3678 2027 benedixit,
3732 1970 3893 2029 atque
3943 1973 4095 2013 more

2502 2066 2688 2112 sancto
2714 2070 3040 2111 consecrans
3081 2053 3247 2109 effusa
3295 2052 3671 2108 benedictione
3721 2066 3840 2105 eam
3873 2049 4087 2104 Christo

2502 2146 2844 2211 servituram,
2878 2154 2937 2199 ut
2965 2153 3318 2215 poposcerat,
3346 2144 3469 2214 jure
3514 2142 3805 2197 dedicavit.
3841 2141 3907 2195 Et
3954 2156 4087 2195 con-

2501 2251 2691 2291 versus
2731 2236 2798 2290 ad
2848 2236 3131 2289 Dominum
3184 2244 3239 2289 et
3286 2248 3521 2288 exorans
3568 2232 3747 2286 dixit:
3787 2251 3803 2283 ι
3836 2231 4084 2301 Respice,

2504 2329 2748 2393 Domine,
2783 2345 2943 2399 super
2973 2329 3113 2383 hanc
3145 2327 3404 2382 famulam
3450 2339 3595 2381 tuam
3618 2368 3632 2392 ,
3664 2335 3723 2380 ut
3750 2333 3950 2381 sanctae
3979 2326 4085 2380 vir-

2502 2421 2748 2492 ginitatis
2776 2421 3136 2491 propositum,
3166 2419 3311 2489 quod
3343 2429 3396 2473 te
3428 2419 3731 2489 inspirante
3753 2418 4008 2487 suscepit,
4040 2424 4095 2473 te

2502 2513 2836 2582 gubernante
2870 2512 3161 2567 custodiat.
3209 2510 3291 2566 Sit
3339 2511 3394 2565 in
3442 2526 3503 2565 ea
3525 2552 3539 2576 ,
3579 2512 3836 2577 Domine,
3867 2526 3966 2580 per
3999 2511 4095 2565 do-

2502 2621 2629 2659 num
2662 2604 2898 2674 Spiritus
2943 2605 3019 2659 tni
3059 2604 3296 2674 prudens
3342 2604 3637 2667 modestia,
3672 2603 3851 2674 gravis
3877 2604 4089 2669 lenitas,

2503 2709 2651 2755 casta
2703 2701 2926 2756 libertas
2958 2715 2972 2754 :
3008 2700 3213 2755 ferveat
3264 2700 3316 2754 in
3369 2700 3661 2765 charitate,
3691 2709 3746 2754 et
3774 2700 3905 2754 nihil
3933 2710 4087 2756 extra

2502 2801 2556 2847 te
2608 2792 2814 2862 diligat.
2856 2793 3228 2847 Laudabilitcr
3275 2792 3457 2846 vivere
3506 2792 3742 2857 studeat,
3771 2800 3826 2846 et
3876 2791 4088 2847 laudari

2502 2898 2609 2937 non
2661 2894 2895 2954 appetat.
2937 2885 3011 2939 Te
3058 2885 3297 2938 timendo
3354 2899 3515 2954 super
3566 2884 3747 2939 omnia
3805 2893 3982 2950 amet,
4039 2893 4093 2938 et

2504 2975 2734 3031 amando
2768 2977 2820 3030 in
2866 2976 3120 3031 omnibus
3171 2985 3224 3031 te
3280 2976 3490 3031 timeat.
3526 2975 3605 3031 Tu
3640 2977 3711 3042 ei,
3740 2977 3985 3041 Domine,
4017 2978 4092 3032 sis

2502 3068 2776 3139 gaudium,
2810 3077 2867 3123 tu
2898 3069 2951 3123 in
2982 3082 3214 3125 maerore
3252 3069 3535 3135 solatium,
3570 3078 3626 3123 tu
3659 3070 3711 3124 in
3743 3070 4092 3140 ambiguitate

2503 3157 2809 3213 consilium.
2855 3159 2913 3213 In
2964 3158 3160 3227 injuria
3214 3160 3288 3214 sis
3340 3159 3616 3225 defensio,
3668 3161 3721 3215 in
3774 3172 4091 3232 paupertate

809 3264 939 3319 fidei
970 3273 1168 3318 nostrae
1199 3264 1507 3329 thesaurus,
1539 3277 1697 3332 quem
1726 3262 1997 3331 signatum
2029 3260 2400 3315 ecclesiastico
2424 3265 2473 3328 ο
2510 3248 2862 3314 (mundanum
2893 3251 2947 3305 ίη
2995 3250 3201 3321 hilum”
3252 3252 3426 3315 Cibllso
3462 3252 3512 3307 3“
3567 3253 3879 3309 ίηίῖΐῐηῖιῦῐο
3925 3256 4092 3311 medi-

810 3354 1053 3425 symbolo
1104 3355 1459 3419 custodimus,
1492 3354 1632 3423 quod
1680 3353 1732 3406 in
1779 3351 2106 3422 baptismate
2158 3353 2400 3423 suscepi-

810 3460 953 3501 mus.
987 3445 1077 3503 Sic
1128 3461 1311 3502 coram
1363 3447 1473 3501 Deo
1527 3445 1692 3500 corde
1746 3444 2040 3510 credimus,
2084 3444 2166 3499 sic
2214 3426 2398 3499 coram

806 3538 1061 3593 omnibus
1108 3538 1419 3594 hominibus
1469 3552 1563 3592 ore
1607 3535 1952 3603 confitemur,
1986 3546 2046 3591 ut
2092 3537 2400 3592 hominibus

808 3629 970 3684 fnlem
1004 3645 1099 3685 sua
1131 3630 1370 3701 cognitio
1420 3629 1603 3697 faciat,
1635 3637 1690 3685 et
1738 3629 1917 3701 imago
1955 3644 2053 3686 sua
2096 3631 2207 3686 Deo
2251 3632 2399 3687 testi—

806 3721 1047 3776 monium
1078 3722 1288 3777 reddat.
1321 3741 1341 3775 ι

879 3812 933 3867 9.
979 3811 1101 3869 Haec
1129 3822 1183 3869 et
1214 3814 1317 3869 alia
1346 3813 1717 3883 hujuscemodi
1751 3817 2033 3872 innumera
2064 3818 2188 3873 fidei
2218 3833 2400 3874 sacra-

806 3915 994 3959 menta
1030 3906 1208 3976 palam
1252 3908 1505 3963 omnibus
1546 3908 1817 3978 replicans
1854 3909 2206 3981 llunegnndis
2247 3911 2400 3981 virgo

804 3994 1173 4061 develissima,
1208 3998 1430 4053 auribus
1454 3999 1749 4054 astantium
1775 4000 1992 4055 salubre
2015 4002 2400 4056 commercium

809 4087 1100 4154 prmstitit,
1135 4096 1192 4142 et
1222 4087 1469 4145 faucibus
1516 4091 1773 4161 virgineis
1815 4093 2054 4162 optabile
2100 4093 2396 4148 silentium.

805 4176 957 4231 Tunc
983 4178 1313 4233 venerabilis
1342 4179 1589 4249 pontifex
1622 4195 1847 4235 summae
1890 4182 2034 4236 sedis
2065 4182 2395 4253 apostolicm,

807 4281 1066 4343 reputans
1108 4287 1215 4326 non
1252 4288 1450 4327 sonare
1495 4274 1803 4336 hominem.
1837 4274 1931 4329 sed
1960 4274 2154 4344 .potius
2196 4274 2401 4329 intelli-

806 4380 939 4435 gens
969 4375 1215 4419 sanctum
1246 4379 1500 4419 resonare
1547 4364 1808 4435 Spiritum
1862 4367 2029 4421 castis
2079 4366 2132 4421 in
2176 4366 2402 4421 visceri-

806 4455 929 4519 bus,
968 4470 1152 4509 coram
1186 4456 1393 4509 cunctis
1423 4455 1497 4509 ita
1530 4455 1678 4509 fatur
1707 4474 1719 4509 :
1758 4475 1777 4506 ‹
1810 4456 2101 4512 Benedicta
2143 4457 2249 4511 filia
2281 4466 2335 4512 tn
2368 4473 2398 4513 a

807 4547 1039 4602 Domino
1066 4547 1176 4603 Deo
1225 4549 1589 4614 exercituum,
1620 4565 1738 4620 quae
1787 4551 1838 4604 in
1889 4559 1976 4605 tua
2026 4560 2205 4607 mente
2258 4567 2395 4622 pura

2505 3342 2651 3397 cina.
2684 3342 2837 3409 Quod
2869 3352 2954 3397 est
2998 3343 3243 3413 professa
3286 3344 3588 3405 custodiat,
3622 3357 3681 3400 nt
3707 3346 3915 3400 hostem
3948 3347 4090 3400 anti-

2502 3448 2667 3501 quum
2700 3432 2981 3503 devincatf,
3016 3443 3069 3487 ct
3100 3434 3351 3489 vitiorum
3406 3436 3595 3491 sordes
3635 3449 3933 3507 expurget,
3961 3454 4094 3507 qna-

2504 3535 2661 3581 tenus
2692 3528 2988 3582 centesimo
3019 3527 3196 3583 fructu
3229 3544 3351 3583 cum
3387 3530 3583 3584 decore
3613 3530 3861 3601 virginali
3890 3546 3953 3587 ac
3985 3531 4095 3584 Vit“

2503 3629 2677 3674 tntum
2709 3621 3046 3692 lampadibus
3088 3632 3404 3689 exornetur,
3439 3612 3493 3679 et
3537 3625 3605 3679 ad
3637 3625 3931 3681 electarum
3975 3628 4087 3681 vir-

2501 3712 2683 3782 ginum
2738 3718 3069 3768 consortium
3124 3716 3408 3785 pervenire
3462 3728 3757 3773 mereatur.
3794 3738 3812 3771 ›
3848 3719 4092 3789 Cumque

2500 3821 2691 3861 omnes
2721 3808 3157 3877 respondissent,
3190 3810 3386 3878 Amen,
3446 3821 3665 3868 sanctus
3713 3815 3940 3869 antistes
3993 3815 4089 3869 de-

2500 3900 2753 3954 osculans
2801 3910 2957 3970 caput
3020 3912 3220 3958 sanctae
3260 3903 3484 3973 virginis
3509 3904 3857 3976 Hunegundis
3884 3905 4089 3963 dimisit

2499 4005 2619 4047 eam
2652 4008 2702 4045 Ill
2735 4008 2885 4061 pace.

2574 4084 2660 4137 ll.
2701 4083 2827 4139 llaec
2874 4084 3096 4143 audiens
3142 4088 3436 4154 Eudaldus,
3468 4090 3558 4160 qui
3608 4092 3817 4162 pridem
3867 4101 4094 4150 vocatus

2501 4180 2682 4234 fuerat
2737 4194 2991 4250 Sponsus,
3024 4198 3145 4235 cum
3203 4184 3548 4253 cognovisset
3577 4200 3633 4239 se
3663 4194 4029 4255 contemptum
4061 4202 4091 4240 a

2502 4274 2709 4344 virgine
2759 4274 3069 4346 indignatus
3119 4286 3201 4330 est
3253 4278 3453 4343 animo,
3489 4287 3543 4332 et
3589 4278 3797 4333 cunctis
3845 4280 4093 4334 sensibus

2500 4364 2712 4419 anxiari
2744 4365 2935 4434 ccepit,
2971 4366 3194 4422 volvens
3234 4368 3284 4421 in
3330 4369 3513 4424 animo
3540 4384 3661 4424 cum
3693 4370 3858 4424 nimia
3891 4380 4090 4425 aestua-

2502 4456 2647 4511 tione
2697 4465 2757 4510 nt
2805 4472 2923 4511 eam
2968 4457 3147 4527 gladio
3208 4461 3690 4516 transverberaret.
3740 4461 3845 4517 Sed
3897 4463 4091 4517 timens

2501 4550 2781 4606 incurrere
2833 4551 3132 4620 periculum
3188 4552 3489 4618 homicidii,
3526 4554 3857 4624 territusque
3905 4555 4091 4609 audita

798 4639 1100 4708 jucundum
1132 4642 1244 4697 Deo
1272 4644 1588 4713 praeparasti
1623 4643 2010 4699 habitaculum.
2032 4644 2147 4700 Non
2180 4655 2395 4717 oportet
2423 4631 2474 4691 Ι)
2502 4642 2771 4697 sententia
2807 4643 3076 4698 sermonis
3104 4644 3385 4714 apostolici
3415 4660 3577 4714 quam
3611 4645 3894 4700 retulimus
3917 4687 3932 4712 ,
3964 4649 4091 4717 quia

805 4745 937 4801 ergo
984 4740 1233 4786 sanctum
1289 4732 1600 4787 contristari
1659 4732 1969 4803 Spiritum,
2029 4735 2183 4804 cujus
2241 4751 2436 4812 incus,

801 4823 999 4893 pudica
1050 4824 1291 4878 creditur
1342 4839 1463 4879 esse
1516 4826 1839 4880 sacrarium.
1897 4828 2187 4897 Apostolus
2245 4829 2389 4884 enim

808 4915 979 4983 dicit,
1038 4918 1163 4987 quia
1218 4927 1366 4973 caste
1422 4919 1665 4975 viventes
1724 4920 1920 4990 templa
1978 4930 2106 4974 sunt
2158 4920 2391 4991 Spiritus

801 5009 974 5066 sancti
1030 5008 1082 5078 (Ι
1113 5009 1235 5064 Cor.
1269 5009 1391 5081 xn),
1423 5019 1479 5065 et
1526 5011 1645 5066 ideo
1694 5012 1941 5081 quisquis
1992 5012 2249 5082 templum
2297 5013 2392 5068 Dei

800 5102 1087 5159 violaverit
1119 5103 1393 5173 disperdet
1444 5101 1593 5157 illum
1642 5104 1805 5159 Deus.
1835 5103 2062 5159 Multum
2116 5115 2199 5160 est
2248 5109 2301 5160 in
2343 5114 2394 5161 te

808 5198 1151 5253 venerandus
1180 5196 1268 5251 ille
1296 5195 1494 5251 artifex
1524 5210 1786 5261 summus,
1812 5197 1903 5266 qui
1932 5207 2187 5268 Operatur
2211 5199 2393 5253 omnia

802 5286 857 5340 in
882 5288 1156 5354 omnibus,
1188 5289 1435 5344 dividens
1474 5286 1699 5358 singulis
1738 5298 1899 5359 prout
1938 5290 2072 5345 vult.
2109 5291 2201 5344 Eia
2244 5292 2395 5363 virgo

800 5384 974 5442 casta,
1004 5379 1088 5432 eia
1125 5395 1279 5435 mens
1309 5382 1526 5450 pudica,
1563 5380 1779 5451 suscipe
1807 5381 1951 5451 quod
1991 5384 2162 5437 amori
2188 5392 2393 5439 aeterno

800 5466 1079 5538 proficiat;
1111 5468 1293 5524 oblata
1322 5471 1524 5525 etenim
1554 5470 1647 5526 tibi
1688 5487 1717 5525 a
1750 5471 1869 5527 viro
1898 5474 2264 5544 corruptibilis
2292 5475 2392 5530 sub

804 5570 981 5578 Α-Α-.-
1014 5573 1097 5578 ___

2503 4748 2609 4789 non
2662 4744 2877 4806 oportet
2926 4744 3173 4813 sanctum
3229 4736 3542 4791 contristari
3591 4734 3882 4806 Spiritum,
3936 4737 4090 4806 cujus

2504 4835 2688 4882 sancta
2726 4828 2881 4898 virgo
2929 4836 3049 4884 erat
3095 4828 3448 4894 domicilium,
3492 4828 3646 4897 juxta
3698 4827 3851 4883 Pauli
3901 4843 4091 4885 vocem

2504 4920 2596 4975 ubi
2625 4920 2788 4987 dicit,
2821 4921 2964 4990 quod
3002 4930 3150 4977 caste
3180 4921 3425 4975 viventes
3459 4921 3656 4991 templa
3699 4929 3824 4976 sunt
3855 4919 4090 4991 Spiritus

2502 5013 2678 5067 sancti
2714 5011 2762 5082 (1
2797 5013 2921 5067 Cor.
2956 5012 3040 5077 ιιι)
3076 5032 3089 5067 :
3124 5014 3353 5085 ideoque
3401 5014 3649 5083 quisquis
3702 5012 3957 5081 templum
3993 5012 4087 5068 Dei

2495 5105 2702 5161 violare
2733 5107 3345 5178 tentaverit,disperdet
3386 5107 3536 5162 illum
3579 5107 3741 5173 Dens,
3772 5106 4087 5177 paenitentia

2496 5201 2688 5258 ductus
2720 5214 2824 5254 non
2853 5207 2937 5255 est
2963 5215 3083 5255 eam
3110 5215 3274 5254 ausus
3310 5201 3628 5271 contingere
3654 5200 3876 5255 diutius.
3909 5199 4087 5253 Missis

2498 5293 2679 5362 itaque
2703 5292 2929 5358 nuntiis,
2958 5300 3198 5348 sanctam
3223 5292 3491 5363 virginem
3523 5292 3723 5361 sprevit
3750 5307 3777 5347 a
3810 5292 4083 5346 consortio

2500 5394 2555 5439 et
2586 5400 2613 5438 a
2648 5385 2908 5439 comitatu
2954 5399 3065 5439 suae
3114 5384 3472 5444 rcversionis.
3506 5384 3885 5454 derelinquens
3938 5382 4085 5437 illam

2502 5474 2673 5531 solam
2704 5475 2787 5528 via
2820 5474 3057 5544 publica,
3092 5485 3145 5528 et
3176 5475 3504 5530 subtrahens
3535 5474 3609 5529 illi
3639 5474 3817 5529 omnia
3850 5474 3914 5527 ad
3951 5472 4083 5527 tanti

3135 5564 3175 5578 '\
