4466 5578
415 370 480 426 57
515 450 517 452 η
1576 377 1663 432 DE
1704 378 1860 435 VITA
1904 382 1963 436 S.
2004 383 2473 447 HUNEGUNDIS.
3608 411 3674 467 58

410 488 575 558 coepit
606 490 834 545 viriliter
862 508 1022 563 agere
1042 506 1097 551 et
1126 498 1421 556 confortari
1453 502 1505 556 in
1536 502 1784 570 Domino,
1810 507 1994 563 dicens
2022 514 2067 573 Α
2100 511 2241 567 malo
2268 517 2734 585 eum'custodivit,
2767 536 2835 575 ne
2874 532 3123 591 peccaret
3156 525 3208 580 in
3237 537 3478 583 sanctam
3507 532 3673 601 virgi-

408 582 496 636 iIla
540 584 945 657 Psalmograpbi
986 592 1196 646 cantica
1234 612 1245 645 :
1295 593 1552 649 Dominus
1600 599 1767 665 pascit
1816 616 1895 652 mc
1942 608 1990 653 et

409 677 540 730 nihil
564 680 690 731 mihi
714 681 900 747 deerit,
923 683 975 736 in
1000 684 1112 738 loco
1134 703 1345 754 priscum
1368 689 1440 741 ibi
1463 706 1542 743 me
1566 690 1855 757 collocarit,
1881 703 1985 746 etc.

408 768 579 838 (Psnl.
614 772 772 842 xxii).
808 772 1085 831 Deduxisti
1131 780 1273 833 enim
1325 795 1410 834 me
1459 782 1511 836 in
1556 792 1770 851 portum
1801 784 1990 837 volun-

407 864 533 917 tatis
566 873 670 919 tuae
700 880 713 918 :
748 867 1119 925 misericordia
1154 881 1242 925 tua
1264 913 1277 935 ,
1307 872 1523 929 Christe
1544 914 1558 939 ,
1591 875 1818 931 obsecro
1848 891 1988 945 pra!-

404 956 580 1021 cedat,
613 968 667 1011 et
708 960 1069 1031 subsequatur
1109 980 1193 1019 me
1215 1006 1228 1029 ,
1261 974 1319 1020 ut
1350 983 1565 1024 merear
1606 970 1892 1039 pervenire
1924 970 1989 1023 ad

402 1056 646 1117 Optatum
684 1054 965 1109 servitium
1004 1066 1206 1113 sanctae
1236 1058 1462 1130 virginis
1491 1059 1693 1115 Marite.
1724 1061 1789 1116 Et
1818 1071 1874 1115 ut
1905 1061 1987 1115 in-

404 1141 652 1197 habitare
682 1144 889 1200 valeam
921 1148 972 1201 in
1009 1149 1356 1206 tabernaculo
1387 1160 1479 1207 tuo
1512 1154 1564 1207 in
1598 1153 1791 1209 sazcula
1812 1196 1825 1219 ,
1860 1168 1988 1223 pro-

405 1241 557 1300 tegar
585 1251 717 1306 rogo
746 1238 797 1291 in
825 1238 1131 1295 velamento
1158 1241 1365 1297 alarum
1400 1252 1634 1300 tuarum.

476 1326 559 1380 I2.
614 1329 781 1399 Igitur
808 1332 909 1386 hac
954 1335 1164 1403 expleta
1196 1337 1459 1400 oratione,
1493 1339 1657 1409 cmpit
1702 1340 1811 1395 sola
1862 1356 1989 1411 pro-

402 1421 589 1485 ficisci,
637 1433 693 1478 et
746 1424 812 1477 ad
844 1426 1172 1483 voluntatem
1217 1431 1309 1484 Dei
1345 1430 1547 1486 Gallias
1585 1447 1849 1493 remeare.
1906 1432 1988 1486 lu—

400 1525 583 1571 strans
612 1518 767 1573 devia
800 1529 853 1573 et
884 1522 1088 1591 pervia,
1137 1531 1297 1593 atque
1338 1539 1565 1592 poscens
1621 1525 1722 1579 sibi
1779 1540 1991 1594 semper

398 1606 587 1667 adfore
610 1619 919 1664 sanctorum
970 1614 1243 1681 praesidia,
1292 1614 1545 1669 derelicta
1594 1616 1858 1685 siquidem
1890 1618 1989 1670 hu-

400 1712 561 1753 mano
588 1700 803 1764 solatio,
836 1704 927 1756 sed
974 1704 1187 1759 suffulta
1221 1715 1274 1760 et
1304 1715 1547 1776 protecta
1592 1707 1793 1763 Christi
1821 1708 1989 1763 comi-

398 1802 549 1847 tante
578 1796 772 1861 gratia.
806 1797 936 1851 Erat
980 1814 1213 1869 namque
1243 1816 1471 1871 pergens
1508 1801 1560 1855 in
1593 1802 1807 1867 itinere,
1835 1802 1986 1872 quasi

390 1881 502 1949 jam
553 1884 755 1955 degens
798 1888 896 1941 sub
950 1890 1253 1944 inonastico
1284 1891 1563 1961 regimine,
1595 1891 1679 1945 vel
1706 1900 1763 1945 ut
1811 1893 1986 1948 dicant

398 1975 581 2041 altius,
621 1978 773 2046 quasi
804 1987 1023 2033 sanctus
1059 1981 1347 2035 eremicola
1382 1981 1599 2037 Christo
1635 1982 1901 2038 famulans
1934 1985 1985 2039 in

397 2078 602 2123 remota
632 2071 800 2125 eremi
833 2070 1143 2127 solitudine.
1180 2074 1378 2128 Diebus
1414 2075 1608 2144 quippe
1652 2076 1805 2131 festis
1832 2089 1985 2132 utens

395 2177 535 2230 pane
564 2163 678 2217 solo
707 2173 761 2219 et
798 2180 933 2235 aqua
965 2167 1301 2234 parcissima,
1342 2168 1561 2238 reliquis
1598 2186 1735 2239 pane
1784 2172 1983 2226 cineri-

391 2255 495 2309 lms
526 2259 813 2313 commisto
852 2268 904 2313 et
934 2260 1222 2314 herbarum
1255 2264 1615 2333 arborumque
1648 2264 1983 2333 pastionibus

394 2346 667 2402 defessum
722 2348 999 2405 refovebat
1058 2355 1456 2423 corpusculum.
1510 2357 1657 2411 Unde
1696 2358 1837 2426 quod
1889 2374 1985 2425 per

394 2450 638 2493 sanctam
669 2442 931 2512 virginem
959 2443 1219 2499 Dominus
1238 2444 1490 2517 dignatus
1520 2458 1602 2503 est
1632 2449 1842 2519 cperari
1880 2449 1981 2502 mi-

389 2532 659 2597 raculum,
693 2549 798 2588 non
827 2544 908 2589 est
936 2547 1121 2591 nostro
1146 2538 1360 2593 silentio
1393 2542 1800 2595 transeundum.

464 2622 550 2677 15.
601 2623 734 2678 Cum
766 2626 1055 2695 prmdictus
1104 2629 1374 2686 Eudaldus
1417 2632 1581 2685 nimia
1614 2633 1981 2705 indignatione

391 2715 765 2769 stomachatus
793 2731 851 2771 se
873 2728 1239 2789 contemptum
1262 2723 1585 2778 omnimodis
1602 2728 1978 2795 comperisset,

390 2813 445 2858 et
476 2806 530 2858 in
558 2816 802 2862 sanctam
836 2810 1099 2879 virginem
1128 2812 1289 2867 vellet
1314 2814 1405 2869 sed
1437 2831 1539 2869 non
1560 2817 1781 2873 auderet
1803 2820 1980 2889 gladio

385 2894 668 2967 insurgere
692 2940 708 2965 ,
737 2910 965 2970 accepto
1010 2904 1235 2959 consilio
1271 2920 1299 2958 a
1331 2908 1564 2975 quodam
1596 2924 1753 2978 quem
1796 2926 1978 2969 secum

386 2992 615 3047 duxerat
646 2992 856 3047 itineris
905 2996 1131 3061 socium,
1180 3000 1393 3054 concite
1442 3002 1508 3054 ad
1559 3012 1843 3071 paternam
1895 3022 1979 3060 re-

386 3101 572 3139 meare
596 3086 861 3155 disposuit
893 3088 1283 3155 hrcreditalem,
1316 3091 1557 3149 vendens
1576 3095 1978 3153 ctdistribucns

384 3192 641 3242 onerosa,
694 3188 753 3231 ut
807 3179 969 3234 citius
1013 3181 1425 3252 transmigraret
1471 3185 1538 3238 ad
1588 3188 1824 3257 propria.
1866 3188 1978 3243 Iloc

378 3269 566 3337 utique
596 3279 939 3339 pertractans
970 3272 1217 3327 volvebat
1249 3275 1301 3327 in
1350 3277 1549 3339 animo,
1577 3289 1636 3332 ut
1672 3282 1851 3335 omnia
1880 3299 1976 3352 pa-

377 3362 638 3417 trimonia
684 3373 737 3418 et
784 3364 907 3429 jura
941 3365 1285 3421 brercditaria
1336 3369 1562 3441 virginis
1615 3374 1891 3441 venderet,
1923 3386 1976 3432 et

376 3468 499 3522 quze
532 3454 771 3509 vendere
800 3470 903 3509 non
928 3467 1113 3526 posset
1143 3459 1197 3512 in
1239 3460 1467 3516 nihilum
1494 3465 1784 3534 redigeret,
1815 3478 1868 3523 et
1897 3471 1976 3524 sic

376 3543 621 3599 funditus
649 3560 709 3599 ea
734 3562 854 3602 eum
881 3551 1026 3603 onmi
1057 3552 1373 3622 supellectili
1399 3558 1753 3629 etmancipiis
1776 3564 1975 3618 exstir-

375 3646 553 3707 paret.
575 3636 759 3706 Itaque
775 3655 896 3693 cum
921 3639 1273 3699 velocissimis
1290 3646 1560 3715 equitibus
1586 3648 1786 3723 [equis]
1812 3669 1974 3723 expe-

376 3728 739 3798 ditamcmpit
768 3746 995 3799 carpere
1039 3733 1206 3800 viam,
1238 3734 1467 3794 efferens
1507 3755 1565 3795 se
1600 3750 1767 3796 totum
1805 3746 1972 3813 perfi-

374 3832 504 3872 cere
541 3818 594 3872 in
621 3834 806 3889 opere,
834 3820 977 3895 quod
1007 3821 1134 3877 olim
1190 3825 1375 3881 doloso
1426 3842 1747 3901 conceperat
1781 3835 1967 3890 corde.

373 3906 532 3974 Quod
570 3920 811 3964 sanctam
856 3912 1123 3983 virginem
1172 3932 1510 3988 nequaquam
1555 3921 1723 3979 latere
1774 3927 1967 3993 potuit,

377 4016 503 4069 qum
533 4000 816 4057 Dominum
855 4006 1116 4060 scientem
1160 4011 1341 4064 omnia
1389 4012 1441 4065 in
1475 4016 1654 4069 cordis
1684 4017 1971 4088 hospitiolo

372 4095 561 4149 locare
586 4096 813 4149 curavit.
872 4096 1057 4168 Itaque
1108 4101 1200 4155 Dei
1242 4104 1467 4169 ancilla,
1500 4106 1680 4162 divino
1713 4110 1969 4167 instinctu

370 4200 618 4259 permota
658 4202 822 4264 atque
870 4193 1053 4249 afﬂatu
1103 4199 1272 4252 sancti
1329 4198 1563 4269 Spiritus
1615 4204 1878 4275 vigorate,
1912 4217 1969 4262 ut

369 4293 491 4338 erat
522 4284 703 4353 pedes.
761 4288 974 4341 cunctis
1014 4289 1288 4357 equitibus
1337 4300 1391 4345 et
1438 4295 1690 4350 curribus
1728 4297 1969 4355 velocior

368 4371 620 4442 efﬁcitur,
649 4377 757 4432 imo
785 4393 883 4448 per
912 4378 1072 4433 aliam
1100 4380 1243 4435 viam
1269 4382 1543 4451 gradiens,
1576 4401 1765 4443 omnes
1792 4398 1845 4444 et
1874 4406 1971 4445 an-

371 4467 637 4535 tevolans,
668 4472 882 4528 veloces
910 4484 1262 4543 prtecesserat
1285 4491 1497 4533 currus.
1545 4480 1783 4551 Denique
1822 4486 1969 4554 prior

375 4561 434 4614 in
479 4568 676 4616 terram
710 4578 822 4618 sum
851 4565 1148 4621 nativitatis
1176 4568 1441 4637 pervenit,
1465 4579 1520 4624 et
1541 4573 1718 4627 omnia
1753 4590 1845 4629 sua
1870 4593 1967 4647 pro
1991 4602 2045 4663 Β

364 4662 498 4708 voto
524 4662 578 4708 et
609 4654 763 4710 libitu
796 4658 847 4711 in
878 4657 997 4713 loco
1022 4675 1183 4729 quem
1218 4661 1376 4732 vulgo
1401 4664 1961 4737 dieuntHumolarias,

364 4756 573 4804 sancta:
597 4749 687 4805 Dei
711 4752 962 4822 genitrici
1000 4752 1187 4811 Marim
1212 4771 1379 4826 seque
1409 4757 1568 4812 simul
1600 4768 1656 4812 ut
1684 4769 1965 4830 Optaverat

361 4843 694 4898 servituram
720 4845 849 4901 inibi
884 4846 1102 4903 Christo
1135 4849 1261 4903 dum
1296 4850 1574 4906 adviveret
1613 4854 1959 4912 contradidit.

444 4934 530 4988 I4.
574 4934 689 4991 Non
717 4946 839 5007 post
883 4938 1109 4994 multum
1145 4956 1275 4996 vero
1333 4945 1592 5015 temporis
1640 4958 1962 5015 persecutus

358 5025 511 5081 idem
544 5025 818 5083 Eudaldus
850 5029 918 5083 ad
946 5040 1127 5086 votum
1158 5032 1481 5102 explendum
1511 5036 1749 5105 devenit,
1792 5055 1961 5111 seque

352 5116 611 5171 omnium
645 5132 819 5173 rerum
870 5120 1097 5192 virginis
1148 5138 1519 5195 possessorem
1569 5136 1623 5182 et
1677 5131 1957 5189 dominum

349 5208 625 5281 przetulit,
674 5212 918 5267 nesciens
960 5216 1101 5285 quod
1151 5215 1265 5285 jam
1317 5222 1640 5276 transissent
1683 5223 1865 5279 omnia
1904 5227 1959 5285 in

345 5304 578 5361 cultum
606 5304 698 5358 Dei
743 5316 795 5361 et
825 5318 1025 5367 sanctre
1076 5313 1171 5369 Dei
1205 5313 1494 5373 Genitricis
1536 5322 1821 5376 tutamina.
1854 5318 1957 5387 Qui

346 5416 479 5455 cum
524 5400 863 5468 cognovisset
912 5418 1162 5464 eventum
1211 5408 1307 5475 rei,
1348 5420 1401 5466 et
1430 5422 1538 5468 tam
1571 5414 1758 5471 auditu
1790 5428 1955 5484 quam

344 5494 475 5548 visu
540 5490 820 5548 didicisset
867 5506 983 5553 acta
1032 5500 1263 5572 virginis
1308 5505 1559 5569 veridica,
1612 5519 1869 5562 reversus
1898 5508 1954 5565 in

2096 618 2235 666 nem,
2269 615 2323 659 et
2355 607 2624 664 furentem
2651 611 2702 665 in
2733 615 3047 672 reversione
3079 633 3183 672 non
3214 620 3459 689 permisit
3485 624 3675 679 merito

2094 696 2433 753 occumbere.
2490 700 2689 773 Dignos
2730 705 2890 777 igitur
2934 708 3137 765 fructus
3173 714 3500 783 paenitentia:
3554 733 3674 787 per-

2096 801 2262 856 agens
2293 805 2454 860 super
2485 792 2569 848 his
2594 810 2713 865 qure
2742 810 2983 868 gesserat
3010 801 3061 855 in
3097 803 3378 873 virginem,
3400 822 3501 860 non
3527 818 3676 877 pote-

2093 888 2179 933 rat
2210 880 2451 938 invenire
2477 886 2671 955 quibus
2701 889 2946 947 laudibus
2970 910 3085 949 eam
3110 897 3410 963 extolleret,
3444 900 3525 953 vel
3558 901 3677 971 qui-

2093 967 2192 1023 bus
2218 974 2533 1031 muneribus
2560 977 2675 1047 ejus
2696 979 2889 1037 faciem
2913 986 3296 1055 complacaret,
3330 999 3387 1044 ut
3412 991 3496 1045 vel
3524 993 3591 1047 ab
3611 1007 3675 1048 ea

2092 1057 2262 1115 videri
2318 1077 2643 1134 mereretur,
2689 1081 2783 1127 aut
2831 1074 2942 1145 ipsa
3001 1093 3098 1147 pro
3136 1094 3200 1135 eo
3226 1094 3413 1150 preces
3462 1082 3678 1139 Christo

2092 1149 2317 1207 fundere
2340 1156 2672 1227 dignaretur.
2698 1164 2937 1221 Tandem
2963 1170 3162 1225 salubri
3196 1183 3406 1243 reperto
3428 1177 3674 1244 consilio,

2094 1246 2443 1316 semetipsum
2471 1251 2523 1305 in
2554 1252 2858 1312 humilitate
2896 1261 3075 1315 cordis
3102 1274 3154 1316 ct
3185 1267 3429 1333 corporis
3458 1268 3675 1334 obtulit,

2092 1352 2156 1391 ac
2187 1350 2456 1407 prostrato
2486 1360 2712 1415 corpore
2735 1366 2917 1405 coram
2962 1370 3117 1409 sacro
3148 1356 3305 1412 altari
3337 1360 3428 1414 Dei
3455 1364 3679 1431 genitri-

2092 1428 2171 1483 cis
2200 1429 2382 1487 Μαι-ξω
2422 1436 2634 1492 veniam
2686 1440 2751 1494 de
2802 1444 3107 1500 commissis
3158 1452 3473 1518 cxpOposcit
3507 1472 3517 1505 :
3551 1467 3678 1507 con-

2091 1533 2358 1592 versoque
2406 1527 2554 1582 vultu
2587 1546 2695 1599 quo
2738 1534 3007 1590 residebat
3049 1538 3201 1609 virgo
3238 1543 3449 1603 caelebs,
3501 1546 3677 1614 poscit

2092 1614 2192 1668 sibi
2224 1616 2489 1683 misereri,
2540 1623 2875 1695 multumque
2904 1640 3155 1697 precatur
3196 1641 3255 1686 ut
3284 1648 3442 1702 quem
3469 1638 3678 1705 pridem

2090 1706 2335 1763 voluerat
2389 1710 2592 1768 habere
2646 1730 2934 1785 sponsum,
2990 1721 3180 1776 saltem
3214 1732 3341 1779 tunc
3365 1726 3678 1794 dignaretur

2092 1797 2366 1867 suscipere
2393 1816 2631 1857 servum.
2680 1823 2698 1856 ε
2736 1806 3003 1873 Quoniam
3041 1827 3143 1874 me,
3197 1813 3392 1883 inquit,
3428 1817 3494 1870 ad
3540 1817 3679 1883 inju-

2015 1872 2063 1932 Β
2092 1886 2227 1941 riam
2278 1894 2644 1961 corruptibilis
2685 1901 2945 1955 amatoris
2992 1918 3097 1957 non
3152 1909 3524 1976 postposuisti,
3578 1925 3679 1976 nec

2092 1980 2223 2034 mihi
2270 1983 2700 2057 qualemcunque
2742 2006 3028 2060 personam
3075 2002 3351 2063 potentem
3407 2008 3499 2052 aut
3556 2000 3677 2055 inli-

2092 2088 2235 2127 mam
2294 2081 2654 2148 prmposuisti,
2688 2085 2779 2137 sed
2811 2100 2989 2155 regem
3028 2089 3346 2145 szeculorum
3385 2102 3438 2146 et
3469 2103 3681 2149 creato-

2091 2176 2203 2215 rem
2226 2166 2467 2220 omnium
2502 2169 2631 2223 mihi
2663 2173 2967 2240 prmtulisti,
3023 2177 3225 2246 tibique
3256 2194 3512 2248 sponsum
3567 2199 3678 2238 cu}-

2090 2249 2275 2306 lestem
2307 2255 2358 2307 in
2394 2265 2510 2311 toro
2539 2259 2786 2328 virginali
2835 2265 3098 2331 ascivisti,
3127 2282 3253 2321 ecce
3286 2278 3485 2323 memet
3516 2279 3677 2342 atque

2089 2358 2205 2398 mea
2238 2356 2515 2416 gratanter
2565 2350 2734 2407 offero
2766 2354 2840 2408 illi
2874 2369 2888 2407 :
2919 2366 2973 2409 et
2997 2373 3113 2427 qure
3167 2360 3259 2413 tibi
3305 2362 3430 2415 olim
3476 2365 3679 2420 contuli

2088 2439 2308 2503 dotalia,
2346 2444 2494 2498 trade
2516 2459 2713 2513 sponso
2751 2464 2879 2504 vero
2927 2450 3053 2505 Jesu
3088 2452 3304 2509 Christo
3345 2456 3395 2510 in
3429 2474 3675 2515 sororum

2086 2535 2975 2612 egenorumquealimonianLEgo,
2995 2543 3237 2613 inquam,
3253 2547 3377 2600 dum
3394 2550 3674 2619 advivero,

2087 2620 2319 2690 dumque
2370 2638 2567 2694 corpus
2614 2627 2715 2681 hoc
2771 2640 3074 2699 gestavero,
3110 2645 3231 2691 tuus
3266 2650 3588 2707 procurator
3619 2643 3670 2695 in

2086 2715 2445 2770 exterioribus
2469 2734 2588 2773 esse
2634 2723 2867 2786 curabo,
2905 2734 2959 2778 et
3015 2737 3137 2796 post
3194 2740 3424 2785 mortem
3457 2748 3673 2789 omnem

2087 2819 2261 2857 meam
2291 2807 2677 2875 supellectilem
2707 2827 2827 2866 cum
2858 2816 3019 2871 rebus
3044 2827 3096 2871 et
3124 2822 3407 2890 mancipiis
3432 2838 3527 2890 per
3572 2825 3674 2880 hoc

2086 2896 2429 2951 auctoritatis
2458 2908 2843 2956 testamentum
2878 2908 3266 2975 perpetualiter
3299 2911 3451 2965 trado
3482 2913 3533 2965 in
3577 2915 3674 2967 ho—

2084 2998 2270 3039 norem
2306 2987 2395 3040 Dei
2429 2990 2815 3059 omnipotentis
2843 3004 3004 3064 atque
3031 3006 3229 3052 sancta:
3261 3000 3350 3053 Dei
3382 2999 3673 3059 Genitricis

2083 3074 2325 3146 virginis.
2364 3096 2383 3129 ι
2423 3077 2489 3131 Et
2523 3081 2849 3137 conﬁrmans
2876 3095 3252 3142 testamentum
3298 3090 3670 3159 hujuscemodi

2082 3178 2215 3221 voce
2242 3166 2417 3243 palam
2451 3171 2701 3226 onmibus
2726 3173 2903 3228 dixit:
2943 3193 2960 3226 ‹
2992 3174 3118 3231 Haec
3161 3193 3190 3231 a
3236 3194 3321 3234 me
3371 3197 3515 3236 nunc
3556 3201 3674 3240 sus-

2084 3256 2225 3327 cipe,
2279 3258 2432 3331 virgo
2483 3263 2809 3331 castissima,
2866 3282 3155 3339 meumque
3205 3272 3437 3328 cadaver
3467 3276 3519 3329 in
3569 3278 3671 3332 hoc

2084 3347 2202 3404 loco
2250 3351 2620 3408 tumulandum
2666 3356 2771 3412 tuis
2819 3359 3071 3427 precibus
3104 3362 3330 3433 impera,
3363 3375 3422 3419 ut
3466 3383 3588 3422 cum
3620 3379 3671 3424 te

2083 3458 2176 3497 rex
2232 3460 2495 3514 supernus
2566 3463 2629 3503 ac
2688 3450 2928 3507 ctelestis
2981 3469 3210 3523 sponsus
3265 3458 3318 3511 in
3369 3460 3665 3517 thalamum

2083 3535 2452 3590 transduxcrit
2503 3538 2824 3609 virgineum,
2863 3556 2963 3611 ego
2997 3553 3143 3598 veste
3175 3546 3400 3616 nuptiali
3434 3550 3667 3605 cireum-

2079 3627 2235 3683 datus
2256 3638 2417 3699 atque
2447 3633 2569 3702 agni
2599 3633 2796 3688 vellere
2824 3635 2980 3691 niveo
3005 3639 3335 3707 succinctus,
3377 3642 3519 3699 inter
3546 3660 3669 3699 con-

2079 3720 2232 3776 vivas
2280 3738 2480 3778 mcnste
2529 3725 2669 3795 regis
2693 3727 2963 3796 particeps
2993 3729 3119 3783 vitm
3149 3732 3385 3789 caelestis
3408 3750 3667 3806 apparere

2079 3828 2295 3870 merear
2322 3816 2407 3871 vel
2437 3817 2677 3874 ultimus.
2713 3839 2731 3872 ι

2150 3906 2238 3961 15.
2287 3905 2530 3963 Obtinuit
2564 3924 2693 3979 ergo
2739 3913 2882 3982 quod
2931 3916 3157 3984 expetiit
3201 3926 3257 3973 et
3307 3934 3429 3973 cum
3475 3932 3662 3977 sancta

2079 3998 2244 4053 animi
2272 3999 2559 4055 devotione
2596 4002 2881 4057 incolumis
2910 4007 3173 4060 remeavit
3214 4009 3279 4062 ad
3306 4012 3544 4080 propria.
3565 4012 3665 4067 Cui

2077 4091 2335 4147 Dominus
2366 4093 2501 4148 bene
2531 4094 2745 4150 vivendi
2796 4097 3024 4151 contulit
3080 4097 3393 4166 efﬁcaciam,
3441 4102 3667 4174 ejusque

2076 4199 2257 4245 votmn
2290 4191 2355 4245 ad
2384 4191 2677 4262 Optabilcm
2702 4193 2953 4261 perduxit
2975 4194 3248 4249 effectum.
3282 4194 3415 4251 Nam
3440 4200 3665 4255 devotus

2074 4284 2207 4349 Deo,
2261 4284 2404 4339 ultra
2444 4300 2603 4354 quam
2652 4286 2882 4341 fuissent
2929 4288 3235 4342 necessaria
3285 4290 3667 4346 sacratissima:

2075 4380 2279 4435 studuit
2306 4378 2720 4435 subministrare
2752 4380 2968 4452 virgini,
3013 4382 3323 4452 pariterque
3369 4382 3424 4437 in
3462 4392 3664 4439 statuto

2074 4474 2411 4529 xcnodocbio
2455 4475 2629 4529 vietus
2678 4483 2731 4528 et
2783 4476 3010 4530 vestitus
3058 4475 3286 4545 prmbuit
3329 4476 3661 4531 alimoniam.

2072 4567 2261 4622 Fultus
2290 4568 2482 4623 deinde
2513 4567 2828 4623 multimoda
2884 4568 3087 4623 Christi
3140 4570 3351 4633 virtute,
3400 4585 3463 4625 ac
3494 4573 3662 4627 dedu-

2072 4674 2203 4715 cens
2228 4668 2441 4728 tempus
2469 4660 2591 4715 vitae
2616 4660 2666 4712 in
2700 4659 3070 4729 hujuscemodi
3110 4662 3443 4731 operatione,
3469 4674 3665 4717 exutus

2068 4762 2153 4808 est
2198 4752 2481 4823 praesentis
2535 4750 2716 4808 saeculi
2769 4753 3041 4824 contagio,
3078 4766 3140 4806 ac
3184 4751 3503 4822 perfunctus
3546 4754 3665 4809 luce

2071 4844 2409 4911 transitoria,
2445 4844 2649 4900 audivit
2688 4845 2755 4900 de
2784 4846 3032 4916 supernis
3078 4859 3266 4900 vocem
3320 4844 3420 4901 sibi
3447 4846 3563 4903 tunc
3587 4846 3665 4901 loc

2067 4939 2160 5007 qui
2197 4956 2209 4991 :
2244 4935 2413 5007 Euge,
2442 4953 2582 4993 serve
2632 4935 2762 4991 bone
2802 4947 2849 4991 et
2901 4938 3093 5007 ﬁdelis,
3122 4936 3248 5006 quia
3294 4952 3450 5005 super
3498 4952 3669 5009 pauca

2069 5029 2219 5099 fuisti
2246 5030 2614 5100 ﬁdelis,super
2636 5028 2804 5083 multa
2826 5040 2875 5085 te
2894 5032 3246 5095 constituam;
3278 5030 3386 5085 eris
3415 5032 3672 5099 princeps

2069 5123 2257 5181 decem
2323 5124 2627 5181 civitatum.
2688 5120 2842 5179 Tunc
2893 5125 3052 5181 beata
3102 5121 3253 5190 virgo
3295 5121 3671 5195 Hunegundis,

2068 5227 2307 5274 mentem
2342 5229 2589 5278 sanctam
2620 5231 2741 5272 cum
2770 5215 3043 5275 oblatione
3084 5214 3337 5273 sacriﬁcii
3368 5230 3468 5285 per
3497 5230 3681 5274 sacer-

2067 5312 2255 5370 dotum
2285 5327 2485 5372 manus
2508 5312 2638 5383 Regi
2669 5326 2861 5382 regum
2880 5314 3105 5371 Christo
3127 5310 3343 5373 obtulit,
3368 5308 3680 5380 deprecans

2066 5417 2123 5462 et
2149 5421 2390 5466 exorans
2418 5408 2705 5469 subvenire
2748 5406 2825 5462 illi
2873 5417 3092 5467 sanctos
3138 5404 3377 5475 angelos,
3414 5420 3480 5461 ac
3514 5402 3680 5461 locari

2065 5499 2185 5571 ejus
2208 5500 2463 5571 spiritum
2490 5506 2629 5561 inter
2658 5500 2860 5561 choros
2884 5504 3156 5578 agminum
3181 5496 3515 5554 caelestium.
3548 5498 3683 5555 Cor-
