4466 5578
817 511 892 573 65
1810 505 2114 571 BERNERI
2154 516 2448 574 ABBATIS
2499 518 3060 576 HUMOLARIENSIS
4011 524 4076 576 (ii

823 621 1094 693 duximus,
1126 636 1393 697 quatenus
1434 627 1749 684 lucidiorem
1774 631 2062 686 reddamus
2112 632 2270 701 hujus
2298 637 2389 688 de-
2417 636 2470 695 Α
2502 637 2728 691 rationis
2777 651 2940 692 causa
2971 636 3292 692 temeritatis
3339 634 3604 689 inactilani
3641 634 3841 700 diluat;
3897 634 4078 694 ﬁnitus

824 720 1134 788 scriptionis
1162 730 1388 786 textum,
1426 733 1482 774 ιιι
1511 721 1667 792 hujus
1691 720 1851 777 olIicii
1899 725 2116 780 nomina
2143 739 2401 794 persona-

825 825 966 874 rum,
993 825 1184 865 causas
1212 826 1411 872 rerum,
1443 827 1703 866 annorum
1737 829 2022 868 numerum
2049 814 2206 868 simul
2236 815 2398 870 etiam

826 904 1023 957 seriem
1055 915 1346 972 temporum
1388 905 1721 972 iiitimemns,
1754 909 1939 978 sicque
1963 908 2116 973 ﬁt,ut
2140 922 2397 979 persona-

829 1011 949 1053 rum
994 995 1232 1067 gravitas
1276 997 1512 1056 levitatis
1541 1008 1742 1070 .notain
1788 999 2042 1068 abjiciat,
2085 999 2401 1055 certissima:

2509 743 2774 782 annorum
2805 742 3061 782 numerus
3105 725 3304 795 aliquid
3355 726 3510 780 nobis
3557 726 3610 780 in
3641 725 3827 779 eodem
3858 740 4079 780 numero

2503 820 2794 890 mysticum
2827 819 3037 882 innuat,
3066 827 3368 889 temporum
3405 831 3618 888 quoque
3655 815 3824 873 series
3849 815 4051 873 miraeu

2505 913 2678 969 lorum
2710 911 2935 983 gloriam
2970 922 3182 984 augeat.

1869 1265 2269 1344 INCIPIT
2330 1262 3016 1344 TRANSLATIO.

896 1448 948 1501 Ξ.
986 1452 1109 1501 Erat
1138 1446 1553 1516 igitnrqumdam
1573 1446 1997 1500 sanctimonialis
2023 1444 2222 1498 femina
2237 1445 2395 1498 Berta

829 1542 1064 1603 nomine,
1093 1555 1210 1608 qute
1242 1540 1294 1592 in
1322 1540 1606 1608 juventute
1634 1553 1729 1591 sua
1758 1538 2091 1606 parentibus,
2117 1549 2174 1592 ut
2203 1538 2400 1602 ferunt,

830 1633 1170 1701 cogentibus,
1195 1647 1315 1686 cum
1345 1632 1458 1685 viro
1479 1631 1663 1697 juncta
1691 1631 1891 1684 fuerat.
1919 1631 2035 1698 Quo
2061 1633 2127 1686 ab
2155 1632 2255 1684 hac
2284 1631 2404 1685 luce

827 1724 1106 1778 subtracto
1136 1725 1323 1777 statuit.
1355 1724 1405 1773 in
1435 1722 1595 1776 corde
1626 1736 1724 1776 suo
1750 1738 1856 1776 non
1909 1722 2136 1791 amplius
2187 1724 2402 1776 mortali

827 1813 1034 1867 servire
1061 1815 1271 1867 marito.
1310 1811 1441 1875 Nam
1496 1812 1680 1868 multis
1719 1813 1985 1868 nobilibus
2030 1823 2083 1867 et
2126 1813 2404 1869 ditissimis

831 1904 957 1956 λιι-ἰῇ
989 1903 1052 1954 ad
1079 1901 1194 1969 ejus
1227 1902 1532 1972 eonjugium
1557 1902 1954 1964 anhelantibus,
1989 1904 2077 1957 "ix
2107 1905 2399 1958 amicorum

828 1996 1075 2050 inanibus
1106 1995 1305 2064 elapsa,
1342 1997 1394 2048 in
1429 1997 1614 2055 urbem
1645 1994 1934 2050 Remorum
1984 1996 2048 2048 ad
2081 1998 2404 2050 beatissima:

827 2088 921 2141 Dei
971 2089 1246 2156 genitricis
1300 2098 1350 2141 et
1408 2103 1619 2156 semper
1671 2089 1895 2157 virginis
1948 2088 2128 2142 Marim
2181 2089 2402 2142 tutelam

830 2181 1163 2243 confugiens.
1195 2181 1386 2249 capitis
1416 2180 1658 2235 velamen
1693 2180 1768 2251 (4)
1802 2183 1990 2236 devota
2025 2183 2277 2252 suscepit.
2306 2182 2402 2236 Cui

828 2272 1170 2339 postmodum
1204 2271 1314 2325 Deo
1353 2273 1669 2342 disponente
1720 2274 1947 2340 contigit
1999 2274 2122 2327 huic
2177 2288 2404 2342 pricesse

830 2361 966 2419 ioco.
1001 2362 1084 2413 ubi
1121 2362 1320 2414 nostris
1352 2363 1680 2429 temporibus
1709 2364 1917 2415 cunctis
1950 2362 2263 2416 imitabilem
2289 2363 2399 2415 diii-

831 2469 931 2505 -ll‘£
963 2453 1164 2523 ueregi‘.
1190 2454 1372 2505 vitam.
1402 2451 1525 2506 Fuit
1561 2468 1789 2522 namque
1836 2454 1986 2506 mirae
2043 2452 2402 2518 abstinentiae,

835 2545 1067 2599 victricis
1119 2545 1432 2611 patientiie,
1494 2547 1723 2599 amati-ix
1779 2547 2151 2616 paupertatis,
2203 2546 2406 2600 devota:

829 2637 1170 2700 humilitatis,
1214 2638 1598 2692 misericordia}
1642 2639 1892 2707 operibus
1940 2635 2403 2706 dedita,jejuniis,

831 2729 1022 2798 vigiliis,
1053 2743 1102 2780 ε,
1136 2728 1470 2781 orationibus
1492 2729 1876 2783 convenienter
1901 2730 2105 2783 intenta
2145 2747 2156 2757 ν
2183 2743 2405 2782 verum-

833 2821 992 2873 ;tiani
1021 2822 1278 2888 quasdam
1309 2821 1765 2883 sanctimonialcs,
1791 2837 1908 2888 qum
1935 2821 2061 2874 inibi
2086 2836 2182 2890 per
2212 2821 2403 2875 misera

833 2913 1063 2967 carnalis
1098 2913 1348 2966 desiderii
1380 2913 1642 2966 lenocinia
1677 2913 1983 2981 turpissime
2008 2912 2400 2974 volutabantur,

834 3005 1034 3058 crebris
1066 3004 1533 3057 exlim'tationibus
1587 3004 1651 3058 ad
1706 3004 1788 3058 sui
1846 3003 2203 3058 imitationem
2253 3003 2407 3071 juxta

830 3096 1030 3148 monita
1049 3095 1612 3163 Apostoli,arguendo,
1629 3094 1981 3156 obsecrando,
2010 3109 2216 3148 necnon
2242 3093 2405 3148 etiam

832 3184 1177 3253 increpando,
1215 3186 1493 3239 continere
1529 3184 1812 3240 invitabat.
1851 3184 1955 3238 Sed
2004 3184 2144 3238 sicut
2190 3198 2408 3254 semper

832 3277 1100 3330 contraria
1134 3290 1252 3330 esse
1278 3275 1411 3329 solet
1440 3275 1545 3328 vita
1570 3275 1838 3342 justorum
1874 3273 2116 3328 moribus
2143 3273 2404 3343 reprobo-

834 3383 974 3432 ‘i'um,
1010 3368 1191 3438 gravia
1227 3367 1304 3422 eis
1335 3367 1477 3422 facta
1500 3375 1580 3422 est
1609 3367 1769 3421 etiam
1810 3366 1876 3420 ad
1913 3366 2224 3421 videndum.
2254 3365 2406 3422 Unde

832 3473 929 3530 per
961 3458 1124 3512 multa
1157 3458 1442 3528 opprobria
1477 3467 1532 3513 et
1575 3457 1859 3512 maledicta
1896 3465 2056 3526 atque
2087 3455 2406 3511 insidiarum

828 3550 1007 3619 jacula
1032 3567 1150 3620 quze
1179 3553 1226 3606 ei
1271 3552 1620 3614 intorserant,
1651 3553 1775 3622 quia
1824 3567 2008 3607 amore
2056 3553 2408 3607 sanctissimae

835 3642 1058 3713 virginis
1077 3641 1433 3712 .Hunegundis
1461 3643 1564 3699 hoc
1595 3643 1646 3698 in
1677 3647 1865 3698 eodeni
1903 3642 2021 3697 loco
2059 3643 2286 3698 detineri
2330 3644 2409 3697 vi-

838 3736 1087 3799 debatur,
1123 3736 1189 3791 de
1237 3751 1353 3805 ejus
1390 3737 1531 3790 sacri
1579 3736 1816 3805 corporis
1874 3735 2116 3790 absentia
2166 3736 2408 3805 quaedam

836 3842 978 3882 ausae
1004 3835 1127 3881 sunt
1156 3828 1509 3880 commentari
1543 3829 1816 3898 ligmenta.
1847 3825 2016 3894 Hujus
2050 3841 2281 3894 namque
2327 3825 2407 3879 rei

836 3919 1004 3988 gratia
1033 3917 1412 3987 requirendum
1441 3918 1569 3970 tanti
1594 3917 1837 3986 corporis
1863 3917 2262 3972 sanctissimum
2293 3917 2406 3970 the-

836 4023 1052 4062 saurum
1097 4007 1265 4063 fidelis
1309 4007 1530 4062 intentio
1568 4017 1908 4077 provocatur,
1950 4009 2132 4062 dicens
2171 4009 2272 4063 sibi
2301 4025 2406 4062 non

837 4114 955 4152 eam
997 4101 1067 4153 ibi
1115 4107 1468 4169 opportunum
1505 4114 1625 4154 esse
1670 4100 1899 4170 amplius
1922 4115 2156 4165 manere,
2186 4100 2230 4154 si
2261 4099 2409 4155 locus

836 4190 1331 4255 isdemgfraudatus
1371 4201 1514 4247 esset
1547 4201 1654 4246 tam
1699 4202 1882 4247 sancta
1931 4203 1986 4248 et
2020 4192 2407 4264 gloriosissima

838 4293 1030 4338 ῃιῡιτε.

907 4374 959 4426 5.
991 4371 1158 4443 Igitur
1190 4387 1331 4426 anno
1363 4372 1752 4428 incarnationis
1783 4374 2074 4430 Dominica:
2109 4385 2406 4446 nongente-

839 4466 974 4517 siino
1002 4463 1409 4532 quadragesimo
1435 4473 1607 4529 sexto,
1624 4463 1896 4519 Ludovico
1920 4476 2196 4535 regnante,
2220 4467 2408 4534 quinto

837 4554 922 4606 die
960 4553 1132 4620 pridie
1158 4553 1431 4608 Nonarum
1461 4554 1744 4621 Octobris,
1773 4566 1893 4626 post
1919 4557 2144 4626 plurima
2182 4557 2403 4626 jejunia,

838 4652 956 4712 post
977 4645 1195 4698 crebras
1221 4644 1451 4714 vigilias,
1477 4655 1595 4712 post
1622 4646 1820 4701 multas
1849 4647 2133 4717 lacryinas,
2159 4649 2403 4703 eamdem

839 4745 1047 4787 noctem
1076 4749 1196 4787 cum
1222 4734 1304 4788 bis
1331 4736 1578 4790 omnibus
1609 4751 1741 4806 quos
1772 4738 1855 4790 vel
1885 4754 2019 4806 quas
2047 4741 2112 4793 ad
2156 4740 2256 4794 lioc
2284 4755 2404 4807 pro-

836 4842 1027 4877 ".‘0Cutt‘,
1059 4827 1246 4891 potuit.
1275 4844 1569 4882 insomnem
1611 4831 1809 4884 ducens
1846 4847 1942 4900 per
1972 4832 2163 4886 uberes
2212 4842 2265 4885 et
2305 4833 2406 4886 iiii-

839 4932 1052 4972 inensos
1098 4917 1458 4989 lacrymarum
1495 4922 1725 4976 imbres.
1774 4925 2158 4993 omnipotentis
2199 4923 2411 4979 Domini

837 5007 1180 5062 clementiam
1229 5010 1509 5065 humiliter
1548 5013 1874 5083 imploravit.
1901 5023 1951 5068 ut
1987 5016 2034 5068 ei
2066 5024 2267 5069 sancta:
2298 5016 2402 5069 vir-

837 5102 976 5168 ginis
997 5117 1108 5156 sua!
1130 5104 1552 5159 sacratissimum
1575 5122 1769 5174 corpus
1797 5107 2036 5162 revelare
2059 5108 2399 5176 dignaretur.

838 5191 1088 5262 factoque
1126 5209 1286 5248 mane
1341 5205 1463 5264 post
1513 5206 1728 5264 peracta
1780 5198 2064 5252 missarum
2126 5199 2403 5260 solemnia,

839 5281 1012 5337 ﬁdelis
1038 5298 1102 5336 ac
1130 5283 1240 5338 Deo
1271 5285 1459 5338 devota
1489 5284 1702 5348 feniina,
1733 5287 2022 5354 pretiosam
2049 5287 2187 5340 sacri
2219 5302 2408 5355 corpo-

841 5393 914 5410 για
939 5392 1202 5410 nnmmnrn
1236 5381 1475 5410 οιιιιηΛοΛ
1502 5381 1791 5410 ηιιωοῖΙιΙ-ιι
1839 5381 2107 5410 ηΑιιΑιιΙιιν-ιη
2139 5383 2358 5410 Λσι-ιῖΛι-ἶι
2391 5400 2402 5410 .

2432 4691 2521 4770 Di

2511 1443 2718 1509 retulit,
2744 1445 2835 1514 qui
2862 1443 2909 1497 ei
2942 1445 3208 1499 concessit
3238 1446 3379 1514 quod
3419 1459 3539 1500 cum
3593 1454 3736 1499 tanta
3783 1446 3944 1501 animi
3988 1462 4078 1501 an-

2509 1537 2846 1606 xietatejam
2893 1537 2980 1592 diu
3023 1537 3405 1606 postulaverat.
3455 1537 3569 1592 Ibat
3622 1539 3802 1608 itaque
3857 1540 4078 1594 multum

2509 1627 2696 1683 hilaris
2718 1637 2772 1682 et
2799 1628 2960 1683 nimis
2987 1628 3283 1694 exsultans,
3309 1640 3361 1683 et
3392 1631 3546 1700 quasi
3587 1631 3817 1700 quadam
3858 1633 4080 1687 innuen-

2509 1719 2666 1772 sitate
2689 1717 2888 1773 laetitia:
2917 1717 3168 1788 absorpta
3187 1759 3202 1782 ,
3228 1720 3391 1774 totius
3415 1721 3625 1776 consilii
3659 1723 3923 1793 gravitate
3953 1739 4077 1793 pro-

2507 1808 2703 1876 posita,
2759 1808 2978 1877 superni
3024 1809 3172 1878 regis
3219 1809 3563 1864 aeternalibns
3614 1815 3947 1867 ornamentis
3993 1830 4083 1884 pe-

2508 1897 2750 1952 renniter
2781 1899 3122 1953 inserendam
3152 1900 3330 1954 subito
3360 1900 3539 1956 levare
3573 1903 3897 1958 moliebatur
3926 1906 4082 1960 coele—

2510 1997 2646 2043 stem
2684 1990 3052 2060 margaritam.
3097 1989 3203 2046 Sed
3244 1991 3413 2047 adfuit
3446 1995 3616 2048 divini
3645 1993 3926 2065 dispositio
3955 2012 4080 2051 con»-

2509 2079 2636 2142 silii,
2672 2095 2791 2148 qua:
2829 2081 2971 2135 circa
3002 2083 3144 2136 beati
3174 2084 3417 2153 corporis
3466 2086 3688 2156 pignora
3748 2087 3947 2158 aliquid
3999 2089 4078 2142 in»

2509 2171 2846 2226 considerate
2877 2171 2957 2224 vel
2989 2171 3177 2228 leviter
3205 2189 3310 2227 non
3339 2190 3454 2229 esse
3485 2177 3745 2244 agendum
3771 2178 4076 2233 declaravit.

2509 2263 2646 2319 Nam
2695 2281 2818 2320 mox
2855 2267 3091 2330 advenit,
3127 2283 3229 2322 non
3265 2284 3415 2329 casu,
3464 2268 3555 2322 sed
3607 2269 3698 2323 Dei
3748 2269 4079 2338 prOvidentia

2509 2358 2847 2412 venerandus
2906 2359 3187 2429 presbyter
3217 2358 3369 2423 Giso,
3424 2369 3733 2412 sanctorum
3789 2369 4080 2430 martyrum

2509 2449 2747 2518 Quintini
2780 2458 2834 2506 et
2862 2450 3115 2505 Victorici
3145 2451 3428 2521 pignorum
3481 2462 3662 2504 custos
3716 2452 3958 2513 idoneus,
3989 2453 4078 2520 qui

2504 2541 2616 2609 jam
2669 2542 2824 2596 dictae
2869 2541 3277 2612 praecipitationi
3334 2542 3422 2595 vix
3477 2541 3635 2596 finem
3698 2542 3978 2612 imposuit,
4030 2551 4084 2597 et

2507 2650 2693 2690 eorum
2721 2632 2996 2688 molimina
3055 2633 3522 2687 vehementissima
3547 2633 3914 2704 increpatione
3935 2648 4082 2687 coer—

2508 2728 2640 2782 cuit.
2668 2725 2808 2792 Non,
2840 2727 3106 2796 inquiens,
3141 2724 3458 2779 rationabile
3481 2725 3712 2790 videtur,
3742 2735 3801 2778 ut
3827 2725 3943 2778 sine
3989 2739 4084 2778 au-

2509 2819 2761 2874 ctoritate
2822 2827 2876 2872 et
2935 2831 3198 2871 consensu
3252 2815 3411 2885 hujus
3464 2815 3758 2870 dimceseos
3811 2815 4077 2884 pontiﬁcis

2509 2911 2678 2964 levari
2712 2908 2903 2964 debeat
2933 2922 3129 2976 corpus
3161 2916 3268 2960 tam
3321 2906 3649 2961 beatissinire
3692 2906 3916 2976 virginis
3955 2925 3966 2956 -.
4001 2907 4079 2959 vi—

2509 3002 2701 3058 delicet
2730 3015 2797 3055 ne
2828 3014 2947 3069 qua:
2974 2999 3143 3054 multo
3174 2997 3286 3066 jam
3335 3009 3579 3070 tempore
3637 2998 3778 3052 fama
3824 2998 4082 3052 virtutum

2506 3095 2666 3168 longe
2692 3095 2910 3164 lateque
2938 3092 3186 3163 plurimis
3215 3092 3359 3146 clara
3387 3093 3688 3156 exstiterat,
3738 3089 3896 3160 hujus
3942 3090 4082 3144 subi»

2509 3196 2680 3242 taneae
2705 3201 2771 3240 ac
2798 3187 2943 3240 velut
2975 3183 3188 3238 furtivae
3214 3183 3582 3238 translationis
3623 3183 3794 3254 elogio
3842 3183 4081 3238 vilescat.

2509 3279 2624 3333 Tali
2657 3293 2786 3333 vero
2829 3277 3019 3332 ordine
3061 3291 3244 3331 eorum
3292 3277 3497 3331 nisibus
3550 3277 3834 3330 terminum
3882 3276 4077 3346 posuit,

2511 3381 2674 3441 atque
2704 3386 2802 3440 per
2832 3369 3052 3440 triginta
3083 3377 3137 3423 et
3165 3368 3298 3422 duos
3355 3367 3471 3423 dies
3523 3369 3594 3422 ita
3642 3376 3886 3437 apertum
3943 3367 4078 3422 scri-

2511 3464 2659 3517 nium
2690 3461 2744 3516 in
2773 3476 2880 3532 quo
2910 3460 3280 3515 beatissimum
3322 3474 3518 3529 corpus
3557 3457 3790 3526 jacebat,
3822 3460 4081 3514 intactum

2509 3555 2882 3618 observantes,
2922 3552 3202 3621 sacrisque
3240 3550 3435 3621 vigiliis
3476 3550 3563 3606 die
3616 3561 3885 3621 noctuque
3931 3551 4079 3605 incu-

2509 3647 2722 3713 bantes,
2784 3644 3021 3713 episcopi
3085 3644 3374 3697 adventum
3427 3641 3722 3711 praestolati
3772 3651 3912 3696 sunt.
3964 3641 4078 3696 Non

2510 3735 2695 3804 utique
2719 3734 2835 3788 sine
2865 3748 3025 3788 causa
3063 3733 3202 3786 hanc
3226 3732 3536 3786 dilationem
3573 3732 3914 3801 omnipotens
3942 3732 4080 3786 Deus

2511 3826 2626 3881 ﬁeri
2675 3825 2864 3890 voluit,
2897 3826 2988 3880 sed
3031 3835 3088 3879 ut
3117 3841 3278 3896 quam
3305 3841 3488 3880 coram
3518 3826 3724 3896 angelis
3766 3827 4079 3896 cunctisque

2502 3919 2774 3989 justorum
2805 3917 3082 3986 spiritibus
3106 3919 3215 3988 jam
3260 3933 3381 3973 cum
3431 3917 3647 3973 Christo
3691 3918 3744 3972 in
3789 3917 3944 3972 caelis
3995 3934 4079 3972 re-

2509 4010 2800 4081 gnantibus
2825 4008 3239 4073 clariﬁcaverat,
3268 4023 3384 4063 eam
3415 4008 3578 4061 etiam
3608 4009 3659 4061 iii
3705 4008 3864 4061 terris
3907 4007 4076 4061 homi-

2510 4103 2668 4157 nibus
2704 4101 2879 4156 adhuc
2911 4115 3076 4154 carne
3097 4097 3432 4170 corruptibili
3463 4108 3518 4153 et
3563 4107 3903 4168 peccatorum
3939 4098 4078 4153 mole

2507 4192 2743 4262 gravatis
2771 4189 3130 4245 venerabilem
3159 4190 3480 4260 designaret.

2577 4281 2630 4334 4.
2664 4279 2795 4334 Erat
2823 4278 3061 4350 profecto
3091 4279 3345 4348 peridem
3401 4290 3610 4349 tempus
3663 4287 3809 4334 tanta
3869 4278 4074 4350 pluvia—

2511 4389 2631 4429 rum
2692 4373 3005 4436 inundatio,
3039 4383 3099 4427 ut
3145 4389 3257 4442 pra:
3304 4373 3468 4449 nimia
3513 4387 3774 4441 aquarum
3823 4371 4080 4428 eﬂ‘usione

2507 4480 2846 4535 nequaquam
2895 4463 3136 4519 valerent
3186 4463 3539 4534 agricultores
3592 4461 3788 4518 terram
3811 4464 4072 4527 excolere,

2510 4572 2682 4627 neque
2739 4566 3034 4611 sementem
3091 4556 3192 4610 nisi
3247 4571 3368 4609 cum
3429 4556 3802 4625 desperatione
3851 4553 4072 4622 jactare.

2509 4647 2705 4701 Eadem
2731 4661 2858 4699 vero
2880 4647 3014 4700 liora
3043 4644 3340 4714 eodemque
3368 4656 3658 4710 inonieiito,
3689 4654 3746 4699 ut
3767 4645 4077 4714 operculum

2527 4749 2740 4794 evatuni
2767 4749 2850 4794 est
2879 4741 2942 4792 de
2967 4737 3319 4808 sarcophago,
3346 4752 3462 4792 sese
3495 4752 3591 4807 per
3621 4739 3928 4799 fenestram,
3963 4751 4077 4806 quie

2511 4833 2613 4886 sita
2645 4839 2763 4885 erat
2792 4845 2947 4884 secus
2979 4829 3155 4883 locum
3187 4829 3358 4884 sancti
3411 4828 3665 4898 sepulcri,
3715 4827 4076 4897 splendidissi-

2509 4935 2628 4975 mus
2657 4919 2849 4973 inl'udit
2877 4918 3058 4972 radius
3079 4918 3228 4981 solis,
3249 4919 3337 4988 Qui
3369 4918 3683 4972 mirabiliter
3705 4917 3896 4972 ell‘ulsit
3921 4931 4079 4992 super

2511 5027 2708 5082 corpus
2740 5009 3061 5064 beatissima:
3095 5009 3316 5079 virginis
3343 5027 3355 5061 :
3383 5009 3566 5077 sicque
3595 5007 3772 5078 fugata
3797 5008 3942 5062 omni
3971 5022 4071 5060 iiu-

2514 5104 2661 5159 bium
2696 5102 2984 5165 densitate,
3022 5116 3143 5155 cum
3180 5110 3325 5154 tanta
3351 5100 3626 5155 celeritate
3674 5099 3833 5154 rediit
3875 5099 4077 5154 sereni-

2514 5203 2595 5247 tas
2621 5193 2785 5255 aeris,
2817 5206 2879 5244 ac
2907 5192 2952 5244 si
2989 5205 3086 5260 pro
3124 5205 3349 5260 corpore
3379 5191 3618 5246 almiticze
3667 5191 3910 5260 virginis,
3942 5189 4076 5243 alius

2512 5285 2663 5354 quasi
2696 5283 2775 5338 sol
2809 5283 2938 5337 oriri
2964 5282 3238 5336 videretur
3262 5283 3313 5336 in
3347 5282 3500 5336 terris
3533 5301 3544 5334 :
3573 5297 3635 5337 ac
3670 5283 3812 5338 velut
3857 5284 3937 5340 sol
3977 5285 4074 5339 iste

2510 5376 2736 5410 viciltilic
2769 5375 2878 5410 cnic
2921 5374 3144 5410 vnnilulc
3175 5373 3526 5410 nI-nnlalnnrni
3583 5390 3640 5410 cn
3671 5389 3772 5410 nnn
3820 5390 3978 5410 nnccn
4026 5378 4071 5410 ni
