4466 5578
398 456 469 509 65
1414 446 1500 504 DE
1536 445 2066 505 TRANSLATIONE
2105 448 2163 501 δ.
2206 447 2671 505 IIUNEGUNDIS.
3594 453 3662 506 66

399 568 555 621 radio
620 564 750 622 solis
821 563 977 619 istius
1034 562 1388 618 materialiter
1450 564 1719 635 fulgeret,
1769 581 1837 619 an
1897 562 2327 629 lu-Aadduxit,
2367 580 2532 633 seque
2566 563 2711 619 omni
2757 579 2896 619 anno
2921 562 3172 634 (quandiu
3210 564 3485 620 adviveret
3514 579 3665 619 eun:-

403 660 547 713 mine
624 657 822 711 divina:
894 655 1175 710 claritatis.
1241 654 1569 726 Factumque
1632 665 1714 711 est
1775 656 1982 711 cunctis

405 752 611 815 diebus,
648 750 843 819 quibus
888 749 961 803 ita
1022 756 1264 804 reserato
1316 748 1485 817 jacuit
1551 748 1848 811 mausolco,
1892 750 1978 818 pie

396 842 758 913 quaarentibus
792 840 1189 911 conspicabilis,
1225 850 1283 894 ut
1307 856 1580 911 nunquam
1634 843 1856 896 omnino
1895 856 1981 894 re-

398 936 616 989 cederet
672 933 753 987 vis
796 933 929 986 tanti
971 931 1214 1002 fulgoris.
1271 930 1408 987 Nam
1448 948 1478 987 a
1514 945 1731 1003 pectore
1763 944 1816 989 et
1856 950 1977 989 sur-

396 1039 536 1088 sum,
570 1038 667 1093 pro
694 1023 933 1079 minutiis
954 1035 1010 1078 et
1038 1023 1284 1079 sordibus
1344 1023 1602 1093 pulveris,
1634 1025 1857 1079 nitentia
1890 1040 1976 1077 rc-

393 1118 742 1187 splendebant
785 1117 1050 1187 fragmina
1081 1118 1528 1187 margaritarum;
1562 1127 1617 1173 et
1657 1118 1976 1187 quibusdam

394 1208 709 1264 clarissimis
738 1210 984 1265 scintillis
1027 1210 1437 1281 erumpentibus
1482 1210 1856 1282 aspicientium
1896 1224 1979 1264 re-

394 1301 814 1357 verberabantur
862 1304 1101 1358 obtutus.
1142 1302 1273 1358 Cum
1318 1304 1505 1358 eodem
1555 1303 1719 1359 etiam
1775 1303 1975 1358 lumine

393 1401 543 1445 tanta
576 1407 795 1462 aspersa
824 1403 907 1448 est
936 1394 1057 1448 miri
1087 1394 1271 1449 odoris
1296 1392 1619 1465 fragrantia,
1650 1404 1708 1448 ut
1736 1394 1975 1448 omnium

392 1483 683 1537 astantium
756 1500 917 1539 nares
961 1482 1216 1538 ineffabili
1282 1484 1547 1539 suavitate
1614 1484 1970 1553 replerentur.

386 1573 512 1639 Qua:
557 1574 703 1628 omni
746 1583 985 1643 tempore
1035 1588 1141 1642 quo
1191 1574 1266 1627 ita
1306 1573 1515 1642 jacuit,
1547 1573 1973 1644 quotiescunque

384 1666 545 1719 variis
592 1664 997 1721 inﬁrmitatibus
1032 1667 1306 1737 oppressis
1333 1668 1399 1721 ad
1448 1667 1733 1722 videndam
1766 1666 1969 1723 revela-

384 1756 539 1808 batur
572 1756 719 1825 (nam
750 1758 1061 1828 quicunque
1106 1759 1245 1814 lianc
1297 1758 1483 1813 videre
1531 1768 1803 1828 poterant,
1837 1775 1969 1829 qua-

381 1861 587 1915 cunque
635 1848 907 1904 inﬁrmate
956 1850 1347 1917 detinerentur,
1398 1851 1542 1906 illico
1591 1852 1965 1919 sanabantur),

380 1938 545 1992 isdem
594 1941 885 2008 praedictus
934 1943 1287 1997 suavissimus
1312 1943 1444 1998 odor
1484 1959 1604 1998 sese
1636 1944 1873 2008 suavior,
1913 1953 1967 1997 et

2092 654 2212 709 dem
2242 654 2416 709 locum
2448 670 2568 709 cum
2602 656 2957 712 luminaribus
2982 668 3036 712 et
3068 664 3365 713 amicorum
3397 660 3552 714 turba
3587 661 3667 714 vi-

2085 744 2374 800 sitaturum
2398 746 2664 816 promisit.

2155 837 2206 891 6.
2248 836 2360 892 Hoc
2407 854 2623 909 quoque
2676 838 2959 895 intervallo
3004 840 3222 911 quidam
3270 840 3502 897 rusticus
3557 858 3655 896 no-

2083 926 2227 982 mine
2269 926 2483 999 Lupus,
2532 930 2622 999 qui
2675 930 2853 985 adliuc
2903 942 3167 1002 superest,
3214 941 3269 987 et
3316 942 3559 988 moratur
3605 934 3659 988 in

2080 1029 2259 1075 castro
2293 1021 2433 1091 quod
2467 1022 2665 1077 dicitur
2702 1022 2937 1078 Parrona
2968 1024 3042 1093 (5)
3090 1025 3318 1079 accessit
3345 1040 3466 1079 cum
3510 1034 3665 1079 natu-

2082 1110 2179 1164 rali
2223 1110 2331 1164 ﬁlia
2370 1128 2487 1180 qu:e
2538 1121 2762 1167 vocatur
2802 1112 3066 1178 Afllindis,
3107 1115 3266 1168 ambo
3304 1129 3403 1183 pro
3444 1116 3659 1185 {egritu-

2080 1198 2221 1254 dinis
2262 1216 2371 1255 sua:
2415 1201 2659 1257 molestia
2712 1201 2867 1257 istius
2902 1203 3258 1257 sanctissima:
3301 1203 3529 1273 virginis
3567 1220 3662 1274 po-

2080 1288 2326 1344 stulaturi
2359 1289 2633 1362 suffragia.
2668 1290 2800 1345 Nam
2828 1302 2981 1362 pater
3012 1293 3218 1347 obtusis
3253 1295 3472 1349 auribus
3503 1296 3657 1349 audi-

2080 1390 2191 1435 tum
2216 1382 2553 1451 perdiderat;
2585 1383 2693 1436 ﬁlia
2724 1398 2851 1439 vero
2876 1398 2972 1454 per
3007 1399 3111 1438 non
3143 1384 3413 1439 modicum
3446 1396 3655 1455 tempus

2079 1472 2359 1528 oculorum
2408 1475 2771 1545 corporalium
2826 1475 3005 1529 lumen
3055 1477 3333 1531 amiserat.
3379 1476 3660 1547 Supplices

2079 1568 2239 1639 igitur
2261 1580 2455 1626 etcum
2476 1572 2637 1625 nimia
2660 1570 3017 1625 amaritudine
3040 1570 3250 1637 flentes,
3274 1572 3659 1641 omnipotentis

2076 1663 2289 1718 Domini
2338 1664 2762 1719 misericordiam
2818 1664 3203 1734 implorabant,
3254 1677 3519 1736 quatenus
3562 1681 3658 1735 per

2075 1756 2327 1809 meritum
2371 1756 2698 1811 beatissima:
2738 1757 2963 1827 virginis
3005 1758 3084 1811 eis
3127 1759 3437 1826 proveniret
3484 1774 3657 1814 reme-

2072 1846 2219 1901 dium
2255 1847 2503 1901 sanitatis
2531 1862 2544 1901 :
2579 1849 2722 1917 quod
2748 1856 2802 1903 et
2833 1847 3031 1902 factum
3059 1857 3163 1903 est.
3191 1849 3273 1904 Ab
3304 1849 3393 1903 illo
3426 1865 3658 1919 namque

2073 1937 2158 1992 die
2189 1945 2242 1991 et
2272 1946 2427 2008 pater
2456 1938 2721 2002 auditum,
2755 1947 2810 1992 et
2851 1938 2960 1992 ﬁlia
3001 1939 3193 1994 melius
3233 1940 3431 1995 habere
3460 1942 3658 1996 meruit

380 2044 591 2100 semper
642 2033 690 2086 in
747 2033 940 2089 melius
989 2043 1275 2104 reparatus
1323 2036 1670 2103 praesentium
1724 2030 2266 2105 replebathisum.
2323 2029 2520 2085 Eadem
2571 2046 2784 2100 quoque
2841 2031 2971 2085 liora
3034 2033 3415 2101 suprascript-.e
3465 2034 3654 2088 inven-

379 2122 629 2178 olfactus.
662 2125 718 2179 In
766 2127 867 2181 bac
912 2143 1041 2199 ergo
1090 2136 1254 2183 tantre
1302 2129 1491 2184 matris
1536 2130 1843 2185 inventione
1886 2129 1966 2183 fa-

377 2225 519 2269 ctum
548 2227 632 2271 est
662 2233 912 2287 magnum
946 2220 1201 2288 gaudium
1252 2220 1303 2273 in
1332 2220 1478 2274 omni
1513 2221 1687 2275 vicina
1726 2223 1963 2291 regione.

376 2305 684 2361 Lretabatur
713 2308 872 2363 tellus
919 2324 976 2364 se
1032 2319 1138 2363 tam
1169 2310 1372 2364 clarum
1404 2309 1494 2364 ditt
1545 2311 1695 2366 sidus
1725 2312 1921 2367 texisse
1948 2331 1959 2366 :

374 2397 609 2452 exsultat
660 2414 753 2454 aer
808 2410 971 2453 tantae
1022 2401 1244 2469 virginis
1291 2401 1462 2472 gratia
1510 2401 1632 2457 cmli
1672 2419 1861 2458 serena
1906 2421 1964 2461 se

374 2487 627 2557 adeptum
660 2487 774 2543 fore
802 2488 983 2542 nubila
1008 2506 1021 2553 ;
1047 2492 1240 2561 gaudet
1270 2490 1399 2546 solis
1428 2491 1612 2547 radius
1640 2493 1959 2562 obsequium

373 2580 618 2647 praebens
668 2580 809 2635 sacri
853 2580 1097 2649 corporis
1138 2580 1390 2645 artubus;
1427 2582 1729 2651 gratulatur
1770 2599 1963 2653 snper-

373 2672 607 2728 ccelestis
655 2674 938 2729 beatorum
992 2682 1166 2728 turma
1198 2674 1506 2744 spirituum,
1540 2676 1681 2745 quod
1714 2676 1965 2731 videlicet

373 2763 437 2818 de
465 2764 620 2834 cujus
639 2763 752 2832 jam
785 2766 981 2819 anima:
1003 2767 1236 2835 gaudent
1265 2767 1546 2831 societate,
1575 2767 1691 2837 ejus
1720 2768 1964 2837 profecto

372 2857 1025 2925 sacratissimafmembra,
1042 2856 1291 2912 ineffabili
1315 2859 1498 2913 lzetitia
1516 2860 1567 2913 in
1586 2860 1671 2914 die
1689 2876 1808 2916 resu
1818 2878 1963 2917 rrec-

374 2949 535 3003 tionis
551 2950 793 3003 omnium
811 2965 909 3019 pro
933 2951 1140 3004 meritis
1163 2950 1534 3021 gloriﬁcanda,
1549 2951 1777 3007 ﬁdeliter
1797 2968 1959 3009 vene-

370 3041 479 3093 rari
511 3042 859 3110 conSpiciunt
891 3041 1066 3096 adhuc
1087 3042 1139 3095 in
1168 3051 1395 3110 angusta
1444 3043 1631 3097 ttnnuli
1678 3043 1961 3113 spelunca.

440 3134 492 3188 5.
534 3133 614 3187 Ad
646 3135 835 3188 laudes
884 3134 1065 3203 itaque
1097 3132 1411 3190 referendas
1462 3134 1641 3189 valere
1687 3135 1959 3190 credimus

370 3228 613 3281 omnium
649 3227 939 3291 conditori,
971 3228 1011 3281 si
1039 3228 1321 3282 tradantur
1350 3238 1689 3296 posterorum
1727 3229 1952 3296 notitire,

371 3333 492 3387 qua:
552 3318 811 3373 Dominus
862 3318 1121 3372 miracula
1170 3319 1384 3389 Operari
1439 3319 1609 3374 voluit
1662 3320 1715 3373 in
1762 3318 1952 3373 inven-

2075 2123 2258 2187 tionis,
2311 2122 2527 2191 quidam
2589 2138 2791 2192 pauper
2848 2122 3040 2191 spiritu
3088 2122 3305 2177 nomine
3350 2122 3656 2179 Adelbodus

2066 2212 2282 2281 jacebat
2307 2212 2456 2265 omni
2499 2213 2863 2267 membrorum
2893 2210 3065 2267 olIicio
3114 2212 3424 2279 destitutus,
3465 2224 3517 2269 ct
3558 2232 3653 2285 pro

2070 2302 2247 2356 exitus
2272 2303 2352 2356 sui
2389 2302 2607 2367 vicinio,
2633 2303 2717 2357 die
2746 2312 3036 2367 transacta,
3083 2304 3327 2372 corporis
3353 2315 3407 2358 et
3436 2307 3654 2375 sangui-

2071 2394 2155 2447 nis
2185 2393 2446 2447 Dominici
2488 2394 2845 2448 sacramentis
2893 2393 3152 2459 munitus,
3197 2396 3406 2450 cunctis
3433 2396 3652 2465 quidem

2067 2487 2352 2540 videbatur
2398 2488 2559 2540 morti
2607 2487 2927 2557 contiguus:
2968 2502 3091 2541 mox
3136 2495 3194 2540 ut
3238 2488 3439 2542 audivit
3485 2490 3652 2557 signis

2068 2577 2520 2646 concrepantibus
2552 2577 2686 2631 tanti
2712 2578 2937 2632 somatis
2962 2594 3146 2632 orania
3176 2580 3250 2649 ((3)
3280 2581 3647 2649 perspicuum,

2067 2669 2240 2739 surgit
2281 2685 2309 2722 a
2334 2668 2548 2733 lectulo,
2581 2670 2783 2724 nullum
2814 2671 2866 2723 in
2898 2680 3047 2725 motu
3080 2671 3444 2726 membrorum
3473 2683 3652 2729 osten-

2066 2764 2199 2819 dens
2245 2764 2574 2817 inﬁrmitatis
2625 2764 2903 2829 indicium,
2952 2766 3233 2833 curritque
3281 2768 3345 2819 ad
3394 2767 3650 2836 templum

2065 2864 2264 2911 sanctae
2279 2856 2501 2925 virginis
2518 2856 2749 2927 gestiens
2766 2856 2947 2911 videre
2962 2856 3285 2925 sepulcrum,
3304 2867 3359 2912 et
3372 2870 3645 2929 arreptam

2064 2950 2176 3004 suis
2204 2965 2364 3003 unam
2387 2966 2449 3004 cx
2496 2950 2685 3004 ovibus
2728 2950 2867 3003 hanc
2911 2961 3109 3003 sancta:
3139 2950 3331 3020 virgini
3363 2951 3555 3006 obtulit
3595 2953 3649 3007 in

2063 3056 2279 3104 munus,
2310 3049 2366 3093 et
2392 3040 2458 3095 ab
2483 3040 2793 3093 inﬁrmitate
2814 3042 3058 3109 protinus
3084 3041 3489 3106 convalesccns,
3524 3044 3646 3097 nul-

2063 3131 2165 3185 lam
2211 3132 2463 3202 deinceps
2494 3140 2776 3187 transacta:
2807 3132 3063 3186 molestiae
3105 3134 3274 3187 sensit
3326 3135 3605 3205 injuriam.

2138 3223 2189 3277 7.
2224 3224 2424 3279 Eodem
2453 3240 2581 3279 vero
2622 3225 2799 3280 adhuc
2828 3226 3082 3279 reboante
3111 3225 3365 3295 tripudio,
3399 3230 3644 3299 quzedam

2060 3317 2223 3372 vidua
2253 3318 2472 3372 nomine
2504 3316 2779 3389 Wiburgis
2804 3316 3022 3387 jacebat
3068 3318 3229 3373 nimis
3260 3330 3483 3389 :egrota,
3528 3337 3645 3391 qua:

370 3409 517 3463 tione
568 3409 925 3464 sanctissimae
975 3408 1325 3478 Hunegundis
1376 3409 1604 3481 virginis
1658 3426 1785 3465 sum.
1825 3409 1958 3465 Nam
1988 3411 2034 3475 C
2064 3407 2223 3478 paulo
2253 3417 2378 3463 ante
2398 3423 2495 3478 pro
2525 3408 2701 3464 exitus
2727 3409 2809 3462 sui
2843 3409 3249 3477 exspectatione
3289 3411 3485 3466 divinis
3516 3428 3641 3481 per-

369 3501 589 3569 quidam
638 3501 1001 3556 daemoniacus
1056 3515 1154 3571 per
1218 3518 1408 3558 manus
1464 3504 1805 3569 amicorum,
1866 3504 1959 3574 qui

369 3608 523 3661 spem
571 3594 798 3648 curandi
849 3597 1099 3649 eumdem
1144 3610 1302 3663 quem
1348 3594 1617 3651 ducebant
1667 3596 1722 3650 in
1773 3607 1958 3651 sancta

368 3684 580 3754 virgine
633 3684 787 3739 ﬁrma
837 3686 941 3739 fide
983 3684 1314 3752 locaverant,
1362 3687 1643 3755 adductus,
1687 3688 1959 3746 reluctans

370 3784 429 3829 et
482 3775 758 3845 proprium
813 3776 916 3830 iter
977 3778 1102 3831 totis
1132 3778 1338 3833 viribus
1369 3780 1689 3849 impediens,
1738 3782 1957 3836 tandem

371 3880 498 3918 cum
536 3855 743 3936 magno
795 3866 980 3921 labore
1029 3867 1212 3922 multis
1271 3872 1638 3939 prementibus
1687 3873 1739 3926 in
1792 3873 1959 3942 ipsius

369 3959 546 4012 beata:
602 3958 828 4029 virginis
881 3960 1163 4013 ecclesiam
1217 3961 1475 4032 impulsus
1533 3973 1633 4018 est.
1676 3963 1774 4031 Qui
1829 3966 1957 4019 dum

368 4064 471 4118 per
522 4064 712 4104 manus
762 4059 819 4103 et
871 4050 1093 4104 brachia
1146 4066 1335 4106 versus
1391 4053 1562 4107 altare
1619 4056 1955 4120 traheretur,

368 4152 574 4214 quanto
602 4143 775 4212 magis
804 4142 977 4197 eidem
1025 4145 1524 4215 appropinquabat,
1562 4154 1710 4202 tanto
1759 4147 1950 4217 majori

366 4234 588 4288 vesania
636 4248 921 4299 accensus,
965 4234 1349 4304 impellentinm
1394 4235 1599 4290 nisibus
1648 4239 1954 4293 resistebat.

369 4324 474 4391 Qui
519 4324 604 4379 diu
635 4324 931 4389 luctantes,
972 4325 1038 4379 ad
1082 4325 1330 4379 ultimum
1363 4342 1624 4381 vesanum
1674 4337 1951 4398 superant,

368 4428 426 4475 et
454 4434 633 4474 coram
673 4418 838 4474 altari
869 4426 1133 4474 statuunt.
1183 4421 1352 4487 Quem
1407 4420 1530 4476 inde
1569 4434 1952 4491 promoventes

369 4511 441 4566 ad
469 4512 838 4581 aspiciendum
878 4510 1207 4565 sanctissimi
1255 4512 1498 4579 corporis
1529 4512 1789 4566 tumulum
1822 4529 1956 4568 ocu-

368 4602 453 4657 los
483 4601 753 4659 inﬂectere
800 4610 1017 4672 cogunt.
1058 4600 1299 4668 Quorum
1345 4602 1617 4657 desiderio
1666 4604 1955 4660 subvenire

366 4693 591 4762 cupiens
636 4707 779 4763 saepe
824 4692 971 4746 dicta
1020 4690 1449 4745 sanctimonialis
1506 4691 1667 4747 Berta
1712 4676 1950 4759 scilicet,

2067 3502 2238 3571 ceptis
2264 3501 2620 3556 sacramentis
2641 3516 2738 3570 per
2758 3502 3135 3571 paenitentiam
3166 3511 3219 3557 et
3242 3502 3647 3574 lacrymabilem

2066 3592 2461 3649 confessionem
2512 3608 2540 3646 a
2592 3594 2966 3648 sacerdotibus
3004 3593 3196 3651 divina:
3243 3595 3426 3664 pietati
3474 3598 3650 3651 fuerat

2067 3687 2435 3742 reconciliata.
2477 3685 2603 3743 Haec
2647 3686 2829 3757 populi
2872 3687 3192 3742 exsultantis
3228 3688 3413 3757 plenas
3447 3691 3646 3747 la-titiae

2065 3793 2226 3834 voces
2256 3780 2614 3848 persentiens,
2648 3779 2943 3848 interrogat
2973 3778 3101 3848 quid
3131 3778 3218 3832 ille
3249 3780 3348 3834 sibi
3388 3783 3646 3850 strepitus

2064 3870 2243 3934 vellet,
2288 3870 2372 3924 vel
2415 3871 2567 3939 cujus
2613 3886 2775 3925 causa
2824 3870 3135 3926 festivitatis
3178 3880 3325 3925 tanta
3368 3873 3419 3926 in
3452 3874 3648 3944 populo

2064 3963 2250 4019 lzetitia
2283 3973 2627 4033 personaret;
2661 3978 2778 4032 quae
2828 3964 3011 4016 statim
3056 3964 3523 4018 circumstantium
3556 3981 3641 4019 re-

2063 4058 2173 4113 latu
2205 4057 2413 4121 didicit,
2444 4057 2588 4126 quod
2631 4056 2770 4111 sacri
2816 4057 3059 4127 corporis
3098 4057 3409 4113 inventione
3436 4058 3557 4113 talis
3590 4060 3644 4113 in

2061 4147 2215 4218 plebe
2248 4146 2434 4201 laetitia
2476 4147 2566 4200 sit.
2616 4146 2707 4199 llla
2751 4161 2882 4202 vero
2912 4147 3129 4201 nomine
3177 4156 3380 4203 sancta:
3421 4148 3648 4219 virginis

2060 4239 2269 4304 audito,
2314 4238 2457 4293 dictu
2489 4237 2650 4293 citius
2698 4246 2859 4308 caput
2900 4252 2928 4289 a
2978 4237 3117 4292 lecto
3157 4239 3351 4309 erigit,
3400 4241 3643 4293 membra

2060 4329 2354 4400 componit,
2387 4339 2591 4384 vestem
2632 4327 2826 4393 induit,
2870 4328 3155 4384 ecclesiam
3187 4330 3438 4385 celeriter
3479 4331 3639 4401 petit.

2058 4420 2302 4492 Cumque
2330 4422 2397 4475 ad
2435 4436 2495 4476 se
2542 4434 2760 4476 reversa
2788 4434 3022 4490 superna
3060 4421 3260 4476 virtute
3291 4421 3531 4492 fugatam
3563 4423 3648 4477 in-

2059 4516 2393 4581 ﬁrmitatem,
2429 4524 2485 4569 et
2522 4514 2625 4569 sibi
2669 4514 2849 4569 subito
2892 4512 3155 4568 redditam
3200 4514 3507 4578 sanitatem,
3556 4529 3643 4569 se-

2058 4622 2183 4662 cum
2215 4608 2378 4662 tacita
2406 4605 2629 4662 volvens
2658 4608 2970 4671 miraretur,
3016 4604 3420 4673 omnipotentiae
3448 4605 3646 4660 divinae

2062 4699 2267 4769 gratias
2299 4708 2352 4753 et
2375 4698 2563 4754 laudes
2591 4698 2793 4765 retulit,
2833 4697 3168 4768 atquepillico
3195 4713 3355 4752 unam
3382 4713 3493 4752 suae
3517 4715 3645 4770 pro-

365 4794 574 4841 retecto
631 4786 888 4857 sepulcro
956 4784 1245 4840 videndum
1315 4785 1527 4850 velum,
1586 4788 1728 4855 quod
1794 4779 2312 4861 stipeerrietatis
2364 4791 2648 4857 ancillam,
2702 4789 2923 4846 nomine
2969 4788 3269 4860 lsigildim,
3317 4789 3650 4844 beatissima:

367 4886 559 4931 sancta
608 4876 849 4931 membra
890 4874 1140 4943 jacebat,
1188 4875 1269 4930 eis
1316 4876 1524 4946 copiam
1582 4876 1785 4932 tribuit.
1834 4878 1951 4945 Quo

361 4969 506 5033 viso,
531 4968 624 5038 qui
665 4967 1039 5038 torquebatur,
1078 4968 1339 5023 continuo
1370 4970 1549 5024 sensui
1581 4978 1635 5024 et
1660 4971 1803 5025 omni
1841 4974 1953 5041 pri-

362 5060 520 5115 stinae
572 5059 727 5115 saluti
773 5068 861 5115 est
907 5060 1187 5124 redditus;
1231 5073 1467 5129 moxque
1504 5060 1617 5130 jam
1668 5062 1815 5119 nullo
1860 5080 1952 5120 co-

365 5159 547 5223 gente,
573 5149 626 5204 in
652 5159 853 5206 terram
881 5160 1185 5221 prostratus
1206 5151 1592 5223 omnipotentis
1614 5151 1824 5209 Domini
1852 5171 1952 5225 per

362 5245 543 5299 beata:
594 5244 814 5314 virginis
866 5244 1118 5300 meritum
1170 5242 1512 5301 clementiam
1570 5249 1833 5313 exoravit,
1886 5251 1952 5306 de

365 5342 593 5405 recepta
634 5334 802 5391 salute
834 5334 1034 5406 gratias
1072 5334 1342 5399 referens,
1372 5336 1439 5395 de
1483 5338 1665 5394 futura
1702 5341 1947 5399 custodia

875 5424 940 5460 tu“
974 5426 1229 5460 nni-forum
1258 5427 1501 5460 c0n;lnl:n
1529 5427 1782 5460 ἕηΑἶηέ---ινι
1837 5444 1944 5460 νεην-

364 5425 666 5460 Anni-anon:
687 5442 699 5454 ο
742 5426 831 5460 ηιιί

2062 4883 2383 4955 Hunegundi
2426 4900 2525 4955 pro
2564 4892 2818 4955 percepto
2846 4882 3108 4937 beneﬁcio
3150 4883 3420 4945 sanitatis,
3465 4881 3653 4937 multis

2061 4978 2367 5033 astantibus
2415 4974 2670 5041 tradidit;
2718 4974 2906 5045 sicque
2941 4974 3009 5029 ab
3041 4973 3130 5028 illa
3163 4973 3486 5029 inﬁrmitate
3536 4987 3661 5029 con-

2060 5072 2259 5137 valuit,
2292 5078 2345 5126 et
2368 5068 2711 5141 postmodum
2742 5068 2943 5124 diutius
2970 5067 3128 5123 vixit.
3156 5066 3252 5123 llis
3281 5068 3514 5122 demum
3542 5077 3669 5136 per-

2061 5171 2232 5237 actis,
2266 5166 2490 5235 aliisque
2515 5178 2620 5221 non
2666 5163 2854 5233 paucis
2893 5160 3277 5219 miraculorum
3306 5156 3520 5231 signis,
3559 5155 3677 5227 qui-

2060 5262 2174 5324 bus
2214 5259 2472 5322 Dominus
2502 5257 2764 5318 declarari
2793 5258 2966 5314 voluit
2997 5257 3226 5331 gloriam
3253 5268 3365 5311 suae
3400 5248 3680 5323 virginis,

2058 5371 2195 5427 quae
2248 5370 2341 5431 pro
2396 5350 2797 5424 multiplicitate
2851 5352 2934 5407 sui
2992 5349 3351 5422 incongruum
3408 5341 3694 5401 existimo
