4466 5578
777 523 845 582 6⁷
1769 535 2064 594 BERNERI
2119 538 2406 595 ABBATIS
2451 536 3018 595 llUlllOLAlllENSlS.
3945 527 4010 584 68

776 639 1104 696 infirmitatis
1134 645 1481 711 grassabatur
1510 647 1748 715 morbus,
1798 661 1854 706 ut
1887 653 2030 708 nulla
2067 668 2202 723 pene
2254 671 2342 710 re-
2369 662 2413 722 Α
2443 669 2640 722 corpus
2667 654 2732 708 de
2759 652 3029 724 sepulcro,
3063 650 3288 720 septimo
3323 646 3442 702 ldus
3484 644 3816 700 Novembris.
3855 641 4012 697 Nobis

774 742 1019 788 maneret
1053 735 1260 801 domus,
1301 737 1352 791 in
1394 753 1500 807 qua
1533 754 1638 794 non
1677 740 1883 811 jacerct
1924 745 2206 800 infirmus:
2246 747 2337 816 qui

774 839 960 879 omnes
983 825 1033 880 in
1071 827 1322 895 praedicta
1351 828 1688 886 solemnitate
1716 843 1860 888 tanta
1908 844 2033 888 sunt
2062 835 2342 893 celeritate

777 915 973 979 sanati,
1001 925 1059 968 ut
1082 916 1390 973 beatissima
1419 920 1626 990 virgine
1657 922 1829 976 levata
1865 924 1930 977 de
1959 926 2184 992 tumulo,
2219 925 2339 980 nul-

776 1002 856 1058 lus
877 1019 1058 1058 eorum
1085 1007 1327 1063 infirmus
1353 1021 1713 1066 remorarctur
1738 1012 1788 1066 in
1821 1013 2035 1071 lectulo.
2063 1017 2339 1072 Arcessito

773 1094 1003 1166 denique
1054 1098 1287 1155 Rodulfo
1335 1101 1704 1159 Noviomensis
1762 1105 2014 1160 Ecclesiae
2067 1107 2338 1162 archidia-

775 1205 929 1256 cono,
957 1202 1141 1261 postea
1183 1196 1421 1265 ejusdem
1467 1196 1722 1253 Ecclesia:
1756 1200 2005 1270 episeopo
2036 1201 2257 1269 devoto;
2285 1211 2341 1257 et

773 1302 835 1337 φιλ
876 1288 1286 1355 congregatione
1317 1287 1613 1344 beatissimi
1657 1292 1909 1362 martyris
1941 1291 2139 1346 Christi
2169 1293 2336 1359 Quin-

775 1377 888 1436 tini,
921 1380 1228 1434 convocatis
1258 1379 1507 1436 Palrihus
1537 1382 1753 1447 Gisone,
1795 1384 2075 1452 Rotberto,
2115 1387 2339 1455 aliisque

769 1465 1017 1532 plurimis
1067 1485 1258 1541 magna
1317 1472 1605 1527 devotione
1661 1474 1914 1543 repletis,
1979 1477 2067 1531 diu
2119 1477 2338 1531 dilatum

772 1558 1056 1616 festinatur
1081 1573 1137 1617 ut
1169 1563 1258 1618 fiat
1290 1563 1542 1619 oflicium.
1573 1565 1817 1622 Peractis
1843 1569 2022 1638 itaque
2053 1569 2339 1625 missarum

773 1650 1069 1716 solemniis,
1098 1663 1272 1708 mente
1296 1655 1484 1710 humili
1515 1671 1577 1712 ac
1608 1657 1816 1713 devotis
1850 1659 2042 1714 animis
2069 1660 2342 1715 acceditur

771 1743 836 1795 ad
869 1745 1152 1811 tumulum,
1195 1747 1250 1802 in
1297 1747 1412 1817 ipso
1441 1751 1617 1805 adhuc
1640 1749 1750 1818 jam
1796 1753 1942 1806 dicto
1973 1753 2230 1807 divinitus
2263 1754 2343 1807 in-

771 1828 891 1886 fuso
936 1833 1137 1890 lumine
1177 1836 1323 1892 circa
1373 1848 1533 1907 caput
1575 1847 1630 1894 et
1672 1850 1860 1910 pectus
1909 1842 2080 1896 beata:
2123 1842 2345 1912 virginis

770 1929 880 1975 tant
905 1913 1050 1979 clare
1079 1927 1343 1995 radiante,
1373 1939 1430 1983 ut
1455 1945 1565 1999 prae
1587 1931 1865 1988 nimietate
1900 1934 1980 1988 sui
2005 1948 2344 2002 nequaquam

771 2015 1000 2086 pleniter
1027 2030 1207 2092 posset
1234 2023 1451 2079 intueri.
1475 2022 1711 2081 Levatur
1740 2035 1918 2082 autem
1945 2026 2345 2083 sanctissimum

2447 754 2648 810 autem,
2673 744 2868 798 fratres
2893 739 3216 801 charissimi,
3251 737 3444 808 quibus
3471 736 3583 791 hare
3606 734 3772 788 beata:
3793 733 4011 799 virginis

2448 845 2598 908 gesta
2660 835 2992 903 aliorumque
3044 841 3349 886 sanctmum
3399 827 3719 898 perplurima
3771 821 4008 890 exempla

2449 927 2808 983 ostenduntur
2836 926 2900 978 ad
2936 924 3235 992 legendum,
3272 928 3642 992 proponuntur
3679 916 3742 969 ad
3793 915 4006 969 imitan-

2447 1021 2593 1087 dum,
2630 1021 2854 1075 solerter
2897 1017 3230 1080 intuendum,
3263 1015 3475 1069 fortiter
3525 1009 3870 1081 satagendum
3904 1018 4005 1072 cst,

2447 1128 2513 1165 ne
2564 1111 2801 1180 ipsorum
2841 1116 3089 1178 expertes
3133 1120 3353 1175 operum
3402 1104 3454 1156 in
3506 1101 3589 1156 illa
3633 1098 3853 1169 perenni
3905 1097 4009 1149 vita

2444 1203 2603 1258 alieni
2635 1201 2930 1256 efﬁciamur
2958 1217 2987 1254 a
3017 1197 3288 1255 counnuni
3331 1195 3510 1251 laetitia
3555 1200 3861 1248 sanctorum
3892 1204 4004 1242 orn-

2447 1294 2612 1348 nium.
2646 1293 2923 1347 Pulsemus
2957 1306 3084 1361 ergo
3127 1288 3298 1344 intimi
3345 1285 3520 1342 cordis
3563 1282 3811 1353 suspiriis
3854 1295 4008 1335 aures

2445 1387 2674 1456 piissimi
2717 1386 3044 1448 conditoris,
3081 1394 3346 1453 quatenus
3399 1382 3511 1450 ipso
3557 1377 3708 1432 nobis
3751 1375 4005 1436 donante,

2445 1477 2586 1545 quod
2613 1478 2763 1546 jubet
2791 1477 3078 1532 Cﬂlt'ﬂCllCl‘
3103 1473 3370 1542 complere
3411 1471 3704 1532 valeamus,
3750 1468 3886 1537 quod
3920 1482 4005 1520 sa-

2447 1566 2672 1620 lubriter
2698 1575 2914 1620 monet:
2943 1575 2999 1620 ut
3022 1575 3277 1619 venturus
3305 1563 3354 1616 in
3390 1561 3480 1616 illo
3506 1559 3735 1614 districti
3766 1557 4008 1612 examine

2442 1656 2662 1728 judicii,
2714 1674 2817 1714 non
2866 1658 2918 1712 in
2969 1657 3122 1711 nobis
3169 1656 3402 1709 inveniat
3442 1655 3582 1722 quod
3633 1653 3878 1712 damnet,
3919 1648 4011 1703 sed

2451 1752 2593 1820 quod
2645 1767 2765 1806 cum
2815 1749 2930 1804 suis
2986 1747 3274 1816 redemptis
3326 1743 3744 1800 misericorditer
3790 1749 4008 1796 coronet

2448 1844 2606 1900 Jesus
2633 1844 2878 1899 Christus
2911 1843 3169 1897 Dominus
3203 1850 3403 1906 noster,
3436 1839 3525 1910 qui
3565 1853 3684 1893 cum
3713 1835 3820 1889 Deo
3850 1834 4008 1888 Patre

2452 1947 2506 1992 et
2535 1935 2740 2007 Spiritu
2781 1943 2968 1989 sancto
2995 1933 3126 1988 vivit
3158 1942 3214 1986 et
3238 1931 3496 2000 gloriatur
3536 1927 3675 1985 Deus
3707 1944 3802 2000 per
3831 1925 4009 1982 omnia

2457 2027 2654 2084 saecula
2681 2026 3020 2082 saeculorum.
3047 2024 3241 2079 Amen.

2127 2336 2682 2418 MIBACULA.

836 2529 890 2586 9.
920 2512 1016 2568 llis
1034 2512 1327 2582 praemissis
1351 2512 1415 2568 de
1443 2512 1552 2568 vita
1578 2522 1632 2568 et
1653 2515 1864 2570 actibus
1889 2530 2029 2585 stepe
2052 2516 2206 2571 dictae
2229 2515 2339 2586 glo-
2368 2519 2417 2578 B
2453 2513 2881 2573 sanctimonialis
2935 2511 3174 2581 ejusdem
3196 2510 3550 2575 (monasterii
3621 2511 4017 2581 pttlcltritudinc

770 2607 928 2662 riosa:
975 2607 1218 2678 virginis,
1269 2616 1442 2660 ratum
1474 2607 1725 2663 duximus
1755 2623 1923 2679 pauca
1965 2609 2342 2680 subsequendo

771 2700 998 2755 describi
1054 2698 1433 2754 miraculorum
1482 2699 1747 2771 insignia,
1801 2719 1918 2772 qua:
1971 2701 2233 2756 Dominus
2273 2701 2342 2756 ob

769 2801 973 2846 tantam
1011 2792 1088 2845 sui
1147 2790 1399 2846 famulam
1442 2792 1528 2861 pie
1569 2794 1817 2863 dignatus
1852 2805 1933 2848 est
1979 2795 2190 2864 operari
2242 2809 2338 2863 per

771 2884 1020 2952 gratiam.
1068 2882 1201 2936 Nam
1248 2899 1307 2938 ea
1353 2901 1472 2954 qua:
1514 2886 1752 2956 aggressi
1797 2903 1983 2942 Sumus
2014 2887 2340 2949 describere,

770 2975 1090 3044 quibusdam
1137 2984 1334 3029 nostra:
1362 2976 1534 3029 aetatis
1563 2975 1919 3031 referentibus
1952 2977 2035 3030 vix
2079 2976 2342 3030 valuimus

775 3079 1107 3134 agnoscere:
1152 3064 1366 3120 fuerunt
1407 3067 1570 3120 etiam
1611 3066 1893 3121 innumera
1934 3068 2149 3122 virtutis
2179 3067 2338 3133 facta,

775 3171 892 3225 qua:
934 3157 980 3210 si
1027 3173 1122 3227 per
1167 3159 1425 3212 incuriam
1466 3158 1720 3214 oblivioni
1768 3160 1962 3214 tradita
1999 3176 2102 3214 non
2141 3170 2340 3226 essent,

775 3248 907 3301 satis
941 3247 1098 3317 digne
1137 3247 1330 3302 litteris
1365 3250 1606 3303 mandari
1635 3253 1953 3319 potuissent.
1980 3249 2157 3306 Unum
2186 3267 2341 3305 nant-

772 3354 875 3408 que
920 3340 1127 3408 siguum
1161 3341 1299 3408 quod
1333 3351 1546 3396 constat
1596 3342 1912 3396 mirabiliter
1956 3358 2075 3398 esse
2115 3343 2339 3411 factum,

774 3439 1167 3498 consequenter
1197 3431 1342 3484 brevi
1385 3432 1656 3487 locutione
1687 3447 1767 3487 est
1799 3437 2148 3489 narrandum.
2185 3435 2345 3490 Deni-

770 3534 873 3587 que
903 3521 1129 3588 quodam
1163 3530 1400 3590 tempore
1445 3522 1690 3576 homines
1722 3526 1962 3592 perversi
1995 3541 2088 3579 sua
2134 3525 2344 3580 fortiori

769 3620 1031 3680 potestate
1077 3611 1321 3672 fidentes,
1365 3613 1553 3666 audaci
1601 3615 1904 3669 temeritate
1937 3617 2129 3670 silvam
2173 3617 2340 3683 ipsius

775 3712 976 3756 sanctae
1017 3702 1256 3771 virginis,
1291 3716 1408 3771 qua:
1448 3704 1550 3771 sita
1597 3714 1678 3758 est
1723 3720 1879 3759 secus
1924 3707 2149 3760 fluvium
2189 3708 2343 3760 Sam-

775 3793 949 3858 bram,
981 3793 1030 3845 in
1059 3793 1182 3846 villa
1224 3809 1340 3861 qua:
1377 3794 1573 3848 dicitur
1598 3793 1919 3850 Dcdiuiacus
1943 3798 2188 3867 ingressi,
2221 3813 2340 3851 eam

2459 2609 2689 2673 illectus,
2718 2620 3052 2676 nequaquam
3085 2620 3140 2660 se
3166 2604 3431 2660 abstinere
3461 2605 3631 2674 potuit
3671 2605 3735 2659 ab
3766 2605 3877 2674 ejus
3908 2605 4007 2658 illi-

2447 2700 2572 2754 citis
2621 2695 2974 2767 amplexibus.
3031 2695 3162 2749 Dum
3234 2695 3395 2765 igitur
3446 2695 3670 2764 quadatn
3729 2695 3814 2749 dte
3866 2710 4013 2748 more

2443 2790 2601 2847 solito
2678 2787 3062 2844 monasterium
3124 2796 3362 2856 peteret,
3431 2798 3488 2842 ut
3544 2803 3650 2842 suae
3719 2797 3770 2841 et
3845 2788 4010 2855 ipsius

2443 2883 2622 2938 carnis
2650 2880 2906 2949 voluptati
2959 2878 3316 2943 satisfaceret,
3342 2879 3388 2932 ei
3425 2887 3609 2932 sancta
3655 2878 3805 2948 virgo
3835 2877 4016 2933 lluue-

2444 2975 2634 3046 gundis
2661 2975 2713 3029 in
2741 2973 2881 3027 atrio
2901 2971 3139 3042 ejusdem
3159 2971 3469 3026 monasterii
3488 2971 3718 3026 visibilis
3743 2974 4011 3041 apparuit.

2443 3081 2674 3137 eumque
2698 3066 3049 3120 vehementer
3077 3063 3360 3132 increpans
3380 3080 3486 3133 quo
3517 3075 3762 3134 pergeret
3793 3064 4018 3133 requisic

2442 3157 2537 3210 vit.
2571 3155 2670 3222 Qui
2719 3157 2785 3209 ad
2834 3169 3018 3210 vocem
3072 3153 3400 3222 increpantis
3439 3151 3590 3207 valde
3621 3154 3877 3208 confusus
3904 3169 4020 3207 eru-

2443 3249 2580 3312 buit,
2607 3255 2661 3301 et
2691 3262 2749 3301 se
2783 3245 2850 3299 ab
2875 3260 3036 3316 opere
3063 3245 3270 3300 nefario
3300 3259 3669 3314 compescens,
3703 3244 3768 3297 ab
3798 3259 4015 3298 acce~su

2447 3337 2604 3394 simul
2630 3348 2682 3392 et
2707 3346 2826 3392 actu
2867 3336 3098 3392 nefando
3131 3335 3196 3389 ad
3234 3345 3438 3405 tempus
3487 3335 3773 3390 subtraxit.
3823 3334 4019 3389 Praedi-

2446 3440 2531 3486 cta
2562 3439 2740 3485 autem
2772 3428 3222 3490 sanctimonialis,
3257 3427 3399 3482 velut
3440 3425 3611 3481 labilis
3635 3437 3685 3482 et
3713 3427 3935 3490 lasciva,
3964 3447 4018 3481 se

2447 3538 2477 3577 a
2507 3523 2621 3577 viro
2657 3532 3019 3592 contemptam
3047 3533 3260 3591 putans,
3289 3522 3706 3576 dunnaccrrimo
3731 3519 3913 3575 dolore
3943 3522 4018 3574 fa-

2445 3613 2611 3682 tigata
2664 3629 2722 3667 se
2750 3612 3112 3666 abominatatn
3167 3611 3560 3683 ingemisceret.
3592 3611 3797 3680 antiqui
3847 3612 4018 3665 hostis

2449 3704 2659 3760 insidiis
2681 3714 2908 3768 armata,
2928 3703 3173 3758 eumdem
3205 3703 3376 3756 virum
3407 3701 3696 3757 calliditate
3718 3718 3820 3771 qua
3849 3703 4020 3772 potuit

2448 3799 2513 3851 ad
2546 3812 2610 3862 se
2644 3810 2899 3851 revocare
2934 3797 3176 3849 tentavit.
3229 3793 3466 3848 Aﬂ‘abilis
3522 3795 3767 3864 inquiens
3823 3796 4015 3859 amice,

774 3884 886 3938 suis
931 3885 1110 3954 porcis
1155 3887 1416 3939 edendam
1447 3898 1824 3956 pervaserunt,
1865 3899 1918 3944 et
1962 3905 2182 3944 censum
2229 3891 2344 3944 sive
2372 3881 2416 3944 C
2449 3905 2549 3945 cur
2583 3905 2668 3944 me
2711 3891 3064 3958 spernendam
3109 3888 3342 3957 putasti?
3376 3903 3476 3942 non
3512 3898 3560 3941 te
3583 3888 3720 3942 visio
3763 3905 3918 3956 quan:
3949 3890 4018 3942 vi-

774 3975 986 4044 aliquod
1037 3977 1313 4032 servitium
1361 3993 1458 4047 pro
1510 3979 1698 4033 eadem
1746 3980 1879 4034 silva
1927 3982 2100 4036 eidem
2143 3991 2344 4036 sanctae

779 4067 970 4137 virgini
997 4082 1115 4121 esse
1143 4067 1509 4134 deferendum,
1535 4069 1676 4123 nulla
1700 4073 1906 4127 ratione
1934 4082 2352 4129 consenserunt:

775 4157 919 4223 Quos
960 4173 1052 4228 per
1102 4160 1335 4227 scipsam
1378 4161 1534 4213 beata
1579 4161 1724 4230 virga
1763 4162 2064 4232 increpare,
2109 4175 2268 4235 atque
2313 4180 2344 4218 a

778 4259 924 4303 tanta
963 4250 1188 4304 audacia
1238 4265 1492 4305 coercere
1544 4251 1771 4305 curavit.
1821 4252 1955 4306 Nam
2005 4257 2128 4307 dum
2180 4254 2345 4308 libere

780 4349 923 4394 tanta
957 4334 1229 4417 silvarum'
1255 4340 1407 4408 ecpia
1436 4340 1539 4394 lacti
1580 4342 1902 4409 potirentur,
1941 4345 2116 4396 subito
2158 4344 2344 4397 eadem

778 4436 870 4488 Det
918 4435 1064 4503 vith
1115 4435 1420 4503 pastoribus
1471 4435 1526 4488 in
1573 4435 1797 4489 terribili
1846 4437 2023 4503 specie
2074 4437 2342 4506 apparuit,

773 4541 972 4596 eosque
1004 4541 1099 4580 cur
1132 4526 1233 4581 sibi
1280 4525 1511 4578 fructum
1540 4525 1882 4595 subriperent
1924 4525 2069 4580 silvae
2110 4527 2345 4580 interro-

777 4632 947 4689 gans;
983 4619 1130 4688 virga
1163 4633 1322 4688 quam
1367 4635 1527 4671 manu
1561 4619 1805 4688 gestabat
1833 4618 2118 4686 percu5sit,
2160 4619 2345 4688 sicque

777 4713 952 4767 Omnis
1005 4710 1091 4763 illa
1142 4726 1427 4780 porcorum
1478 4709 1766 4764 multitudo
1814 4708 1917 4762 huc
1970 4709 2200 4779 illucque
2246 4707 2346 4763 dif—

780 4805 938 4865 fusa,
969 4817 1158 4855 versus
1203 4801 1589 4854 monasterium
1630 4799 2040 4853 llnmolaricuse
2086 4800 2346 4868 praecipiti

778 4908 937 4947 cursu
989 4893 1089 4946 itcr
1131 4892 1375 4961 arripuit.
1423 4891 1550 4944 inde
1593 4891 1790 4945 factum
1835 4899 1917 4944 est
1944 4898 2005 4944 ut
2043 4904 2108 4944 cx
2151 4889 2346 4958 quibus

781 4982 993 5036 domina
1023 4983 1259 5036 redditus
1281 4983 1428 5036 silvz‘e
1459 4983 1655 5036 habere
1683 4997 1785 5034 non
1817 4990 2046 5050 poterat,
2073 4981 2169 5033 hos
2199 4988 2346 5049 post-

780 5073 992 5126 modum
1025 5070 1225 5124 familia
1267 5073 1432 5142 ipsius
1459 5073 1582 5141 jure
1629 5072 1812 5142 quieto
1843 5074 2160 5141 possideret.
2211 5071 2342 5123 Nam

778 5179 898 5218 cum
945 5178 1134 5232 magno
1167 5163 1365 5232 impetu
1399 5163 1574 5215 villam
1607 5163 1856 5232 ingrcssi,
1889 5163 2032 5216 circa
2077 5171 2343 5216 monaste-

2445 3981 2572 4035 disti
2597 3981 2924 4044 absterreat,
2956 3979 3078 4047 quia
3104 3996 3206 4033 non
3238 3979 3332 4030 fuit
3372 3977 3656 4047 praesentia
3684 3989 3881 4032 sauetm
3913 3979 4016 4032 llr.-

2448 4075 2729 4144 negundis,
2790 4075 2882 4128 sed
2941 4073 3116 4141 aliqua
3162 4073 3224 4127 de
3283 4071 3490 4127 tetaulis
3533 4071 3682 4136 meis,
3722 4074 3940 4140 cupien~
3970 4083 4014 4125 tr

2446 4178 2689 4222 avertere
2713 4181 2742 4220 a
2774 4180 2878 4219 me.
2914 4165 2989 4218 lla
3030 4166 3152 4218 dato
3186 4164 3402 4223 indicio,
3437 4165 3688 4218 aliorsum
3718 4162 4014 4218 claaeuhm

2445 4268 2747 4328 praeparato
2799 4255 3012 4318 Ostiolo,
3045 4256 3090 4309 is
3123 4254 3503 4322 spurcissimus
3531 4254 3612 4306 vir
3650 4253 4014 4308 intermissum

2446 4352 2598 4406 nefas
2629 4362 2826 4405 iterare
2846 4352 3088 4401 tentavit.
3117 4346 3212 4401 Cui
3239 4361 3360 4400 mox
3381 4345 3602 4416 pervigil
3627 4357 3807 4400 custos
3831 4357 4016 4398 saneta

2446 4445 2597 4512 virgo
2628 4442 2974 4512 lluuegundis
3004 4441 3216 4494 obviam
3239 4438 3404 4501 venit,
3440 4447 3491 4491 et
3511 4436 3701 4491 baculo
3724 4453 3880 4505 quem
3910 4457 4018 4490 uat-

2448 4551 2517 4588 nu
2549 4533 2762 4587 tenebat
2802 4533 2858 4584 in
2883 4531 3099 4600 inguine
3130 4529 3416 4599 percussit.
3449 4526 3549 4595 Qui
3584 4544 3702 4582 mox
3731 4530 4016 4598 exsanguis

2446 4623 2668 4679 eil'ectus
2694 4623 2916 4686 corruit,
2957 4634 3009 4675 et
3039 4623 3092 4676 in
3137 4622 3383 4675 tmmibus
3403 4620 3572 4676 elatus
3599 4636 3732 4676 coxa
3779 4621 4014 4690 ejusdem

2449 4713 2834 4768 intumescente
2890 4712 3078 4767 eodem
3129 4711 3310 4765 dolore
3355 4711 3518 4764 vitam
3588 4711 3756 4764 finivit
3799 4729 3812 4775 ;
3869 4710 4017 4777 cujus

2448 4819 2581 4858 coxa
2608 4821 2748 4857 tllillO
2780 4803 2987 4871 integro
3014 4811 3135 4856 ante
3181 4802 3382 4855 obitum
3419 4817 3572 4856 suum
3616 4802 3667 4854 in
3699 4810 3838 4856 terra
3871 4819 4018 4855 Cu}:—

2448 4895 2672 4961 putruit.
2711 4892 2816 4946 i‘ro
2840 4891 2989 4959 cujus
3019 4899 3196 4944 tamen
3218 4892 3492 4946 curatione
3511 4891 3806 4946 atuicorum
3841 4893 4017 4948 studio

2449 4985 2681 5036 maxima
2705 4985 2925 5037 donaria
2961 4985 3024 5036 ad
3048 4982 3374 5038 «'illet'etttlttttt
3399 4991 3597 5039 Sancta:
3628 4984 3821 5055 virgini
3876 5001 4014 5055 prte-

2447 5085 2727 5144 parautur,
2766 5092 2884 5145 qua:
2926 5075 3072 5128 velut
3123 5074 3546 5130 immundissima
3597 5083 3835 5130 stereora
3896 5077 4017 5142 reji-

2452 5168 2691 5223 ciuntur.
2733 5167 2866 5221 Nam
2929 5168 3118 5222 iisdem
3182 5169 3465 5239 plurimum
3514 5183 3853 5224 nummorum
3885 5168 4012 5224 oll‘e—

778 5253 914 5300 rittm
959 5267 1054 5300 ncr
1091 5251 1292 5300 plateas.
1331 5263 1387 5300 9!.
1427 5262 1606 5300 certes
1651 5268 1679 5300 a
1728 5265 1784 5300 se
1829 5252 2056 5300 invicem
2105 5251 2278 5300 divisi.
2313 5266 2340 5300 a
2371 5235 2421 5294 Ῑ)
2451 5275 2542 5300 ι-ριι

2247 5252 2278 5300 l.
2313 5266 2340 5300 τὶ
2371 5235 2421 5294 D
2451 5260 2694 5300 rmtlilmq
2720 5259 2873 5300 ltn-lm
2896 5257 3107 5300 (‘mlilne
3162 5261 3308 5300 irruit
3359 5259 3446 5300 mli
3481 5268 3625 5300 tanta
3651 5260 4011 5300 nvmilenimm
