4466 5578
1336 332 1426 390 DE
1461 328 1992 388 TRANSLATIOAE
2032 329 2088 383 S.
2127 327 2593 387 HUNEGUNDIS.

3534 331 3608 391 70

321 457 412 513 Ait
444 455 592 510 enim
623 454 764 525 quod
816 454 982 509 isdem
1034 451 1353 507 venerabilis
1427 452 1639 515 Petrus,
1693 451 1905 506 cuidam
1936 452 1985 511 Α
2014 450 2281 504 mentibus
2311 451 2555 515 generari
2586 449 2893 519 scrupulum
2923 449 3291 513 dubitationis,
3314 450 3453 519 quad
3492 462 3599 506 est.

324 546 609 602 Theodoro
638 562 745 601 sua:
773 545 1013 600 eet-lesize
1043 546 1409 599 mansionario
1426 545 1584 599 solito
1606 545 1767 599 cilius
1790 560 1909 598 sur-

326 641 489 712 genti,
519 651 691 717 atque,
732 641 783 694 in
818 640 1009 708 ligneis
1037 640 1295 713 gradibus
1337 640 1401 693 ad
1435 639 1723 693 refovenda
1756 639 1907 692 lumi-

327 734 475 789 naria
519 733 703 799 stanti,
738 734 987 788 deorsum
1028 732 1081 787 in
1124 732 1432 803 pavimento
1484 740 1631 787 stans
1682 732 1733 785 in
1776 730 1908 785 stola

328 825 551 879 candida
594 826 865 895 apparuit,
888 840 1121 896 eumque
1166 840 1265 879 cur
1289 834 1396 879 tam
1424 824 1530 880 cito
1558 825 1908 889 surrexisset,

330 918 615 1007 increpuit.
656 1002 666 1007 _
789 1001 799 1007 _
1048 1002 1057 1007 _
1430 982 1459 1007 .

399 1002 480 1055 11.
512 1000 607 1055 llis
656 1001 889 1056 breviter
933 1002 1114 1067 tactis,
1146 1000 1539 1073 postremo'ad
1577 1019 1640 1058 ea
1696 1020 1814 1073 (ιιιίυ
1846 1002 1911 1057 ad

330 1092 513 1147 horam
551 1092 959 1159 intermisimus,
992 1096 1133 1163 quod
1158 1104 1406 1165 superest
1430 1096 1699 1151 narraturi
1725 1098 1913 1150 redea-

331 1198 463 1236 mus.
494 1180 725 1248 Quidam
760 1183 845 1237 vir
879 1185 1097 1241 nomine
1152 1185 1492 1251 Guntardus,
1519 1186 1799 1241 oculorum
1833 1186 1914 1239 lu-

330 1272 473 1327 mine
511 1275 775 1343 privatus,
818 1290 979 1330 causa
1027 1276 1276 1337 audiendi
1322 1278 1543 1332 missam
1594 1278 1659 1331 ad
1716 1286 1915 1331 sanctae

331 1364 555 1434 virginis
596 1366 815 1421 divertit
849 1367 1174 1421 ecclesiam:
1206 1368 1299 1423 sed
1342 1383 1462 1422 cum
1518 1368 1802 1422 missarum
1835 1383 1917 1421 so-

332 1456 539 1513 lemniis
568 1458 766 1513 ibidem
808 1459 1044 1516 ofliciose
1090 1463 1327 1531 peractis
1359 1463 1627 1516 mediante
1665 1463 1774 1529 jam
1826 1464 1913 1519 die

327 1547 515 1615 januas
566 1550 837 1605 inveniret
866 1554 1147 1608 obseratas
1173 1554 1435 1617 ecclesim,
1466 1554 1518 1607 in
1541 1554 1752 1623 porticu
1784 1556 1915 1611 foris

331 1642 621 1710 prostravit
673 1659 732 1698 se
783 1645 834 1699 in
875 1654 1097 1711 terram,
1131 1646 1336 1700 diutius
1363 1662 1527 1701 orans
1571 1648 1761 1703 adesse
1814 1649 1915 1703 sibi

336 1732 424 1787 Dei
442 1735 893 1790 miscricordiam.
915 1736 1156 1808 Surgens
1173 1749 1353 1792 autem
1384 1748 1505 1808 post
1526 1738 1719 1793 multas
1747 1738 1918 1808 lacry-

336 1841 443 1880 mas
469 1836 536 1880 at;
565 1829 834 1887 oratione.
878 1830 1044 1898 coepit
1092 1830 1275 1884 oculos
1310 1846 1469 1884 manu
1502 1841 1731 1901 tergere,
1761 1831 1921 1884 resti—
1949 1812 1997 1874 Β

336 1926 443 1972 tuto
473 1919 618 1974 visus
661 1921 764 1976 sibi
794 1920 967 1976 oflicio
992 1922 1216 1976 obtentu
1249 1931 1448 1977 sanctae
1471 1922 1697 1992 virginis
1736 1923 1918 1991 piissi-

335 2024 436 2063 mo.
491 2008 646 2064 Uude
692 2020 748 2066 et
799 2011 1010 2066 mulieri
1063 2027 1282 2082 gressus
1329 2028 1455 2068 suos
1495 2013 1698 2084 regenti
1748 2013 1917 2067 dixit:

344 2122 359 2153 ι
381 2102 822 2168 Mulier,dimitte
852 2120 938 2159 me
965 2123 977 2159 :
1008 2121 1152 2160 nunc
1178 2107 1319 2160 enim
1345 2116 1395 2159 te
1421 2106 1669 2160 trahente
1706 2120 1809 2160 non
1844 2107 1924 2159 iu-

335 2193 508 2262 digeo,
534 2194 813 2263 quoniam,
841 2195 950 2251 Deo
972 2198 1194 2267 gratias,
1224 2206 1438 2266 recepto
1466 2196 1667 2251 lumine
1690 2197 1925 2267 perfecte

337 2289 503 2352 video,
534 2291 677 2358 quod
711 2290 842 2343 mihi
890 2292 977 2359 pie
1024 2291 1259 2345 obtinuit
1310 2291 1625 2345 intercessio
1653 2289 1925 2345 memdile-

338 2380 591 2436 ctissiina:
624 2383 856 2435 domina:
899 2394 1100 2437 sanctae
1150 2384 1353 2438 scilicet
1380 2384 1748 2455 Hunrgnndis.
1780 2403 1797 2436 ι
1825 2383 1927 2437 Ita-

333 2488 435 2541 quc
462 2473 667 2544 ingenti
694 2474 879 2529 lmtitia
909 2475 1180 2546 perfusus,
1200 2477 1464 2532 laudando
1488 2478 1652 2532 Deum
1679 2493 1928 2533 reversus

330 2576 414 2623 est
442 2568 509 2623 ad
536 2570 776 2639 propria.

411 2661 499 2715 12.
544 2662 638 2715 Est
668 2671 722 2717 et
762 2662 904 2717 aliud
937 2680 1146 2734 magna:
1172 2666 1387 2720 virtutis
1415 2666 1758 2731 miraculum,
1789 2668 1928 2736 quod

331 2754 590 2809 abscondi
624 2754 840 2808 silentio
869 2771 971 2808 non
1004 2772 1123 2810 esse
1150 2758 1745 2826 cougrunmexistimo.
1779 2757 1930 2811 Alius

329 2862 549 2916 quoque
573 2847 654 2900 vir
680 2847 899 2901 nomine
941 2846 1257 2911 Rotbertns,
1308 2849 1503 2918 pedum
1549 2849 1723 2903 oflicio
1771 2849 1932 2904 desti-

332 2948 503 3000 tutus,
540 2939 812 3003 scabellis,
838 2949 894 2992 ut
922 2941 1085 2994 moris
1115 2951 1198 2995 est
1224 2940 1428 3006 talium,
1459 2943 1741 3006 subnixus,
1776 2942 1926 3011 ejus-

331 3033 456 3087 dem
489 3032 583 3086 Dei
611 3032 835 3101 virginis
867 3031 1196 3085 solemnitati
1244 3032 1512 3101 gloriosae,
1538 3042 1697 3102 prout
1722 3033 1918 3103 potuit,

2018 539 2365 612 prohncfas!
2417 542 2707 609 pessimum
2765 558 2933 611 genus
2971 542 3318 597 iulidelitatis.
3362 544 3601 600 llavcant

2018 650 2146 704 ergo
2175 636 2522 702 derogatores
2552 634 2851 688 divinorum
2901 650 3148 703 0|)CI‘UJE,
3182 650 3247 689 ne
3281 636 3602 692 damnentur

2018 741 2140 781 cum
2195 726 2279 781 his
2336 728 2402 782 de
2432 725 2627 795 quibus
2655 726 2893 797 loquitur
2922 726 3202 797 Scriptura
3236 744 3250 782 :
3291 725 3600 799 Sepulcrum

2016 830 2198 890 patens
2236 830 2307 874 est
2343 831 2522 890 guttur
2549 837 2747 885 eorum,
2782 822 2971 891 linguis
3021 822 3127 875 suis
3154 820 3328 875 dolose
3359 823 3598 889 agebant,

2019 927 2267 965 venenum
2300 912 2540 981 aspidum
2572 913 2663 966 sub
2701 912 2851 966 labiis
2883 930 3059 966 eorum
3086 911 3258 983 (Psal.
3283 928 3334 977 v,
3362 913 3463 981 10).
3500 912 3602 979 Qui

2020 1016 2142 1057 eum
2169 1003 2415 1057 viderent
2445 1003 2729 1057 Dominum
2771 1001 2953 1058 Jesum
3003 1004 3286 1059 innumera
3336 1004 3602 1059 mirabilia

2024 1096 2329 1160 facientem,
2355 1104 2409 1151 et
2439 1111 2500 1151 ea
2533 1111 2561 1149 a
2598 1096 2784 1150 notitia
2828 1095 3006 1167 populi
3032 1096 3303 1152 occultare
3350 1112 3453 1151 non
3484 1113 3606 1167 pos-

2025 1198 2162 1253 sent,
2196 1190 2308 1244 hinc
2336 1189 2567 1259 pessima
2598 1200 2777 1243 mente
2818 1188 3135 1243 calumniari
3209 1189 3486 1243 tentabant
3526 1192 3606 1246 di-

2021 1290 2210 1337 centes
2258 1299 2270 1333 :
2309 1279 2375 1334 In
2419 1280 2708 1335 Beelzebub
2738 1280 3280 1349 principeda’monum
3316 1280 3455 1349 ejicit
3499 1281 3604 1335 dte-

2022 1373 2197 1425 monia
2232 1370 2425 1440 (Marc.
2479 1386 2519 1433 t,
2577 1370 2685 1437 l5).
2716 1370 2825 1425 Nos
2857 1386 2985 1425 vero
3026 1370 3339 1441 falsiloquos
3367 1382 3420 1425 et
3454 1388 3606 1427 mcu-

2023 1464 2192 1520 daciis
2246 1464 2360 1519 suis
2406 1462 2691 1517 infeliciter
2720 1472 2989 1524 vacantes,
3039 1478 3265 1531 quorum
3315 1463 3608 1517 secundum

2024 1554 2337 1625 Apostolttm
2368 1569 2461 1609 cor
2493 1554 2752 1621 insipiens
2789 1555 3138 1608 obscuratum
3169 1561 3270 1618 est,
3303 1562 3357 1607 et
3377 1567 3609 1607 evanue-

2026 1656 2151 1700 runt
2202 1646 2252 1700 in
2309 1645 2724 1717 cogitationibus
2758 1646 2891 1710 suis,
2941 1655 3275 1715 recepturos,
3326 1646 3427 1700 nisi
3472 1645 3610 1701 forte

2027 1740 2604 1809 corrigantur,erruris
2628 1740 2709 1793 sui
2734 1740 3054 1802 mercedem,
3108 1747 3511 1809 postponentes,
3545 1738 3612 1793 ad

2025 1831 2361 1903 propositum
2406 1831 2710 1894 redeamus,
2775 1839 2829 1885 et
2873 1830 2975 1900 piis
3006 1846 3069 1885 ac
3120 1829 3367 1885 fidelibus
3418 1829 3615 1885 animis

2025 1923 2169 1995 quod
2197 1922 2367 1977 oculis
2396 1923 2596 1977 nostris
2620 1922 2874 1989 vidimus,
2903 1922 3134 1977 fideliter
3168 1921 3490 1977 referamus.

2098 2014 2186 2070 l4.
2217 2014 2372 2068 Anno
2400 2014 2565 2084 igitur
2590 2013 2655 2069 ab
2681 2015 3056 2069 incarnatione
3077 2014 3287 2069 Domini
3316 2023 3613 2086 nongente-

2027 2110 2165 2165 simo
2214 2108 2556 2179 sexagesimo
2614 2116 2830 2177 quarto,
2887 2107 2972 2162 die
3022 2115 3213 2161 octavo
3250 2105 3618 2161 Kalendarum

2028 2205 2383 2277 Septembris,
2435 2204 2727 2259 festivitate
2793 2202 2999 2259 scilicet
3050 2202 3224 2257 beata:
3271 2199 3619 2270 Hunegundis

2026 2299 2271 2369 virginis,
2300 2298 2400 2353 hoc
2428 2297 2494 2350 de
2517 2311 2625 2365 quo
2663 2294 2935 2365 loquimur
2972 2294 3152 2347 divina
3184 2293 3385 2347 virtute
3415 2290 3620 2346 factum

2026 2400 2107 2447 est
2131 2390 2469 2446 miraculum.
2505 2389 2561 2443 ln
2589 2388 2863 2443 territorio
2892 2400 3125 2456 namque
3148 2384 3428 2456 cujusdam
3471 2383 3617 2439 villae

2024 2501 2146 2556 quae
2176 2485 2375 2539 dicitur
2428 2480 2857 2545 Sasnulficurtis,
2900 2494 3173 2534 messores
3221 2480 3271 2533 in
3331 2477 3448 2548 ipsa
3475 2475 3621 2532 festi-

2026 2577 2192 2631 vitate
2224 2574 2553 2629 frumentum
2606 2572 2862 2628 secabant
2893 2589 2906 2637 ;
2948 2588 3083 2642 quos
3118 2569 3404 2642 presbyter
3432 2583 3619 2626 eorum

2026 2670 2248 2725 nomine
2302 2666 2617 2723 Lantfridus
2667 2665 2981 2735 frequenter
3031 2680 3129 2735 pro
3182 2664 3284 2718 hac
3313 2662 3621 2717 temeritate

2030 2764 2401 2832 redarguerat,
2429 2762 2623 2815 dicens
2649 2775 2707 2813 se
2753 2758 2957 2829 synodo
3002 2755 3312 2812 interfuisse
3346 2755 3399 2809 in
3421 2770 3525 2825 qua
3554 2755 3622 2811 ab

2028 2855 2285 2924 episcopo
2332 2851 2709 2907 Noviumcnsis
2736 2848 2993 2904 Ecclesiae.
3043 2846 3275 2901 Rodulfo
3324 2848 3437 2901 haec
3467 2843 3619 2899 festi-

2029 2948 2171 3003 vitas
2208 2945 2554 3001 devotissime
2572 2943 2834 2999 celebrari
2863 2941 3013 3010 jussa
3041 2942 3161 2995 fuit.
3197 2940 3301 2996 Sed
3339 2941 3458 3010 ipsi,
3495 2954 3626 2995 suo-

2031 3057 2148 3095 ruui
2200 3039 2501 3094 vicinorum
2551 3051 2793 3091 errorem
2846 3035 3045 3099 secuti,
3075 3034 3328 3089 dicebant
3376 3047 3433 3088 se
3480 3032 3624 3087 solos

330 3125 612 3179 festinavit
661 3126 948 3179 interesse.
1002 3123 1103 3189 Qui
1153 3125 1340 3179 eadem
1374 3124 1425 3178 in
1465 3125 1691 3179 ecclesia
1720 3125 1806 3179 ditt
1840 3139 1926 3179 re—
1954 3174 1997 3195 η
2031 3131 2171 3186 hanc
2206 3129 2557 3185 festivitatem
2587 3141 2692 3181 non
2721 3140 2878 3195 posse
2910 3124 3206 3187 celebrare,
3239 3122 3364 3177 dum
3404 3128 3626 3177 cunctos

332 3227 535 3281 motus,
587 3217 817 3288 gratiam
844 3216 1121 3285 sospitatis
1155 3216 1362 3269 infttndi
1394 3217 1494 3271 sibi
1526 3218 1679 3287 petiit
1703 3218 1928 3271 misera-

327 3308 535 3364 bilibus
592 3308 875 3362 membris.
934 3306 1171 3361 Tandem
1228 3308 1338 3362 Deo
1387 3308 1675 3361 miserante
1726 3307 1931 3361 mf'l'lllS

330 3402 507 3458 beata:
536 3402 761 3472 virginis
785 3411 837 3456 et
856 3400 1268 3466 intercessione,
1296 3400 1548 3471 perfecte
1576 3399 1930 3454 incolumitati

228 3533 236 3541 -
326 3495 511 3567 palam
560 3495 773 3550 cunctis
807 3494 1007 3547 meruit
1051 3493 1303 3549 restitui:
1346 3495 1532 3563 sicque
1576 3495 1777 3548 factum
1830 3503 1930 3558 est,

327 3596 395 3641 ut
422 3588 514 3655 qui
542 3585 836 3641 contractis
856 3586 1035 3640 nervis
1065 3600 1260 3640 curvus
1283 3587 1596 3651 advenerat,
1618 3587 1931 3641 eorumdcm

326 3677 687 3749 compagibus
716 3676 851 3731 satis
881 3686 1002 3745 apte
1033 3676 1313 3742 solidatus,
1348 3678 1686 3746 postmodum
1719 3676 1773 3731 in
1804 3692 1935 3745 gau-

327 3771 424 3826 dio
452 3779 741 3825 remearet.
769 3768 1015 3824 Sufﬁciat
1054 3786 1150 3826 nos
1173 3786 1342 3841 pauca
1374 3785 1627 3827 narrasse
1656 3789 1667 3825 :
1695 3771 1935 3826 calamus

326 3864 501 3919 etiam
546 3872 745 3919 ﬂOSlI‘tl)
786 3863 1165 3933 descriptionis
1221 3864 1372 3934 plura
1428 3864 1611 3920 dicere
1654 3872 1857 3935 posset,
1889 3864 1933 3919 si

323 3957 555 4012 licentia
588 3956 846 4026 temporis
874 3957 1230 4025 permitteret,
1282 3958 1528 4026 quamvis
1569 3958 1735 4011 multa
1774 3959 1935 4011 mira-

325 4050 584 4103 culorum
621 4062 787 4117 opera
830 4061 927 4116 pcr
969 4048 1190 4102 incuria:
1217 4047 1429 4117 culpam
1464 4048 1572 4103 sint
1603 4048 1934 4120 negligenter

322 4140 558 4196 omissa.
584 4138 820 4210 Agamus
869 4152 997 4209 ergo
1039 4139 1238 4206 gratias
1270 4139 1379 4192 Deo
1411 4148 1622 4205 nostro,
1652 4139 1741 4208 qui
1810 4154 1933 4193 san-

322 4243 481 4289 ctam
530 4232 611 4286 sui
655 4231 920 4301 virginem
962 4231 1033 4285 ita
1074 4232 1398 4301 glorificavit
1442 4232 1493 4286 in
1527 4233 1745 4297 nmndo,
1782 4230 1934 4300 cujus

323 4325 553 4381 meritis
596 4332 651 4378 et
704 4323 1081 4379 obsecratione
1111 4324 1373 4394 perducat
1424 4339 1526 4379 nos
1572 4324 1829 4377 Dominus
1866 4322 1933 4376 ad

321 4418 533 4493 gaudia
561 4416 799 4472 caelestis
824 4418 1029 4487 patriai,
1068 4417 1121 4471 in
1152 4433 1253 4487 qua
1284 4418 1396 4487 ipsa
1427 4417 1655 4472 feliciter
1675 4416 1926 4482 exsultat,

1952 3174 1998 3239 Ο

2035 3238 2162 3278 suos
2190 3222 2397 3276 vicinos
2425 3220 2674 3272 viderent
2702 3232 2828 3272 suas
2858 3215 3211 3271 necessitates
3228 3212 3503 3284 Operando
3524 3212 3625 3266 im-

2036 3313 2204 3383 plere.
2237 3311 2391 3366 Unde
2418 3310 2643 3379 contigit
2674 3316 2732 3363 ut
2764 3309 3011 3379 quanlam
3048 3305 3219 3377 puella
3262 3304 3478 3360 nomine
3500 3303 3628 3359 Rot-

2036 3406 2219 3473 gildis,
2252 3403 2493 3474 praedicti
2540 3402 2864 3473 presbyteri,
2910 3400 3051 3455 sicut
3088 3400 3200 3469 ipse
3228 3398 3384 3453 nobis
3422 3395 3623 3462 retulit,

2035 3512 2101 3551 ex
2157 3509 2343 3551 sorore
2421 3494 2617 3564 neptis,
2675 3494 2787 3564 jam
2841 3491 3016 3547 dictos
3066 3505 3336 3547 messores
3381 3502 3629 3559 sequere-

2039 3598 2234 3648 tur;et
2282 3588 2600 3657 Spicasqute
2630 3600 2815 3640 eorum
2866 3599 3057 3639 manus
3115 3580 3352 3652 effugere
3378 3586 3631 3651 poterant

2037 3680 2345 3751 colligebat.
2386 3679 2629 3747 Cumque
2652 3692 2711 3731 se
2742 3675 3058 3730 inclinasset
3082 3683 3141 3728 ut
3185 3675 3363 3745 spicas
3386 3671 3629 3728 studiose

2038 3772 2357 3843 colligeret,
2442 3785 2605 3823 unam
2659 3785 2687 3822 a
2732 3778 2879 3825 terra
2943 3768 3142 3823 levavit
3191 3783 3353 3837 quam
3425 3765 3630 3821 recenti

2037 3866 2296 3937 sanguine
2331 3863 2600 3917 madidam
2650 3861 2871 3917 invenit.
2916 3860 3088 3927 Quam
3117 3860 3317 3914 mirans
3340 3857 3480 3913 unde
3506 3871 3632 3912 san-

2038 3960 2156 4031 guis
2179 3958 2266 4012 ille
2281 3956 2494 4012 veniret
2518 3952 2766 4027 projecit,
2789 3952 2949 4007 aliam
2984 3950 3332 4006 nihilominus
3351 3948 3628 4019 colligens,

2036 4051 2225 4107 eodem
2278 4063 2473 4104 cruore
2526 4048 2833 4101 madentem
2897 4043 3147 4099 similiter
3208 4040 3487 4112 projecit;
3554 4038 3633 4094 sic

2040 4146 2278 4211 tertiam,
2307 4151 2558 4214 quartam
2589 4148 2643 4195 et
2676 4140 2942 4209 quintam,
2980 4146 3036 4193 et
3083 4136 3341 4206 deinceps
3364 4148 3535 4203 usque
3560 4131 3629 4186 ad

2039 4238 2313 4295 fastidium
2365 4250 2552 4291 omnes
2587 4249 2721 4304 quas
2760 4232 3013 4301 colligere
3078 4238 3310 4301 poterat,
3366 4224 3629 4297 sanguine

2036 4332 2225 4403 plenas
2255 4328 2490 4383 videbat.
2540 4325 2690 4381 Unde
2722 4335 2963 4379 tremens
3004 4330 3057 4377 et
3114 4321 3275 4376 nimis
3317 4318 3511 4388 pavida
3563 4316 3632 4372 ad

2037 4432 2245 4495 patrem
2276 4436 2454 4485 suum,
2504 4420 2595 4490 qui
2641 4427 2768 4473 tunc
2800 4415 2939 4487 forte
2986 4416 3040 4470 in
3097 4428 3343 4484 campum
3372 4410 3625 4467 eumdem

321 4525 382 4571 et
417 4527 546 4568 cum
595 4510 773 4565 choris
827 4510 1096 4581 virginum
1131 4510 1399 4565 canticum
1456 4525 1653 4563 novum
1704 4508 1931 4565 Domino
1960 4546 2011 4606 Ι)
2040 4517 2333 4573 advenerat,
2361 4514 2619 4575 cucurrit,
2664 4519 2719 4566 et
2755 4510 2881 4581 quid
2909 4510 2956 4565 ei
3000 4509 3302 4577 contigerat
3346 4502 3627 4559 indicavit.

321 4615 546 4665 cantat.
580 4603 684 4674 Ipsi
725 4604 917 4675 gloria,
966 4605 1137 4661 honor
1166 4613 1220 4660 et
1247 4613 1487 4674 potestas
1516 4605 1568 4658 in
1599 4614 1799 4658 aeterna
1832 4619 1931 4659 sac-

320 4702 484 4759 cula.

404 4795 499 4848 15.
532 4791 589 4845 In
642 4791 926 4847 narrandis
963 4792 1154 4847 divinae
1209 4792 1537 4861 operationis
1570 4790 1931 4859 mirabilibus,

324 4888 423 4942 ille
461 4894 573 4938 tota
626 4885 817 4937 mentis
865 4883 1060 4940 virtute
1100 4899 1184 4941 est
1233 4884 1418 4954 utique
1469 4884 1793 4948 laudandus,
1845 4887 1933 4940 cui

323 4988 528 5037 cantat
577 4977 833 5047 propheta
883 4979 1309 5049 gratulabundus
1344 4992 1357 5030 :
1387 4976 1700 5032 Benedictus
1760 4977 1936 5032 Domi-

324 5089 430 5125 nus
493 5068 636 5123 Deus
684 5067 869 5133 Israel,
916 5072 1000 5139 qui
1050 5072 1177 5141 facit
1236 5070 1497 5125 mirabilia
1550 5086 1739 5139 magna
1791 5068 1933 5124 solus

324 5163 519 5238 (Paul.
554 5176 774 5227 cxxxtv,
797 5161 872 5232 4).
936 5161 1082 5221 Unde
1121 5180 1224 5221 nos
1259 5162 1385 5218 totis
1416 5165 1619 5219 viribus
1653 5161 1934 5219 laudemus

320 5270 379 5314 et
404 5254 805 5312 benedicamus
844 5269 979 5322 eum,
1023 5260 1111 5331 qui
1164 5257 1270 5313 sibi
1322 5255 1550 5314 fideliter
1582 5254 1931 5312 servientium

321 5351 571 5424 gloriam
632 5345 807 5416 perire
842 5364 942 5403 non
995 5356 1201 5423 patitur
1259 5351 1569 5408 meritorum
1610 5352 1744 5405 :scd
1792 5348 1935 5407 sicut

321 5440 683 5501 aeternaliter
704 5455 794 5495 eos
818 5444 1012 5512 gaudiis
1036 5448 1169 5505 facit
1201 5446 1461 5502 interesse
1490 5444 1821 5510 cmlestibus,
1859 5444 1934 5499 ita

321 5541 503 5578 aliam
540 5533 1019 5578 tpmnnralitm'nm-
1063 5539 1316 5578 ηηιιιιιεδηι
1351 5540 1481 5578 mim
1508 5552 1695 5578 onrnm
1736 5535 1931 5578 merita

2042 4610 2215 4674 Quam
2248 4617 2403 4679 pater
2433 4620 2563 4659 suus
2583 4602 2729 4658 velut
2777 4602 3031 4673 puellaris
3059 4599 3296 4657 levitatis
3316 4597 3480 4652 verba
3511 4610 3633 4651 nar-

2042 4712 2254 4757 rantem
2281 4700 2469 4756 durius
2496 4697 2815 4766 increpavit,
2840 4707 2895 4753 et
2916 4698 2981 4751 ad
3002 4711 3137 4768 epus
3160 4710 3313 4751 suum
3335 4691 3520 4750 redire
3537 4690 3635 4748 ad-

2041 4796 2268 4850 tnonuit.
2316 4793 2419 4847 Sed
2460 4794 2546 4847 illa
2581 4801 2845 4847 tremente
2892 4800 3053 4860 atque
3097 4790 3168 4844 ita
3215 4798 3275 4843 ut
3308 4787 3531 4842 dixerat
3575 4798 3635 4839 se

2041 4905 2157 4943 rem
2190 4886 2387 4943 habere
2417 4885 2736 4948 afﬁrmante,
2761 4899 2881 4939 eam
2910 4893 3065 4954 pater
3094 4897 3227 4937 suus
3262 4893 3357 4950 per
3382 4888 3653 4950 campum

2042 4993 2262 5039 secutus
2293 4988 2467 5044 cst,et
2495 4979 2730 5051 ejusdem
2752 4978 2964 5033 cruoris
2992 4975 3254 5046 plurimas
3288 4971 3465 5042 spicas
3496 4972 3662 5028 inun-

2042 5076 2260 5132 datione
2288 5076 2569 5130 madentes
2599 5071 2952 5142 collegerunt,
2977 5080 3034 5124 et
3060 5070 3394 5141 quzesierunt
3417 5060 3466 5115 si
3528 5064 3672 5120 forte

2044 5170 2100 5226 in
2134 5170 2321 5225 eodem
2354 5183 2547 5239 campo
2589 5164 2783 5235 aliquis
2822 5181 2890 5221 ex
2918 5162 3253 5220 messoribus
3300 5168 3551 5212 manum
3576 5144 3680 5205 Sibi

2046 5271 2141 5317 aut
2165 5260 2391 5333 digitum
2426 5258 2726 5324 incidisset,
2755 5262 2901 5315 unde
2949 5256 3175 5329 sanguis
3226 5251 3315 5309 ille
3337 5242 3684 5317 proflueret-

2048 5354 2201 5423 Quod
2230 5356 2484 5412 omnibus
2537 5350 2881 5422 stupentibus
2918 5358 3083 5420 atque
3129 5366 3251 5407 cum
3296 5351 3505 5407 magna
3554 5342 3693 5394 atte-

2047 5449 2281 5503 statione
2338 5445 2692 5522 negantibus.
2751 5444 3013 5515 quasdam
3065 5459 3132 5499 ex
3174 5437 3376 5501 eisdem
3403 5427 3600 5497 spicis
3624 5425 3695 5483 ad

2793 5549 2842 5578 nl
2892 5536 3275 5578 nrpchvlornm
3326 5531 3452 5578 ante
3502 5527 3698 5578 altare

2046 5540 2335 5578 nnnlnniqm
2395 5547 2475 5578 .lnl
2488 5540 2697 5578 nlnrnnl
2720 5556 2732 5568 ο
