4466 5578
788 393 854 449 71
1793 386 2094 443 BERNERI
2132 382 2422 441 ABBATIS
2465 382 3021 440 HUMOLARIENSIS
3983 388 4055 443 72

793 516 981 559 auctor
1030 505 1285 568 existere,
1333 500 1507 555 dixit:
1546 518 1562 551 ι
1598 499 1654 556 Si
1683 516 1843 571 super
1879 503 1983 557 hoc
2011 503 2151 573 quod
2206 502 2383 557 dicitis
2412 508 2457 565 Α
2488 499 2591 554 hoc
2632 499 2855 553 audiens
2899 497 3175 566 proprium
3203 511 3338 565 opus
3362 511 3420 549 se
3448 496 3759 552 relicturum
3788 501 4057 567 prouusit,

793 596 1025 668 amplius
1048 596 1252 665 aliquid
1293 610 1397 649 non
1449 593 1656 660 videro,
1699 594 1894 665 populo
1928 593 2241 651 incredibile
2279 595 2382 649 hoc

791 690 1086 761 praedicare
1115 704 1218 741 non
1252 686 1440 741 audeo.
1466 705 1484 736 ι
1513 686 1665 753 Quod
1696 688 1882 744 dicens
1908 688 2206 759 grossiores
2226 688 2380 757 quasi

792 779 1042 853 lacryma:
1067 794 1133 833 ex
1184 778 1583 833 summitatibus
1613 795 1903 849 granorum
1932 786 2210 849 cmperunt
2256 794 2378 833 san-

796 873 977 945 guinis
1000 879 1166 940 gutta:
1188 870 1474 941 proﬂuere,
1501 883 1555 926 et
1580 882 1703 927 ante
1753 874 1913 943 pedes
1935 872 2050 941 ejus
2090 872 2141 926 in
2181 882 2379 926 terram

795 964 1005 1017 cadere.
1054 961 1172 1028 Quo
1202 962 1318 1017 viso
1348 963 1634 1033 presbyter
1701 972 1849 1017 tanto
1898 972 2130 1018 tremore
2171 964 2381 1033 percul-

795 1069 886 1109 sus
906 1063 1005 1116 est,
1036 1062 1097 1107 ut
1119 1052 1400 1108 deficiente
1430 1053 1618 1122 spiritu
1650 1053 1738 1107 vix
1766 1069 1886 1110 sese
1906 1056 2381 1124 genibustremen-

794 1145 940 1201 tibus
961 1159 1123 1215 super
1148 1146 1313 1214 pedes
1340 1160 1464 1198 suos
1493 1154 1734 1210 teneret;
1762 1155 1816 1201 et
1844 1149 1986 1217 quod
2024 1149 2173 1216 prius
2215 1148 2376 1204 time-

798 1232 891 1288 bat
931 1234 1198 1299 indicare,
1242 1238 1582 1303 postmodum
1608 1235 1729 1307 plus
1762 1238 1963 1303 timuit,
1995 1254 2059 1291 ne
2087 1254 2181 1292 sua
2211 1240 2381 1309 negli-

797 1324 975 1394 gentia
1009 1325 1215 1379 tardius
1240 1325 1307 1379 ad
1337 1327 1584 1382 notitiam
1614 1329 1792 1398 populi
1823 1330 2148 1400 perveniret.
2181 1330 2381 1400 Sicque

798 1415 955 1470 tactis
1002 1416 1169 1487 signis
1208 1419 1465 1489 populum
1515 1421 1583 1475 ad
1629 1421 1911 1476 ecclesiam
1957 1425 2294 1488 convocavit,
2326 1433 2381 1477 et

798 1520 895 1576 pro
924 1520 1020 1560 sua
1063 1507 1428 1564 inohedientia
1452 1525 1545 1565 eos
1574 1510 1861 1578 increpans
1891 1511 1990 1565 hoc
2020 1512 2261 1566 divinum
2300 1514 2380 1567 eis

798 1597 1117 1652 miraculum
1167 1599 1442 1669 patefecit.
1506 1602 1651 1666 Quos
1699 1617 1797 1670 pro
1842 1602 2062 1657 insolito
2117 1604 2379 1659 miraculo

798 1686 999 1740 nimius
1043 1687 1206 1741 timor
1254 1688 1467 1752 invasit,
1508 1698 1563 1744 et
1606 1690 1672 1743 ad
1700 1691 2070 1761 paenitentiam
2121 1697 2381 1765 agendam

798 1789 895 1844 pro
940 1789 1037 1829 sua
1083 1777 1386 1831 temeritate
1418 1781 1852 1850 promptissimos
1884 1783 2132 1837 reddidit.
2167 1785 2379 1855 Egressi

2485 590 2749 660 ﬂagellum
2774 590 3020 661 projecit,
3048 590 3140 645 sed
3166 590 3382 656 stultus,
3411 590 3563 659 quasi
3597 591 3697 645 hoc
3722 590 3889 646 levius
3913 601 4060 647 esset

2482 696 2701 749 scopam
2727 681 2976 752 arripuit,
3008 690 3062 735 et
3083 682 3227 735 circa
3251 696 3433 736 aream
3458 695 3701 745 verrens,
3730 679 4057 737 frumentum

2482 775 2723 828 adunare
2760 777 2945 844 coepit.
2978 774 3149 841 Quam
3189 775 3466 829 vesaniam
3501 774 3687 829 statim
3722 774 3854 830 ultio
3875 776 4061 831 divina

2483 877 2666 923 sccnta
2693 875 2794 922 est.
2827 868 2961 923 Nam
2991 884 3116 923 mox
3143 867 3260 939 ejus
3287 868 3566 922 brachium
3607 868 3848 939 diriguit,
3885 877 3940 924 et
3974 869 4057 923 di-

2481 961 2607 1015 vino
2634 960 2858 1015 verbere
2892 969 3063 1016 tactus
3118 961 3170 1015 in
3220 970 3419 1014 terram
3463 961 3682 1026 cecidit,
3732 961 3972 1017 clamans
4000 976 4059 1016 se

2485 1068 2657 1119 remn,
2699 1066 2756 1105 se
2793 1051 3075 1118 miserum,
3114 1066 3233 1107 sese
3274 1053 3373 1107 sub
3412 1052 3561 1106 omni
3606 1052 3889 1108 celeritate
3940 1068 4061 1108 esse

2482 1144 2801 1197 moriturum
2831 1160 2843 1195 :
2875 1143 3017 1210 quod
3046 1142 3247 1198 factum
3271 1144 3585 1213 praedictum
3612 1144 3859 1199 timorem
3890 1146 4059 1209 auxit,

2490 1235 2771 1304 presbyter
2794 1247 2926 1287 vero
2952 1234 3372 1304 circumquaque
3396 1235 3731 1297 discurrens,
3762 1236 4056 1305 sanguino-

2483 1324 2654 1378 lentas
2693 1324 2871 1392 spicas
2912 1324 2967 1378 in
3014 1324 3263 1379 manibus
3298 1324 3497 1389 ferens,
3545 1325 3845 1379 vicinarum
3885 1325 4061 1379 eccle-

2483 1416 2682 1469 siarqu
2724 1415 3054 1486 presbyteris
3097 1414 3239 1484 quod
3296 1414 3494 1470 factum
3549 1416 3725 1471 fuerat
3771 1416 4059 1471 nuntiavit.

2483 1503 2582 1569 Qui
2610 1519 2820 1570 omnes,
2849 1514 3012 1559 tantae
3038 1505 3292 1560 novitatis
3317 1506 3472 1577 signo
3499 1507 3720 1571 turbati,
3749 1507 4061 1562 convocatis

2483 1608 2704 1647 suarum
2757 1595 3135 1662 parochiarum
3174 1595 3405 1665 populis,
3447 1612 3570 1651 cum
3601 1596 3860 1651 crucibus
3890 1607 3946 1651 et
3974 1612 4061 1652 ce-

2485 1687 2595 1739 rcis
2628 1700 2737 1740 uno
2760 1684 2902 1740 facto
2930 1686 3360 1757 agmine,.nudis
3388 1688 3615 1757 pedibus
3642 1703 3764 1742 eum
3802 1687 4059 1757 supplici-

2485 1778 2582 1832 bus
2607 1780 2744 1832 votis
2765 1793 2890 1833 cum
2914 1777 3004 1831 illo
3026 1778 3179 1848 cujus
3201 1778 3485 1832 brachium
3514 1779 3911 1850 diriguerat,,et
3938 1793 4060 1833 cum

802 1867 1033 1938 denique
1085 1868 1151 1923 ab
1202 1868 1428 1924 ecclesia
1487 1886 1585 1940 per
1638 1888 1881 1941 campos,
1935 1890 2029 1944 per
2086 1891 2232 1940 rura,
2286 1890 2382 1945 per
2415 1901 2459 1960 Β
2486 1870 2661 1938 puella
2693 1870 2871 1938 spicas
2901 1870 3340 1939 sanguinolentas
3371 1871 3424 1923 in
3456 1869 3706 1925 manibus
3733 1871 3963 1935 ferente,
3996 1870 4061 1923 ad

804 1972 983 2027 agros,
1009 1974 1106 2029 per
1147 1960 1350 2013 viarum
1392 1961 1571 2015 exitus
1611 1962 2035 2032 circumquaque
2071 1964 2379 2019 discurren-

805 2057 921 2113 tes,
973 2052 1190 2105 cunctis
1236 2051 1430 2107 vicinis
1481 2052 1591 2106 suis
1639 2053 1989 2119 nuntiabant,
2042 2071 2109 2110 ne
2154 2056 2383 2126 amplius

800 2150 978 2211 cmpto
1016 2142 1165 2211 operi
1196 2142 1541 2209 insisterent;
1573 2146 1667 2199 sed
1697 2147 1763 2200 ad
1796 2147 2082 2202 ecclesiam
2110 2151 2381 2217 venirent,

801 2242 855 2286 et
882 2232 1120 2286 divinum
1170 2233 1489 2287 miraculum
1535 2246 1844 2290 cernerent.
1887 2236 2093 2302 Quibus
2132 2241 2383 2296 onmibus

802 2321 1027 2374 nimium
1067 2322 1362 2388 exterritis,
1410 2321 1553 2377 fama
1594 2323 1844 2380 celeriter
1887 2326 2220 2395 pervolante,
2238 2343 2301 2383 ac
2333 2329 2379 2383 si

802 2425 1041 2481 paganos
1068 2412 1362 2480 rugientes,
1395 2428 1457 2467 ex
1488 2429 1652 2483 opere
1682 2416 1902 2486 proprio
1931 2417 2375 2486 exturbabantur,

806 2513 861 2558 et
891 2519 957 2557 ne
982 2519 1144 2573 super
1165 2520 1222 2559 se
1247 2505 1461 2562 ccelitus
1491 2507 1572 2562 ira
1597 2508 1809 2564 Domini
1835 2511 2047 2566 veniret
2069 2513 2382 2582 suppliciter

806 2598 1187 2665 precabantur.

881 2688 968 2742 15.
1011 2689 1236 2755 Quidam
1263 2691 1444 2762 itaque
1473 2694 1706 2751 rusticus
1746 2696 1961 2752 nomine
1998 2698 2290 2755 Rotbertus
2328 2701 2381 2755 in

805 2779 993 2834 eadem
1028 2780 1151 2834 villa
1190 2781 1518 2838 frumentum
1548 2786 1602 2840 in
1640 2802 1764 2842 area
1798 2789 1949 2859 virga
1985 2790 2225 2850 caedebat
2251 2805 2264 2843 :
2291 2791 2383 2860 qui

2486 1960 2870 2014 monasterium
2918 1968 3120 2014 sanctze
3166 1959 3348 2015 Maria:
3388 1968 3444 2015 et
3473 1971 3677 2014 sanctze
3711 1959 4063 2031 Hunegundis

2485 2051 2735 2106 celeriter
2766 2058 3156 2120 pervenerunt;
3204 2059 3261 2103 et
3299 2066 3454 2105 suam
3482 2051 3697 2120 culpam
3722 2051 4060 2114 confitentes,

2487 2142 2541 2196 in
2572 2152 2769 2196 terram
2791 2142 3069 2211 prostrati,
3097 2150 3156 2195 ut
3185 2139 3381 2196 fratres
3411 2157 3508 2212 pro
3533 2156 3593 2196 se
3617 2149 3839 2195 orarent
3885 2142 4058 2195 immi-

2486 2233 2612 2287 liter
2654 2234 2969 2302 petierunt:
3001 2231 3147 2302 quod
3175 2241 3231 2287 et
3259 2231 3460 2287 factum
3505 2241 3611 2287 est.
3650 2232 3789 2286 Eant
3815 2246 3943 2302 ergo
3972 2231 4065 2301 qui

2487 2339 2592 2378 non
2638 2323 2868 2377 credunt
2896 2322 3023 2376 huic
3064 2323 3239 2393 signo,
3283 2331 3339 2377 et
3382 2322 3707 2377 calumniam
3732 2320 3937 2376 faciant
3965 2321 4063 2385 illi,

2489 2416 2633 2487 quod
2682 2414 2929 2470 similiter
2973 2415 3029 2470 in
3071 2414 3330 2486 sanguine
3376 2413 3578 2469 factum
3622 2423 3708 2469 est
3735 2414 3790 2468 in
3823 2412 4065 2484 Egypto

2490 2509 2589 2564 sub
2634 2510 2935 2564 Pharaone.
2979 2508 3089 2563 Nos
3118 2523 3246 2563 vero
3275 2508 3657 2563 benedicamus
3684 2522 3808 2562 eum
3843 2507 3935 2577 qui
3966 2507 4066 2559 mi-

2492 2600 2678 2654 rabilis
2699 2609 2783 2654 cst
2813 2601 2865 2653 in
2895 2598 3099 2654 sanctis
3127 2599 3259 2659 suis,
3291 2599 3430 2653 Deus
3456 2598 3618 2653 Israel
3646 2598 3782 2652 dans
3809 2599 4064 2651 virtutem

2491 2702 2546 2747 et
2572 2693 2945 2747 fortitudinem
2989 2691 3134 2762 plebi
3175 2706 3303 2745 suat.
3355 2690 3679 2746 Benedictus
3708 2690 3850 2743 Deus
3884 2690 3935 2742 in
3966 2704 4066 2743 sae-

2491 2786 2632 2841 cula.
2659 2789 2850 2840 Amen.

811 2919 4064 2957 ww

2118 3042 2738 3132 APPENDIX

1016 3214 1122 3276 AD
1160 3211 1833 3277 TRANSLATIONEM
1877 3213 2266 3278 CORPORIS
2309 3212 2641 3275 SANCTIE
2686 3212 3195 3275 HUNEGUNDIS
3239 3211 3591 3273 VIRGINIS
3634 3210 3845 3271 APUD

2122 3317 2726 3380 VlROMANDUOS.

969 3497 1205 3577 Incipit
1249 3497 1584 3582 descriptio
1623 3524 1817 3586 super
1859 3506 2205 3567 mutatione
2249 3512 2541 3586 corporis
2584 3515 2808 3569 sancta;-
2848 3502 3264 3586 Hunegundis
3302 3502 3569 3581 virginis
3612 3501 3914 3583 ulmi/iere,

1548 3584 1970 3665 miraculoque
2014 3586 2170 3646 inibi
2204 3584 2512 3649 divinitus
2554 3595 2807 3667 patrato
2853 3603 3014 3644 anno
3062 3584 3239 3645 1051.

887 3724 954 3803 1..
976 3722 1299 3806 sanctorum
1325 3724 1581 3806 miracula
1609 3727 1929 3806 describere,
1978 3742 2288 3806 eorumque»
2310 3730 2384 3785 fa-
2412 3744 2456 3806 (ι
2489 3732 2658 3806 tisper
2701 3731 2924 3806 obtentu
2979 3729 3314 3806 reverentiae
3348 3729 3650 3806 immorari,
3728 3742 3795 3806 ut_
3836 3733 4070 3806 qualiter

813 3805 897 3847 (-ta
943 3794 1169 3861 insignia
1201 3797 1270 3847 oh
1308 3805 1646 3863 posterorum
1696 3798 1940 3849 notitiant
1988 3794 2247 3854 chartulis
2280 3804 2378 3854 im-

813 3865 1063 3931 primere,
1109 3864 1353 3918 ﬁdelibus
1402 3882 1505 3917 non
1549 3865 2008 3934 pigrumjudicari
2038 3870 2105 3923 ab
2133 3873 2385 3927 omnibus

815 3935 1057 4006 apprime
1092 3934 1269 4006 debet,
1316 3935 1669 4006 honorificum
1698 3937 1965 4006 simulque
1996 3942 2381 3996 necessarium.

812 4003 947 4057 Nam
980 4003 1278 4058 fabularum
1304 4006 1490 4058 naenia:
1526 4005 1650 4058 dum
1685 4003 1960 4060 recitando
1990 4010 2259 4066 fatuorum
2286 4028 2383 4065 au-

816 4077 961 4128 ribus
992 4075 1044 4127 in
1075 4074 1276 4128 malum
1315 4077 1500 4142 pronis
1546 4074 1881 4144 ingeruntur,
1932 4079 2143 4135 illectus
2170 4082 2385 4135 aninms

817 4156 1010 4212 torpet,
1063 4161 1213 4198 mens
1244 4148 1422 4207 hebet,
1455 4154 1507 4197 et
1535 4147 1751 4213 propria
1779 4147 1895 4199 lucc
1923 4150 2104 4204 relicta
2132 4153 2384 4206 deorsum

816 4215 1335 4289 fluit,corruptionis
1357 4215 1659 4289 perniciosa
1684 4217 1944 4270 lenocinia
1976 4223 2382 4289 concupiscens,

813 4286 1094 4357 probitatis
1137 4285 1403 4357 tramitem
1439 4284 1857 4357 det'elinquens;
1899 4288 2083 4357 sicque
2115 4284 2173 4344 fit
2204 4300 2262 4344 ut
2292 4307 2385 4343 cor

816 4354 1181 4422 insipientium
1231 4356 1431 4408 auditis
1476 4354 1817 4410 fatuitatibus
1858 4371 1953 4425 per
1976 4354 2230 4426 proclivia
2260 4376 2384 4427 gra-

815 4427 986 4484 diens,
1022 4434 1200 4479 nectat
1227 4434 1497 4488 catenam,
1537 4440 1641 4493 qua
1685 4427 1862 4481 valeat
1899 4431 2057 4492 tralti,
2094 4440 2383 4483 tartarum'

814 4510 917 4562 que
943 4496 1154 4547 demum
1183 4494 1447 4565 immergi.
1475 4494 1671 4549 Verum
1700 4506 2007 4551 sanctorum
2040 4503 2230 4553 merita
2258 4501 2383 4553 dum

814 4565 1083 4632 divulgata
1134 4566 1184 4617 in
1227 4566 1465 4636 auditum
1512 4567 1690 4636 populi
1739 4568 2104 4635 proferuntur,
2134 4572 2385 4623 virtutes-

814 4651 917 4703 que
939 4651 1121 4690 eorum
1148 4633 1419 4703 profectus
1461 4633 1630 4705 gratia
1681 4633 2016 4701 nuntiantur,
2041 4633 2213 4694 ﬁdelis
2237 4655 2384 4693 mens

813 4709 879 4758 de
915 4707 1103 4759 mortis
1148 4720 1336 4759 somno
1380 4722 1678 4775 churgens
1706 4710 1770 4761 ad
1798 4708 1979 4769 vitam,
2034 4710 2100 4763 de
2149 4710 2382 4763 tenebris

815 4775 1149 4830 infidelitatis
1198 4777 1372 4830 exerit
1424 4779 1643 4831 brachia
1699 4777 1766 4829 ad
1812 4779 1987 4832 studia
2037 4779 2380 4833 sanctitatis:

815 4861 1251 4917 consurgensque
1294 4849 1359 4901 ad
1404 4862 1685 4917 prospera,
1738 4848 2030 4902 inardescit
2079 4851 2143 4902 ad
2195 4850 2381 4910 fortia,

814 4916 1493 4988 tualignitatis_pr:ecipitia
1523 4916 1790 4986 praecavet
1818 4920 1917 4985 pia-
1948 4920 2260 4973 intentionis
2286 4920 2387 4972 iter

814 4985 1101 5056 arripiens.
1160 4985 1468 5056 Taliterquc
1524 4985 1841 5055 perditionis
1898 4989 2051 5042 nodis
2105 4988 2382 5052 absoluta,

816 5056 982 5112 libero
1027 5057 1159 5127 pede
1203 5055 1423 5110 festinat
1469 5060 1535 5127 ad
1582 5060 1773 5126 gaudia
1816 5058 2051 5127 etelestis
2077 5060 2220 5123 vitae,
2250 5075 2382 5126 qua-

816 5136 970 5182 tenus
1001 5126 1168 5181 Ueum
1197 5127 1417 5180 deorum
1449 5126 1625 5179 valeat
1658 5128 1836 5179 videre
1869 5128 1921 5180 in
1957 5126 2104 5194 Sion,
2138 5130 2187 5182 id
2215 5138 2299 5182 est
2328 5130 2380 5181 in

814 5199 1029 5265 specula
1077 5197 1302 5267 pacilice
1331 5197 1573 5249 visionis.
1599 5196 1858 5260 Quocirca
1908 5208 2121 5262 vestrzc,
2164 5198 2378 5263 fratres,

813 5267 1113 5321 dilectionis
1149 5267 1468 5321 charitatem
1502 5266 1776 5337 quoddam
1820 5282 1923 5337 non
1966 5269 2148 5337 pigeat
2195 5268 2381 5323 audire

811 5337 1131 5390 miraculum
1175 5337 1316 5404 quod
1360 5336 1616 5395 Dominus
1657 5344 1839 5386 noster
1867 5335 2293 5393 Jcsds'tlhristus
2330 5342 2381 5393 in

813 5407 1113 5460 mutatione
1141 5406 1386 5478 corporis
1414 5420 1525 5458 suae
1561 5405 1917 5478 sanctissima:
1952 5410 2176 5478 virginis
2205 5408 2384 5462 llune-

810 5478 1005 5518 mrmlic
1054 5492 1147 5518 sua
1191 5474 1497 5518 ιΙῖσιιεδιίηιὶρ
1543 5474 1709 5518 \‘nlllil
1757 5474 2126 5518 ιΙρΙιιηηςΙιιῆηι
2180 5480 2249 5518 nn
2277 5494 2378 5518 mm

2414 5094 2462 5154 D

2488 3799 2649 3863 facta,
2681 3804 2763 3856 vel
2796 3810 3165 3855 consummata
3198 3801 3270 3853 sit
3303 3799 3416 3867 ipsa
3450 3804 3699 3864 mutatio,
3729 3803 3796 3855 ad
3827 3799 4066 3858 fidelium

2488 3874 2735 3926 notitiam
2764 3872 2957 3925 litteris
2986 3871 3111 3923 licet
3135 3871 3397 3938 imperitis
3429 3879 3593 3938 queat
3622 3874 3925 3940 pervenire.
3962 3874 4069 3928 Ha-

2489 3944 2577 3996 bet
2615 3946 2758 3997 enim
2798 3941 3097 3996 mercedem
3128 3956 3282 3994 suam
3308 3940 3409 4010 pize
3436 3940 3739 3996 devotionis
3770 3941 4064 3999 affectuosa

2488 4014 2735 4067 intentio.

2558 4084 2611 4135 2.
2650 4082 3004 4151 Annoigitur
3028 4081 3320 4135 Dominica:
3345 4082 3746 4138 incarnationis
3776 4082 4067 4139 millesimo

2486 4154 2929 4222 quinquagesimo
2970 4155 3185 4221 primo,
3251 4155 3398 4222 regni
3453 4153 3791 4209 Francorum
3850 4171 4069 4209 monar-

2486 4223 2661 4296 chiam
2690 4222 3024 4296 gubernante
3040 4222 3252 4296 _optimo
3276 4223 3516 4296 principe
3544 4224 4065 4296 Henrico,_i)hilippi

2486 4293 2646 4364 regis
2671 4292 2937 4364 genitore,
2969 4292 3162 4345 abbate
3188 4307 3402 4364 quoque
3434 4294 3672 4349 Macario
3702 4294 3778 4364 (7)
3810 4292 4069 4349 Humola-

2486 4362 2681 4415 ricnsis
2710 4362 2941 4416 conrobii
2972 4377 3154 4414 curam
3179 4363 3612 4428 administrante,
3641 4362 3813 4418 visum
3846 4373 3929 4418 est
3958 4366 4068 4418 fra-

2486 4433 2658 4486 tribus
2702 4432 2841 4485 beati
2880 4430 3156 4484 Benedicti
3179 4432 3277 4484 sub
3304 4434 3486 4501 regula
3516 4436 3745 4489 Domino
3776 4434 4064 4488 militanti-

2484 4502 2914 4574 bnquuatenus
2955 4516 3151 4570 corpus
3195 4501 3427 4574 domina:
3466 4519 3576 4558 sua:
3605 4504 3974 4574 Hunegundis,
4020 4506 4062 4559 si

2486 4571 2719 4625 facultas
2745 4578 3072 4643 suppeteret,
3099 4573 3293 4643 mutari
3319 4572 3611 4638 debuisset,
3640 4584 3699 4628 ut
3726 4571 3880 4643 cujus
3910 4576 4061 4629 scili-

2485 4650 2570 4714 cet
2613 4656 2736 4714 non-
2764 4642 3107 4714 ambigebant
3136 4641 3371 4714 anituam
3400 4645 3541 4714 inter
3568 4641 3832 4714 virginum
3861 4645 4061 4700 choros

2486 4710 2741 4783 honorari
2787 4712 2840 4764 in
2881 4710 3089 4765 cmlesti
3137 4712 3390 4783 thalamo,
3438 4713 3554 4783 ejus
3580 4710 3873 4782 glo'riosutn
3906 4732 4059 4771 soma

2486 4798 2590 4851 non
2624 4781 2952 4851 negligerent
2985 4783 3036 4833 in
3068 4782 3225 4834 terris
3250 4781 3483 4839 condere
3517 4781 3812 4839 honorabili
3840 4802 4061 4841 mauso-

2486 4850 2590 4905 leo.
2618 4852 2743 4925 Erat
2770 4850 2914 4925 enim
2944 4851 2994 4904 id
3024 4852 3198 4925 relatis
3225 4867 3379 4925 sacra
3412 4857 3702 4923 margarita
3736 4855 3911 4925 ligneo
3944 4865 4063 4910 latt-

2489 4932 2599 4994 tnm
2662 4921 2901 4994 involuta
2963 4922 3251 4994 scriniolo,
3312 4921 3610 4979 forinsecus
3673 4921 4061 4994 asﬁcientihus

2484 4991 2590 5044 vile
2629 4991 2900 5060 praebente
2940 4992 3301 5057 domicilium;
3338 4997 3429 5048 sed
3455 4991 3780 5049 intrinseetis
3806 5007 4059 5050 servante

2487 5060 2774 5132 admodum
2797 5063 3175 5132 charissimum
3208 5064 3536 5117 thesaurum.
3566 5063 3741 5132 Ipsum
3771 5080 3901 5121 vero
3927 5067 4060 5121 tedi-

2490 5131 2720 5184 ticiolum
2765 5131 2979 5204 laminis
3017 5131 3205 5187 ferreis
3232 5134 3375 5204 adeo
3423 5131 3600 5186 fuerat
3633 5135 4056 5204 circumseptum

2489 5210 2649 5267 atque
2696 5203 3038 5268 pr.eclusum,
3093 5204 3178 5256 cui
3230 5202 3494 5257 introrsus
3547 5202 4053 5259 inhaerebant—ossa

2489 5270 2856 5336 devotissima,
2902 5282 2960 5326 ut
2999 5275 3088 5325 vix
3137 5271 3403 5340 aliquibus
3442 5283 3650 5342 pateret
3686 5277 4057 5343 apertionihus

2491 5350 2684 5407 praeter
2708 5343 2993 5395 admodum
3029 5344 3212 5409 paucis
3250 5343 3383 5397 artis
3423 5345 3751 5398 mechanica:
3775 5347 4055 5401 machina-

2494 5410 2743 5486 tionibus.
2779 5412 2962 5486 Eidem
2992 5428 3205 5486 quoque
3228 5413 3373 5486 aliud
3399 5414 3758 5486 majusculum
3795 5431 4055 5486 superpo-

2491 5481 2648 5518 cilnni
2703 5481 2945 5518 orci-alvu
2982 5485 3237 5518 uni-inin"!
3272 5481 3680 5518 luendae-Kanon“
3718 5481 3909 5518 lnznn-n:
3948 5485 4055 5518 cnl-
