4466 5578
415 370 487 430 73
1313 374 1401 432 DE
1447 373 1602 431 \‘lTA
1646 372 1705 429 s.
1748 372 2218 432 llUNEGUNDlS.
2262 404 2327 415 -
2368 371 2729 429 ΑΡΡΕΝΒΙΧ.
3607 354 3680 410 ἠ

416 510 481 552 ac
512 492 776 549 industria
828 492 1152 550 altrinsecus
1189 493 1471 559 vallatum,
1515 510 1583 551 ne
1629 494 1875 549 videlicet
1910 494 1990 548 fa-
2022 500 2067 557 A
2100 496 2318 553 tessime
2343 501 2618 563 vergente,
2647 492 2817 545 instar
2864 484 3163 563 tabularum
3195 489 3472 549 expressa,
3497 469 3689 529 caelato

411 566 516 622 cile
541 575 749 635 pateret
772 565 1049 635 captiosis,
1075 566 1499 621 frandulentisve
1524 567 1823 636 ingeniolis.
1852 565 1991 619 Ριξξι-

414 638 531 693 dari
566 639 764 706 quippe
810 638 1031 692 minime
1067 638 1237 707 cupit,
1265 639 1356 707 qui
1387 640 1463 692 sic
1496 640 1807 692 thesaurum
1837 652 1992 691 suum

413 708 642 765 occultis
666 720 826 777 atque
852 708 1173 763 lirtnissintis
1202 711 1357 763 tectis
1391 710 1653 764 recondit.
1690 708 1801 762 Tali
1832 708 1996 778 siqui-

414 781 535 835 dem
577 782 736 834 modo
761 795 957 849 corpus
984 779 1095 833 Deo
1125 780 1369 835 amabilis
1396 780 1621 851 virginis
1648 778 1996 850 lluuegundis

411 851 577 907 fuisse
615 851 890 907 conditqu
927 851 995 904 ab
1028 851 1113 906 bis
1147 852 1235 921 qui
1268 852 1520 906 viderunt
1550 852 1813 919 nobisque
1850 860 1997 905 retu-

413 922 609 987 lerunt,
668 923 978 992 accepimus
1026 938 1054 976 a
1108 933 1349 992 tempore
1405 922 1612 977 scilicet
1644 922 1997 977 ~inventiouis

414 1004 574 1066 atque
622 993 994 1048 translationis
1029 994 1269 1066 ejusdem
1302 994 1548 1066 virginis,
1579 1010 1698 1065 quae
1723 992 1995 1049 celebrata

411 1065 499 1122 est
518 1081 665 1119 anno
690 1066 1079 1137 incarnationis
1106 1065 1399 1119 Doniinica:
1429 1070 1841 1137 nongentesinio
1864 1080 1997 1134 qua-

413 1137 717 1208 dragesimo
748 1146 922 1195 sexto,
967 1135 1238 1191 Ludovico
1272 1135 1556 1208 regnante,
1598 1136 1754 1189 Berta
1796 1135 1994 1189 femina

412 1206 533 1262 Deo'
550 1217 762 1262 sacrata
809 1217 935 1261 tunc
982 1208 1240 1275 temporis
1281 1206 1744 1261 Humolariensem
1775 1216 1999 1274 regente

412 1278 703 1333 abbatiam.
746 1277 911 1345 Cujus
951 1278 1276 1333 inventionis
1303 1294 1510 1333 necnon
1540 1287 1594 1332 et
1622 1277 1997 1331 translationis

416 1350 835 1420 descriptionem
866 1350 1129 1418 simulque
1162 1350 1546 1404 miraculorum
1592 1349 1824 1419 insignia
1865 1347 1996 1420 inibi

413 1418 670 1476 divinitus
724 1420 1026 1484 declarata,
1088 1420 1390 1475 volentibus
1450 1418 1782 1490 agnoscere,
1850 1418 1997 1472 claro

412 1491 552 1561 stylo
590 1491 970 1561 luculentoquc
1017 1505 1266 1545 sermone
1312 1489 1518 1545 studuit
1550 1489 1867 1561 elucubrare
1897 1490 1997 1560 pia:

417 1560 694 1616 memoriae
721 1560 951 1617 domnus
990 1562 1156 1616 abbas
1202 1562 1500 1620 nauseans.
1549 1563 1638 1631 qui
1672 1560 1781 1614 Deo
1811 1560 1996 1631 dispo-

419 1642 579 1687 nente
620 1633 829 1703 primus
878 1634 1003 1687 huic
1049 1636 1307 1686 successit
1358 1630 1577 1693 locello,
1612 1631 1781 1701 pulsis
1809 1632 1878 1685 ob
1902 1630 1997 1685 eb-

420 1717 577 1758 scena
625 1704 861 1757 carnalis
904 1704 1195 1772 voluptatis
1246 1703 1533 1767 lenoeinia,
1570 1718 1689 1770 qu:e
1718 1704 1787 1755 ibi
1820 1712 1994 1765 erant,

420 1776 764 1829 monialiltus.
802 1776 865 1828 At
898 1792 993 1828 nos
1020 1776 1119 1827 ista
1152 1774 1367 1827 interim
1393 1775 1724 1838 amittentes,
1758 1781 1995 1843 emptum

417 1845 733 1915 opusculum
764 1855 921 1915 prout
953 1846 1194 1899 valemus
1220 1846 1581 1899 intendamus.

477 1917 531 1971 5.
571 1916 704 1970 Cum
754 1914 913 1986 igitur
957 1915 1260 1979 ctenobitie,
1313 1926 1369 1969 ιιι
1413 1916 1790 1983 praemisimus,
1836 1914 1994 1969 simul

412 2001 530 2041 cum
584 1997 739 2056 patre
788 1987 1050 2056 spirilnali
1097 1988 1161 2039 ad
1210 1987 1435 2039 invicem
1487 1995 1904 2054 pertractarent,
1945 1987 1989 2038 si

409 2073 514 2127 quo
570 2060 727 2111 modo
781 2060 845 2110 ad
906 2060 1154 2121 ellccttun
1210 2058 1507 2127 perducere
1556 2065 1794 2125 possent,
1852 2058 1995 2125 quod

410 2129 623 2197 quidem
678 2144 889 2182 summo
941 2128 1261 2181 atl‘eetabant
1308 2128 1612 2184 desiderio.
1664 2141 1764 2180 nec
1816 2136 1992 2181 taiucn

411 2199 666 2253 inchoare
720 2199 1160 2268 pl‘tL‘SlllllL‘llﬂlll;
1218 2197 1430 2250 fortuna
1500 2198 1596 2251 luci
1654 2197 1995 2251 summissius

409 2271 701 2331 arridente,
728 2270 820 2323 Dei
862 2270 1194 2338 providentia
1220 2272 1399 2323 omnia
1435 2269 1787 2338 praevidente,
1816 2269 1993 2321 conti-

413 2342 489 2412 git
531 2342 819 2410 quemdam
870 2341 1040 2393 virum
1093 2341 1157 2395 de
1202 2341 1369 2412 hui-go
1414 2342 1582 2394 sancti
1610 2340 1847 2405 Qnintini
1878 2341 1990 2408 glo-

417 2411 543 2466 riosi
598 2412 872 2482 martyris,
926 2411 1289 2464 mercimoniis
1350 2421 1511 2479 atque
1565 2412 1990 2465 mercationibus

411 2482 571 2537 vitant
604 2498 757 2537 suam
791 2484 1169 2541 deducentem.
1204 2483 1419 2535 nomine
1447 2482 1788 2543 Balduinum,
1827 2497 1990 2535 causa

413 2554 708 2607 devotionis
752 2555 1054 2620 attinneque
1099 2556 1340 2622 prolectu
1384 2562 1624 2606 nostrqu
1662 2553 1858 2605 adiisse
1887 2568 1994 2605 etc-

414 2624 653 2688 not;inin,
675 2634 951 2692 quatenus
991 2621 1190 2677 mutua:
1223 2623 1524 2676 dilectionis
1554 2623 1773 2692 obtentu
1803 2621 1997 2676 fratres

412 2694 759 2765 dignarentur
774 2695 872 2747 sibi
890 2709 1040 2765 suam
1060 2693 1239 2765 largiri
1260 2694 1591 2748 societatem.
1606 2691 1774 2759 Quam
1792 2693 1998 2762 petitio-

412 2763 528 2819 nem
547 2766 745 2819 fratres
761 2781 882 2819 cum
906 2764 1061 2817 Patre
1076 2763 1256 2817 libenti
1276 2765 1455 2818 animo
1474 2767 1860 2833 amplectentes
1881 2780 1997 2832 pro-

411 2836 667 2905 pterillnd
688 2835 897 2890 Domini
915 2844 1238 2905 praeceptum
1262 2849 1368 2902 quo
1390 2836 1585 2888 dicitur
1604 2852 1614 2886 :
1634 2833 1767 2886 Date
1782 2846 1825 2886 et
1851 2835 1998 2888 dabi-

412 2916 494 2958 tur
516 2908 689 2971 vobis;
713 2918 783 2969 et,
806 2907 986 2959 eadem
1009 2921 1252 2958 mensura
1277 2922 1379 2974 qua
1402 2905 1565 2958 mensi
1586 2905 1812 2973 fueritis,
1840 2921 1995 2959 reme-

408 2978 564 3029 tiatur
608 2978 749 3031 vobis
789 2976 1005 3046 (Matth.
1032 2990 1126 3038 \‘tt,
1150 2975 1204 3046 2)
1230 2992 1245 3040 ;
1298 2985 1351 3028 et
1378 2994 1389 3028 :
1418 2975 1582 3029 Omtte
1602 2977 1738 3045 quod
1780 2977 1846 3027 ml
1886 2992 1993 3029 nte-

409 3049 542 3100 renit
572 3064 674 3101 non
719 3045 928 3116 ejitinm
972 3047 1115 3116 foras
1148 3045 1326 3113 (Joun.
1361 3061 1435 3109 vt,
1462 3046 1575 3115 57),
1604 3046 1918 3101 societatem
1942 3057 1997 3100 et

411 3118 670 3172 lienelicia
692 3118 817 3189 loci,
844 3128 901 3170 ut
924 3118 1088 3189 moris
1111 3130 1191 3171 est
1210 3118 1505 3181 monachis,
1531 3118 1576 3170 ei
1601 3125 1878 3189 gratanter
1897 3117 1997 3170 im-

413 3192 732 3256 penderunt.
757 3188 890 3241 Nam
925 3190 1008 3241 vir
1031 3187 1113 3242 ille
1140 3189 1261 3241 licet
1286 3189 1579 3251 s:ecularis,
1609 3187 1848 3257 religioni
1876 3196 1997 3243 erat

412 3258 668 3322 intentus,
691 3260 1339 3327 misericordimoperibus
1355 3274 1570 3329 Operam
1588 3259 1742 3320 dans,
1764 3260 1880 3313 lidei
1906 3262 1997 3313 de-

412 3330 683 3385 votionem
700 3331 881 3385 cordis
904 3331 1198 3384 intentione
1220 3334 1488 3392 servabat,
1509 3330 1647 3384 sicut
1667 3329 1741 3383 rei
1759 3338 1999 3398 postmo-

414 3399 537 3472 dum
558 3402 816 3472 patefecit
837 3402 1038 3454 exitus.
1065 3399 1291 3469 Sumpto
1330 3402 1480 3472 enini
1510 3400 1695 3472 liabit_u
1722 3399 1909 3455 eodem
1941 3401 1993 3455 iu

416 3470 766 3541 loconostea
789 3473 1015 3526 devotus
1037 3472 1243 3526 exstitit
1276 3471 1591 3526 monachus.
1627 3470 1735 3525 Hac
1763 3472 1995 3540 denique

418 3541 786 3597 familiaritate
837 3543 1047 3597 illectus
1091 3544 1269 3606 homo,
1301 3544 1609 3598 monasterii
1653 3543 1996 3612 frequentare

420 3615 643 3668 curabat
668 3614 929 3679 claustra,
963 3624 1143 3683 utpote
1186 3616 1336 3683 quasi
1364 3614 1499 3667 alter
1522 3615 1696 3683 Adam
1731 3614 1906 3666 factus
1928 3628 1994 3667 ex

421 3684 696 3739 fratribus.
720 3685 871 3747 Unde
893 3685 1090 3738 accidit
1112 3695 1165 3738 ιιι
1190 3700 1330 3753 Saepe
1350 3685 1570 3738 veniens
1596 3682 1790 3737 fratres
1812 3700 1995 3739 susur-

413 3769 536 3809 rare
553 3770 713 3824 super
736 3763 1035 3809 memorato
1061 3756 1273 3825 negotio
1300 3755 1633 3824 frequentius
1656 3756 1996 3809 animadver-

419 3834 571 3879 teret.
608 3828 713 3880 Scd
740 3827 865 3895 quia
898 3828 1134 3895 incipere
1160 3826 1443 3895 pavebant,
1464 3840 1559 3879 ceu
1584 3826 1784 3879 dictum
1810 3834 1909 3887 est,
1931 3840 1996 3880 ne

414 3896 663 3951 videlicet
692 3896 844 3964 juxta
896 3897 1243 3966 Evangelinm
1273 3897 1558 3950 illuderent
1583 3897 1663 3949 eis
1713 3897 1991 3950 dicentes:

412 3968 537 4037 quia
582 3968 633 4020 hi
662 3977 945 4037 cmperunt
980 3967 1252 4022 :cdiftcure
1282 3977 1331 4022 et
1367 3983 1470 4020 non
1528 3977 1821 4035 potuerunt
1867 3983 1995 4021 eon-

413 4053 688 4092 summare
717 4055 730 4101 ;
760 4039 963 4099 divino,
994 4048 1050 4091 nt
1104 4048 1184 4092 est
1218 4039 1451 4091 humana
1498 4038 1701 4106 opinio.
1738 4038 1991 4092 instinctu

413 4120 715 4163 commotus
755 4109 1010 4178 praefatus
1068 4108 1225 4162 homo
1284 4110 1560 4178 (cupiebat
1605 4108 1745 4161 enim
1799 4118 1853 4163 et.
1885 4109 1996 4178 ipse

414 4179 685 4234 honorare
706 4188 908 4233 sancta:
935 4180 1159 4249 virginis
1183 4184 1353 4248 artus)
1378 4179 1694 4233 convocavit
1722 4180 1993 4233 seniorum

414 4259 637 4313 castum,
691 4249 851 4316 hujus
890 4250 1234 4303 allocutionis
1288 4250 1578 4319 primordia
1605 4249 1776 4303 libans
1805 4267 1816 4301 :
1850 4252 1995 4314 Quo-

416 4320 583 4383 niam,
634 4320 826 4390 inquit,
853 4319 1045 4375 Patres
1089 4318 1697 4391 venerandi,perpendo
1737 4335 1801 4373 es
1848 4318 1997 4373 vobis

415 4394 673 4459 quosdam
727 4392 971 4445 vicissim
1019 4406 1201 4446 serere
1256 4390 1547 4460 colloquia,
1599 4390 1735 4443 velle
1802 4406 1996 4459 corpus

414 4463 768 4516 sanctissima:
823 4462 1048 4531 virginis
1086 4461 1433 4531 liunegundis
1485 4470 1684 4514 nostra:
1740 4461 1991 4526 dominae,

416 4534 460 4587 si
496 4534 720 4588 facultas
749 4542 1085 4603 suppeteret,
1113 4533 1326 4585 lautiori
1375 4546 1573 4602 ponere
1604 4531 1802 4596 loculo,
1834 4532 1995 4586 corde

2102 577 2261 635 atque
2294 562 2502 633 sculpto
2539 565 2811 619 elaborata
2835 562 3071 634 opificio.
3121 563 3176 617 In
3206 564 3356 633 cujus
3395 563 3683 635 superficie

2100 638 2339 711 opusculi
2374 645 2684 692 sanctorum
2711 636 3079 705 apostolorum
3111 644 3270 705 atque
3295 638 3682 711 prophetarum

2101 707 2361 779 imagines
2437 716 2736 779 cernuntur
2774 724 3062 778 expressw,
3133 707 3472 779 perpulchris
3518 717 3683 778 atque

2099 776 2280 853 poliiis
2310 776 2855 861 uillulatisfulgcuiis
2891 781 3005 861 auri
3032 789 3086 835 et
3114 778 3450 861 spicndentis
3471 776 3685 861 argenti

2104 849 2186 908 ter
2224 855 2393 908 ternis
2437 850 2725 920 utrobique
2775 852 2826 904 in
2874 851 3118 905 ordinem
3161 850 3385 921 digestis
3419 849 3689 905 iconibus.

2105 923 2211 979 Sed
2242 934 2294 978 cl
2342 925 2393 978 in
2442 940 2544 976 una
2577 921 2835 992 frontium
2868 923 3042 990 imago
3090 920 3290 977 saucia:
3342 920 3695 992 Huneguudis

2102 996 2384 1063 sanctique
2449 994 2603 1062 liligii
2667 991 3048 1047 Noviomeusis
3117 992 3397 1057 antistitis,
3449 989 3694 1064 ejusdem

2100 1067 2329 1137 virginis
2378 1067 2429 1119 iu
2494 1065 2761 1137 baptismo
2810 1064 3428 1137 bstroni_._conspicitur
3478 1063 3697 1137 dignius

2100 1133 2348 1201 elevata;
2389 1139 2437 1188 in
2470 1133 2637 1190 altera
2676 1133 3037 1190 vero’Christi
3070 1133 3279 1189 Domini
3330 1136 3498 1190 nostri
3527 1133 3698 1206 maje-

2101 1221 2211 1263 stas
2234 1208 2477 1263 cernitur
2502 1209 2634 1260 satis
2656 1208 2935 1277 eleganter
2964 1220 3246 1278 expressa,
3290 1206 3445 1278 cujus
3466 1221 3695 1278 regnum

2100 1289 2153 1334 et
2198 1280 2485 1345 imperium
2538 1278 2655 1331 sine
2717 1275 2819 1331 line
2855 1284 3137 1346 permanet
3182 1277 3235 1330 in
3279 1275 3498 1332 saecula.
3533 1275 3691 1344 'Quid

2140 1351 2298 1404 iura?
2328 1349 2642 1404 Acceleran
2666 1348 2898 1417 denique
2926 1347 3215 1416 simulque,
3273 1356 3331 1401 ut
3355 1347 3560 1404 dictum
3585 1356 3694 1417 est,

2121 1430 2244 1475 aute
2290 1428 2661 1475 consummato
2709 1434 2888 1487 opere,
2948 1420 3178 1474 domnus
3227 1418 3398 1474 abbas
3422 1416 3697 1475 Macarius

2100 1493 2191 1562 qui
2220 1506 2281 1546 ea
2335 1500 2670 1559 tempestate,
2717 1489 2879 1562 veluti
2914 1488 3271 1562 _pr:elihatnni
3317 1500 3421 1555 est,
3445 1488 3552 1562 loci
3585 1488 3698 1545 llu-

2098 1559 2443 1617 nmlarienSis
2473 1577 2556 1616 res
2586 1559 3022 1620 administrabat,
3064 1560 3321 1614 domuum
3370 1561 3691 1631 episcOpum

2100 1632 2515 1689 Noviomensem
2592 1632 2822 1685 invitare
2871 1640 3046 1691 curat,
3116 1631 3433 1700 vicinosque
3480 1630 3701 1687 asciscit

2102 1704 2627 1767 abbates,dommun
2682 1701 2935 1756 videlicet
3017 1701 3306 1756 Girardum
3356 1701 3692 1765 lnsulanum,

2103 1775 2357 1829 domuum
2402 1774 2695 1828 Ruinerum
2740 1774 2913 1844 sancti
2962 1771 3207 1844 Pricjecti
3269 1770 3692 1844 vicarium_(8),

2027 1861 2073 1921 Β
2103 1856 2273 1921 atque
2297 1846 2554 1921 domuum
2584 1843 2917 1897 Bouil'acium
2969 1842 3360 1921 \V_’_aleraunum_
3409 1842 3478 1899 de
3510 1841 3695 1921 Biante

2101 1911 2275 1972 sancti
2306 1915 2566 1981 Quintini,
2618 1929 2826 1969 necnon
2871 1922 2927 1967 et
2974 1914 3109 1968 alios
3144 1913 3493 1983 quamplures
3539 1911 3697 1969 Viro-

2100 1986 2412 2043 mandeusis
2442 1986 2697 2039 territorii
2747 1996 2994 2055 satrapas
3043 1994 3097 2039 et
3129 1983 3347 2039 milites.
3402 1983 3698 2040 Monachos

2099 2074 2314 2129 quoque
2338 2072 2401 2112 ac
2425 2057 2652 2129 clericos
2683 2057 2807 2110 huic
2858 2056 3001 2129 actui
3042 2057 3310 2129 interesse
3352 2065 3684 2129 commonet,

2100 2126 2167 2184 ne
2200 2126 2404 2183 scilicet
2432 2138 2535 2180 tam
2565 2128 2788 2181 charum
2827 2128 3021 2196 pignus
3050 2126 3255 2195 absque
3282 2127 3470 2180 notitia
3522 2127 3681 2181 testi-

2101 2200 2387 2268 tnonioqlte
2416 2197 3285 2268 honestarumreligiosarumquc
3327 2212 3688 2268 personarum

2102 2283 2355 2340 tanquam
2408 2268 2661 2322 furtivum
2712 2267 2805 2340 vei
2845 2267 3085 2336 ignotum
3151 2267 3374 2321 tractari
3424 2268 3697 2340 mutarive

2101 2336 2403 2397 clanculum
2436 2341 2729 2393 videretur.
2764 2336 2831 2392 Ut
2857 2350 3075 2392 ventum
3120 2348 3204 2393 est
3229 2353 3358 2408 ergo
3386 2338 3454 2393 ad
3479 2339 3691 2394 consti-

2102 2414 2201 2467 tuti
2230 2411 2443 2466 termini
2473 2410 2636 2472 diem,
2688 2410 2741 2463 in
2770 2424 2879 2478 quo
2923 2409 3007 2478 agi
3066 2408 3337 2463 habebant
3374 2411 3508 2470 hmo,
3542 2409 3693 2464 fama

2099 2483 2335 2547 volante,
2362 2498 2467 2551 quo
2496 2480 2633 2534 alter
2662 2496 2768 2533 non
2798 2488 2884 2534 est
2922 2480 3159 2535 velocior
3188 2481 3431 2545 nuntius,
3462 2480 3523 2535 fit
3554 2496 3693 2537 con-

2100 2565 2293 2608 ventus
2324 2554 2619 2607 seniorum.
2650 2565 2911 2605 occursus
2936 2551 3196 2606 nobilium
3241 2552 3481 2605 virorum
3531 2551 3697 2607 rusti-

2101 2640 2286 2679 corum
2327 2639 2390 2677 ac
2438 2622 2761 2677 feminarum
2814 2624 2968 2675 turba
3020 2636 3141 2675 cum
3184 2623 3421 2690 parvulis
3471 2620 3698 2679 conﬂuit

2100 2696 2512 2766 gratulabumla.
2556 2692 2665 2766 Nec
2706 2692 3017 2766 immerito:
3062 2692 3449 2766 existimabant
3482 2694 3691 2766 etenim

2101 2764 2199 2836 pro
2240 2766 2538 2820 reverentia
2564 2773 2618 2836 et
2647 2764 2863 2836 honore
2884 2764 3065 2817 debito
3104 2772 3275 2836 ιιιιιιιξΔ
3296 2764 3452 2836 matri
3481 2764 3692 2834 impen-

2100 2833 2274 2891 dendo
2298 2835 2561 2902 simulque
2587 2834 2972 2889 intercessione
2993 2849 3052 2890 se
3077 2833 3495 2904 patrocinandos
3520 2833 3575 2890 et
3595 2849 3697 2904 pro

2102 2906 2346 2961 forl'actis
2413 2904 2670 2975 suffragia
2722 2904 3096 2975 postulantes,
3160 2906 3369 2958 veniam
3444 2922 3503 2961 se
3575 2906 3695 2962 fore

2101 2987 2508 3032 consecuturos.
2560 2975 2769 3031 Interea
2821 2976 2921 3029 loci
2974 2985 3247 3030 reseratur
3286 2976 3504 3047 gloriosi
3530 2992 3691 3047 κεῖσο

2101 3049 2558 3119 phjlaciiaditns,
2611 3047 2960 3101 sublevantur
2993 3047 3265 3119 adhibitis
3295 3045 3505 3101 iualleis
3545 3045 3689 3119 Lcutn

2101 3117 2311 3175 cunctis
2340 3118 2525 3173 ferreis
2550 3118 2800 3187 ligamina
2827 3118 3003 3185 sagaci
3030 3132 3158 3171 cura
3189 3117 3406 3181 innexa,
3444 3117 3693 3173 evellun-

2103 3199 2189 3246 tur
2213 3190 2497 3261 opercula,
2530 3189 2838 3258 panduntur
2878 3188 3099 3261 pretiosi
3150 3189 3374 3242 sontatis
3398 3188 3689 3261 cunabula.

2170 3258 2534 3317 4._C:Cl€l‘tllll
2576 3261 2919 3328 omnipotens
2994 3259 3288 3321 Dominus,
3346 3258 3533 3313 volens
3579 3275 3693 3315 sua:

2100 3348 2313 3403 Sponsa:
2337 3333 2602 3403 honorare
2640 3332 2879 3403 membra
2933 3330 3143 3403 occulta
3183 3330 3696 3403 dispositionissuie

2098 3400 2475 3475 prterogativa,
2501 3400 2703 3475 differri
2746 3400 2875 3475 fecit
2918 3402 3273 3475 minutionem
3318 3400 3691 3475 ossium_l_'e|i-

2099 3470 2241 3530 cium
2271 3470 2411 3529 diem
2446 3486 2612 3540 usque
2642 3473 2691 3525 in
2747 3471 2985 3535 tertium,
3017 3470 3173 3538 hujus
3217 3470 3496 3542 apologize,
3530 3472 3581 3527 id
3610 3481 3697 3526 est

2097 3546 2399 3601 occasionis
2430 3553 2643 3598 eventu.
2675 3543 2972 3612 Episcopus
3006 3543 3225 3612 quippe,
3263 3543 3312 3595 in
3344 3541 3501 3612 cujus
3548 3543 3689 3599 diae-

2099 3632 2288 3672 ceseos
2323 3616 2601 3686 procinctu
2626 3614 2762 3668 situs
2787 3611 3043 3686 estlocus
3072 3611 3289 3667 nomine
3321 3611 3691 3686 liumolarias,

2099 3689 2247 3757 regio
2281 3683 2567 3755 impeditus
2598 3684 2858 3753 obsequio
2885 3694 3047 3753 atque
3072 3686 3285 3755 negotio
3312 3685 3378 3757 ad
3402 3683 3692 3754 prtcl‘atum

2100 3756 2240 3813 dictu
2263 3758 2613 3811 constitutum
2648 3772 2865 3809 inmune.
2894 3757 3075 3809 venit:
3106 3771 3267 3818 quam
3301 3756 3369 3808 ob
3403 3769 3513 3808 rem
3540 3769 3691 3810 com-

2098 3829 2235 3898 pulsi
2268 3838 2543 3883 suntequ
2596 3826 2892 3895 praestolari
2947 3842 3042 3896 per
3076 3826 3332 3879 triduum.
3379 3823 3691 3880 Collocatur

2098 3915 2225 3969 ergo
2270 3900 2633 3953 venerandum
2685 3898 2966 3961 scrinium,
3009 3900 3147 3951 sicut
3197 3904 3315 3950 erat
3359 3906 3685 3961 reseratum,

2099 3984 2260 4040 super
2294 3970 2535 4040 geminas
2576 3971 2730 4040 bases
2757 3969 2959 4040 ligneas
2991 3969 3132 4021 intra
3162 3976 3348 4021 sancta
3375 3975 3687 4040 sanctorum

2100 4037 2240 4094 inter
2266 4037 2434 4095 altare
2481 4039 2729 4093 videlicet
2757 4037 2846 4091 Dei
2881 4040 3161 4107 genitricis
3202 4052 3523 4107 semperque
3575 4037 3690 4092 vir-

2097 4112 2237 4182 ginis
2271 4111 2552 4182 Mariamel
2585 4110 2754 4164 altare
2781 4120 2981 4182 sancta:
3012 4108 3359 4182 Huncgumlis
3390 4108 3440 4182 in
3465 4108 3688 4182 Διιοιιριξθ

2098 4177 2423 4237 dedicatum.
2473 4180 2619 4234 luter
2685 4190 2761 4235 tot
2808 4180 3035 4248 denique
3078 4180 3285 4233 ιΙυνοιιυ
3326 4177 3689 4234 multitudinis

2098 4253 2265 4306 millia
2317 4254 2383 4305 ad
2430 4260 2535 4305 tam
2592 4250 2797 4305 claram
2847 4250 3216 4303 celebritatem
3273 4250 3684 4314 concurrentia,

2096 4323 2314 4393 plurimi
2345 4337 2603 4391 corporea
2635 4321 2776 4375 mole
2806 4320 3010 4375 debiles
3062 4321 3305 4393 nituntur
3331 4319 3460 4393 huic
3483 4330 3690 4393 sanetae

2098 4389 2295 4447 actioni
2329 4389 2614 4452 interesse,
2646 4400 2833 4461 utpote
2864 4391 3100 4461 rogaturi
3135 4389 3342 4461 Domini
3372 4392 3686 4445 misericor-

2100 4465 2243 4518 diam
2296 4478 2391 4518 suo
2438 4463 2666 4533 quisque
2714 4459 2823 4533 pro;
2863 4459 3431 4533 inconniiodoaUnde
3488 4463 3689 4516 accidit.

2100 4534 2302 4599 divina,
2326 4530 2775 4602 queiiiadtiiodn’ni
2800 4531 2895 4585 fati
2933 4537 3137 4595 suu‘ius,
3168 4530 3468 4597 voluntate,
3494 4546 3686 4601 quam-

412 4602 1082 4677 exhilaresco,_opemque
1136 4620 1308 4677 uicani
1356 4618 1474 4677 pro
1508 4617 1665 4677 posse
1714 4603 1991 4671 promitto,
2020 4606 2221 4677 Ddam
2272 4604 2502 4676 puellam
2554 4603 2772 4677 nomine
2823 4603 3123 4677 Emelinam
3159 4602 3443 4672 epileplico
3494 4603 3690 4677 morbo

414 4675 726 4744 Opusculum
768 4673 1033 4727 duntaxat
1076 4675 1418 4743 concupitum
1462 4674 1678 4727 initiare
1712 4690 1780 4728 nc
1809 4687 1989 4744 more-

416 4743 565 4801 mini.
594 4746 687 4800 Sin
714 4754 892 4799 autem
924 4760 1262 4815 nequaquam
1318 4743 1422 4797 tale
1451 4744 1723 4813 ineeptare
1783 4743 1990 4815 audetis

415 4816 707 4886 opiticium,
738 4818 853 4886 ipse
890 4831 990 4887 ego
1020 4832 1180 4887 super
1218 4832 1303 4870 me
1333 4824 1498 4869 totum
1529 4816 1802 4887 negotium
1837 4814 1990 4887 acci-

414 4884 528 4957 pio,
561 4884 771 4957 Deique
802 4884 1189 4958 omnipotentis
1238 4887 1438 4941 auxilio
1478 4884 1650 4940 fretus
1708 4886 1774 4940 ad
1827 4884 1988 4958 tinent

416 4956 588 5027 nsque
639 4956 970 5028 perducant,
1022 4973 1275 5013 concessa
1334 4958 1463 5012 mihi
1526 4964 1736 5028 tantum
1808 4956 1989 5026 populi

416 5027 703 5084 oblatione.
746 5032 1044 5096 Quodcum
1098 5028 1375 5083 audissent
1408 5028 1656 5083 monachi
1691 5027 1828 5082 ultra
1877 5043 1990 5081 tuo-

418 5101 544 5155 dum
576 5100 880 5163 exhilarati,
910 5112 1086 5169 grates
1112 5100 1356 5155 Creatori
1411 5100 1784 5169 universorum
1817 5098 1993 5154 reddi-

420 5172 633 5232 derunt,
667 5180 721 5225 et
746 5172 799 5226 in
844 5168 1198 5239 promissione
1227 5186 1320 5223 sua
1363 5171 1538 5225 virum
1577 5168 1990 5236 benedixerunt,

420 5241 720 5297 divinitatis
786 5243 1197 5312 praerogativam
1278 5251 1598 5313 venerantes
1676 5256 1797 5295 cum
1865 5241 1995 5313 AllOC

422 5322 572 5368 tanto
597 5322 703 5366 lant
736 5309 1016 5384 repentium
1038 5322 1255 5384 tamque
1305 5310 1572 5384 insperato
1614 5313 1829 5384 gaudio.
1853 5309 1993 5377 Quid

420 5399 556 5454 opus
581 5392 667 5439 est
698 5380 925 5454 verbis?
970 5380 1191 5454 sumpto
1216 5380 1475 5453 siquidem
1515 5385 1600 5438 vir
1623 5382 1714 5437 ille
1754 5384 1993 5453 negotio,

419 5452 669 5526 componi
695 5453 825 5528 fecit
856 5452 1082 5509 loculum
1113 5452 1287 5528 Opere
1326 5454 1742 5528 anaglifario,_iu
1775 5452 1993 5523 longum

416 5524 671 5578 mensura
724 5525 952 5578 duorum
982 5524 1454 5578 ειτηιὶρυιιὶιογιιιιιῖ
1491 5525 1774 5578 altitudine
1822 5528 1996 5578 conti-

2098 4674 2364 4739 invasam,
2403 4690 2525 4729 cum
2567 4674 2865 4729 amicorum
2913 4674 3132 4738 auxilio,
3170 4689 3264 4742 spe
3299 4674 3692 4744 recuperanda:

2098 4748 2347 4801 sanitatis
2385 4747 2451 4799 ad
2500 4746 2889 4800 monasterium
2938 4746 3223 4800 deductam
3280 4743 3438 4807 esse,
3476 4743 3533 4799 in
3566 4744 3690 4799 vico

2098 4817 2396 4887 uatamqni
2438 4814 2681 4872 Herleius
2729 4816 2945 4880 dicitur,
2999 4832 3179 4887 super;
3211 4813 3459 4887 Sontcna:
3509 4815 3687 4885 ripam

2096 4888 2258 4953 situs,
2296 4885 2503 4943 medius
2546 4899 2696 4943 stans
2734 4887 2876 4942 inter
2922 4885 3092 4943 sancti
3149 4885 3391 4953 Quintini
3442 4898 3689 4941 castrum

2098 4968 2154 5014 et
2204 4958 2614 5015 h'umolarieuse
2660 4960 3075 5015 monasterium.
3100 4957 3438 5027 (Epileptiam
3504 4966 3691 5012 autem

2098 5029 2273 5086 Grieci
2304 5041 2501 5085 vocant
2526 5030 2913 5101 appensiouem
2960 5032 3157 5085 mentis
3182 5037 3235 5082 et
3261 5027 3525 5101 corporis,
3568 5041 3692 5097 qua

2098 5104 2300 5171 passio,
2330 5099 2609 5173 spasmos,
2634 5101 2687 5155 id
2726 5110 2810 5157 est
2864 5102 3261 5161 contractiones
3312 5099 3691 5173 membrorum

2116 5167 2376 5238 ;cncrat,'
2416 5172 2476 5227 fit
2524 5185 2703 5228 autem
2751 5178 2977 5230 morbus
3024 5173 3126 5228 iste
3180 5186 3246 5225 ex
3297 5167 3696 5224 melancholico

2116 5190 2353 5238 venerat,
2416 5190 2476 5227 nt
2524 5190 2703 5228 autem
2751 5190 2977 5230 morbus
3024 5190 3126 5228 lSlc
3180 5190 3246 5225 ex
3297 5190 3693 5224 Ittcuutcnoucu

2099 5190 2345 5309 iiuinore,
2372 5244 2423 5299 id
2453 5254 2615 5316 espr
2636 5243 2970 5302 abundantia
2998 5242 3139 5299 fellis
3167 5240 3269 5316 tusi
3298 5254 3394 5308 per
3416 5241 3693 5316 membra.

2102 5316 2363 5383 contingit
2412 5310 2591 5370 autem
2637 5328 2733 5384 per
2786 5316 3181 5384 phantasiam.)
3232 5310 3536 5384 Caeterum_
3569 5313 3699 5384 dum

2100 5377 2334 5468 puellula
2379 5401 2489 5468 pro
2536 5377 2654 5442 sibi'
2684 5377 2963 5468 reddendo
3008 5377 3247 5468 remedio
3266 5377 3709 5468 ‘tetupionfuisset

2104 5450 2323 5524 injecta,
2348 5450 2557 5513 sistitur
2592 5473 2773 5513 coram
2800 5460 3001 5517 altario
3045 5465 3244 5516 sancta:
3265 5450 3443 5505 Maria:
3476 5452 3708 5524 virginis

2100 5529 2563 5578 incomnarabilis-
2590 5540 2860 5578 quatenus
2891 5534 3009 5578 eius
3060 5532 3359 5578 interventu
3388 5534 3708 5578 saltctasuuo
