4466 5578
853 392 929 451 75

1323 395 1622 451 BERNEIKI
1662 395 1812 448 ABB.
1854 390 2202 449 HOMISIAR.
2246 393 2332 449 DE
2375 393 2531 450 VITA
2572 394 2628 448 S.
2672 392 3597 450 llUNEGUNDIS.—AI‘PENDIC.

4026 393 4094 448 76

846 504 1026 579 puella
1076 505 1214 579 adeo
1258 505 1473 573 epilepsi
1512 520 1783 579 oppressa,
1838 514 1896 556 ut
1945 504 2179 579 cujusvis
2226 504 2423 571 quietis
2452 513 2495 566 Λ
2525 521 2715 565 meum,
2741 505 3054 579 utcomedmi
3082 505 3309 579 fructum
3334 522 3601 579 pomorum
3630 520 4093 579 meoruni,_spoma

849 575 957 632 iion
1024 576 1328 629 admitteret
1395 590 1593 631 moras.
1657 575 1760 625 vim
1829 575 2128 628 vexationis
2194 588 2421 641 corpore

849 654 1157 702 monstrans
1209 653 1379 715 gestu.
1438 644 1789 697 Protiteliatur
1834 646 1975 715 eniui
2030 659 2086 697 se
2121 659 2228 712 prie
2256 644 2422 697 nimia

846 716 1140 787 gravedine
1200 714 1355 787 morti
1395 717 1846 787 appropinquare,
1897 714 2249 787 spiritumque
2295 730 2422 787 pro-

849 783 1136 856 pemodum
1164 784 1431 837 exhalare.
1462 787 1574 849 Qua
1606 786 1670 856 de
1713 800 1767 835 re
1792 783 2111 837 conﬂuentia
2164 785 2420 856 populiin

848 854 1255 910 admiratimieni
1280 869 1555 914 conversa,
1589 854 1781 921 pietate
1805 856 2068 922 simulque
2098 855 2422 921 coinpassio-

847 941 917 980 ne
955 935 1296 995 compuncta,
1348 924 1702 995 lar-ryinaruin
1752 925 1949 977 imbres
1994 924 2264 982 fundebat,
2326 939 2421 992 pn-

846 992 1286 1066 gnisqne'pecuis
1313 992 1571 1066 tundens,
1602 992 2200 1066 Qinnipotentein“cum
2228 996 2419 1066 devota

844 1064 1029 1120 ruente
1084 1064 1401 1135 implorabat
1431 1064 1897 1135 promise-raiqu
1953 1064 2191 1135 mulieris
2230 1064 2421 1117 libera-

845 1138 1012 1190 tione.
1047 1136 1114 1189 At
1140 1133 1366 1204 puellula
1394 1133 1745 1186 inaestimabili
1785 1147 1940 1201 ptBlltt
1981 1134 2204 1186 inuitata
2233 1149 2328 1187 nec
2353 1135 2419 1187 ad

845 1203 1179 1261 momentum
1221 1204 1482 1265 cessabat,
1525 1203 1654 1257 diris
1683 1205 1900 1257 vocibus
1928 1204 2224 1257 oratorium
2264 1220 2418 1272 spar-

843 1292 996 1346 gens,
1039 1291 1263 1342 seseque
1341 1274 1586 1346 inanibus
1614 1344 1619 1346 Α
1648 1273 1864 1346 feriens,
1916 1276 2091 1346 capite
2136 1273 2419 1327 vacillante

845 1344 1149 1401 mirandum
1201 1345 1408 1397 cunctis
1468 1360 1561 1413 per
1610 1344 1827 1398 biduum
1893 1345 2035 1398 nulla
2100 1354 2419 1397 occurrente

843 1418 1032 1485 requie
1075 1414 1435 1485 spectaculum
1478 1423 1756 1485 [)l‘:t:5lttlls.
1817 1414 1973 1467 Plebs
2026 1429 2152 1481 ergo
2186 1414 2417 1465 lidel‘inin

842 1502 1039 1556 supero
1079 1487 1255 1537 alliata
1281 1484 1744 1556 spiritu,_:diliales
1780 1499 1899 1556 eum
1925 1486 2415 1556 I’ratribus‘exorat,

883 1553 1112 1609 ii—atenus
1152 1554 1430 1605 cliaritatis
1469 1554 1687 1605 obtentu
1734 1554 2051 1606 miseranda:
2092 1553 2417 1605 muliercula:

883 1573 1112 1609 "RHODUS
1152 1573 1430 1605 Cllill'llilllb'
1469 1573 1687 1605 UIHCIIIU
1734 1573 2051 1606 ιιιιδιενςιιιιιω
2092 1573 2417 1605 ιιιιιιιυτιςυιξυ

842 1573 1034 1679 darent
1076 1624 1285 1692 copiam
1332 1624 1529 1675 visendi
1589 1622 1743 1675 alium
1792 1623 2013 1691 virginis
2074 1621 2417 1689 llunegundis

839 1709 987 1756 ossa,
1017 1696 1057 1747 si
1094 1694 1231 1747 forte
1261 1694 1468 1744 favente
1494 1693 1688 1744 (lliristi
1720 1693 2025 1752 clementia,
2045 1693 2224 1759 aliquo
2256 1692 2412 1743 modo

842 1766 1185 1832 mitigaretur
1217 1762 1627 1815 incommoditas
1680 1771 1843 1814 tanta.
1899 1762 2291 1814 Conecsserunl
2326 1762 2417 1829 igi-

2525 591 2661 634 mco,
2692 576 2927 627 columba
2957 592 3093 635 mea,
3125 576 3460 628 immaculata
3484 592 3619 641 mea,
3651 577 3763 628 veni
3787 575 3849 628 de
3870 574 4091 643 Libano,

2523 647 2651 702 veni.
2678 646 3006 697 coronuberis
3059 643 3233 713 (Cani.
3271 645 3482 712 iv,16).
3557 644 3601 699 Ο
3649 645 3808 709 felix,
3851 646 4091 715 inquam,

2527 716 2712 784 virgo!
2748 731 2866 782 qme
2900 730 3097 783 sponso
3132 715 3338 769 vocanti
3369 716 3639 784 reciproca
3669 730 3796 769 voce
3837 731 3959 769 cum
3986 718 4096 769 vir-

2523 785 2702 853 ginum
2757 787 2936 839 choris
2992 785 3357 855 applaudens,
3419 788 3738 855 respondere
3788 786 4026 839 meruisti
4074 803 4091 839 :

2524 856 2803 925 (,‘yri'emus
2852 866 2962 924 post
3023 866 3071 908 te
3135 856 3216 925 in,
3248 856 3405 907 odore
3454 866 3833 925 unguentorum
3884 866 4092 909 tuorum

2524 922 2696 995 (Cant.
2733 941 2768 987 l,
2802 922 2879 991 4),
2915 926 2964 977 id
3000 935 3081 980 est
3117 925 3168 978 iu
3197 924 3459 995 fragantia
3494 922 3704 978 tuarum
3741 926 4019 979 virtutum.

2592 996 2645 1046 t3.
2684 994 2849 1063 Igitur
2877 995 2980 1048 duo
3021 994 3407 1048 inilitares’viri
3439 995 3528 1064 qui
3561 996 3803 1058 aderant,
3833 995 4090 1049 solemnia

2522 1077 2779 1133 peragunt
2812 1065 3147 1119 munuscula.
3196 1064 3326 1117 Nam
3359 1065 3411 1118 lii
3459 1080 3797 1133 summopere
3830 1064 4091 1134 eiﬂagila-

2521 1143 2729 1194 verant.
2766 1145 2822 1188 ut
2867 1136 2946 1189 eis
2986 1136 3372 1188 concederetur
3413 1136 3694 1190 mutationi
3724 1138 3933 1200 adesse,
3970 1150 4097 1189 san-

2522 1214 2715 1271 ctaque
2744 1221 2862 1258 ossa
2899 1205 3467 1275 proprii~conspicere
3497 1206 3687 1259 oculis.
3737 1204 3889 1259 Alter
3934 1205 4094 1275 igitur

2520 1287 2704 1345 eorum
2735 1276 2947 1328 nomine
2978 1274 3298 1329 Godefridus
3344 1275 3547 1339 senior,
3580 1275 3796 1345 pallium
3831 1275 4096 1330 decentis-

2520 1344 2711 1396 simum
2739 1358 2941 1398 sancta:
2968 1345 3160 1413 virgini
3189 1345 3414 1398 contulit
3441 1346 3491 1398 in
3526 1344 3750 1409 munus;
3798 1348 3933 1400 alter
3962 1354 4093 1401 vero

2521 1414 2736 1485 nomine
2773 1415 3080 1475 Iiolberius,
3115 1426 3468 1484 eognouicnto
3499 1415 3823 1484 Anguillula,
3856 1418 4093 1485 seipsum

2519 1483 2586 1555 ob
2615 1485 2948 1555 devotionem
2996 1502 3089 1554 per
3120 1484 3407 1555 cervinam
3438 1483 3723 1553 eorrigiam
3750 1488 3849 1555 (8‘)
3880 1483 4093 1555 servum

2518 1553 2733 1617 obtulit,
2768 1565 2928 1619 atque
2960 1553 3011 1607 in
3044 1554 3373 1620 exhibitione
3418 1556 3690 1607 servitutis
3740 1553 3949 1609 hortum
3974 1554 4094 1623 jure

2519 1624 2702 1689 praedii
2735 1624 2949 1676 tradidit
2984 1626 3033 1677 in
3068 1624 3187 1675 v.l|a
3218 1640 3335 1693 qiue
3368 1624 3592 1678 Marceia
3628 1625 3817 1679 fertur.
3878 1624 4094 1678 Fratres

2519 1702 2696 1744 autem
2730 1711 2830 1746 non
2868 1704 3100 1756 terrena,
3140 1698 3231 1747 sed
3267 1694 3443 1746 divina
3478 1697 3787 1762 persolvunt
3813 1694 4007 1756 oﬂieia,
4041 1702 4096 1747 et

2520 1764 2875 1835 venerationi,
2910 1764 3231 1835 utdeeebat,
3265 1764 3395 1816 satis
3428 1766 3637 1818 idonea.
3693 1765 3889 1835 Clauso
3931 1765 4093 1835 igitur

838 1843 930 1907 tur
956 1836 1143 1887 eadem
1185 1843 1239 1907 et
1266 1833 1639 1907 ipsipernioti
1672 1832 2021 1907 humanitate.
2076 1832 2219 1907 Quid
2247 1834 2416 1901 ergo?
2450 1850 2491 1907 Β
2524 1832 2733 1907 tandem
2779 1850 2899 1887 cuin
2949 1833 3221 1907 diligentia
3253 1835 3578 1907 soli-.rtiaqne
3610 1834 3907 1907 honorabili
3939 1832 4095 1903 erga-

838 1904 1014 1957 dicam
1057 1921 1124 1956 an
1168 1903 1399 1955 sileain?
1448 1902 1575 1969 quin
1630 1902 1733 1953 inio
1784 1904 2011 1969 pandam
2061 1902 2412 1968 praedic-auiae

836 1974 1054 2027 virtutis
1105 1973 1449 2026 evidentiam.
1511 1971 1643 2023 Nam
1695 1973 1872 2024 statim
1937 1981 1994 2024 ut
2050 1972 2235 2025 oculus
2292 1988 2411 2025 ossa

836 2045 1140 2113 conspexit,
1173 2042 1479 2094 intromisso
1518 2043 1735 2113 vertice,
1770 2043 1931 2113 totius
1973 2044 2215 2109 corporis
2267 2056 2413 2094 coin-

834 2112 987 2185 pago,
1011 2113 1213 2182 reet-pit
1244 2123 1480 2185 optatam
1504 2112 1752 2185 salutem,
1779 2112 1980 2185 interiit
2007 2114 2175 2185 dolor,
2206 2114 2412 2178 sopitus

836 2182 1196 2252 cstvlauguor,
1240 2182 1455 2234 avulsus
1476 2191 1559 2235 est
1589 2183 1781 2243 luctus,
1814 2184 1971 2233 rediit
1998 2184 2261 2248 pristinus
2292 2198 2411 2234 cur-

833 2269 981 2323 poris
1011 2265 1201 2307 status.
1241 2255 1392 2317 Quod
1426 2269 1546 2304 cuin
1578 2252 1837 2323 vidissent
1874 2253 1964 2319 qui
2013 2253 2262 2323 astabant
2304 2268 2408 2323 p0-

833 2321 968 2392 puli,
1013 2323 1392 2377 benediceutes
1414 2323 1616 2387 gratias
1644 2322 2015 2388 persolverunt
2038 2321 2263 2373 Domino
2300 2322 2410 2375 Deo

832 2391 1231 2454 iniivcrsoruni,
1266 2394 1355 2460 qui
1405 2408 1529 2443 suos
1561 2392 1809 2443 niiriticat
1857 2401 2073 2444 sanctos
2131 2391 2268 2443 sicut
2302 2394 2413 2444 vult

831 2476 887 2518 et
925 2466 1139 2533 quando
1190 2464 1317 2513 vult.
1372 2461 1539 2525 llujus
1592 2471 1767 2533 autem
1818 2462 2011 2533 divina:
2060 2464 2409 2529 operationis,

833 2550 993 2604 qnam
1015 2533 1172 2588 Jesus
1195 2534 1443 2585 Christus
1483 2532 1811 2604 lioniiuuset
1842 2532 1977 2583 Deus
2009 2542 2192 2604 noster
2221 2533 2405 2604 digna-

833 2601 1015 2657 lllSCSl
1046 2604 1329 2657 ostendere
1366 2618 1458 2669 per
1490 2602 1677 2653 merita
1711 2602 1954 2669 gloriosae
1987 2602 2205 2671 virginis
2231 2601 2409 2654 llune-

834 2677 1029 2745 gundis
1062 2675 1129 2726 ad
1167 2674 1375 2724 laudem
1406 2681 1457 2723 et
1513 2673 1735 2745 gloiiaiu
1766 2689 1937 2733 suam,
1959 2742 1967 2745 _
1993 2681 2068 2723 tot
2096 2687 2278 2745 revera
2311 2689 2409 2725 ex-

835 2742 1091 2799 stiterunt
1125 2752 1307 2803 testes,
1337 2751 1466 2809 quot
1502 2742 1726 2810 contigit
1754 2753 1877 2793 tunc
1904 2742 2093 2793 adesse
2119 2743 2318 2795 lideles.

906 2816 958 2868 5.
994 2816 1157 2884 Igitur
1212 2829 1391 2884 super
1422 2812 1521 2864 hoc
1554 2812 1693 2863 facto
1719 2813 1941 2884 abbatcs
1980 2828 2100 2864 cuin
2130 2812 2409 2865 monachis

834 2882 1234 2953 congaudentes
1264 2882 1613 2953 conferebant
1666 2885 1729 2934 ad
1787 2882 2033 2943 invicem,
2081 2883 2409 2936 cenvenieiis

828 2951 1102 3011 nonﬁesse
1152 2954 1500 3006 mutationem
1564 2951 1786 3004 ulterius
1852 2953 2076 3015 dill'erri,
2131 2962 2223 3004 atlt
2285 2954 2401 3020 epi-

832 3026 1104 3095 scopalem
1139 3024 1499 3095 praesentiain
1547 3022 1883 3095 pra‘stolari,
1954 3025 2070 3075 viso
2142 3024 2409 3095 przceipue

828 3092 1108 3152 lioe'tauto
1134 3096 1404 3162 dignoque
1429 3092 1595 3145 relatu
1627 3092 1903 3155 miraculo,
1957 3108 2021 3145 ne
2079 3094 2285 3146 scilicet
2315 3110 2409 3161 po-

825 3167 984 3239 pulns
1032 3166 1184 3235 longa
1232 3179 1350 3239 jam
1396 3179 1541 3239 mora
1604 3172 1908 3231 protractus
1954 3164 2263 3239 diutinaque
2315 3179 2411 3216 ex-

828 3234 1164 3309 spectatione
1224 3235 1335 3303 jain
1378 3234 1882 3309 Alassusupascere
1948 3250 2076 3309 spes
2134 3236 2407 3309 videretur

827 3304 1039 3362 inanes.
1106 3304 1388 3359 Communi
1466 3304 1732 3371 siquidem
1813 3304 2038 3357 consilio
2104 3313 2263 3372 atque
2317 3305 2407 3357 tle-

825 3388 977 3432 creto
1012 3378 1261 3431 feruntur
1302 3377 1451 3427 beata
1484 3390 1707 3444 pignora
1744 3374 1795 3427 in
1845 3388 2091 3444 cryptam
2131 3386 2327 3427 Sanctae
2352 3384 2405 3427 et

830 3448 1122 3502 individua:
1167 3444 1450 3498 Trinitatis
1500 3461 1551 3497 in
1609 3446 1813 3498 lionore
1875 3446 2198 3509 dedicatam,
2260 3458 2404 3497 retro

825 3519 1066 3587 ejusdem
1097 3518 1263 3587 ipsius
1296 3515 1604 3568 monasterii
1640 3514 1869 3587 tribunal
1902 3516 2219 3569 fabricatam
2242 3524 2404 3587 atque

826 3586 1159 3657 centiguairi.
1188 3586 1303 3657 Hoc,
1328 3587 1575 3653 equidem
1602 3586 1938 3657 geiniiiapro
1984 3602 2146 3639 causa
2178 3586 2404 3657 actitare

825 3656 1170 3720 studuerunt,
1213 3656 1419 3710 scilicet
1459 3672 1525 3708 ne
1558 3656 1637 3708 vel
1670 3659 1721 3708 in
1781 3656 1959 3723 aliquo
1990 3671 2115 3709 casu
2170 3656 2403 3709 oll'eude-

825 3739 951 3784 rent
976 3728 1282 3783 sanctitatis
1306 3742 1527 3779 munera
1552 3726 1719 3780 nimio
1749 3727 1979 3779 tumultu
2008 3741 2167 3779 sexus
2208 3736 2404 3779 utrius-

825 3815 933 3869 que
963 3801 1281 3851 imminente
1309 3813 1371 3850 ac
1396 3806 1690 3869 premente,
1723 3796 1803 3869 vel
1850 3811 1918 3850 ne
1968 3795 2233 3869 fragmina
2264 3811 2402 3869 uiar-

826 3866 1127 3939 gai‘itai'UIn
1157 3882 1355 3939 coram
1375 3866 1553 3939 idiotis
1583 3877 1745 3939 atque
1792 3867 2057 3935 imperitis
2091 3867 2400 3939 hominibus

828 3937 1055 4009 pensare
1081 3938 1445 3992 nescientibus
1474 3937 1719 4009 homines
1749 3947 1968 4009 propter
1999 3938 2242 3990 homines
2268 3951 2397 3989 cou-

826 4004 1144 4071 trectarent,
1179 4024 1245 4061 eo
1291 4011 1432 4076 quod
1478 4006 1676 4058 dicitur
1722 4004 1958 4059 {Nolite
1992 4018 2231 4059 sanctum
2275 4008 2401 4059 dare

824 4080 1063 4143 canibus,
1094 4089 1138 4131 et
1176 4095 1238 4131 ne
1276 4078 1532 4145 apargalis
1568 4080 1881 4145 margaritas
1914 4088 2107 4145 vestras
2137 4089 2253 4129 (Iule
2280 4092 2401 4144 por-

824 4167 912 4203 cos
938 4149 1147 4220 (Manli.
1182 4163 1275 4211 vii,
1303 4144 1379 4217 t5).
1406 4144 1568 4220 Unde
1591 4148 1857 4220 ail_lsaias
1887 4165 1899 4199 :
1934 4144 2199 4220 secretum
2231 4162 2400 4198 meum

821 4216 972 4283 milii,
1002 4230 1253 4272 secretum
1283 4233 1448 4269 meum
1478 4216 1601 4268 iui/ii
1643 4216 1776 4285 tlsa.
1804 4232 1948 4279 μιν,
1978 4218 2085 4283 lli).
2127 4218 2401 4270 Obseratis

822 4306 955 4360 ergo
984 4290 1207 4343 liriniter
1237 4289 1389 4341 ostiis
1416 4303 1533 4355 qua:
1561 4303 1589 4338 a
1622 4289 1824 4360 dextris
1855 4300 1910 4340 et
1943 4288 2237 4360 asinistris
2268 4302 2400 4360 can-

824 4357 947 4415 celli
995 4360 1239 4413 eamdem
1283 4367 1523 4427 cryptam
1562 4358 1867 4425 petentibus
1903 4357 2105 4409 aditum
2138 4358 2396 4425 pandunt,

824 4430 1163 4485 circumdant
1210 4434 1364 4481 beata
1421 4442 1640 4479 munera
1691 4428 2054 4496 pavitantibus
2094 4427 2289 4481 animis
2332 4428 2401 4481 ob

823 4502 1182 4556 exhibendam
1221 4502 1592 4553 reverentiam.
1627 4496 1957 4551 Haesitaoaut
1983 4500 2125 4552 enim
2152 4499 2399 4567 quisnam

822 4551 1272 4639 eoi'vuiiiﬁdignius
1307 4570 1617 4636 contingere
1663 4568 1888 4621 haberet
1931 4584 1961 4621 ιι
2013 4551 2229 4622 Christo
2267 4581 2398 4639 ροιιέ
2432 4551 2479 4611 D

826 4656 981 4697 eessa
1030 4638 1135 4693 tam
1186 4639 1417 4707 pretiosa
1468 4642 1691 4690 donaria
1725 4655 1737 4688 :
1776 4640 1867 4691 sed
1905 4640 2116 4692 demum
2158 4638 2400 4693 consueti

825 4713 966 4767 lianc
1014 4706 1227 4764 tradere
1270 4723 1456 4763 curam
1487 4707 2007 4762 administrationem
2057 4709 2253 4762 donmo
2290 4706 2398 4762 (ἔξεο

825 4785 988 4838 rardo
1025 4782 1203 4834 abbati
1249 4779 1518 4841 lusulauo,
1556 4780 1809 4846 quoniam
1858 4790 1977 4833 erat
2025 4786 2152 4830 natu
2205 4778 2393 4847 major,

824 4861 985 4908 aetate
1032 4854 1356 4919 provectior,
1400 4850 1639 4902 moribus
1669 4851 1901 4919 gravior,
1936 4848 2188 4917 religione
2235 4851 2397 4902 devo-

827 4926 948 4987 tior,
982 4926 1191 4992 piisque
1220 4922 1427 4974 actibus
1458 4920 1762 4989 proclivior.
1802 4920 1887 4992 rUt
1933 4925 2061 4988 quid
2091 4934 2284 4992 Anioras
2316 4919 2397 4971 iii-

823 4989 1129 5048 nectinius?
1177 4992 1487 5060 Suscipiens
1538 4992 1715 5058 itaque
1764 4991 1931 5044 abbas
1958 4989 2245 5059 praedictus
2273 5004 2395 5060 cum

825 5064 1148 5118 humilitatis
1179 5059 1510 5128 subjectione
1539 5060 1869 5113 conti-atrum
1917 5060 2177 5128 imperia,
2226 5059 2399 5113 exerit

825 5136 1079 5197 lacertos,
1112 5147 1337 5201 seseque
1374 5140 1637 5199 praeparat
1686 5130 1976 5184 soleiunius
2019 5138 2278 5183 adversus
2309 5144 2398 5183 vo-

822 5207 934 5260 tiva
970 5205 1163 5259 ollieia.
1208 5204 1480 5255 Mutantur
1510 5216 1717 5254 summa
1762 5216 1882 5254 eum
1931 5201 2229 5255 reverentia
2277 5214 2398 5254 ossa

2436 3199 2481 3262 C

2518 1903 2704 1966 Sterio,
2732 1920 2851 1956 t'ttlll
2881 1905 3049 1957 cereis
3076 1913 3129 1956 et
3162 1904 3444 1957 tliuribulis
3466 1916 3519 1957 et
3544 1905 3794 1957 cruribus
3815 1905 3880 1959 de
3909 1912 4092 1974 crypta

2518 1984 2838 2044 erumpunt,
2874 1974 3007 2027 lzetis
3048 1974 3290 2041 apprime
3321 1976 3587 2027 nieutilius
3615 1975 3849 2044 byssiuis
3879 1975 4090 2043 poderi-

2516 2042 2635 2113 bus,
2670 2043 2720 2096 id
2752 2055 2834 2097 est
2883 2044 3040 2104 albis,
3076 2044 3302 2111 palliatis
3332 2044 3609 2098 monachis
3630 2042 3662 2108 ;“
3698 2060 3847 2099 niore
3874 2042 4086 2113 patrum

2519 2111 2776 2166 feretrum
2810 2114 3191 2180 bajulautilnis.

2590 2184 2641 2234 7.
2679 2183 2870 2236 Verum
2900 2186 3021 2250 quia
3054 2184 3283 2235 basilice
3314 2185 3583 2251 rapacitas
3614 2200 3718 2237 non
3752 2185 3817 2237 ad
3845 2185 3948 2241 hoc
3976 2194 4093 2240 erat

2518 2251 2807 2317 Sulliciens,
2834 2255 3226 2306 utconllueiilis
3255 2253 3394 2322 vulgi
3430 2254 3823 2308 multitudinem
3859 2256 4094 2324 recipere

2518 2334 2722 2391 pesset,
2790 2326 2839 2375 in
2870 2334 3073 2375 tauiuui
3104 2324 3297 2391 quippe
3349 2324 3561 2391 copiosa
3626 2326 3903 2393 utriusque
3930 2341 4093 2381 sexus

2517 2395 2764 2447 exstabat
2790 2394 3017 2447 ecclesia
3050 2395 3245 2446 rcl'erta
3279 2393 3625 2456 continentia,
3657 2403 3841 2464 utpote
3865 2406 4093 2464 praesto-

2516 2464 2661 2517 lan.e
2687 2480 2781 2533 pro
2812 2479 2917 2531 quo
2936 2471 3163 2536 venerat
3188 2464 3485 2536 sanctitatis
3514 2468 3671 2523 dona,
3702 2467 3842 2536 quod
3875 2480 3975 2519 nec
3996 2482 4091 2536 ge-

2518 2544 2726 2606 stantes
2769 2534 3069 2606 devotiouis
3102 2534 3325 2602 pignora
3357 2533 3607 2606 Valcbant
3634 2535 3813 2606 egredi
3851 2550 3947 2606 per
3973 2533 4093 2606 qua:

2516 2602 2729 2658 fuerant
2758 2604 2982 2674 ingressi
3027 2606 3239 2674 ostiola.
3272 2605 3383 2669 Qua
3415 2604 3479 2657 de
3509 2621 3587 2669 re,
3619 2602 4009 2674 coiisilio'inlcr
4035 2622 4092 2661 se

2516 2674 2719 2736 habito,
2752 2673 2843 2741 per
2873 2675 3065 2727 ostium
3113 2673 3348 2739 ejusdem
3396 2685 3597 2743 crypta:
3628 2675 3678 2727 in
3713 2673 3880 2744 latere
3912 2676 4091 2744 dispo-

2514 2746 2698 2805 situm,
2730 2745 2868 2811 quod
2901 2754 2982 2797 est
3013 2746 3255 2812 pervium
3299 2744 3549 2798 euntibus
3586 2745 3650 2797 ad
3682 2743 3939 2813 capellam
3968 2743 4091 2801 san-

2513 2816 2583 2885 cli
2615 2815 2815 2867 Ncolai
2847 2815 3079 2885 episcopi
3110 2814 3257 2866 lttll‘tl‘:
3291 2815 3603 2885 sanctitatis
3622 2814 3970 2885 confessoris,
3995 2832 4092 2885 per

2514 2884 2879 2937 claustrellum
2926 2884 3153 2937 efferunt
3195 2884 3555 2938 venerationis
3595 2884 3868 2950 loculum;
3904 2884 4089 2953 sicque

2512 2970 2609 3024 per
2637 2956 2922 3024 quamdam
2954 2953 3277 3024 posterulam
3304 2954 3540 3021 ejusdem
3568 2954 3857 3008 claustrelli
3888 2957 3938 3009 in
3971 2971 4089 3009 ma-

2515 3023 2661 3078 ceria
2714 3023 2908 3078 factam
2955 3023 3182 3094 ejectum
3216 3038 3311 3094 per
3341 3026 3635 3091 pomerium
3667 3034 3828 3094 atque
3877 3026 4086 3080 cimite-

2513 3095 2651 3148 riuiu
2687 3096 2928 3153 fratrum.
2963 3095 3029 3147 ad
3058 3093 3218 3146 alium
3245 3093 3533 3148 identidem
3559 3093 3780 3158 aditum,
3808 3095 4088 3164 ignarante

2514 3166 2728 3234 populo,
2761 3167 3078 3235 perducunt.
3107 3164 3210 3216 Sed
3259 3179 3443 3235 rursus
3492 3166 3660 3226 atrio,
3711 3169 3852 3234 quod
3884 3178 3966 3220 est
3991 3182 4088 3235 pro

2512 3233 2718 3290 foribus
2761 3234 3021 3297 ecclesiae,
3074 3243 3231 3303 gente
3263 3233 3530 3288 rusticana
3574 3233 3946 3302 redundante,
3993 3233 4085 3292 Vix

2513 3322 2631 3361 cuiu
2664 3306 2865 3375 illgeuli
2899 3307 3329 3376 lueiaiujueper
3372 3316 3580 3373 portam
3628 3322 3783 3361 secus
3829 3306 4085 3376 capellam

2511 3379 2680 3432 Sancti
2730 3373 3038 3443 archangeli
3091 3373 3364 3427 Michaelis
3394 3376 3551 3429 sitam
3580 3373 3907 3430 extrahuntf
3948 3376 4086 3431 Tan-

2511 3449 2738 3515 demque
2768 3448 3006 3515 impenso
3035 3446 3199 3517 multo
3229 3452 3283 3498 et
3309 3447 3493 3514 grandi
3528 3446 3727 3511 labore,
3754 3446 3971 3517 jamque
3996 3449 4085 3503 de-

2510 3517 2637 3571 fessi
2672 3518 2721 3569 in
2754 3531 3000 3586 campum
3032 3515 3231 3586 cultuin
3281 3530 3445 3585 prope
3479 3518 3868 3571 xenodocbiuin
3889 3515 4083 3572 'mona-

2509 3588 2732 3641 chorum
2775 3585 3041 3656 jacenteui
3096 3585 3343 3657 deferunt
3377 3603 3389 3638 :
3421 3593 3527 3655 Quo
3577 3586 3629 3640 in
3680 3587 3797 3641 loco
3851 3589 4082 3657 quadam

2508 3655 2839 3727 providentia
2874 3671 3056 3711 mensa
3109 3655 3281 3724 lignea
3327 3667 3566 3727 extensa,
3598 3668 3843 3727 sanetum
3869 3655 4085 3712 thesau-

2508 3725 2625 3782 rum
2656 3728 2706 3780 in
2735 3743 2857 3781 eum
2913 3728 3181 3796 deponere
3226 3733 3387 3795 atque
3430 3726 3609 3781 locare
3658 3725 3935 3793 festinant,
3962 3743 4081 3782 cuin

2507 3798 2807 3853 reverentia
2839 3808 3014 3851 tamen
3044 3806 3099 3849 ut
3124 3796 3342 3866 dignum
3372 3806 3509 3861 erat,
3540 3806 3802 3865 quatenus
3840 3798 3907 3851 ab
3935 3798 4080 3853 omni

2507 3870 2978 3937 exspectantium,
3028 3867 3119 3921 sed
3169 3876 3223 3919 et
3266 3866 3682 3921 desiderantium
3737 3868 4081 3923 multitudine

2508 3940 2645 3992 adiri
2674 3948 2728 3991 et
2759 3939 3006 3993 venerari
3035 3937 3238 4007 absque
3268 3938 3555 4005 gravedine
3582 3937 3863 4007 potuisset.
3898 3937 4079 4007 Siqui-

2510 4009 2633 4062 dem
2666 4016 2811 4061 taiita
2864 4007 3147 4076 pullularat
3194 4005 3447 4075 frequens
3476 4005 3771 4077 populatio,
3798 4009 3940 4077 quod
3975 4005 4081 4063 nec

2509 4080 2669 4133 totius
2700 4079 2835 4131 villa:
2863 4078 3132 4148 capacitas
3182 4078 3248 4148 ad
3295 4078 3607 4144 capiendum
3637 4077 3907 4133 sulliciens
3940 4089 4078 4143 erat,

2506 4148 2598 4203 sed
2630 4146 3049 4217 circumquaque
3080 4146 3257 4215 populi
3306 4162 3402 4215 per
3439 4163 3597 4217 agros
3642 4149 3974 4217 vagabantur
4000 4150 4081 4202 in-

2507 4220 2663 4282 certi,
2692 4234 2799 4287 quo
2824 4232 2979 4285 paeto
3006 4218 3086 4270 vel
3112 4219 3323 4289 ingenio
3351 4231 3522 4289 quave
3546 4233 3607 4289 ex
3642 4229 3794 4287 parte
3826 4218 4078 4289 templum

2507 4291 2654 4343 adire
2680 4291 2913 4358 quirent.
2946 4289 3075 4340 Cum
3120 4302 3247 4356 ergo
3278 4288 3394 4358 dies
3414 4287 3523 4355 jam
3556 4288 3811 4341 iucl.uata
3840 4287 3984 4343 esset
4012 4288 4079 4343 ad

2505 4356 2811 4434 vesiieruin,
2841 4358 2953 4434 sole
2977 4374 3005 4410 a
3042 4358 3335 4434 meridiano
3373 4356 3582 4434 fervore
3627 4368 3865 4434 tepente,
3895 4374 4079 4434 rursus

2506 4426 2693 4485 Patres
2742 4445 2861 4483 cum
2928 4426 3182 4480 fratribus
3250 4428 3536 4496 resumptis
3601 4426 3727 4483 cero
3771 4426 3983 4483 fefariis
4026 4437 4080 4483 et

2506 4502 2778 4563 crucibus,
2810 4498 2978 4552 induti
3008 4497 3341 4569 vestimentis
3392 4499 3528 4569 aleis
3578 4498 3717 4569 sicut
3765 4499 3934 4567 prius,
3964 4499 4078 4569 glo-

2506 4574 2706 4625 riosum
2738 4572 2973 4624 revisere
3006 4576 3252 4637 satagunt
3280 4566 3533 4621 loculum.
3574 4568 3704 4622 Nam
3736 4566 3788 4622 in
3816 4566 4077 4638 principio

2504 4641 2706 4699 reversi
2735 4639 2948 4693 fuerant
2994 4638 3311 4691 necessitate
3340 4647 3584 4707 cogente,
3624 4640 3908 4707 perpaucis
3940 4638 4072 4693 inibi

2501 4710 2727 4791 relictis,
2761 4710 2850 4777 qui
2880 4707 3137 4789 feretrum
3168 4708 3535 4767 observarent.
3566 4718 3620 4791 et
3646 4707 3887 4791 eulogias
3911 4718 4073 4779 atque

2502 4782 2803 4836 oblationes
2832 4779 3189 4850 susciperent,
3222 4788 3415 4850 utpote
3435 4778 3626 4848 popqu
3653 4778 3942 4850 plurimum
3957 4778 4076 4850 gra-

2503 4852 2710 4906 ved‘uiis
2739 4848 3004 4919 simulque
3039 4848 3293 4921 molestiae
3339 4848 3617 4904 intercute.
3652 4848 3879 4919 Sumpto
3909 4848 4076 4921 igitur

2505 4938 2625 4977 cum
2655 4921 2926 4991 diligentia
2966 4919 3202 4988 pretioso
3246 4922 3560 4991 gestaiorio’,
3589 4927 3749 4972 et.aui
3772 4928 3891 4991 tum
3921 4919 4075 4991 vulgo

2503 4992 2559 5047 in
2592 5001 2711 5045 vota
2759 4989 3061 5061 grassante,
3088 5004 3209 5042 cum
3235 4995 3455 5061 honore
3498 4990 3656 5060 digno
3685 4998 3739 5045 et
3768 4989 4075 5061 hymuidica

2501 5077 2713 5133 pompa,
2750 5058 3095 5133 non‘niodica
3138 5058 3295 5133 turba
3345 5074 3437 5114 eos
3481 5058 3818 5133 comitante.
3857 5071 4075 5133 sanctas

2506 5129 2762 5201 reliquias
2807 5130 3101 5183 referentes
3137 5129 3188 5181 in
3235 5140 3475 5201 sanctam
3523 5130 3615 5183 Dei
3664 5130 3960 5201 Ecclesiain
3990 5131 4074 5184 iu-

2506 5199 2835 5268 tbroiiizant,
2860 5216 2923 5254 ac
2952 5200 3002 5252 in
3037 5213 3192 5254 sacro
3234 5200 3471 5267 peribolo
3503 5209 3649 5254 retro
3675 5199 3843 5255 altare
3871 5210 4071 5256 sancta
