4466 5578
812 442 879 495 85
1918 444 1975 495 S.
2017 440 2471 497 ETIIELWOLDI
2512 444 2715 497 \VIXT.
2759 445 2969 499 EPISII.
3980 450 4051 505 δι

813 552 1063 627 \'III_._‘Dc
1111 557 1377 626 prop/teli“
1406 575 1562 627 quant
1602 558 1844 627 prtvdia'it
1890 553 2393 627 sanctusﬂzElfegus
2425 559 2471 612 Α

887 621 1258 693 Wintonieusis
1290 621 1557 693 episcopus
1587 621 1650 681 de
1675 631 1839 680 tribus
1874 626 2226 679 sacerdmibus

813 692 902 747 IX.
944 692 1213 759 Quomodo
1262 692 1591 752 Adeleldus
1659 697 1978 752 Glestoniam
2026 696 2295 765 pervenit,
2343 703 2391 747 et

887 767 1169 838 monachus
1194 767 1386 835 factus,
1429 769 1656 838 qualiter
1690 769 1758 820 ibi
1792 767 1998 821 vixerit.

812 834 879 889 Χ..
923 834 998 890 De
1032 834 1337 906 obituregis
1370 834 1690 899 Λέἰιειειαιιὶ.
1743 849 1789 891 et
1832 839 1894 890 de
1916 837 2240 889 successione
2281 834 2393 903 fra-

885 915 1022 978 trum
1048 907 1162 976 ejus
1186 908 1241 959 iu
1278 925 1489 977 regnum
1520 911 1684 978 gentis
1711 908 2019 976 Anglorum.

813 973 1244 1049 XLUQuomodo
1294 973 1408 1049 rege
1462 973 1702 1033 I'Itidredo
1750 973 1985 1046 favente.
2044 987 2254 1049 sanctus
2315 977 2392 1029 vir

890 1045 1319 1116 Abbandunensis
1350 1045 1651 1103 monasterii
1677 1045 1856 1102 curam
1904 1055 2147 1116 suscepit,
2179 1047 2395 1116 ejusque

894 1115 1010 1189 loci_
1041 1118 1197 1189 abbas
1252 1120 1523 1189 ordinatus
1556 1120 1732 1189 fuerit.

821 1183 929 1239 XII.
975 1185 1124 1248 Quod
1173 1205 1261 1241 res:
1315 1183 1588 1243 Eadredris
1626 1190 1695 1241 ad
1746 1190 2115 1243 monasterium
2182 1188 2391 1249 venerit,

887 1266 935 1335 et
974 1257 1268 1335 hospitibus
1303 1268 1409 1312 tota
1441 1261 1524 1312 die
1549 1260 1934 1313 convivantibus
1978 1258 2150 1329 liquor
2200 1259 2397 1310 exhau-

891 1329 935 1377 ri
940 1329 981 1378 ri
1014 1329 1310 1395 nequiverit.

822 1394 956 1448 X-Ill.
1012 1394 1166 1470 Quid
1237 1410 1478 1467 regnante
1537 1400 1781 1468 Eadgaro
1852 1400 2096 1470 templum
2162 1399 2397 1469 prtedicti

892 1468 1105 1537 ctrnobii
1140 1482 1487 1522 constructum
1527 1482 1571 1523 et
1603 1473 1895 1523 dedicatum
1921 1468 2111 1537 fuerat.

823 1534 958 1589 XIV.
986 1538 1067 1607 ille
1096 1538 1421 1591 ordinatione
1452 1540 1713 1593 Dunstani
1735 1581 1747 1601 ,
1797 1550 1842 1591 et
1870 1534 2005 1607 quod
2034 1540 2194 1593 abbas
2242 1538 2398 1591 Adel-

894 1606 1090 1659 u'oldus
1138 1607 1397 1677 Osgarum
1431 1612 1741 1663 monachum
1769 1621 1911 1663 trans
1944 1628 2086 1663 mare
2112 1610 2396 1671 direxerit;

892 1687 941 1747 et
967 1680 1027 1729 de
1070 1679 1293 1747 quodam
1350 1679 1513 1747 fratre
1567 1679 1801 1732 /Elstani
1836 1681 2057 1747 simplici
2098 1690 2145 1732 et
2198 1693 2399 1746 magna:

895 1746 1118 1799 obedieu-
1133 1749 1196 1799 in!
1236 1746 1364 1801 viro.

824 1814 939 1869 XV.
1001 1816 1271 1881 Quomodo
1323 1821 1481 1872 hostis
1530 1821 1770 1887 antiquus
1816 1831 2049 1872 sanctum
2098 1819 2262 1871 virum
2308 1834 2399 1887 per

896 1902 1071 1957 casum
1103 1887 1375 1954 cujusdam
1407 1892 1570 1955 postis
1601 1892 1926 1957 exstinguere
1965 1900 2182 1942 conatus
2212 1891 2299 1939 sit.

825 1954 963 2009 XVI.
1012 1957 1163 2022 Quod
1210 1975 1299 2011 rex
1359 1954 1631 2027 Eadgaras
1686 1960 1752 2011 ad
1772 1954 2131 2027 'episcOpatum
2194 1957 2399 2011 Winto~

899 2027 1086 2097 niensis
1123 2028 1367 2082 Eci’lesia'
1400 2042 1635 2083 sanctum
1677 2032 1843 2083 virum
1873 2030 2100 2097 elegerit.

826 2096 985 2149 XVII.
1061 2098 1135 2150 De
1177 2101 1563 2165 communione
1611 2117 1765 2169 quam
1816 2096 1989 2151 clerici
2041 2106 2399 2169 cantaverunt,

898 2180 1093 2231 quan'o
1159 2171 1398 2221 monac/ti
1472 2172 1535 2223 de
1589 2168 1933 2223 .‘Ibbandunia
2009 2170 2262 2223 venientes
2334 2168 2402 2220 ad

898 2240 1183 2303 ingressum
1220 2239 1447 2291 ecclesirv
1468 2251 1717 2292 steteram
1731 2280 1742 2289 .

827 2307 1007 2362 XVIII.
1040 2308 1113 2361 lle
1150 2310 1449 2374 e.rpnlsione
1477 2310 1779 2362 clericorum
1806 2311 1867 2362 de
1890 2310 2040 2363 veteri
2068 2310 2401 2361 monasterio.

827 2378 966 2433 XIX.
998 2378 1268 2443 Quomodo
1299 2382 1375 2431 vir
1416 2392 1625 2431 sanctus
1673 2396 1917 2432 venenum
1957 2381 2161 2442 biberit,
2204 2388 2250 2430 et
2282 2378 2405 2445 [idei

903 2449 1074 2501 calore
1120 2465 1416 2511 succensus,
1449 2461 1622 2517 potum
1652 2451 1831 2502 mortis
1869 2452 2188 2502 exstinxerit.

832 2518 947 2571 XX.
989 2519 1060 2571 lle
1101 2518 1401 2573 ervit/sione
1444 2520 1749 2571 clericorum
1790 2522 1851 2571 de
1889 2537 2016 2573 novo
2066 2520 2401 2571 monasterio.

832 2589 973 2643 XXI.
1029 2590 1177 2655 Quod
1261 2589 1679 2643 inzlbbaudonia
1759 2589 2017 2659 Osgarum
2084 2588 2407 2643 constituerit

905 2659 1158 2715 abbatem.

834 2728 995 2783 XXII.
1051 2732 1201 2795 Quod
1248 2733 1300 2783 in
1340 2732 1569 2785 cmnobia
1634 2746 1925 2784 nonnarum
1986 2728 2407 2785 sanctimonialcs

909 2801 1245 2853 tll'dlitttt't’l'll.

840 2870 1025 2924 XXIII.
1073 2874 1343 2935 Quomodo
1373 2873 1423 2925 in
1446 2874 1711 2939 provincia
1762 2872 2089 2926 orientalium
2123 2872 2408 2942 Anglorum

916 2944 1153 3005 lz'ligense
1177 2944 1463 2995 ctenabium
1488 2944 1795 3012 regulariter
1820 2945 2081 2997 monachis
2108 2945 2405 2996 instituerit.

838 3013 1023 3067 XXIV.
1080 3012 1231 3077 Quod
1282 3014 1333 3066 in
1394 3018 1656 3079 provincia
1699 3030 1899 3082 quoque
1954 3014 2247 3067 (iirviorum
2306 3014 2410 3065 duo

910 3086 1246 3149 monaseria,
1271 3083 1444 3151 Burgli
1493 3096 1644 3151 atque
1692 3085 1916 3153 'I‘hornig
1946 3085 2223 3153 appellata,
2255 3082 2412 3136 simili

909 3159 1061 3205 modo
1116 3155 1379 3207 monac/tis
1438 3154 1767 3225 delegaverit.

838 3246 1003 3309 XXV.
1049 3246 1123 3299 De
1152 3246 1511 3313 familiaritate
1548 3250 1715 3301 sancti
1738 3248 1836 3300 viri
1864 3264 1979 3300 cum
2008 3265 2121 3316 rege
2146 3245 2411 3318 Eadgaro.
2443 3261 2488 3323 ο
2520 3286 2563 3339 Χ

843 3335 1029 3389 XXVI.
1064 3336 1133 3388 Ite
1153 3336 1460 3408 rere/titione
1481 3339 1647 3408 sancti
1672 3340 1919 3390 antistitis
1952 3338 2208 3408 Stt'it/ttttti
2228 3380 2239 3399 ,
2265 3356 2414 3408 quem

909 3419 1120 3457 saucius
1150 3404 1309 3458 Pater
1338 3406 1662 3459 Adelwoldns
1713 3408 1805 3459 sub
1851 3410 1933 3461 die
1972 3407 2101 3461 Idas
2138 3404 2413 3462 Julii'cum

915 3475 1055 3529 omni
1089 3477 1255 3543 gloria
1285 3478 1572 3540 transtulit,
1595 3489 1640 3529 et
1657 3480 1774 3530 inde
1804 3479 1856 3531 in
1884 3478 2096 3531 ecclesia
2123 3479 2411 3532 collocavit.

843 3564 1058 3621 XXVII.
1096 3563 1248 3631 Quod
1269 3575 1315 3619 et
1352 3566 1457 3619 alia
1486 3566 1649 3619 multa
1688 3584 1780 3635 per
1803 3566 2153 3633 Duustanum,
2187 3578 2232 3620 et
2264 3566 2415 3621 Adel-

2569 557 2790 611 u'oldum
2834 569 3128 613 constructa
3163 570 3211 613 et
3237 562 3516 614 constituta
3550 560 3652 613 sint
3692 560 4060 613 monachorum

2572 630 2977 699 inanialiumque
3005 632 3231 683 cmuabia
3273 634 3324 684 in
3354 642 3500 699 gente
3528 632 3830 699 Anglorum.

2498 696 2727 751 XXVIII.
2761 696 3031 765 Quomodo
3057 712 3267 753 sanctus
3299 696 3626 754 Ailelwoltlus
3662 700 3889 753 leuitatis
3919 699 4064 753 blan-

2569 768 2797 839 dimento
2825 774 3141 825 severitatem
3184 772 3471 839 disciplima
3514 771 3887 837 temperaverit.

2496 836 2688 891 XXIX.
2740 841 3010 905 Quomoto
3050 841 3205 909 [rimis
3236 836 3458 907 tempore.
3504 836 3888 893 multitudinem
3931 856 4064 907 pau-

2572 926 2747 979 perum
2787 913 2849 962 ab
2876 913 2999 978 ipsis
3026 912 3265 979 faucibus
3292 913 3472 965 mortis
3496 911 3762 979 eripuerit.

2497 977 2667 1031 XXX.
2700 979 2851 1043 Quod
2900 977 3033 1035 inter
3062 984 3171 1034 ha'c
3203 982 3281 1033 vir
3317 993 3527 1035 sanctus
3575 977 3903 1047 inﬁrmitates
3934 996 4068 1050 ηερε

2571 1050 2821 1102 viscerum
2850 1063 2895 1105 et
2924 1063 3171 1103 tumorem
3228 1055 3457 1104 crurium
3498 1066 3766 1119 perpessus
3810 1051 3994 1172 luerit.

2571 1117 2691 1172 (XI.
2734 1118 2884 1172 Quod
2917 1123 3118 1172 iuvenes
3146 1124 3327 1172 docere
3352 1138 3547 1172 semper
3570 1120 3717 1171 dulce
3738 1120 3803 1172 Ita
3845 1122 3994 1172 uerit.

2734 1118 2884 1191 Quod
2905 1123 3118 1191 juvenes
3146 1124 3327 1174 docere
3352 1117 3547 1191 semper
3570 1120 3717 1171 dulce
3738 1117 3996 1174 habuerit.

2502 1186 2712 1243 XXXII.
2791 1190 2861 1244 De
2905 1186 3203 1244 chrismatis
3252 1186 3480 1258 ampulla
3541 1206 3685 1259 ptene
3748 1206 3949 1255 vacua,
4022 1199 4069 1245 et

2577 1262 2631 1312 in
2660 1260 2844 1313 itinere
2875 1262 2985 1313 oleo
3029 1261 3180 1328 plena
3228 1262 3449 1313 iuventa.

2501 1328 2734 1383 XXXIII.
2780 1330 2851 1383 De
2911 1333 3163 1400 monacho
3223 1331 3311 1399 qui
3375 1330 3569 1395 furtum
3626 1334 3972 1400 perpetravit,
4027 1343 4073 1387 et

2574 1402 2695 1469 soi'oi
2710 1416 2942 1469 sermone
2971 1401 3067 1454 viri
3114 1399 3205 1453 Dei
3233 1400 3359 1467 quid
3389 1417 3655 1467 perpessus
3683 1399 3859 1469 fuerit.

2504 1467 2742 1521 XXXIV.
2789 1468 2864 1523 De
2902 1470 3154 1522 monacho
3191 1471 3279 1532 qui
3319 1469 3381 1521 de
3408 1485 3607 1539 summo
3638 1467 3814 1539 templi
3854 1472 4076 1527 culmine

2575 1540 2773 1600 cecidit,
2805 1550 2849 1592 et
2875 1541 2947 1593 nil
2975 1539 3099 1592 mali
3122 1556 3329 1607 passus,
3354 1538 3626 1591 incolumis
3652 1543 3894 1594 surrexit.

2503 1607 2720 1661 XXXV.
2766 1609 2839 1662 De
2866 1610 3114 1662 monacho
3146 1610 3233 1677 qui
3259 1625 3311 1660 se
3336 1609 3443 1660 viro
3478 1607 3569 1659 Dei
3611 1609 3663 1661 in
3708 1610 3919 1676 legendo
3945 1612 4076 1664 assi-

2576 1678 2757 1729 milare
2784 1680 3130 1745 priesumpsit,
3174 1678 3297 1746 quit!
3346 1693 3613 1743 perpessus
3663 1681 3839 1745 fuerit.

2506 1746 2744 1800 XXXVI.
2782 1748 2854 1800 De
2884 1748 3097 1801 candela
3133 1764 3248 1817 qua:
3272 1746 3503 1813 epi~copo
3530 1746 3879 1802 obdormiente
3924 1766 4077 1816 super

2579 1817 2762 1885 folium
2818 1818 2937 1870 libri
2998 1816 3185 1871 ardens
3220 1816 3431 1885 jacuit,
3487 1826 3533 1867 et
3598 1826 3770 1869 tamen
3833 1820 4076 1887 paginam

2580 1888 2791 1940 minime
2836 1888 2988 1940 ltvsit.

2508 1955 2769 2011 XXXVII.
2840 1955 2991 2022 Quod
3054 1974 3155 2011 non
3215 1957 3389 2009 omnia
3447 1954 3692 2009 virtutum
3750 1958 3919 2011 sancti
3984 1956 4081 2011 viri

2580 2044 2735 2091 opera
2768 2028 2969 2080 valeant
3019 2026 3289 2095 explicari.

2509 2095 2790 2149 XXXVIII.
2816 2096 2891 2149 De
2929 2100 3112 2149 arbore
3140 2113 3242 2164 qua
3269 2098 3368 2147 ’am
3421 2111 3610 2162 magna
3662 2095 3881 2149 cucullis
3933 2096 4082 2149 innu-

2579 2169 2733 2219 meris
2784 2176 2991 2228 onusto,
3029 2178 3074 2219 et
3122 2168 3184 2217 de
3209 2165 3321 2233 ejus
3368 2166 3820 2235 interpretatione,
3871 2182 3985 2235 qua:
4026 2166 4080 2218 in

2580 2238 2775 2289 somnis
2805 2246 2985 2288 sancto
3019 2235 3291 2288 Duustano
3317 2234 3440 2286 olim
3465 2233 3634 2297 fuerat
3661 2246 3883 2287 ostensa.

2512 2303 2752 2359 XXXIX.
2801 2306 2874 2358 De
2905 2307 3097 2357 visione
3128 2305 3220 2357 viri
3257 2302 3351 2355 Dei
3382 2303 3435 2354 in
3461 2318 3563 2369 qua
3591 2304 3831 2371 apparuit
3867 2305 3915 2357 ei
3937 2304 4081 2357 navis

2581 2377 2818 2445 qua'dam
2881 2377 3133 2436 maxima,
3178 2372 3403 2445 piscibus
3454 2382 3533 2445 et_
3569 2373 3813 2445 anguillis
3864 2375 3927 2445 ab
3979 2374 4082 2445 imo

2583 2442 2743 2514 usque
2796 2446 2863 2497 ad
2905 2461 3163 2498 summum
3208 2444 3380 2514 piena,
3418 2442 3533 2514 gqui
3588 2442 3801 2514 excitati
3853 2442 4081 2496 homines

2583 2512 2701 2567 sunt
2733 2516 2921 2583 e/fecti,
2967 2526 3012 2566 et
3050 2515 3242 2565 rationi
3276 2512 3512 2579 pristina:
3557 2513 3798 2583 restituti.

2513 2585 2624 2638 XL.
2695 2581 2784 2637 De
2812 2584 2990 2637 veteris
3049 2584 3275 2636 ecclesia!
3343 2597 3472 2633 nova
3536 2581 3908 2645 dedicatione,
3970 2596 4085 2634 ana:

2586 2655 2724 2720 facta
2771 2666 2841 2707 est
2888 2656 2941 2708 in
2988 2654 3070 2706 die
3107 2669 3202 2706 xm
3252 2649 3377 2703 Kal.
3408 2645 3730 2720 Novembris.

2517 2717 2651 2778 XLI.
2702 2724 2776 2776 De
2826 2725 2965 2777 obitu
2997 2725 3161 2777 sancti
3212 2721 3387 2774 Patris
3415 2720 3469 2771 in
3503 2717 3622 2771 Kal.
3663 2718 3919 2787 Augusti,
3948 2733 3993 2773 et
4021 2720 4085 2773 de

2586 2794 2852 2861 sepultura
2883 2795 2996 2863 ejus
3026 2796 3106 2845 aie
3130 2793 3280 2845 tertio
3311 2786 3584 2863 Nonarum
3608 2786 3838 2863 ejusdem
3873 2792 4082 2843 mensis.

2517 2860 2672 2917 XLII.
2732 2860 3001 2928 Quomodo
3054 2872 3261 2915 sanctus
3311 2860 3388 2911 vir
3433 2868 3708 2926 antequam
3762 2860 4017 2913 levaretur
4060 2874 4086 2911 e

2588 2927 2811 2995 tumulo,
2833 2933 3179 3001 manifestavit
3198 2948 3249 2981 se
3274 2930 3380 2982 viro
3410 2927 3607 3001 urbano
3629 2929 3857 2993 cuidam,
3881 2931 4086 2982 nomine

2592 3004 2852 3065 Etlielmo,
2879 2997 3105 3071 plurima
3133 3001 3363 3071 circitate
3393 2997 3633 3071 multato.

2521 3074 2703 3128 XLIII.
2735 3074 2809 3125 De
2850 3067 3015 3125 sancti
3056 3071 3150 3122 viri
3196 3068 3849 3135 trinislatioue,qutvfacta
3879 3078 3952 3121 est
3995 3067 4088 3120 sub

2590 3146 2675 3198 die
2716 3159 2766 3196 Iv
2813 3143 3003 3195 Iduum
3058 3137 3459 3194 Septembrium.
3513 3144 3560 3187 et
3606 3138 3667 3190 de
3717 3138 3981 3191 miraculis
4016 3138 4084 3190 ad

2593 3216 2703 3281 ejus
2730 3213 3022 3279 sepulcrum
3053 3213 3289 3281 patratis.

2573 3276 2699 3339 LIV.
2743 3276 2815 3335 De
2851 3276 3059 3349 inﬁrma
3094 3278 3291 3349 puella,
3331 3277 3542 3349 quarribi
3573 3276 4084 3349 sanitatentrecepit.

2520 3356 2679 3409 XLV.
2712 3353 2785 3406 De
2838 3346 2973 3405 careo
3021 3346 3202 3420 puero,
3249 3350 3336 3417 qui
3366 3358 3412 3400 et
3452 3348 3559 3417 ipse
3594 3348 3783 3401 ibidem
3827 3346 4089 3399 illumina-

2588 3436 2670 3479 tus
2699 3434 2791 3477 est.

2517 3495 2700 3550 XLVI.
2744 3493 2818 3546 De
2844 3493 3002 3562 ligato
3028 3490 3251 3562 quodam
3276 3489 3390 3562 [ure
3416 3498 3462 3541 et
3492 3488 3546 3541 in
3574 3488 3722 3556 cippo
3745 3496 3975 3548 extenso,
3998 3484 4087 3555 qui

2590 3568 2701 3620 solo
2737 3558 2971 3618 sermone
2999 3564 3089 3615 viri
3119 3561 3215 3615 Dei
3240 3558 3507 3612 absolutus
3530 3567 3625 3612 est.

1131 3743 4045 3778 Μ*

1438 3918 1897 4009 INCIPIT
1964 3917 2249 4008 VITA
2318 3916 2725 4007 SANCTI
2802 3910 3522 4005 ADELWOLDI

1782 4127 2232 4171 WINTONIE‘NSIS
2278 4125 2558 4170 EPISCOPI
2605 4127 2684 4168 ET
2725 4124 3160 4169 CONFESSORIS.

913 4396 1041 4452 CAP.
1075 4394 1115 4449 l.
1150 4426 1217 4435 —
1250 4393 1419 4447 Erant
1472 4392 1631 4463 igitur
1663 4398 1911 4461 parentes
1955 4389 2124 4444 sancti
2155 4386 2419 4458 pontiﬁcis
2449 4388 2498 4446 Ι)
2526 4384 2753 4441 sublime
2806 4382 3079 4444 vexillum,
3137 4380 3287 4450 cujus
3330 4378 3611 4435 summitas
3650 4376 3844 4432 etclam
3877 4386 4095 4451 tangere

842 4488 1138 4545 Adclwoldi
1216 4502 1282 4541 ex
1337 4484 1561 4555 ingenua
1635 4481 2062 4536 Christianorum
2130 4478 2417 4549 propagine

846 4584 1085 4646 oriundi,
1137 4578 1420 4633 \Vcnlana:
1464 4576 1698 4631 civitatis
1726 4573 1937 4635 urbani,
1975 4572 2302 4642 temporibus
2338 4584 2421 4625 se-

846 4678 1017 4733 nioris
1048 4673 1317 4731 Eaduardi
1360 4672 1500 4742 regis
1529 4670 1822 4739 Anglorum
1871 4666 2144 4730 ﬂorentes,
2179 4665 2230 4719 in
2270 4679 2421 4718 man-

848 4771 993 4825 datis
1024 4778 1077 4825 et
1099 4765 1575 4835 justiﬁcationibus
1602 4762 1811 4817 Domini
1851 4760 1968 4814 sine
1989 4757 2207 4828 querela
2244 4755 2419 4811 ﬁdeli-

847 4872 932 4917 tcr
968 4862 1297 4916 incedentes.
1327 4856 1427 4924 Qui
1460 4857 1583 4911 dum
1620 4852 1949 4925 quotidianis
1997 4852 2259 4905 bonorum
2290 4864 2420 4919 ope-

848 4973 970 5012 rum
1002 4955 1263 5025 pollerent
1296 4950 1663 5015 incrementis,
1710 4947 1909 5003 eximio
1942 4945 2031 5000 Dei
2064 4958 2286 4999 munere
2332 4942 2425 4997 de-

850 5047 1020 5103 corali
1052 5054 1194 5108 sunt,
1231 5060 1337 5115 quo
1366 5043 1523 5097 talem
1558 5048 1895 5097 mererentur
1920 5038 2139 5109 gignere
2160 5034 2421 5100 sobolem,

852 5140 1007 5211 cujus
1052 5137 1356 5192 eruditione
1382 5144 1437 5189 et
1460 5131 1717 5201 exemplis
1744 5146 1848 5185 non
1874 5128 2043 5183 solum
2074 5126 2249 5197 populi
2292 5140 2430 5195 prte-

852 5231 1021 5287 sentis
1041 5231 1160 5294 aevi,
1203 5229 1295 5284 sed
1324 5228 1483 5283 etiam
1515 5225 1677 5279 futuri
1712 5222 2056 5293 pervenirent
2083 5219 2147 5273 ad
2181 5218 2427 5273 notitiam

851 5326 966 5380 veri
1019 5322 1235 5377 luminis
1287 5336 1299 5374 :
1352 5330 1410 5375 ut
1453 5318 1598 5374 exuti
1630 5315 1859 5385 caligine
1896 5310 2166 5367 tenebrosi
2205 5308 2425 5372 erroris,

854 5417 1021 5493 gloria
1054 5418 1363 5470 fruerentur
1381 5421 1597 5468 internae
1623 5406 1906 5463 claritatis.

923 5513 1051 5568 Car.
1081 5509 1143 5565 Il.
1171 5538 1242 5549 ——
1263 5507 1445 5576 Itaque
1472 5502 1594 5557 felix
1642 5500 1757 5570 ejus
1798 5496 2029 5569 genitrix
2060 5510 2181 5550 cum
2222 5508 2344 5549 eum
2376 5492 2428 5545 in

2527 4476 2807 4529 videbatur
2859 4491 2871 4527 :
2930 4473 3071 4542 quod
3107 4487 3163 4526 se
3189 4470 3492 4525 inclinanda
3522 4470 3745 4524 honeste
3773 4469 3839 4523 ad
3872 4480 4091 4536 terram,

2531 4568 2861 4622 ﬁmbriarum
2900 4581 3118 4620 suarum
3175 4564 3437 4618 velamine
3476 4562 3828 4617 circumdedit
3880 4563 4095 4635 imprae-

2526 4668 2767 4727 gnatam,
2814 4672 3139 4725 rursumque
3166 4670 3388 4726 procera
3422 4653 3704 4708 altitudine
3750 4663 4012 4718 erectum,
4041 4662 4096 4710 et

2524 4749 2800 4805 inﬂexibili
2829 4749 3122 4804 stabilitate
3152 4749 3450 4811 robustum,
3501 4746 3674 4815 ipsum
3704 4746 3845 4800 unde
3870 4746 4096 4801 inclina-

2524 4840 2681 4895 batur
2708 4839 2920 4908 repetiit
2968 4837 3182 4893 coclum.
3214 4834 3634 4907 Exspergel‘acta
3686 4844 3869 4889 autem
3906 4835 4098 4890 mulier

2524 4950 2710 4990 rursus
2755 4949 2946 5005 sopore
2976 4932 3312 5002 deprimitur,
3353 4940 3407 4985 et
3432 4944 3559 4984 ecce
3599 4938 3817 4998 repente
3844 4928 3974 4981 vidit
3999 4942 4069 4982 ex

2526 5046 2621 5084 ore
2656 5044 2752 5084 suo
2811 5026 3061 5098 prosilire
3115 5034 3169 5080 et
3218 5024 3434 5080 avolare
3482 5020 3635 5091 quasi
3686 5034 3906 5074 auream
3948 5018 4098 5072 mirtn

2529 5121 2913 5192 magnitudinis
2935 5118 3191 5187 aquilam,
3216 5132 3333 5186 qua;
3367 5114 3593 5169 volando
3628 5120 3789 5167 canta
3816 5109 4094 5165 Wentanae

2529 5213 2759 5269 civitatis
2780 5210 3025 5273 aedilicia,
3067 5210 3270 5262 auratis
3306 5219 3599 5276 pennarum
3627 5202 3865 5273 remigiis
3898 5200 4083 5256 obum-

2529 5308 2728 5370 bravit,
2777 5315 2831 5359 et
2868 5305 2917 5358 in
2965 5302 3074 5358 alta
3124 5302 3384 5357 caelorum
3426 5313 3483 5353 se
3513 5296 3771 5352 elevando
3814 5292 4093 5364 disparuit.

2532 5398 2773 5467 Cumque
2800 5396 2990 5451 mulier
3034 5394 3295 5462 evigilans
3324 5404 3504 5445 secum
3530 5387 3820 5442 miraretur
3844 5383 4096 5447 attonita,

2532 5499 2586 5543 et
2608 5489 2937 5543 somniorum
2963 5487 3222 5541 visionem
3271 5491 3450 5537 mente
3496 5478 3734 5533 volveret
3780 5475 3965 5539 tacita,
3995 5487 4096 5529 nec
