4466 5578
373 358 439 414 83
1925 362 2104 418 VITA.

1925 362 2104 418 VITA.
3551 377 3616 430 86

373 491 658 546 virginum,
709 477 792 532 cui
824 478 1065 533 narravit
1093 493 1158 533 ex
1189 480 1375 535 ordine
1429 484 1570 550 quod
1616 480 1716 536 sibi
1759 481 2144 550 ostcn-Apite
2209 482 2507 540 devotionis
2567 501 2778 541 so.vere
2841 491 3122 559 nequiret,
3181 502 3344 564 caput
3416 495 3619 552 hunili-

371 583 482 622 smn
519 567 692 622 fuerat
728 568 777 621 iu
831 580 1090 623 nocturna
1152 571 1375 625 visione.
1403 572 1469 624 At
1502 573 1610 637 illa,
1643 573 1780 628 sicut
1822 581 1940 627 erat

370 661 544 731 sagaci
580 662 760 715 animo
785 662 1224 730 prudentissima,
1270 674 1320 718 et
1370 664 1634 718 interdum
1665 667 1824 718 etiam
1855 664 1938 718 fu-

373 762 640 816 turorum,
677 752 903 806 Domino
948 754 1240 819 revelante,
1267 756 1511 823 praescia,
1546 756 1610 809 de
1663 757 1940 810 nascituro

371 841 573 898 infante
607 845 772 898 multa
804 847 1074 915 praedixit,
1105 863 1222 918 qum
1249 863 1375 902 vera
1409 864 1527 903 esse
1557 863 1736 902 rerum
1763 851 1939 904 exitus

371 935 650 991 indicavit.

437 1029 564 1084 Car.
612 1029 694 1084 III.
747 1062 818 1072 —
862 1031 970 1086 Nos
998 1047 1208 1102 quoque
1247 1034 1557 1088 earumdem
1604 1034 1940 1088 somniorum

368 1127 703 1195 coniectores
727 1143 844 1182 esse
875 1143 1183 1198 possumus,
1238 1129 1289 1182 in
1322 1127 1534 1183 sublimi
1565 1127 1756 1183 vexillo
1786 1127 1943 1183 intel-

367 1215 594 1283 ligente:
621 1229 868 1272 sanctum
895 1219 1092 1283 virum,
1135 1217 1225 1288 qui
1274 1229 1399 1274 tunc
1424 1218 1474 1273 in
1513 1229 1665 1274 utero
1688 1220 1942 1288 portaba-

369 1318 473 1373 tur,
502 1313 823 1378 quanquue
841 1310 1078 1364 futurum
1103 1308 1305 1363 militiae
1329 1308 1419 1363 Dei
1441 1310 1775 1381 signiferum,
1803 1313 1941 1364 sicut

366 1408 574 1462 cterat,
628 1416 786 1470 quem
839 1401 1150 1455 multimoda
1184 1400 1540 1454 reluctatione
1586 1409 1773 1454 contra
1799 1401 1938 1453 anti-

364 1501 524 1553 quum
560 1487 766 1540 hostem
786 1502 882 1556 pro
908 1488 1217 1542 defensione
1244 1499 1443 1542 sanctae
1467 1488 1656 1544 matris
1686 1486 1938 1542 Ecclesia!

365 1577 798 1645 coagredientem
850 1579 1099 1644 vidimus,
1155 1579 1376 1648 ipsoque
1412 1580 1663 1643 bellante,
1703 1580 1810 1634 imo
1845 1595 1941 1650 per

364 1669 534 1736 ipsum
586 1669 693 1723 Deo
741 1670 1009 1732 vincente,
1061 1686 1348 1741 pravorum
1403 1673 1832 1727 nmchinamenta
1872 1674 1938 1727 ad

363 1761 585 1814 nihilum
643 1764 859 1817 redacta
919 1765 1317 1831 cmispeximus.
1373 1762 1439 1817 Et
1485 1765 1608 1832 quia
1659 1763 1837 1833 aquila
1870 1765 1937 1818 ab

361 1857 608 1910 acumine
656 1857 933 1911 oculorum
983 1867 1226 1919 νοι-ιιιιιγ,
1279 1866 1331 1910 et
1380 1867 1611 1911 testante
1648 1871 1801 1912 sacro
1821 1858 1930 1912 elo-
1965 1840 2015 1903 Β

361 1949 486 2016 qniu
511 1948 793 2002 thesaurus
817 1948 1190 2004 desiderabilis
1218 1949 1503 2017 requiescit
1529 1949 1576 2002 in
1607 1965 1700 2002 ore
1724 1950 1938 2018 sapien-

363 2043 466 2105 tis;
501 2053 643 2096 recte
694 2057 787 2108 per
833 2057 1050 2094 auream
1083 2043 1337 2110 aquilant,
1390 2058 1510 2111 qua:
1538 2051 1702 2095 totam
1751 2042 1936 2095 urbem

361 2136 566 2189 alarum
601 2136 901 2190 velamento
923 2138 1249 2188 obumbrare
1274 2135 1385 2186 visa
1417 2144 1521 2196 est,
1550 2134 1689 2186 idem
1716 2134 1939 2202 pr:rc|a-

361 2245 452 2282 rus
480 2231 562 2280 vir
595 2229 758 2280 totius
791 2228 1070 2294 δημὶοιιιίιυ
1104 2224 1247 2296 [thes
1285 2223 1402 2295 tiro]
1445 2226 1733 2279 decoratus
1757 2223 1938 2292 evpri:

361 2324 556 2386 mitur;
608 2321 696 2390 qui
749 2321 1042 2389 perspiraci
1072 2329 1122 2372 et
1171 2318 1569 2372 irreverberata
1617 2317 1796 2371 cordis
1823 2317 1938 2369 acie

359 2416 539 2468 divina
576 2414 902 2467 meditando.
937 2427 1150 2478 Semper
1193 2411 1256 2463 ad
1289 2408 1532 2464 cmlestia
1565 2424 1659 2477 per
1690 2419 1936 2461 contem-

365 2508 656 2575 plationem
707 2505 920 2563 volavit,
947 2514 996 2556 et
1023 2519 1184 2571 super
1227 2499 1541 2565 Ecclesiam,
1574 2502 1749 2571 magni
1777 2499 1938 2569 Regis

360 2598 656 2657 ι’ἓνέιιιιιξιιι,
690 2613 850 2665 quam
877 2595 1159 2646 contrari:e
1183 2603 1274 2662 pot
1312 2601 1478 2646 states
1508 2593 1822 2661 impugnare
1854 2591 1935 2643 ni-

363 2688 627 2747 tebantur,
687 2685 1055 2739 umbraculutn
1090 2693 1324 2753 paterna:
1380 2683 1727 2750 protei-tionis
1783 2681 1939 2751 longe

360 2781 571 2848 lateque
622 2781 896 2848 expandit,
950 2790 1002 2831 et
1047 2786 1419 2831 consummato
1462 2776 1583 2830 boni
1623 2774 1938 2830 certaminis

358 2889 545 2936 cursu,
575 2873 638 2925 ad
667 2873 926 2924 visionem
971 2872 1060 2925 Dei
1097 2873 1146 2923 in
1187 2879 1497 2924 sanctorum
1524 2872 1782 2923 comitatu
1816 2884 1937 2937 per-

360 2967 524 3028 venit,
574 2965 715 3018 sicut
761 2967 810 3017 in
867 2964 1157 3034 Evangelio
1207 2979 1340 3017 vuce
1389 2961 1663 3016 Dominica
1692 2961 1933 3016 dicitur:

361 3056 666 3129 [hiemique
691 3058 846 3126 fuerit
872 3075 972 3122 cor,
999 3075 1078 3120 us,
1106 3057 1231 3110 illuc
1253 3056 1706 3127 congregabantur
1724 3053 1935 3125 aquila'.

359 3149 493 3217 Quia
539 3151 626 3204 ubi
682 3153 794 3219 ipse.
826 3151 1153 3219 Redemptor
1183 3160 1367 3204 noster
1398 3158 1481 3204 est
1525 3163 1771 3218 corpore,
1814 3147 1936 3202 illuc

2044 583 2124 626 ter
2163 574 2582 643 onmipotentem
2614 577 2895 631 Dominum
2931 589 3182 649 rogatura
3213 585 3531 652 declinavit,
3560 596 3617 642 et

2043 665 2321 719 confestim
2368 667 2546 720 divina
2592 671 2937 724 miseratione
2985 673 3254 728 consolari
3299 679 3614 743 promeruit.

2044 752 2174 808 Nam
2208 758 2405 811 nullam
2449 758 2748 813 molestiam
2785 763 3092 832 procellosa:
3135 768 3469 833 tetnpestatis
3493 783 3619 822 seu-

2046 847 2201 910 tiens,
2235 851 2412 904 subito
2451 867 2572 904 cum
2622 851 2885 908 iufantulo
2933 856 3145 910 inventa
3194 867 3280 911 est
3326 859 3518 912 sedens
3563 859 3615 914 iu

2043 939 2451 1010 ccclesiaquam
2501 943 2649 998 adire
2679 945 3014 1013 disponebat,
3058 948 3146 1002 tibi
3181 948 3444 1003 solemnia
3487 949 3615 1004 mis-

2044 1044 2224 1084 sarum
2272 1034 2549 1102 presbyter
2589 1035 2894 1088 celebrabat
2926 1050 2938 1088 :
2971 1046 3019 1088 et
3050 1038 3187 1105 quod
3239 1038 3381 1092 nulla
3411 1042 3619 1094 ratione

2046 1121 2264 1174 credere
2292 1122 2551 1189 potuisset
2588 1134 2644 1176 ιιι
2687 1128 2838 1176 Iicret
2865 1165 2878 1187 ,
2914 1122 3110 1177 factmu
3143 1126 3488 1183 vehementer
3519 1145 3617 1184 ex-

2045 1212 2222 1280 pavit;
2253 1223 2302 1266 et
2327 1229 2513 1268 omnes
2559 1215 2711 1282 hujus
2761 1218 2836 1270 rei
2882 1231 3270 1285 cognoscentes
3301 1219 3619 1276 miraculum

2045 1317 2249 1371 magna-
2275 1305 2646 1359 admirationis
2676 1317 2859 1374 stupor
2895 1309 3108 1362 iuvasit.
3144 1307 3294 1362 Sicut
3319 1311 3459 1363 enim
3491 1327 3617 1380 pro-

2043 1396 2201 1463 pheta
2242 1399 2506 1464 quondam
2556 1414 2621 1450 cx
2665 1396 2843 1452 Judma
2897 1411 3112 1467 repente
3152 1402 3413 1465 sublatus,
3462 1413 3516 1456 et
3566 1404 3621 1458 in

2043 1491 2290 1545 Chalda‘a
2340 1507 2460 1544 cum
2508 1493 2735 1560 prandio
2792 1494 3086 1563 depositus,
3134 1498 3209 1549 sic
3261 1499 3447 1551 beatus
3486 1513 3624 1569 puer

2043 1583 2382 1638 Adelwoldus
2410 1585 2508 1638 sub
2537 1598 2806 1638 momento
2836 1602 2956 1640 cmn
2994 1588 3201 1640 nutrice
3234 1590 3282 1641 in
3316 1590 3513 1658 templo
3537 1600 3622 1646 est

2045 1683 2414 1743 praesentatus,
2463 1684 2520 1727 nt
2571 1676 2707 1729 sicut
2753 1677 2839 1730 ille
2871 1679 3056 1732 refecit
3107 1695 3340 1748 congruo
3383 1689 3622 1749 tempore

2048 1765 2320 1820 Danieletn
2351 1768 2663 1837 prophetam
2699 1768 2750 1820 in
2780 1767 2894 1820 lacu
2925 1770 3158 1834 leonum,
3203 1774 3280 1826 sic
3316 1773 3416 1828 iste
3455 1772 3624 1829 millia

2045 1856 2362 1926 p0pulorum
2392 1869 2638 1925 pasceret
2663 1858 2713 1912 in
2749 1858 2984 1914 Ecclesia
3015 1872 3345 1917 sanctorum.

2116 1947 2243 2003 Car.
2287 1948 2372 2003 Vl.
2412 1979 2482 1988 —
2521 1950 3019 2020 lgiturquotidiano
3042 1951 3282 2021 profectu
3305 1955 3623 2025 crevitpuer

2043 2043 2198 2094 bona:
2227 2041 2419 2095 indolis
2439 2082 2452 2103 ,
2482 2051 2536 2096 et
2565 2042 2613 2094 in
2656 2043 2765 2110 ipsa
2797 2059 2920 2097 mox
2961 2059 3076 2114 puei
3096 2044 3185 2097 itia
3215 2046 3384 2100 sacris
3419 2047 3625 2102 littera-

2049 2149 2167 2185 rum
2199 2133 2390 2186 studiis
2423 2134 2652 2186 traditus
2685 2148 2698 2185 :
2733 2144 2787 2185 ut
2817 2136 2905 2200 qui
2955 2135 3072 2189 aliis
3104 2137 3243 2189 viam
3291 2137 3477 2192 salutis
3505 2150 3624 2196 erat

2047 2233 2382 2286 ostensurus,
2424 2224 2535 2292 ipse
2563 2239 2681 2276 cum
2714 2221 2880 2278 Maria
2913 2240 3069 2280 secus
3104 2227 3265 2296 pedes
3289 2228 3499 2283 Domini
3526 2230 3624 2284 bu-

2044 2313 2244 2368 militcr
2273 2315 2506 2378 sederet,
2538 2325 2592 2368 ct
2627 2316 2844 2368 verbum
2897 2332 2962 2371 cx
3011 2332 3106 2372 ore
3151 2319 3291 2374 illius
3334 2320 3625 2376 salubriter

2046 2407 2280 2459 audiret.
2313 2405 2442 2458 Erat
2478 2407 2620 2460 enim
2659 2409 2813 2476 agilis
2843 2420 3035 2464 natura
3075 2422 3234 2480 atque
3261 2423 3448 2467 acutus
3476 2417 3625 2487 inge-

2047 2499 2157 2560 nio,
2197 2497 2270 2550 ita
2305 2507 2362 2550 ut
2390 2498 2649 2566 quidquid
2700 2499 2960 2566 majorum
3011 2502 3298 2560 traditio—ne
3339 2507 3621 2575 didicerat,

2046 2603 2151 2642 non
2194 2588 2430 2656 segniter
2465 2588 2715 2642 oblivioni
2770 2593 3028 2658 traderet,
3089 2595 3179 2649 sed
3225 2598 3396 2652 tenaci
3448 2602 3625 2667 potius

2047 2682 2319 2734 litt'lllOl'ltc
2379 2683 2796 2738 connnemlaret.
2858 2684 3118 2741 Studebat
3187 2689 3348 2743 etiam
3410 2703 3626 2748 teneros

2045 2774 2290 2843 pueritia:
2319 2789 2488 2827 annos
2519 2789 2726 2828 morum
2761 2777 3043 2831 honestate
3069 2787 3120 2831 et
3154 2779 3409 2834 virtutum
3443 2793 3623 2836 utatu-

2046 2866 2204 2918 ritate
2228 2866 2461 2928 vincere,
2493 2867 2686 2920 divinis
2710 2883 2920 2937 semper
2947 2871 3220 2938 obsequiis
3246 2874 3423 2927 omnia
3460 2891 3625 2930 ment-

2045 2956 2143 3009 bra
2167 2971 2261 3009 sua
2294 2956 2620 3026 mancipate,
2649 2968 2700 3010 et
2725 2958 2789 3011 ad
2817 2958 2908 3013 Dei
2943 2959 3263 3028 implendam
3295 2963 3624 3020 voluntatem

2047 3057 2210 3102 totam
2240 3049 2434 3102 mentis
2471 3063 2581 3102 suae
2611 3049 2961 3104 intentionem
2989 3052 3218 3122 dirigere
3249 3071 3260 3106 :
3286 3055 3467 3124 sicque
3489 3071 3623 3126 pra:-

2045 3143 2215 3212 ceptis
2240 3142 2438 3198 Christi
2468 3143 2777 3197 muneribus
2814 3152 2958 3200 recte
2983 3143 3208 3200 vivendo
3239 3149 3440 3217 gratias
3467 3149 3620 3205 exhi-

359 3244 545 3311 procul
579 3243 741 3296 dubio
774 3258 916 3296 nunc
948 3242 1274 3312 colliguntur
1312 3241 1605 3295 electorum
1638 3240 1857 3303 animze,
1884 3249 1938 3294 et
1966 3221 2012 3285 C
2046 3237 2191 3302 bere,
2221 3247 2279 3292 ut
2303 3237 2366 3290 ad
2396 3237 2598 3308 majora
2625 3238 2963 3308 percipienda
2990 3238 3180 3308 dignus
3203 3251 3501 3298 mereretur
3524 3259 3622 3298 ex-

361 3337 411 3388 in
449 3336 644 3391 futura:
678 3336 1096 3390 resurrectionis
1137 3335 1306 3405 gloria
1337 3334 1461 3389 illuc
1507 3349 1722 3404 quoque
1750 3349 1939 3389 eorum

359 3428 686 3498 colligentur
713 3437 766 3481 et
792 3442 1042 3495 corpora.
1068 3425 1191 3480 Haec
1218 3427 1282 3481 de
1311 3424 1644 3480 somniorum
1677 3425 1941 3494 interpre-

362 3522 565 3575 tatione
596 3519 833 3574 breviter
856 3517 1092 3572 diximus
1124 3533 1137 3570 :
1171 3533 1314 3573 nunc
1342 3517 1410 3573 ad
1439 3516 1767 3573 narrationis
1796 3515 1942 3572 ordi-

361 3631 483 3670 nem
512 3615 813 3670 redeamus.

433 3703 563 3757 Car.
596 3701 684 3756 Ν.
710 3731 778 3742 ——
824 3700 1067 3768 Quadam
1092 3717 1328 3772 namque
1363 3702 1449 3756 die
1475 3717 1596 3757 cum
1623 3712 1793 3757 mater
1820 3700 1940 3770 ejus

365 3798 563 3865 stipata
589 3795 800 3850 civibus
829 3802 1000 3849 staret
1024 3794 1074 3848 iu
1107 3794 1356 3859 ecclesia,
1388 3809 1558 3850 sacrae
1598 3795 1775 3850 missa
1799 3793 1940 3849 cele-

362 3886 597 3942 bratioui
638 3887 902 3942 interesse
943 3885 1278 3947 desiderans,
1309 3885 1479 3939 sensit
1515 3885 1752 3940 animam
1787 3884 1939 3955 pueri

362 3994 524 4047 quem
557 3978 777 4048 gerebat
809 3978 863 4031 in
893 3988 1067 4040 utero,
1100 3975 1334 4040 venisse,
1364 3985 1420 4031 et
1446 3975 1498 4032 in
1529 3991 1651 4031 eum
1683 3976 1775 4031 Dei
1807 3985 1939 4030 nutu

363 4080 558 4123 cuncta
606 4069 939 4123 moderantis
984 4069 1241 4132 intrasse,
1282 4068 1422 4123 sicut
1468 4081 1655 4138 postea
1685 4069 1797 4138 ipse
1823 4084 1942 4123 san-

364 4174 484 4217 ctus
508 4163 596 4231 qui
630 4163 942 4216 nasciturus
982 4169 1120 4225 erat,
1142 4158 1254 4231 jam
1301 4160 1587 4230 episcopus
1627 4161 1783 4215 nobis
1810 4175 1940 4228 gau-

361 4255 541 4309 demlo
588 4251 879 4308 referebat.
926 4252 1002 4306 Ex
1046 4267 1152 4322 quo
1207 4251 1512 4306 ostenditur
1565 4264 1689 4305 eum
1744 4265 1774 4304 a
1832 4249 1941 4305 Deo

359 4349 592 4401 electum
638 4348 912 4402 exstitisse
969 4347 1132 4400 etiam
1169 4355 1458 4414 antequam
1499 4351 1837 4407 nasceretur,
1890 4351 1943 4398 et

359 4440 597 4493 animam
617 4438 886 4508 procreati
912 4438 1144 4492 hominis
1173 4452 1298 4502 non,
1326 4446 1384 4490 ut
1409 4435 1624 4504 quidam
1648 4435 1941 4499 aestimant,

359 4547 392 4585 a
418 4539 573 4601 patre
602 4530 683 4585 vel
721 4547 752 4584 ιι
786 4539 960 4584 matre
985 4528 1251 4583 existeudi
1293 4528 1503 4582 initium
1544 4541 1783 4590 sumere,
1823 4526 1941 4590 sed,

361 4633 424 4677 ut
454 4637 583 4677 vere
622 4631 675 4676 et
713 4622 918 4692 absque
970 4621 1116 4674 omni
1154 4619 1431 4674 dubietate
1469 4617 1729 4679 creditur,
1764 4633 1793 4670 a
1826 4615 1941 4671 solo

357 4714 624 4768 Creatore
663 4711 878 4767 vitalem
911 4712 1158 4782 spiritum
1206 4709 1487 4773 viviticari,
1542 4718 1596 4763 et
1624 4708 1940 4778 singillatim

360 4804 662 4874 unicuique
685 4804 821 4859 dari.
866 4802 1118 4858 Nascitur
1147 4817 1276 4873 ergo
1308 4804 1518 4857 futurus
1548 4798 1641 4855 Dei
1674 4801 1940 4870 pontifex,

359 4908 415 4953 et
440 4897 591 4952 fonte
618 4897 948 4966 baptismatis
991 4899 1042 4952 in
1078 4895 1297 4952 Christo
1335 4903 1572 4958 renatus,
1599 4893 1877 4948 Adelwold
1911 4913 1941 4950 ιι

361 4990 684 5061 parentibus
710 4999 793 5043 est
830 4990 1152 5059 appellatus,
1196 4990 1475 5059 sanctique
1496 4986 1807 5041 chrismatis
1839 5003 1939 5042 un-

359 5085 554 5136 ctione
599 5079 1165 5154 conlirinatus,grati;e
1201 5078 1292 5134 Dei
1322 5081 1373 5135 in
1397 5077 1648 5135 omnibus
1672 5092 1945 5134 commen-

361 5176 556 5229 datus.

438 5267 573 5322 Car.
637 5266 698 5321 γ.
742 5267 1032 5326 —Accidit
1061 5266 1210 5325 enim
1260 5269 1488 5338 quadam
1548 5265 1771 5322 solemni
1823 5268 1941 5340 die,

362 5376 497 5415 cum
548 5373 696 5412 more
736 5359 882 5413 solito
911 5365 1091 5419 nutrix
1123 5359 1261 5416 illius
1292 5364 1357 5418 ad
1402 5360 1687 5419 ecclesiam
1717 5375 1945 5432 pergere

364 5464 420 5508 et
467 5451 702 5506 orationi
737 5433 1029 5512 incumbere
1073 5453 1419 5520 decrevisset,
1457 5465 1567 5509 tam
1595 5454 1824 5507 validam
1853 5456 1943 5512 in-

363 5543 633 5578 ..ηιΙοιηΙίε
676 5543 852 5578 nluuim
902 5555 1276 5578 'AM-‘AL"'I'AII1
1337 5559 1620 5578 ιιι-..ΛὶιὶΩὨ
1684 5555 1735 5578 II!
1784 5560 1938 5578 ονε-ι..

2046 3328 2258 3384 sistere.

2116 3423 2244 3477 Car.
2288 3421 2395 3477 \‘ll.
2437 3453 2506 3464 ——
2544 3422 2784 3494 Cumque
2815 3423 3053 3480 florentis
3083 3426 3456 3484 adolescentia:
3496 3443 3624 3484 con-

2046 3517 2279 3588 tingeret
2308 3527 2542 3582 :etatein,
2594 3521 2918 3588 praeconium
2967 3530 3169 3576 sanctae
3202 3523 3626 3579 conversationis

2043 3609 2161 3678 ejus
2192 3609 2507 3665 Edelstano
2541 3612 2668 3681 regi,
2708 3611 2817 3665 filio
2862 3613 3102 3681 praedicti
3147 3615 3287 3684 regis
3316 3614 3623 3681 Eadwardi,

2043 3703 2185 3758 fama
2212 3705 2460 3774 vulgante
2492 3707 2798 3760 nuntiatum
2838 3716 2937 3771 est,
2965 3709 3325 3778 juvenemque
3360 3708 3623 3767 festinan-

2045 3804 2129 3850 ter
2157 3797 2412 3850 accessiri
2463 3799 2735 3866 praecepit,
2777 3799 2868 3868 qui
2901 3814 3022 3854 cum
3053 3800 3315 3855 adductus
3354 3810 3522 3856 staret
3569 3803 3625 3858 in

2041 3889 2326 3958 prasentia
2359 3889 2521 3959 regis,
2553 3891 2755 3944 invenit
2787 3893 3013 3960 gratiam
3060 3892 3114 3947 in
3154 3903 3440 3963 conspectu
3486 3893 3624 3963 ejus,

2043 3991 2098 4035 et
2128 3981 2179 4035 in
2209 3979 2376 4035 oculis
2405 3981 2724 4050 optimatum
2761 3981 2908 4048 eius;
2944 3983 3122 4052 ibique
3153 3985 3424 4041 individuo
3458 3987 3627 4042 comi-

2043 4080 2156 4126 tatu
2201 4072 2424 4126 muitum
2459 4073 2712 4141 temporis
2755 4089 2921 4142 agens
2963 4073 3014 4128 in
3042 4075 3261 4143 palatio,
3300 4076 3451 4144 plura
3479 4091 3510 4130 a
3540 4092 3628 4132 sa-

2045 4162 2313 4232 pientibus
2343 4162 2484 4233 regis
2525 4162 2671 4216 utilia
2701 4177 2766 4216 ac
2796 4162 3032 4231 proficua
3063 4164 3162 4218 sibi
3200 4164 3402 4218 didicit.
3434 4165 3499 4219 Et
3532 4167 3630 4221 αθ-

2043 4271 2189 4310 mum
2224 4254 2448 4324 jubente
2482 4270 2604 4326 rege
2631 4256 2698 4310 ab
2723 4253 2935 4324 Elfego
2964 4254 3321 4311 Wintoniensi
3371 4256 3623 4325 episcopo

2045 4347 2340 4401 secundum
2372 4361 2576 4399 morem
2606 4345 3032 4401 ecclesiasticum
3073 4347 3222 4414 prius
3251 4345 3318 4400 ad
3342 4345 3627 4401 clericatus

2046 4435 2277 4490 otIlcium
2315 4447 2646 4503 tonsoratus,
2672 4452 2734 4492 ac
2762 4437 2951 4492 deinde
2990 4436 3175 4506 paucis
3205 4435 3505 4490 labentibus
3529 4451 3624 4490 an-

2049 4543 2238 4581 norum
2265 4528 2552 4584 curriculis
2580 4529 2635 4584 in
2669 4527 2893 4600 gradum
2930 4525 3315 4582 sacerdotalem
3345 4539 3626 4581 consecra-

2050 4629 2136 4675 lUS
2159 4632 2257 4677 CSl.

2121 4713 2246 4770 Car.
2289 4714 2422 4772 Vill.
2460 4745 2530 4758 --
2567 4716 2683 4786 Ipse
2716 4716 2859 4771 enim
2904 4714 3075 4771 beata:
3107 4711 3498 4770 recordationis
3528 4711 3631 4766 Pa-

2052 4817 2138 4863 ter
2166 4807 2400 4879 Elfegus,
2455 4811 2596 4864 inter
2644 4817 2837 4862 caetera
2885 4806 2987 4862 sibi
3034 4804 3227 4861 collata
3272 4803 3631 4874 spiritualium

2053 4903 2441 4957 charismatum
2493 4901 2627 4954 dona
2655 4939 2668 4963 ,
2718 4897 3017 4969 prophetia:
3073 4896 3263 4963 spiritu
3306 4893 3540 4963 pollebat
3580 4899 3638 4947 et

2054 4993 2708 5068 contigiteumordinasse
2730 4991 2783 5045 iii
2811 4993 2927 5062 ipso
2960 5003 3202 5059 tempore
3225 4988 3380 5042 simul
3410 4987 3638 5041 Dunsta-

2057 5107 2184 5145 num
2209 5096 2263 5141 et
2291 5085 2678 5147 Adelwoldum,
2711 5091 2765 5136 et
2796 5087 3111 5154 quemdam,
3167 5079 3507 5135 Edelstanum
3549 5092 3643 5131 vo-

2058 5180 2252 5240 cabulo
2276 5222 2290 5243 ,
2333 5185 2424 5254 qui
2451 5176 2790 5252 postmodum
2833 5174 3193 5235 monachilem
3221 5170 3460 5226 habitum
3490 5171 3645 5226 dese-

2059 5296 2185 5335 rens
2215 5289 2463 5342 apostata
2495 5274 2754 5329 finetenus
2787 5269 3124 5340 perduravit.
3168 5262 3444 5329 Completa
3468 5272 3647 5317 autem

2059 5372 2356 5425 missarum
2391 5363 2746 5424 celebratione
2794 5375 3025 5420 sanctus
3055 5357 3276 5414 antistes
3304 5351 3522 5423 Elfegus
3549 5352 3653 5407 sibi

2059 5463 2408 5518 adhmrentes
2455 5460 2525 5514 ita
2570 5449 2872 5520 alloquitur
2909 5475 2920 5511 ι
2960 5479 2977 5512 ι
3010 5449 3174 5512 Hodie
3200 5458 3378 5498 coram
3427 5446 3535 5499 Deo
3561 5444 3658 5498 tri-

2222 5550 2320 5578 ἒ-ι-ζη
2363 5565 2546 5578 __.--...p
2579 5546 2810 5578 :mnncni
2897 5568 2921 5578 ,ι
2946 5560 3089 5578 ...ι-..Δ
3119 5541 3168 5578 in
3199 5535 3486 5578 είιρριιιὶηιὶἱ
3515 5536 3661 5578 nrtIi-

2114 5570 2154 5578 .-
2183 5550 2320 5578 -νῖιιιζη
2363 5565 2546 5578 ..-η-..ιο
2579 5546 2810 5578 ἶηηηηεηί
2897 5568 2921 5578 Α
2946 5560 3089 5578 ,ΑΑΙΙΔ
3119 5541 3150 5578 EI
