4466 5578
834 419 907 479 87
1888 434 1946 491 S.
1987 434 2449 492 ETHELWOLDI
2487 435 2786 493 WINTON.
2829 440 3040 496 EPISC.
4024 436 4095 496 8.

834 531 1088 591 Ecctestae
1109 545 1283 609 gentis
1309 541 1643 612 anglornm;
1677 545 1816 601 alter
1842 563 1973 604 vero
2008 548 2138 603 mihi
2174 548 2418 619 quando-
2445 554 2491 609 Α
2524 551 2815 621 Scriptura:
2859 553 3188 617 testimonia.
3233 569 3331 624 per
3371 554 3706 626 disciplinam
3753 550 3998 609 subditos
4040 554 4097 606 et

833 639 940 696 que
960 642 1309 686 successurus
1337 644 1420 688 est
1454 635 1505 690 in
1556 639 1810 707 pontiﬁcii
1844 641 2157 708 dignitatem
2183 682 2197 700 .
2231 642 2421 696 tertius

836 726 1013 771 autem
1061 735 1156 789 per
1185 723 1389 778 lubrica
1434 730 1766 798 voluptatum
1803 732 2166 789 blandiunenta
2198 736 2422 788 misera-

833 805 928 861 bili
982 808 1087 865 fine
1144 814 1402 871 tabescet.
1446 838 1464 870 ι
1508 820 1658 876 Tunc
1702 823 2022 880 Edelstanus
2072 824 2422 896 interrogavit

835 912 1083 956 sanctum
1152 908 1446 963 antistitem
1524 915 1879 985 propinquum
1945 935 2098 972 suum
2170 920 2416 978 dicens:

841 1007 861 1041 ι
906 989 1045 1047 Num
1094 996 1225 1051 mihi
1267 1002 1541 1072 continget
1592 1021 1710 1061 esse
1754 1025 1915 1062 unum
1959 1026 2023 1065 ex
2076 1012 2284 1085 dnolms
2329 1013 2420 1082 qui

835 1084 1123 1174 episcopali
1170 1093 1425 1149 cathedra
1470 1098 1791 1153 sublimandi
1822 1104 1981 1156 sunt?
2014 1123 2031 1153 ι
2065 1084 2169 1158 Cui
2204 1120 2422 1174 respon-

838 1173 917 1227 dit
952 1179 1179 1234 anIiSIes
1214 1199 1226 1234 :
1263 1200 1282 1233 α
1329 1183 1443 1238 Νοιι
1473 1188 1575 1241 erit
1618 1189 1708 1243 tibi
1741 1207 1863 1260 pars
1888 1208 2061 1261 neque
2097 1209 2214 1248 sors
2260 1173 2310 1247 in
2356 1209 2422 1249 eo

834 1278 994 1331 quem
1019 1268 1271 1338 praefatus
1291 1289 1408 1328 sum
1435 1278 1661 1341 ordine;
1712 1284 1804 1333 sed
1836 1298 2007 1351 neque
2041 1284 2090 1336 in
2126 1300 2190 1338 ea
2222 1285 2423 1339 sancti-

839 1362 970 1419 tate,
1024 1374 1183 1428 quam
1249 1363 1300 1416 in
1364 1366 1638 1422 hominum
1688 1383 1976 1441 conspectu
2031 1375 2300 1430 videbaris
2342 1378 2421 1430 iu-

836 1446 1086 1513 cltoasse,
1130 1467 1515 1520 permansuros
1545 1474 1621 1512 es.
1666 1480 1685 1512 ι
1720 1460 1886 1531 Cujus
1934 1466 2226 1533 prophetize
2260 1467 2420 1521 verba

840 1552 1001 1607 quam
1028 1540 1294 1599 veraciter
1317 1559 1500 1602 essent
1531 1551 1733 1619 prolata
1789 1554 1865 1607 rei
1899 1555 2141 1623 probavit
2172 1567 2417 1611 eventus.

836 1632 969 1687 Nam
994 1638 1098 1689 duo
1125 1640 1287 1708 (sicut
1319 1643 1448 1696 dicit
1486 1643 1765 1713 Scriptura
1819 1666 1830 1701 :
1872 1648 2059 1701 Justus
2092 1651 2421 1718 justiﬁcetur

836 1726 1031 1791 adhuc,
1076 1740 1122 1781 et
1161 1743 1373 1786 sanctus
1406 1736 1736 1804 sonti/iretur
1759 1738 1953 1803 adhuc)
1984 1739 2421 1808 adpuntilicatus

836 1820 1097 1877 honorem
1126 1837 1509 1893 pervenerunt,
1548 1834 1738 1885 tertius
1776 1847 1902 1885 vero
1935 1831 2088 1900 juxta
2124 1834 2419 1889 terribilem

2521 662 2618 716 per
2651 646 3006 701 humilitatem
3036 647 3372 702 custodiebat
3401 647 3769 715 semetipsum.

2592 737 2718 793 CAP.
2756 737 2825 792 Χ.
2863 768 2933 780 -
2970 738 3204 805 Contigit
3246 740 3449 793 interea
3480 738 3530 792 vi
3570 737 3983 792 toriosissimum
4010 747 4096 792 re-

2522 846 2640 902 gem
2679 831 3073 894 Edelstanum,
3106 840 3300 901 quarto
3345 845 3485 884 anno
3515 840 3796 899 postquam
3844 826 4093 883 hostilem

2523 939 2847 993 paganorum
2865 924 3159 978 exercitum
3184 924 3413 976 maxima
3436 932 3614 990 strage
3628 918 4095 989 peremit,obisse,

2522 1026 2570 1068 et
2602 1013 2821 1069 fratrem
2852 1014 2966 1079 ejus
2996 1014 3366 1067 Eadmundum
3395 1028 3491 1081 pro
3538 1027 3601 1066 eo
3644 1011 3789 1080 regni
3834 1009 4098 1080 guberna.

2523 1107 2639 1161 cnla
2670 1107 2988 1175 suscepisse.
3045 1105 3140 1160 Cui
3190 1115 3308 1176 post
3356 1120 3525 1159 annos
3575 1119 3668 1157 sex
3721 1112 3777 1157 et
3818 1100 4097 1156 dimidium

2523 1195 2815 1251 crudeliter
2862 1196 3181 1265 interempto
3237 1196 3493 1249 successit
3548 1195 3598 1247 in
3659 1208 3881 1262 regnum
3931 1190 4100 1245 frater

2524 1286 2638 1354 ejus
2664 1285 2938 1338 Eadredus
2958 1325 2972 1345 ,
3001 1285 3087 1348 qui
3121 1294 3236 1337 erat
3267 1284 3463 1338 veteris
3493 1282 3721 1337 (mnobii
3750 1282 3801 1334 in
3824 1278 4100 1333 Wiutonla

2523 1377 2771 1445 specialis
2801 1386 3008 1430 amator
3038 1385 3197 1440 atque
3220 1375 3488 1436 defensor,
3522 1386 3579 1428 nt
3609 1384 3874 1429 testantur
3896 1387 3957 1426 ea
3981 1385 4100 1441 qnte

2526 1467 2641 1535 ipso
2664 1465 2887 1532 jnhente
2911 1465 3170 1519 fabricata
3204 1475 3327 1519 sunt
3358 1474 3695 1528 ornamenta,
3732 1478 3923 1531 magna
3956 1460 4103 1514 scili-

2524 1566 2609 1611 cet
2635 1572 2796 1609 aurea
2834 1573 2962 1609 crux
2983 1598 2997 1621 ,
3031 1556 3199 1609 altare
3227 1571 3470 1619 aureum,
3502 1566 3555 1607 et
3577 1563 3768 1607 ca‘tcra
3800 1568 3917 1622 qua:
3951 1551 4100 1620 larga

2526 1664 2682 1701 tnanu
2708 1648 2966 1716 benignus
2998 1647 3121 1701 illuc
3146 1647 3211 1700 ad
3243 1647 3498 1700 honorem
3529 1648 3804 1699 beatorum
3833 1643 4099 1714 apostolo—

2527 1754 2643 1790 rum
2678 1737 2821 1790 Petri
2855 1749 2907 1790 et
2941 1738 3086 1791 Pauli
3114 1737 3331 1798 direxit,
3367 1737 3544 1804 ibique
3574 1735 3899 1789 rcternaliter
3919 1733 3982 1787 ad
4010 1730 4103 1786 Dei

2528 1829 2737 1884 laudem
2786 1842 2840 1883 et
2880 1830 3099 1900 gloriam
3132 1828 3442 1883 conservari
3478 1827 3735 1895 prmcepit.
3772 1843 3784 1876 :
3820 1824 3908 1893 qui
3940 1823 4105 1876 etiam

835 1914 1034 1982 prioris
1083 1920 1365 1973 sententia:
1407 1923 1883 1976 comminationem
1943 1940 2060 1978 oua:
2108 1925 2235 1978 dicit
2267 1942 2281 1978 :
2318 1926 2421 1989 Qui
2456 1928 2493 1983 ll
2526 1921 2568 1973 si
2600 1922 2701 1972 νίιλι
2734 1935 2916 1973 milites
2962 1920 3135 1982 ηυτθι,
3183 1918 3500 1972 Ol‘it‘nlnlem
3555 1917 3818 1987 porticum
3863 1914 4105 1979 εἱειεάθιι

834 2006 891 2059 in
934 2008 1177 2062 sordibus
1236 2023 1307 2065 cst
1360 2012 1626 2067 sordesmt
1666 2014 1860 2079 adhuc,
1893 2014 1944 2068 in
1979 2013 2151 2070 fetore
2198 2015 2423 2070 luxuria:

836 2096 1003 2153 vitam
1036 2099 1230 2155 finivit.

908 2273 1035 2329 Car.
1078 2274 1166 2329 lx.
1209 2306 1279 2316 -—
1314 2276 1661 2333 Adclwoldus
1699 2290 1877 2333 autem
1923 2279 2121 2334 Christi
2167 2278 2424 2347 famulus,

838 2371 1076 2435 nomine,
1106 2379 1285 2425 mente
1305 2380 1358 2425 et
1379 2388 1542 2440 opere
1574 2373 1885 2436 benevolus,
1908 2382 2113 2426 arctam
2142 2375 2280 2427 viam
2308 2389 2427 2443 quae

840 2463 989 2517 ducit
1042 2463 1107 2516 ad
1155 2463 1321 2516 vitam
1361 2474 1508 2516 ret-to
1554 2464 1748 2518 itinere
1795 2466 2065 2533 gradiens,
2115 2466 2425 2533 quoti"iana

843 2554 956 2607 Deo
1014 2564 1339 2622 cooperante
1386 2555 1592 2608 studuit
1643 2555 2018 2608 melioratione
2058 2571 2425 2621 succrescere,

843 2646 978 2699 dans
1006 2659 1224 2713 operam
1256 2645 1544 2714 diligenter
1579 2646 1843 2699 doctrinis
1881 2658 1934 2700 et
1961 2647 2223 2715 exemplis
2259 2646 2426 2717 Elfcgi

844 2736 1177 2803 suscepmris
1205 2746 1258 2789 ct
1294 2736 1620 2789 ordinatoris
1656 2736 1757 2790 sui.
1794 2735 1925 2789 Nam
1958 2737 2097 2805 apud
2138 2753 2260 2791 eum
2291 2753 2429 2807 prte-

844 2827 1078 2896 cipiente
1123 2842 1264 2897 rege,
1310 2842 1415 2895 quo
1467 2827 1655 2879 melius
1702 2827 2052 2885 imbueretur,
2117 2826 2427 2896 aliquandiu

846 2929 1212 2973 centenoratus
1267 2930 1368 2981 est,
1428 2934 1489 2972 ac
1541 2921 1879 2987 postmodum
1922 2918 2253 2972 Glestoniam
2310 2934 2431 2988 per-

845 3011 1087 3073 veniens,
1148 3012 1415 3080 magnilici
1472 3012 1569 3064 viri
1616 3010 1875 3063 Dunstaui
1925 3011 2136 3063 abbatis
2188 3011 2429 3080 ejusdem

850 3102 1163 3155 monasterii
1194 3102 1534 3171 discipulatui
1571 3119 1629 3156 se
1662 3103 1900 3155 tradidit.
1926 3101 2091 3168 Cujus
2124 3102 2433 3169 magisterio

852 3195 1077 3247 multrm
1112 3194 1425 3260 proficiens,
1473 3196 1685 3247 tandem
1716 3194 1993 3247 ttionastici
2027 3194 2235 3246 ordinis
2282 3192 2433 3245 habi-

2527 2010 2916 2065 Wintoniensis
2939 2010 3177 2064 ecclesim
3208 2009 3481 2063 deauratis
3504 2008 3818 2062 imbricibus
3842 2007 4109 2059 adornare

2527 2102 2808 2170 disposuit.
2844 2100 3005 2167 Cujus
3036 2101 3182 2171 regni
3215 2110 3455 2168 tempore
3485 2099 3565 2150 vir
3600 2096 3804 2150 Domini
3839 2092 4109 2149 Adclwol-

2528 2190 2625 2244 dus
2665 2191 2837 2245 adhuc
2866 2190 3088 2257 cupiens
3132 2188 3377 2257 ampliori
3426 2186 3832 2255 Scripturarum
3874 2182 4106 2238 scientia

2529 2280 2730 2343 doceri,
2761 2289 2813 2334 et
2852 2279 3147 2333 monastica
3194 2278 3450 2344 religione
3484 2275 3777 2345 perfectius
3806 2273 4108 2337 informari,

2529 2370 2764 2425 decrevit
2800 2368 2938 2422 ultra
2966 2369 3202 2421 marinas
3242 2366 3392 2419 adire
3424 2374 3623 2433 partes.
3652 2364 3757 2418 Sed
3788 2360 4112 2417 venerabilis

2530 2462 2711 2530 regina
2742 2459 2980 2527 Ea-lgiw,
3010 2467 3182 2511 mater
3206 2456 3347 2525 regis
3378 2455 3683 2521 memorati,
3712 2452 3971 2522 pervenit
3996 2450 4115 2518 ejus

2528 2551 2835 2608 conamina.
2870 2551 3003 2602 dans
3031 2547 3313 2602 consilium
3351 2546 3457 2614 regi
3492 2561 3556 2598 ne
3586 2544 3744 2597 talem
3768 2544 3942 2597 virum
3969 2541 4112 2595 siue-

2531 2650 2613 2697 ret
2640 2640 2819 2711 egredi
2851 2642 2915 2693 de
2956 2654 3120 2707 regno
3152 2653 3270 2701 suo,
3302 2637 3519 2704 insuper
3540 2649 3792 2689 asserens
3821 2642 4023 2686 tantam
4058 2631 4112 2685 in

2530 2750 2594 2787 eo
2635 2732 2802 2787 fit-sse
2851 2732 2941 2784 Dei
2972 2730 3317 2798 sapientiam,
3359 2742 3477 2795 quae
3511 2735 3565 2779 et
3597 2727 3696 2779 sibi
3726 2734 3777 2778 et
3811 2723 3929 2777 aliis
3964 2719 4112 2775 suill-

2532 2839 2656 2879 cere
2687 2832 2886 2894 posset,
2920 2822 3167 2891 quamvis
3189 2819 3253 2872 ad
3283 2818 3470 2871 ίΙΙῘιξΙὶὶἓ
3495 2815 3682 2887 patrim
3713 2816 3846 2867 lines
3881 2813 3950 2866 ob
3974 2812 4116 2867 hanc

2531 2929 2748 2968 causam
2778 2913 3001 2966 minimc
3032 2911 3295 2963 tenderet.

2558 3007 2564 3014 ’
2604 3012 2730 3066 CAP.
2770 3009 2859 3067 XI.
2898 3040 2967 3049 —
3006 3008 3211 3077 Quibus
3250 3005 3446 3059 auditis
3496 3002 3793 3057 delectatus
3837 3014 3956 3063 rex,
4001 3012 4115 3053 ma-

2534 3118 2693 3173 gnam
2737 3103 2877 3154 circa
2913 3100 3002 3153 Dei
3036 3097 3293 3151 famulum
3323 3094 3487 3163 cmpit
3517 3094 3719 3147 habere
3749 3090 4114 3152 dilectionem,

2538 3191 2846 3260 placuitque
2875 3188 2944 3252 ei,
2985 3190 3243 3241 suadente
3276 3196 3445 3238 matre
3477 3199 3593 3240 sua.
3630 3184 3758 3234 dare
3787 3190 3973 3233 saneto
3999 3179 4118 3233 viro

846 3294 956 3339 tum
984 3286 1053 3340 ab
1082 3285 1196 3355 ipso
1217 3276 1485 3353 sunset-pit,
1520 3284 1817 3351 humilique
1840 3284 2121 3335 devot.one
2148 3282 2266 3352 ejus
2291 3281 2433 3350 regi-
2464 3270 2507 3331 C
2540 3280 2823 3351 quemdam
2859 3278 3031 3331 locum
3059 3275 3318 3330 vocabulo
3353 3275 3691 3337 Abbandum,
3722 3273 3773 3326 in
3808 3288 3916 3342 quo
3948 3269 4119 3326 modi-

844 3376 975 3431 mini
1029 3377 1241 3430 deditus
1282 3385 1384 3429 est.
1436 3375 1628 3428 Didicit
1686 3388 1917 3442 namque
1976 3373 2105 3426 inibi
2152 3371 2430 3426 liberalem

845 3470 1211 3536 grammaticae
1260 3468 1392 3520 artis
1440 3465 1707 3536 peritiam,
1745 3474 1905 3533 atque
1962 3460 2267 3516 ntellilluam
2320 3476 2433 3515 nte-

855 3558 1006 3613 triete
1032 3558 1257 3612 rationis
1287 3557 1657 3619 dulcedinem;
1688 3565 1741 3609 et
1773 3570 1920 3609 more
1964 3554 2080 3624 apis
2125 3552 2432 3623 prudentis-

844 3649 1015 3709 simm.
1045 3664 1165 3720 qua:
1197 3648 1332 3703 solet
1371 3647 1494 3702 boni
1538 3649 1721 3703 odoris
1744 3648 1967 3701 arbores
1991 3663 2021 3702 c
2046 3644 2432 3700 rcumvolando

843 3742 1146 3811 requirere,
1194 3753 1248 3797 et
1281 3741 1501 3811 jocundi
1556 3742 1764 3810 saporis
1811 3739 2050 3794 oleribus
2099 3739 2429 3803 incumbere,

842 3835 1143 3890 divinorum
1196 3833 1449 3903 carpebat
1506 3832 1837 3886 voluminum
1885 3829 2065 3885 flores.
2127 3830 2431 3885 Catholicos

842 3943 1059 3998 quoque
1094 3937 1147 3982 et
1190 3927 1501 3980 nominatos
1524 3926 1765 3980 studiose
1796 3924 2007 3995 legebat
2032 3933 2303 3988 auctores,
2352 3924 2433 3977 in-

841 4035 1005 4091 super
1031 4020 1228 4088 vigiliis
1259 4028 1311 4073 et
1337 4019 1674 4073 orationibus
1711 4027 2123 4087 perseveranter
2153 4017 2428 4082 insistens,

840 4123 895 4169 et
924 4114 1249 4168 abstinentia
1289 4113 1635 4183 semetipsum
1668 4113 1950 4176 edomans,
1980 4121 2028 4166 et
2067 4110 2260 4165 fratres
2291 4126 2430 4166 sem-

836 4220 941 4275 per
968 4206 1034 4258 ad
1064 4204 1229 4258 ardua
1259 4206 1571 4258 exhortans.
1603 4198 1701 4271 Qui
1734 4219 1855 4258 cum
1879 4218 1977 4274 pro
2006 4204 2200 4258 merito
2226 4202 2429 4257 sancti-

842 4295 968 4350 tatis
998 4294 1065 4348 ab
1094 4296 1343 4349 omnibus
1385 4305 1678 4361 amaretur,
1727 4304 1782 4349 et
1830 4295 2141 4350 monasterii
2191 4294 2433 4349 decanus

834 4387 911 4442 ab
937 4388 1130 4442 abbate
1149 4402 1247 4441 suo
1273 4389 1727 4452 constitueretur;
1746 4386 1949 4441 nullum
1977 4386 2228 4441 elationis
2251 4387 2432 4439 incur-

844 4478 915 4532 rit
944 4477 1270 4548 periculum.
1297 4480 1388 4532 sed
1428 4489 1588 4533 tantre
1616 4477 1871 4547 subjectis
1902 4478 2130 4548 prtebuit
2156 4476 2433 4530 htnnilita-

845 4568 914 4621 tis
951 4569 1274 4640 exemplum,
1309 4578 1366 4622 ut
1391 4570 1704 4637 quotidiano
1735 4585 1989 4623 manuum
2020 4582 2183 4638 opere
2211 4568 2427 4621 hortum

2535 3390 2655 3427 eum
2682 3371 2978 3441 antiquitus
3004 3367 3441 3422 monasteriolum
3462 3406 3473 3428 ,
3504 3366 3594 3418 sed
3626 3374 3744 3419 erat
3783 3374 3911 3417 tunc
3940 3362 4119 3430 negle-

2532 3474 2678 3517 ctum
2710 3478 2773 3514 ac
2803 3460 3141 3521 destitutum,
3173 3456 3369 3510 vilibus
3416 3456 3659 3510 :ediliciis
3709 3453 4035 3515 consistens,
4064 3460 4120 3507 et

2534 3552 2883 3623 quadraginta
2935 3558 3140 3603 tantum
3204 3562 3419 3601 mansos
3470 3547 3786 3616 possidens;
3856 3544 4117 3613 reliquam

2532 3660 2661 3700 vero
2710 3642 2916 3713 pr:efali
2964 3640 3064 3694 loci
3114 3650 3336 3703 terram,
3372 3648 3491 3707 qua:
3522 3646 3740 3692 centqu
3776 3644 4118 3690 cassatormn

2532 3738 2717 3793 lustris
2746 3737 2869 3790 hinc
2904 3734 3025 3787 inde
3063 3741 3304 3803 gyratur,
3354 3731 3522 3800 regali
3550 3730 3788 3784 dominio
3820 3728 4117 3798 subjectam

2534 3846 2629 3883 rex
2684 3829 2796 3897 ipse
2848 3823 3172 3895 possidebat.
3229 3820 3560 3890 Factumque
3610 3829 3711 3881 est,
3746 3818 4120 3873 consentiente

2535 3923 2810 3976 Dunstano
2835 3920 3052 3979 abbate,
3080 3913 3374 3969 secundum
3407 3913 3550 3982 regis
3579 3912 3935 3970 voluntatem,
3962 3919 4020 3964 ut
4038 3910 4121 3964 vir

2534 4013 2626 4068 Dei
2682 4009 3024 4064 Adelwoldns
3074 4006 3357 4075 prtenotati
3408 4003 3509 4056 luci
3559 4004 3859 4074 susciperet
3908 4001 3985 4073 (9)
4033 4017 4122 4056 cu-

2532 4120 2670 4166 ram,
2703 4111 2964 4169 quatenus
2994 4097 3046 4150 in
3075 4111 3139 4149 eo
3176 4094 3465 4148 monachus
3496 4094 3770 4147 ordinaret
3800 4090 4122 4161 regulariter

2532 4194 2641 4249 Deo
2674 4191 2993 4247 servientes.
3042 4186 3201 4240 Venit
3222 4200 3350 4253 ergo
3393 4200 3580 4238 servus
3612 4184 3703 4238 Dei
3732 4184 3795 4237 ad
3826 4182 3999 4236 locmn
4017 4182 4117 4237 sibi

2484 4286 2487 4291 ’
2532 4286 2879 4341 cotmnissum
2904 4298 2915 4332 :
2937 4293 3093 4347 quem
3111 4278 3359 4345 protinus
3378 4277 3544 4331 secuti
3561 4286 3677 4330 sunt
3698 4275 3917 4345 quidam
3935 4272 4117 4328 clerici

2531 4378 2597 4431 de
2625 4373 2921 4437 Glcstonia,
2973 4369 3179 4423 scilicet
3219 4366 3474 4431 Osgarus,
3522 4366 3866 4420 Fnldbirhtns
3908 4364 4115 4419 Friwes

2531 4480 2712 4535 garus,
2745 4473 2796 4517 et
2838 4460 3187 4517 Ordhirthlus
3216 4459 3281 4511 de
3313 4456 3613 4518 Wintonia,
3669 4470 3720 4510 et
3766 4455 4026 4510 Eatlricus
4050 4454 4117 4509 tle

2536 4553 2830 4614 Lundonia,
2862 4550 2975 4614 eius
3004 4548 3341 4619 dis'ipulatui
3380 4563 3436 4601 se
3462 4546 3770 4602 subdentes.
3805 4547 4115 4618 Congrega-

841 4660 1136 4715 excolendo
1165 4659 1458 4724 laboraret,
1482 4668 1537 4713 et
1568 4661 1823 4715 fratribus
1868 4661 1932 4713 ad
1958 4660 2239 4730 prandium
2269 4672 2425 4728 poma
2458 4634 2505 4692 ί)
2533 4649 2715 4716 vilque
2763 4644 2862 4698 sibi
2915 4643 2965 4696 in
3019 4642 3168 4695 brevi
3224 4643 3397 4710 spatio
3439 4656 3652 4711 gregem
3706 4640 4115 4727 monachorum.

842 4769 906 4807 ac
941 4754 1139 4808 diversi
1192 4755 1408 4823 generis
1460 4754 1729 4825 legumina
1787 4763 2120 4824 prmpararet
2158 4765 2172 4804 :
2205 4762 2263 4804 nt
2309 4759 2427 4820 post

841 4845 1177 4914 spiritualem
1218 4846 1522 4899 animarum
1570 4845 1947 4907 refectionem,
1977 4858 2262 4911 corporum
2296 4857 2428 4911 quo-

842 4950 947 5004 que
977 4935 1284 4989 necessaria
1319 4934 1677 4998 ministraret,
1724 4948 1836 5004 prie
1860 4932 2032 4987 oculis
2060 4946 2273 4999 semper
2305 4930 2429 4983 reti-

841 5042 977 5081 nens
1006 5027 1132 5081 illttd
1166 5027 1499 5082 Dominicum
1544 5046 1556 5081 :
1592 5026 1903 5096 Quicunque
1929 5024 2146 5079 voluerit
2180 5024 2318 5077 inter
2342 5038 2427 5075 vos

843 5119 1019 5189 major
1058 5119 1195 5188 ﬁeri,
1231 5119 1297 5173 sit
1347 5129 1512 5174 vester
1539 5105 1811 5181 titinister;
1840 5127 1885 5172 et
1921 5117 2011 5187 qui
2039 5113 2258 5169 voluerit
2299 5114 2434 5164 inter

840 5224 929 5264 vos
954 5210 1152 5279 primus
1182 5226 1319 5267 esse.
1353 5210 1450 5265 erit
1483 5219 1646 5265 vester
1668 5223 1877 5273 servus;
1911 5216 1966 5262 et
1992 5206 2119 5260 illud
2169 5222 2182 5257 :
2221 5202 2431 5268 Quanto

848 5317 1071 5372 magnus
1098 5290 1176 5367 es,
1207 5303 1431 5357 humilia
1462 5302 1589 5356 tein
1616 5301 1883 5362 omnibus,
1923 5308 1969 5351 et
1998 5311 2175 5351 coram
2215 5294 2323 5347 Deo
2350 5293 2428 5346 in-

842 5393 1012 5448 venies
1040 5397 1288 5465 gratiam.
1328 5393 1453 5450 Haec
1487 5403 1540 5448 et
1583 5392 1686 5447 alia
1721 5390 1997 5446 memoriae
2042 5384 2429 5443 commendans

918 5534 993 5578 Im
1034 5533 1083 5578 Is
1125 5532 1291 5578 abbas
1326 5528 1734 5578 Attamlnnensis
1772 5524 1963 5578 Edredi
2007 5518 2287 5578 privilegio
2334 5530 2431 5578 [πο

2537 4741 2729 4809 quibus
2757 4738 2868 4806 ipse
2899 4736 3064 4789 abbas
3085 4732 3306 4800 jubente
3354 4747 3479 4798 rege
3522 4733 3799 4786 ordinatus
3825 4724 3926 4786 est.
3962 4730 4119 4785 Dedit

2537 4832 2699 4885 etiam
2743 4844 2833 4881 rex
2875 4824 3266 4895 possessiOuem
3318 4824 3576 4891 regalem,
3623 4836 3783 4889 quam
3832 4820 3884 4874 in
3937 4820 4118 4873 Aban-

2536 4922 2691 4977 donia
2744 4918 3074 4987 possederat,
3131 4915 3231 4968 hoc
3283 4922 3365 4967 est
3423 4924 3637 4965 centum
3692 4920 3936 4965 cassatos
3990 4925 4114 4963 cum

2534 5010 2752 5080 optimis
2775 5006 3037 5070 aediliciis,
3071 5004 3249 5059 abbati
3290 5012 3343 5057 et
3385 5002 3646 5056 fratribus
3674 5003 3739 5055 ad
3767 5012 4116 5073 augmentum

2536 5101 2831 5172 quotidiani
2862 5100 3060 5171 Victus,
3105 5107 3161 5151 et
3200 5097 3265 5150 de
3297 5096 3443 5165 regio
3489 5092 3741 5150 thesauro
3766 5111 3864 5151 suo
3887 5094 4114 5150 nutltum

2535 5210 2628 5249 cos
2655 5194 2706 5248 in
2738 5189 2979 5262 pecuniis
3008 5188 3175 5259 juvit;
3206 5188 3297 5242 sed
3337 5196 3509 5241 mater
3534 5184 3650 5257 ejus
3693 5186 3892 5258 largius
3922 5186 4115 5243 solatia

2535 5302 2816 5341 munerum
2858 5284 2938 5339 eis
2980 5282 3194 5336 direxit.
3227 5279 3562 5350 Tantamque
3590 5283 3816 5351 gratiam
3859 5280 4116 5336 Dominus

2533 5382 2633 5438 sibi
2657 5380 3015 5436 servientibus
3038 5377 3279 5441 contulit,
3307 5387 3365 5431 ut
3386 5377 3450 5431 ad
3481 5376 3759 5447 przefatum
3786 5375 4113 5441 coenobium,

2536 5518 2692 5578 plina:
2726 5515 2979 5578 exquisile
3008 5513 3275 5576 cal/entes,
3304 5529 3368 5566 ex
3398 5511 3695 5566 Corbcieusi
3727 5510 3915 5567 Callim
3943 5526 4115 5566 caeno-
