4466 5578
408 399 477 458 89
1934 395 2111 453 \‘lTA.

1934 395 2111 453 \‘lTA.
3589 406 3660 464 90

406 515 550 587 quod
595 523 755 572 antea
799 515 962 572 rebus
1002 526 1119 572 erat
1149 518 1574 589 pauperrimum.
1606 530 1795 573 omnes
1819 513 1979 568 simul
2007 527 2057 584 Α
2084 525 2138 569 et
2158 516 2437 587 juvamine
2462 517 2683 575 alterius
2706 517 2933 574 ministri
2963 532 3240 589 peragere.
3268 517 3476 575 Accidit
3504 533 3657 576 nam-

408 605 605 661 divitia:
634 597 954 677 putarentur
981 608 1220 674 attinere,
1267 620 1321 665 et
1365 612 1441 665 sic
1488 620 1678 665 cuneta
1712 610 1986 681 prosperis

408 699 745 755 successibus
766 715 1074 765 occurrere,
1107 713 1158 755 ut
1186 703 1361 771 palam
1390 704 1671 758 sententia:
1698 703 1987 758 Dominie'e

408 789 697 860 promissio
743 791 952 862 impleri
1002 793 1294 851 videretur.
1330 808 1434 862 qua
1483 792 1681 847 dicitur
1709 808 1723 846 :
1752 791 1986 846 Primum

407 882 627 951 φατι-ἑτι
650 898 865 952 regnum
901 884 991 939 Dei
1017 895 1064 939 et
1100 885 1363 954 justitiam
1408 886 1541 955 ejus,
1573 898 1619 940 et
1647 887 1820 941 munia
1850 886 1987 955 καίεο

408 971 609 1023 cientur
636 973 793 1026 vobis.

478 1059 608 1116 Car.
644 1062 754 1116 XII.
778 1093 849 1104 —
871 1066 1029 1120 Vemt
1057 1082 1185 1138 ergo
1233 1085 1326 1123 rex
1379 1070 1611 1139 quadam
1644 1071 1728 1125 die
1760 1070 1825 1124 ad
1874 1084 1987 1122 mo-

410 1153 724 1215 nasterium,
758 1165 814 1208 ut
839 1156 1187 1211 aediﬁciorum
1247 1170 1568 1213 structuram
1611 1175 1705 1229 per
1748 1160 1983 1229 seipSttm

408 1244 714 1308 ordinaret;
752 1262 1071 1316 mensusque
1092 1251 1269 1303 omnia
1298 1250 1641 1305 fundamenta
1676 1251 1985 1304 monasterii

408 1334 623 1403 propria
654 1351 837 1395 manu,
865 1340 1314 1405 quemadmodum
1345 1356 1526 1393 nmros
1568 1344 1773 1410 erigere
1805 1342 1991 1393 dcere-

408 1434 581 1487 verat,
632 1427 945 1495 rogavitque
984 1443 1105 1481 cum
1146 1430 1311 1481 abbas
1359 1430 1408 1483 in
1450 1430 1679 1499 hoSpiIio
1710 1446 1828 1484 cum
1878 1430 1989 1483 suis

408 1512 695 1579 prandere.
750 1516 950 1569 Annuit
996 1534 1086 1570 rex
1143 1518 1300 1576 illico,
1337 1530 1389 1572 et
1417 1521 1642 1589 contigit
1671 1522 1855 1573 adesse
1886 1520 1987 1573 sibi

408 1618 516 1656 non
558 1619 753 1673 paucos
804 1608 1121 1674 optimatum
1169 1626 1386 1662 suorum
1432 1612 1708 1663 venientes
1739 1627 1802 1663 ex
1831 1621 1989 1681 gente

410 1691 1002 1759 Nordanbimbrorum,
1038 1701 1125 1767 qui
1176 1717 1365 1754 omnes
1407 1718 1529 1755 cmn
1565 1718 1689 1771 rege
1738 1704 1988 1755 adierunt

404 1785 729 1838 convivium.
773 1788 1112 1857 l..clatusque
1146 1808 1235 1844 rex
1274 1802 1325 1844 et
1364 1791 1525 1858 j'lSsil
1572 1794 1782 1846 abtnnle
1809 1793 1989 1863 prOpi-

405 1889 538 1929 nare
568 1877 867 1947 hospitibus
896 1883 1281 1950 hydronn-Ilum
1319 1884 1333 1953 ι
1376 1884 1412 1936 l.
1436 1884 1763 1954 mcdonem],
1790 1886 1986 1939 clausis
2021 1906 2060 1964 Β

402 1963 689 2035 diligenter
732 1968 957 2034 foribus,
1011 1975 1222 2040 nequis
1269 1974 1518 2041 fugiendo
1547 1977 1871 2044 putationem
1903 1992 1984 2031 re-

402 2055 539 2122 galis
570 2060 796 2112 cenvivii
831 2062 1081 2115 deserere
1110 2064 1403 2116 videretur.
1438 2064 1574 2129 Quid
1619 2066 1819 2118 multa?
1852 2067 1983 2119 bam-

402 2156 595 2199 serunt
638 2149 871 2202 ministri
912 2151 1172 2219 liquorem
1222 2161 1329 2205 tota
1382 2154 1467 2207 die
1508 2155 1572 2206 ad
1606 2170 1817 2208 omnem
1846 2154 1988 2208 Sum-

400 2236 655 2292 cientiam
712 2242 1152 2307 conrivantilms;
1208 2244 1301 2297 sed
1355 2244 1596 2313 nequivit
1651 2247 1763 2314 ipse
1816 2246 1988 2315 liquor

405 2331 678 2385 exhauriri
710 2336 773 2386 de
798 2351 943 2398 vase,
975 2337 1073 2389 nisi
1101 2335 1165 2388 ad
1194 2352 1495 2390 mensuram
1522 2338 1703 2406 palmi,
1734 2339 1783 2391 in
1814 2339 1992 2391 ebrie-

401 2430 517 2477 tate
565 2426 760 2477 suatim
803 2424 1265 2491 Nordanhimbris,
1311 2437 1365 2482 et
1394 2429 1601 2498 vesperi
1632 2446 1753 2483 eum
1804 2430 1985 2484 laetitia

399 2514 799 2571 recedentibus.

472 2604 597 2660 CAP.
629 2607 765 2661 XIII.
793 2640 861 2649 —
883 2609 996 2663 Non
1044 2619 1220 2665 tamen
1251 2614 1415 2682 C(Bpil
1445 2612 1789 2668 Adelwoldus
1820 2611 1987 2666 abbas

400 2699 735 2766 designatum
789 2702 888 2753 sibi
937 2718 1071 2771 opus
1120 2705 1385 2758 :ediﬁcare
1443 2706 1493 2757 in
1535 2705 1723 2757 diebus
1754 2702 1982 2756 Eadredi

400 2790 561 2857 regis.
594 2792 717 2860 quia
756 2809 848 2847 rex
881 2794 1020 2847 idem
1065 2796 1316 2850 Celeriter
1355 2812 1418 2851 ex
1452 2797 1552 2850 hac
1582 2797 1687 2848 vita
1734 2795 1983 2863 migravit

399 2879 694 2935 IlielxKal.
745 2882 1072 2938 Decembris.
1118 2885 1223 2938 Sed
1276 2896 1533 2957 regnante
1574 2887 1807 2956 glorioso
1859 2899 1985 2954 rege

398 2970 664 3040 Eadgaro,
720 2976 914 3043 insigni
975 2987 1027 3029 et
1082 2978 1523 3040 clementissimo,
1556 2987 1886 3048 praepotente
1920 2992 1985 3032 ac

400 3062 753 3119 invictissime
797 3069 939 3135 regis
980 3068 1050 3121 lia
1098 3070 1275 3122 tnuudi
1316 3069 1441 3133 ﬁlio,
1494 3071 1807 3124 honorabile
1846 3079 1981 3124 tem-

397 3153 544 3223 plum
594 3156 644 3209 in
699 3159 902 3211 honore
948 3169 1147 3213 Sanctre
1198 3160 1286 3213 Dei
1339 3160 1613 3228 genitricis
1667 3174 1985 3230 semperque

2090 624 2191 677 que
2221 608 2449 677 quadam
2499 610 2603 671 die,
2637 610 2761 662 dmn
2794 610 2875 662 ab'
2900 626 2959 661 as
2987 624 3136 663 more
3164 608 3321 663 solito
3348 618 3661 680 peragraret

2092 702 2497 765 monasterium,
2532 711 2588 755 ut
2615 702 2880 771 aspiceret
2925 700 3071 754 illum
3121 700 3340 754 fratrem
3366 700 3520 771 juxta
3554 700 3661 757 fer-

2088 806 2221 847 vens
2258 792 2571 852 caldarium.
2608 792 2657 844 in
2696 806 2801 860 quo
2834 791 3083 844 victnalia
3123 793 3459 861 pra‘parabat
3490 792 3663 847 artiﬁ-

2089 885 2262 949 cilms,
2311 896 2363 937 et
2416 884 2623 937 intrans
2655 883 2786 935 vidit
2824 882 3002 934 omnia
3043 897 3166 936 vasa
3203 882 3661 946 mundissima,ac

2089 975 2452 1043 pavimentum
2480 982 2774 1040 seopatum,
2826 972 3065 1039 dixitque
3096 974 3159 1024 ad
3206 987 3327 1024 emn
3357 971 3511 1025 hilari
3546 972 3661 1025 vul-

2092 1064 2255 1118 ta:0
2284 1066 2353 1119 mi
2402 1064 2567 1118 frater
2614 1062 2876 1125 Elfstane,
2928 1063 3067 1118 hanc
3116 1064 3473 1118 obedientiam
3531 1064 3663 1117 mihi

2092 1154 2299 1207 furatus
2334 1169 2411 1216 es,
2440 1170 2597 1220 quam
2629 1166 2709 1205 me
2736 1152 3016 1221 ignorante
3052 1167 3293 1205 exerces.
3333 1151 3437 1205 Sed
3468 1152 3509 1205 si
3544 1152 3665 1205 talis

2094 1248 2246 1300 miles
2281 1246 2480 1300 Christi
2520 1261 2601 1306 es,
2648 1244 2860 1313 qualem
2906 1255 2955 1296 te
2986 1244 3242 1303 ostendis,
3273 1244 3422 1297 mitte
3450 1258 3665 1296 manum

2095 1344 2237 1387 tuam
2269 1334 2318 1387 in
2352 1333 2656 1386 bnllientem
2687 1348 2903 1400 aquam,
2927 1342 2979 1386 et
3008 1349 3169 1385 umtm
3202 1332 3427 1385 frustttut
3452 1333 3515 1384 de
3543 1332 3664 1387 imis

2094 1428 2221 1481 mihi
2257 1427 2480 1495 impiger
2518 1428 2730 1479 attrahe
2758 1442 2770 1486 ς
2796 1426 2882 1493 qui
2917 1426 3096 1477 statim
3132 1426 3247 1477 sine
3275 1439 3421 1477 mora
3452 1424 3669 1478 mittens

2094 1534 2306 1570 manum
2340 1534 2491 1569 suam
2539 1518 2603 1568 ad
2663 1517 2826 1569 ltltttlll
2861 1516 3067 1577 lebetis,
3127 1515 3392 1568 abstraxit
3439 1514 3667 1569 frustum

2090 1608 2375 1670 fervidum,
2404 1625 2505 1661 non
2535 1610 2773 1661 sentiens
2806 1608 3038 1661 calorem
3070 1607 3326 1660 ferventis
3356 1622 3527 1676 aqum.
3547 1608 3665 1675 Quo

2092 1702 2236 1762 viso,
2271 1698 2610 1765 abbasjnssit
2639 1698 2866 1751 frustum
2897 1698 3111 1767 deponi,
3139 1708 3193 1750 et
3226 1699 3419 1751 nemini
3460 1698 3557 1751 boe
3586 1698 3669 1751 itt-

2092 1791 2271 1843 dicare
2301 1790 2520 1842 viventi.
2576 1788 2723 1841 Illum
2774 1804 2902 1841 vero
2934 1790 3157 1840 fratrem
3189 1788 3528 1856 postmodum
3578 1787 3673 1841 ab-

2094 1885 2269 1936 batem
2306 1884 2535 1935 vidimus
2558 1882 2883 1941 ordinatum,
2919 1882 3008 1950 qui
3056 1883 3219 1936 etiam
3267 1882 3458 1935 deinde
3491 1882 3669 1951 ponti-

2092 1975 2228 2028 ﬁcali
2278 1975 2480 2027 honore
2528 1972 2870 2035 sublimatus,
2915 1973 3170 2027 Ecclesia:
3212 1971 3553 2027 Wiltuniensi
3592 1982 3674 2029 est

2087 2064 2355 2134 pra-latus,
2388 2075 2442 2117 ct
2470 2064 2626 2117 beato
2650 2063 2752 2116 ﬁne
2779 2063 2888 2131 (10)
2916 2063 2966 2115 in
2993 2063 3215 2116 Domino
3243 2074 3669 2118 consummatus.

2157 2158 2285 2212 CAP.
2338 2156 2450 2210 XV.
2483 2188 2551 2196 —
2584 2157 2710 2209 Erat
2773 2172 3001 2225 namque
3060 2168 3281 2211 sanctus
3330 2157 3675 2212 Atlelwiddus

2089 2249 2440 2302 ecclesiarum
2473 2262 2534 2300 ac
2567 2247 2900 2300 diversorum
2926 2262 3149 2315 opermu
3178 2263 3405 2316 magnus
3434 2248 3672 2301 :ediﬁca-

2089 2349 2193 2401 tor,
2220 2350 2276 2391 et
2309 2338 2433 2390 dum
2480 2348 2625 2389 esset
2675 2336 2859 2398 abbas,
2911 2348 2963 2389 et
3016 2337 3139 2389 dum
3190 2347 3332 2391 esset
3365 2339 3672 2407 episcopus.

2088 2425 2238 2481 Unde
2269 2426 2491 2479 tetendit
2538 2426 2583 2479 ei
2618 2427 2917 2480 eounuunis
2960 2426 3302 2480 adverSarius
3334 2426 3521 2481 solitas
3550 2442 3664 2482 sua!

2089 2518 2442 2587 malignitatis
2474 2516 2715 2574 insidias,
2760 2526 2815 2567 nt
2855 2531 2998 2577 eum,
3055 2516 3096 2569 si
3138 2517 3246 2569 ullo
3276 2518 3433 2569 tnodo
3465 2528 3671 2585 posset,

2087 2609 2474 2675 exstingueret.
2498 2606 2630 2660 Nam
2662 2607 2890 2674 quadam
2926 2608 3033 2670 die,
3059 2608 3181 2659 dmn
3212 2608 3293 2660 vir
3322 2607 3413 2661 Dei
3448 2608 3498 2661 in
3533 2619 3676 2664 stru-

2088 2712 2239 2757 ctura
2271 2700 2562 2761 laboraret,
2604 2699 2791 2769 ingens
2818 2700 2984 2768 postis
3018 2714 3178 2769 super
3207 2714 3328 2753 eum
3375 2701 3592 2761 ccci-.it.
3621 2713 3677 2758 et

2090 2801 2141 2853 in
2194 2798 2481 2867 quamdam
2540 2797 2747 2851 foveam
2805 2797 3041 2864 dejeeit,
3097 2798 3470 2867 confregitque
3524 2815 3663 2869 pene

2088 2906 2277 2943 omnes
2318 2900 2494 2944 costas
2544 2891 2660 2958 ejus
2706 2906 2770 2941 ex
2820 2906 2925 2942 uno
2960 2890 3147 2955 latere,
3201 2892 3271 2943 ita
3305 2900 3362 2944 ut
3393 2890 3492 2944 nisi
3522 2891 3675 2945 fovea

2090 2982 2237 3036 illum
2271 2982 2587 3051 susciperet,
2624 2991 2768 3035 totus
2793 2992 3162 3051 quassaretur.

2158 3072 2285 3127 Car.
2317 3071 2453 3125 XVI.
2478 3102 2546 3111 -—
2569 3072 2851 3126 Convaluit
2878 3084 3053 3126 tamen
3085 3073 3167 3126 vir
3212 3082 3431 3127 sanctus
3463 3074 3528 3128 de
3572 3074 3675 3129 hac

2086 3166 2357 3227 molestia,
2394 3166 2485 3220 Dei
2515 3167 2899 3235 oninipotentis
2930 3167 3218 3235 adjuvante
3244 3169 3437 3237 gratia,
3469 3178 3524 3223 et
3563 3170 3674 3223 ele-

400 3247 626 3315 virginis
658 3249 831 3303 Maria:
857 3251 907 3303 in
934 3253 1122 3305 eodem
1156 3252 1460 3305 construxit
1490 3252 1627 3317 loco,
1651 3264 1706 3306 et
1732 3268 1987 3307 consum—
2014 3257 2058 3319 C
2091 3260 2169 3329 git
2196 3273 2317 3313 eum
2372 3259 2645 3328 liadgarus
2700 3260 3042 3314 felicissimus
3095 3260 3387 3330 Anglorum
3435 3263 3673 3319 basileus

400 3338 589 3401 tuavit,
620 3341 759 3409 quod
788 3356 956 3409 usque
990 3342 1039 3394 in
1080 3342 1221 3396 hune
1265 3342 1408 3396 diem
1451 3343 1569 3396 visu
1605 3343 1795 3397 melius
1822 3358 1982 3412 quam

398 3441 647 3480 sermone
678 3433 1001 3483 ostenditur.

467 3517 592 3572 CAP.
624 3518 1027 3577 XIV.—-Circa
1083 3524 1198 3577 luce.
1258 3532 1498 3592 tempora
1552 3525 1768 3596 eligitur
1818 3526 1985 3582 abbas

398 3605 703 3664 Duustanus
756 3613 821 3665 ad
874 3613 1243 3684 epise0patum
1297 3615 1666 3686 Wigornensis
1706 3616 1981 3683 Ecclesiae,

392 3697 915 3772 jnxtaprophetimn
948 3707 1118 3759 sancti
1150 3707 1317 3776 Elfegi
1354 3711 1615 3779 episcopi,
1646 3710 1785 3763 sicut
1824 3725 1984 3780 supra

400 3791 693 3860 tetigimus.
730 3795 790 3848 Et
820 3806 939 3864 post
970 3798 1175 3867 aliquot
1203 3816 1465 3863 annorum
1507 3803 1776 3856 curricula
1810 3803 1986 3858 factus

399 3886 860 3956 archiepiscopus,
895 3893 1092 3947 mansit
1126 3895 1176 3947 in
1211 3895 1401 3948 Cantia
1436 3896 1655 3966 triginta
1684 3905 1736 3950 et
1773 3906 1980 3963 septem

398 3978 571 4041 annis,
605 3981 756 4047 quasi
783 3983 1033 4037 columna
1065 3985 1368 4047 immobilis,
1405 3988 1645 4041 doctrina
1682 3998 1735 4042 et
1764 3990 1977 4044 actione

399 4076 724 4145 pnecipuns,
759 4082 1000 4148 angelico
1040 4083 1184 4137 vultu
1234 4086 1483 4150 decorus,
1540 4087 1897 4158 eleemosyuis
1927 4098 1982 4143 et

398 4170 677 4240 prophetia
723 4175 1082 4244 pra-pollens:
1119 4181 1183 4231 ad
1236 4178 1390 4247 cujus
1451 4180 1688 4233 tumbam
1744 4181 1981 4235 C(elestia

399 4276 541 4332 δειξρο
588 4264 696 4320 ﬁeri
750 4269 1007 4323 miracula
1065 4271 1385 4325 audivimus.
1434 4272 1773 4326 Adelwoldus
1802 4284 1980 4328 autem

402 4354 549 4409 misit
585 4353 845 4413 Oscarum
890 4361 1208 4415 monachum
1265 4372 1413 4424 trans
1443 4380 1589 4419 mare
1614 4367 1677 4417 ad
1706 4374 1979 4422 monaste-

400 4444 538 4499 rium
584 4450 755 4503 s::ncti
806 4449 982 4504 Patris
1028 4453 1299 4509 Benedicti
1340 4453 1705 4520 FIoriacense,
1733 4465 1791 4509 ut
1819 4473 1979 4527 regu-

399 4534 530 4592 laris
574 4540 939 4598 observantia:
1006 4561 1184 4600 mores
1250 4545 1359 4600 illic
1412 4548 1663 4609 disceret,
1722 4563 1785 4602 ac
1837 4548 1977 4602 domi

2087 3350 2151 3402 ad
2200 3349 2566 3418 episcopatum
2623 3349 3012 3405 Wintoniensis
3060 3350 3335 3416 Ecelesiaa,
3382 3363 3671 3423 antequam

2083 3442 2314 3495 ecclesia
2372 3442 2582 3512 pnefati
2648 3442 2878 3496 coenobii
2930 3444 3291 3497 dedicaretur.
3344 3444 3409 3499 Et
3451 3445 3674 3512 iubente

2086 3548 2231 3604 rege,
2270 3534 2603 3588 consecravit
2664 3534 2805 3587 illam
2865 3534 3174 3587 Duustanus
3233 3535 3673 3605 archiepiscopus

2086 3625 2514 3679 Dorolterneusis
2564 3625 2839 3686 Ecclesire.
2886 3640 3027 3679 anno
3078 3625 3366 3680 Dominica:
3422 3627 3674 3681 incarna-

2088 3716 2245 3770 tionis
2280 3718 2687 3786 nongeutesimo
2721 3719 3059 3787 sexagesimo
3091 3719 3276 3780 tertio,
3312 3718 3412 3773 sub
3440 3720 3525 3774 die
3559 3731 3668 3774 ter-

2086 3807 2159 3860 tio
2174 3806 2530 3860 Kalendarum
2558 3808 2957 3871 Decembrium,
2975 3808 3025 3862 in
3059 3808 3234 3877 vigilia
3251 3809 3421 3862 sancti
3444 3809 3672 3864 Andreae

2084 3898 2330 3967 apostoli,
2381 3915 2499 3967 qua)
2532 3909 2661 3953 tunc
2710 3900 3009 3953 habebatur
3065 3901 3117 3953 itt
3171 3900 3445 3955 Dominira
3498 3902 3670 3971 prima

2084 3992 2358 4043 Adventus
2393 3991 2601 4043 Domini
2658 4002 2710 4043 et
2757 3989 3052 4044 Salvatoris
3092 3992 3261 4045 nostri
3289 3991 3415 4046 Jesu
3447 3993 3668 4048 Christi.

2085 4080 2452 4134 Erantautem
2490 4090 2615 4133 tunc
2664 4080 2715 4133 in
2760 4082 2928 4134 veteri
2965 4084 3316 4140 monasterio.
3354 4082 3441 4135 ubi
3488 4083 3673 4137 cathe-

2083 4171 2175 4224 dra
2210 4170 2530 4240 pontiﬁealis
2561 4169 2810 4231 habetur,
2839 4172 3083 4225 canonici
3121 4169 3365 4224 nefandis
3396 4176 3662 4226 scelerum

2085 4263 2321 4316 moribus
2380 4262 2668 4329 implicati,
2723 4263 2958 4318 elatione
3019 4272 3074 4317 et
3154 4264 3438 4317 insolentia
3511 4274 3671 4334 atque.

2084 4353 2296 4407 luxnria
2324 4353 2605 4421 przeventi,
2645 4353 2778 4405 adeo
2816 4363 2869 4405 ut
2920 4351 3157 4406 nonnulli
3190 4369 3377 4406 eorum
3412 4355 3476 4405 de
3502 4354 3669 4421 ’igna-

2084 4456 2272 4498 rentur
2332 4444 2525 4498 missas
2579 4458 2675 4497 suo
2726 4444 2915 4497 ordine
2969 4443 3266 4506 celebrare,
3321 4444 3669 4511 repudiantes

2086 4552 2283 4591 uxores
2314 4552 2448 4604 quas
2479 4536 2662 4589 illicito
2692 4535 2980 4598 duxerant,
3039 4545 3091 4587 et
3140 4535 3271 4587 alias
3320 4535 3668 4605 accipientes,

399 4627 654 4688 fratribus
680 4635 922 4689 docendo
949 4639 1254 4692 ostenderet
1281 4649 1546 4707 quatenus
1581 4640 1691 4708 ipse
1735 4654 1975 4694 normam
2012 4623 2055 4681 Ι)
2083 4632 2218 4700 gula:
2244 4639 2295 4684 Cl
2320 4629 2563 4683 ebrio-ltili
2591 4628 2791 4697 Ῑυὲίίθτ
2824 4629 3007 4682 ἀθλία·
3044 4627 3193 4694 Ο¹¹⁰⁴¹
3228 4628 3449 4681 η¹Ῐ¹¹ί¹¹¹θ
3487 4628 3667 4684 “ire”

396 4724 713 4777 monasticae
739 4726 1012 4795 religionis
1038 4739 1274 4789 secutus,
1306 4738 1358 4782 et
1384 4746 1485 4783 ttna
1514 4745 1633 4783 cum
1664 4729 1763 4782 sibi
1794 4729 1975 4797 subje-

393 4813 494 4867 ctis
523 4813 681 4868 devia
711 4830 937 4886 quaeque
958 4818 1250 4880 declinans,
1270 4835 1483 4889 gregem
1506 4819 1605 4874 sibi
1634 4821 1975 4875 commissum

388 4906 455 4961 ad
508 4910 839 4978 promiSSum
888 4912 1124 4968 eoab-stis
1182 4914 1331 4983 regni
1372 4915 1601 4983 patriam
1634 4914 1973 4981 perduceret.

387 5000 443 5057 in
481 5019 593 5075 qua
627 5009 1042 5076 congregatione
1082 5017 1203 5062 erat
1238 5008 1455 5075 quidam
1502 5007 1670 5061 frater
1702 5006 1973 5061 Elfstanus

388 5096 632 5157 nomine,
690 5097 917 5167 simplex
968 5109 1021 5153 et
1062 5114 1270 5170 magum
1319 5101 1638 5156 obedientim
1686 5099 1787 5161 vir,
1816 5114 1974 5167 quem

386 5188 561 5243 abbas
586 5188 749 5259 jussit
781 5191 1072 5259 pnevidere
1100 5193 1303 5247 cibaria
1332 5196 1599 5251 artiﬁcum
1643 5194 1977 5259 monasterii,

384 5280 473 5335 cui
496 5280 729 5334 servitio
753 5280 865 5349 ipse
886 5282 1235 5339 tiCVOllSsllllC
1257 5298 1314 5338 se
1340 5286 1594 5348 subdens,
1620 5285 1761 5338 coxit
1787 5298 1981 5339 carnes

383 5371 659 5441 quotidie.
709 5381 763 5425 et
811 5375 1068 5438 operariis
1120 5373 1340 5431 sedulus
1388 5374 1745 5438 ministrabat,
1798 5372 1977 5428 focum

381 5466 718 5527 accendens,
744 5476 797 5518 et
820 5480 1008 5535 aquam
1034 5477 1349 5539 apportans,
1367 5482 1419 5526 et
1442 5488 1567 5527 \‘asa
1588 5471 1761 5523 denuo
1785 5477 1978 5536 sponte

388 5574 527 5578 _..___
578 5558 589 5578 I
636 5573 693 5578 -.μ
746 5558 973 5578 --.ἷ-ι”....
1028 5571 1037 5578 .
1139 5559 1186 5578 II
1248 5571 1258 5578 ι
1327 5565 1337 5578 Ι
1456 5566 1506 5578 ιιι
1786 5556 1968 5578 -..I.nf-

2086 4732 2308 4777 sanctus
2355 4722 2436 4774 vir
2475 4720 2840 4783 Adelwoldus,
2890 4723 3009 4774 data
3053 4719 3266 4772 licentia
3317 4736 3344 4771 :t
3376 4736 3503 4788 rege
3534 4720 3671 4774 Ead-

2084 4829 2233 4879 garo,
2273 4811 2477 4880 expulit
2512 4810 2771 4863 citissime
2809 4810 3155 4863 detestandos
3206 4808 3672 4878 blasphematores

2083 4903 2177 4958 Dei
2209 4906 2273 4958 de
2305 4904 2662 4963 monasterio;
2704 4909 2757 4954 et
2803 4904 3077 4957 adducens
3120 4902 3416 4956 monachos
3468 4902 3535 4955 de
3566 4901 3673 4955 Ab«

2081 4998 2352 5052 bandonia
2404 4996 2601 5051 locavit
2629 4995 2755 5060 illic,
2806 4998 3004 5067 quibus
3038 4996 3149 5066 ipse
3184 4995 3352 5050 abbas
3382 5001 3435 5048 et
3465 4995 3674 5065 episco-

2077 5105 2180 5161 pus
2206 5089 2431 5147 exstitit.

2154 5187 2281 5241 CAP.
2318 5182 2541 5242 X\’ll.—
2555 5181 2763 5238 Accidit
2794 5198 2981 5244 autem
3004 5180 3237 5238 Sabbato
3260 5180 3314 5234 in
3338 5178 3516 5248 capite
3538 5180 3681 5248 Qua-

2078 5276 2405 5352 dragesiuue
2441 5280 2569 5355 rit),
2607 5276 2730 5329 dum
2760 5279 3025 5337 monachi
3057 5273 3330 5329 venientes
3361 5273 3423 5327 de
3455 5272 3680 5328 Abban-

2079 5370 2246 5425 donia
2272 5380 2491 5432 starent
2508 5371 2570 5427 ad
2594 5368 2916 5436 ingressum
2936 5363 3435 5429 ecelesiae,clericos
3460 5365 3686 5421 missam

2082 5461 2265 5519 ﬁnire.
2323 5459 2775 5531 communionem
2837 5462 3087 5525 cauendo
3115 5474 3128 5511 ε
3158 5452 3349 5510 Serritc
3382 5454 3605 5510 Domino
3632 5458 3690 5510 in

2558 5554 2710 5578 “hue-
2744 5551 2785 5578 ..ἓ
2974 5575 2982 5578 .
3040 5562 3278 5578 unumne-n0
3330 5546 3695 5578 nnnrn'snsu'h‘
