4466 5578
807 350 869 410 Ol
1889 353 1945 406 .9.
1992 350 2402 406 ξῖτεξιῑτεςκωξι
2450 351 2571 405 \‘t'ifi

2298 350 2402 403 !.i‘:l
2450 351 2741 408 \‘t'ifv'f’tjfv'.
2787 355 2999 411 EPISC.
3982 360 4049 416 εξ

805 465 1128 531 diminutum
1159 479 1219 515 ne
1256 462 1473 531 prchis
1506 464 1567 517 (fe
1602 463 1679 516 riu
1709 464 1878 533 jnstrt,
1909 466 2060 532 quasi
2094 466 2175 517 die
2216 474 2331 517 rent
2359 483 2370 517 :
2404 470 2449 528 Α
2480 468 2609 521 (rei!
2634 470 2657 521 ?
2682 468 2867 524 Nonne
2912 472 3025 542 ipse
3067 473 3157 543 qui
3193 474 3304 528 hzee
3334 473 3571 544 loquitur
3595 488 3830 547 prtesens
3863 483 3943 529 est
3972 475 4054 528 di-

806 554 911 609 Nos
942 555 1207 608 noluimus
1244 554 1349 607 Deo
1379 555 1601 617 servire,
1628 569 1723 607 nec
1754 554 2092 625 disciplinam
2123 556 2235 622 ejus
2260 570 2298 607 Si
2323 571 2373 607 r-

798 664 948 714 vare,
977 665 1072 704 vos
1103 648 1278 703 saltim
1309 649 1488 710 facite,
1523 663 1588 702 ne
1612 648 1748 702 sicut
1780 665 1875 701 nos
1909 648 2138 718 pereatis
2170 648 2235 702 de
2265 648 2371 713 via,

797 760 916 815 quae
944 742 1648 808 rustobentiliusjustitiam
1678 760 1841 815 regna
1874 744 1996 795 facit
2026 742 2226 811 aperiri
2259 757 2368 795 co:-

799 834 976 892 L-slia.
1010 838 1125 904 Quo
1156 836 1337 890 audito
1365 834 1562 891 fratres
1590 838 1755 905 gavisi
1790 844 1932 900 sunt,
1965 835 2323 905 intclligcntes
2344 848 2373 885 a

801 930 1029 985 Danino
1079 944 1234 983 suum
1277 929 1381 984 iter
1410 946 1533 987 esse
1567 937 1962 1001 prosperatum,
2002 940 2057 984 ct
2105 930 2195 983 Dei
2243 937 2373 981 nutu

798 1019 939 1074 hanc
990 1019 1254 1089 psalnuun
1302 1032 1520 1092 propter
1568 1022 1778 1075 illortnu
1833 1022 2169 1093 prtescntiam
2210 1018 2374 1072 fuisse

798 1108 1166 1172 derantatum,
1219 1126 1446 1180 moxque
1505 1110 1817 1166 Davidicum
1871 1112 1936 1165 ad
1990 1125 2045 1164 se
2091 1117 2373 1163 traxerunt

798 1205 1101 1275 imperium.
1152 1206 1353 1277 Osgaro
1400 1206 1720 1261 exhortante
1761 1221 1853 1261 eos
1907 1215 2065 1273 atque
2120 1204 2371 1257 dir-cute:

798 1297 907 1351 Cur
939 1296 1070 1352 foris
1121 1296 1428 1350 muramttr?
1474 1294 1740 1351 faciamus
1790 1297 1927 1351 :icat
1958 1296 2246 1349 hortantur
2277 1308 2374 1346 nos

797 1391 1065 1453 canonici,
1100 1390 1483 1461 ingrediamur,
1517 1398 1567 1443 et
1597 1405 1691 1458 per
1719 1388 1853 1442 viam
1874 1387 2099 1457 jtzstititn
2128 1387 2373 1456 gradien-

801 1492 898 1541 tes,
933 1481 1156 1535 Domino
1188 1482 1295 1535 Deo
1327 1491 1512 1535 nostro
1544 1497 1665 1534 eum
1708 1480 1901 1533 timore
1930 1490 1981 1531 et
2013 1478 2374 1532 exsultatione

797 1568 1140 1637 famulemur,
1176 1581 1228 1625 ttt
1260 1587 1381 1624 cum
1410 1572 1674 1624 exarserit
1706 1570 1757 1623 in
1793 1570 1936 1623 brevi
1989 1571 2062 1621 ira
2092 1567 2230 1637 ejus,
2263 1582 2370 1621 nte-

798 1678 1016 1719 rcamur
1042 1678 1161 1718 esse
1206 1663 1494 1733 participes
1541 1662 1747 1715 illorum
1781 1661 1845 1715 de
1872 1661 2064 1731 quibus
2094 1658 2372 1730 subjungi-

799 1763 885 1808 tur
914 1772 926 1809 :
961 1754 1108 1808 Βεντιιὶ
1136 1770 1309 1807 omnes
1335 1756 1421 1823 qui
1451 1754 1715 1821 con/idum
1749 1754 1801 1805 iu
1832 1769 1910 1805 ro.

2475 560 2717 624 vinitate,
2747 561 2871 614 licet
2899 564 3093 618 absens
3117 563 3184 618 sit
3210 566 3473 637 corpore?
3502 565 3617 636 Ipse
3649 564 3834 635 procul
3866 563 4046 629 dubio,

2476 651 2588 719 ipse
2618 652 2938 709 hoc’vcneni
2988 657 3134 710 virus
3184 656 3236 711 in
3294 667 3345 712 te
3396 672 3660 713 evacuare
3709 665 3924 728 potest,
3958 658 4049 727 qui

2476 758 2689 813 semper
2736 747 2914 801 omnia
2959 756 3154 819 potest.
3209 748 3302 804 Itis
3354 759 3407 804 et
3462 749 3828 820 tmjuscemodi
3873 749 4051 806 verbis

2475 850 2699 891 accensa
2727 837 2855 892 fides
2880 839 2929 891 iu
2955 855 3039 905 eo,
3062 856 3274 894 onmem
3300 840 3600 896 lethiferum
3626 842 3872 895 haustum
3891 856 4049 911 quem

2476 928 2688 983 biberat
2726 932 2986 985 exstinxit
3016 973 3029 996 ,
3062 932 3395 1002 furentisque
3425 933 3613 987 veneni
3655 932 3837 987 dolore
3870 931 4050 1004 fugato

2477 1019 2733 1082 surrexit,
2766 1021 2953 1075 abiens
2986 1021 3051 1075 ad
3083 1022 3259 1075 aulam
3288 1022 3441 1075 hilari
3468 1022 3639 1088 vultu,
3670 1021 3812 1075 nulla
3838 1022 4049 1092 penitus

2476 1109 2626 1179 signa
2658 1108 2878 1177 palloris
2926 1126 2981 1164 se
3024 1111 3352 1166 intuentilms
3389 1111 3678 1166 ostendens
3704 1152 3717 1176 ,
3765 1127 3863 1166 nec
3898 1112 4051 1181 quid-

2475 1215 2634 1269 quam
2668 1200 2791 1253 mali
2825 1216 2922 1254 suo
2952 1203 3189 1257 venetico
3216 1202 3460 1262 reddens.
3490 1202 3582 1258 sed
3634 1203 3681 1257 ei
3727 1203 3869 1272 quod
3914 1203 4047 1257 delio

2480 1294 2595 1361 quit
2629 1294 2930 1361 ignoscetis.
2985 1296 3179 1365 Sicque
3220 1297 3310 1350 Dei
3363 1297 3560 1351 virtute
3606 1297 3921 1365 dissipatum
3969 1304 4049 1350 cst

2477 1384 2767 1452 malignum
2800 1386 3081 1439 Consilium
3128 1388 3467 1451 clericorum,
3502 1389 3590 1456 qui
3619 1388 3866 1442 videntes
3897 1403 4047 1441 suam

2479 1476 2609 1530 nihil
2644 1476 2930 1546 praevalere
2963 1478 3279 1546 nequitiam,
3318 1480 3496 1531 tantliu
3537 1493 3633 1547 per
3661 1478 3900 1532 diversas
3923 1494 4050 1548 gen-

2478 1569 2544 1622 tis
2572 1570 2866 1639 Anglorum
2900 1572 3204 1640 provincias
3248 1572 3348 1627 lmc
3396 1572 3625 1642 illucque
3655 1574 3878 1643 dispersi
3904 1584 4045 1641 sunt,

2476 1677 2755 1731 quousque
2785 1664 2945 1716 vitam
2980 1664 3251 1718 finierunt.

2548 1754 2674 1809 er.
2709 1754 2823 1809 XX.
2857 1788 2926 1799 —
2956 1757 3159 1811 Exinde
3186 1758 3383 1812 Christi
3416 1772 3592 1827 aquna
3630 1758 3855 1811 antistes
3892 1758 4049 1813 Adel-

866 1847 992 1900 (λη’.
1021 1844 1447 1901 ΧΥΙΙΙ--Μίδὶι
1476 1859 1686 1912 (ιυοίμιο
1718 1858 1810 1897 I'L'X
1836 1842 1958 1897 illnc
1981 1858 2098 1895 cum
2122 1842 2372 1911 ('Piscotto
2403 1845 2448 1907 Β
2480 1847 2684 1902 vvoldns
2717 1851 2973 1919 expandit
3002 1866 3193 1904 aureas
3224 1851 3336 1904 alas
3366 1866 3513 1914 suas,
3541 1860 3594 1905 et
3627 1858 3894 1905 annuente
3925 1865 4049 1921 rege

794 1939 1081 2010 quemdam
1132 1938 1500 1992 ministrorum
1551 1951 1766 1989 suorum
1816 1933 2253 2000 famosissimum,
2285 1932 2371 1986 cui

785 2048 989 2086 'nomen
1019 2040 1135 2085 erat
1166 2029 1408 2085 Vulfstan
1456 2028 1762 2082 zEtdelham
1790 2028 1922 2097 (li).
1971 2030 2058 2095 qui
2095 2028 2240 2097 regia
2272 2042 2367 2078 att-

795 2124 1046 2179 cturitate
1099 2123 1371 2177 mandavit
1414 2120 1708 2181 canonicis,
1756 2130 1812 2173 ut
1844 2137 2003 2174 unum
2052 2120 2117 2173 de
2165 2119 2372 2173 duolius

794 2216 1077 2285 eligerent,
1109 2224 1201 2269 aut
1226 2215 1342 2268 sine
1375 2230 1521 2267 mora
1567 2214 1696 2266 dare
1724 2212 1896 2267 locum
1940 2212 2240 2274 moriar-his,
2280 2219 2373 2264 aut

793 2310 1068 2379 suscipere
1107 2304 1365 2361 hahitmit
1403 2304 1722 2358 mortar-bilis
1749 2302 1970 2359 ordinis.
2005 2304 2070 2355 At
2099 2302 2171 2355 illi
2206 2300 2372 2355 nimio

792 2415 991 2470 pavore
1020 2397 1323 2461 conterriti,
1352 2405 1403 2448 et
1426 2396 1588 2448 vitam
1616 2404 1959 2448 exsecrantes
1993 2392 2367 2457 monasticam,

795 2490 1119 2547 intrantibus
1175 2488 1452 2541 monachis
1510 2486 1648 2539 illico
1707 2484 1978 2546 txicrttzit;
2063 2483 2153 2535 sed
2196 2490 2373 2534 tamen

797 2583 1134 2652 postmodum
1170 2589 1277 2632 tres
1306 2594 1369 2632 ex
1404 2577 1505 2630 illis
1534 2577 1599 2629 ad
1646 2576 2049 2629 ctravet'sieuz‘ut
2092 2583 2373 2638 venerunt,

795 2670 1000 2736 scilicet
1026 2669 1311 2730 Eadsinus,
1346 2666 1621 2726 Vulsiniis.
1657 2678 1707 2717 ut
1740 2664 2043 2717 \Vilrtanas
2067 2664 2370 2732 presiyttar.

795 2762 893 2831 Qui
939 2762 1271 2819 emnohium.
1316 2759 1458 2829 quod
1515 2757 1721 2825 expulsi
1782 2757 2130 2825 t‘.‘!I:j‘.l:'t‘;t.ii,
2188 2751 2373 2806 humili

798 2855 957 2909 corde
1013 2862 1334 2922 repetentes,
1392 2849 1587 2904 Christi
1646 2849 1775 2919 jzzgo
1830 2848 1965 2901 rolia
1999 2844 2372 2900 subdiderunt.

795 2946 926 3001 Nam
971 2936 1229 3001 haeteuus
1283 2960 1344 2998 ca
1392 2951 1708 3013 tempeszate
1758 2957 1861 2996 nea
1895 2938 2234 2993 hatehantur
2265 2951 2377 2990 mo-

796 3040 952 3095 nachi
987 3039 1099 3110 (1'5)
1149 3040 1200 3093 in
1233 3047 1388 3105 gente
1433 3036 1745 3105 Anglorum.
1798 3034 1897 3087 nisi
1957 3041 2165 3086 tantum
2201 3030 2374 3101 quiin

794 3132 1067 3187 Glestonia
1104 3132 1453 3184 tuoralntntur
1474 3138 1527 3181 et
1550 3126 1919 3181 Abbandonia.

2474 1942 2716 2012 Eadgaro
2742 1943 3028 1998 eanouieos
3049 1944 3251 2013 expulit
3276 1945 3339 1999 de
3361 1944 3507 1997 Novo
3530 1944 3873 2000 nnmasterio.
3902 1945 4053 1999 illuc-

2472 2048 2577 2101 que
2627 2034 2922 2087 monachos
2961 2034 3253 2088 introduxit
3284 2035 3604 2104 regulariter
3649 2045 4045 2092 conversantes.
4082 2028 4085 2029 ν

2474 2125 2793 2190 Edelgarum
2842 2137 3019 2179 autent
3052 2128 3371 2197 discipulum
3424 2146 3577 2183 suum
3624 2131 3895 2185 ordinavit
3946 2129 4050 2185 illis

2474 2219 2738 2278 abbatem,
2766 2220 2853 2288 qtti
2883 2219 3217 2289 postmozium
3238 2222 3525 2287 provincim
3549 2220 3859 2274 australium
3883 2220 4050 2275 Saxo-

2474 2327 2601 2364 num
2632 2312 2940 2380 cpiseopus,
2982 2328 3043 2366 ac
3086 2313 3276 2367 dcimle
3308 2324 3496 2367 saneto
3526 2313 3803 2367 Dunstauo
3832 2313 3897 2366 ad
3935 2328 4048 2367 co)-

2474 2398 2627 2454 !estia
2683 2417 2843 2469 regna
2902 2400 3181 2465 translato,
3228 2403 3641 2458 Cantuariorum
3702 2403 4046 2473 archiprtcsnl

2476 2489 2697 2545 effectus
2728 2502 2826 2545 est.

2543 2581 2670 2635 Car.
2698 2581 2837 2636 XXL
2865 2613 2930 2623 ——
2955 2582 3010 2636 Ia
3042 2584 3391 2637 Abbandonia
3422 2598 3549 2638 vero
3578 2586 3838 2653 Osgarum
3872 2598 3967 2653 pro
3993 2600 4049 2638 se

2475 2674 2748 2727 constituit
2781 2674 3048 2733 abbatem,
3076 2675 3382 2743 ditatusque
3406 2687 3480 2730 est
3500 2676 3646 2730 locus
3670 2676 3756 2730 ille
3780 2675 4048 2730 sexcentis

2474 2774 2528 2818 et
2552 2779 2615 2817 eo
2644 2764 2872 2833 amplius
2921 2766 3148 2818 cassatis
3173 2807 3185 2827 ,
3226 2766 3442 2835 insuper
3473 2775 3522 2821 et
3552 2776 3762 2821 aeternae
3790 2766 4051 2821 libertatis

2475 2856 2720 2912 suffultus
2760 2858 3071 2927 privilegiis,
3119 2859 3296 2911 divina
3339 2859 3495 2913 simul
3538 2869 3589 2913 et
3640 2860 3782 2926 regia
3819 2860 4050 2915 auctori-

2480 2959 2585 3003 tate
2616 2951 2968 3020 conscriptis;
3005 2966 3123 3019 qum
3152 2951 3368 3006 laminis
3412 2951 3591 3007 aureis
3624 2951 3847 3021 sigillata
3875 2992 3890 3017 ,
3922 2951 4050 3006 inibi

2478 3061 2646 3116 usque
2681 3047 2838 3100 lmdie
2861 3058 3271 3101 conservantur.

2547 3138 2675 3193 (λιι.
2703 3137 2863 3191 XXII.
2895 3169 2965 3178 —
2996 3138 3048 3191 In
3088 3138 3247 3191 tertia
3293 3152 3507 3206 quoque
3554 3136 3913 3190 Wintonicnsi
3944 3151 4049 3191 ca:-

864 3226 997 3282 er.
1038 3224 1176 3280 XIX.
1202 3255 1269 3264 —
1292 3224 1490 3279 Deinde
1521 3238 1642 3277 cum
1685 3220 1922 3290 prtctlicti
1955 3218 2151 3274 fratres
2184 3218 2236 3272 in
2272 3217 2375 3271 V'e-
2402 3207 2446 3269 C
2479 3232 2628 3288 ηοωε

2285 3217 2375 3271 θ’θ’
2402 3207 2446 3269 C
2479 3232 2638 3288 nobio
2672 3231 2782 3301 (ll)
2810 3271 2823 3294 ,
2851 3229 2991 3299 quod
3040 3229 3243 3297 anglice
3278 3227 3703 3281 Nunnamcttster
3733 3225 4049 3295 appellatur,

795 3321 895 3375 teri
931 3320 1176 3374 cmnohio
1204 3318 1465 3387 regularis
1503 3317 1624 3370 vita:
1666 3329 1907 3368 normam
1940 3325 2156 3367 servare
2183 3309 2377 3379 coepis-

800 3422 935 3475 sent,
960 3421 1014 3466 et
1044 3411 1168 3465 illuc
1196 3410 1344 3464 multi
1376 3409 1441 3463 ad
1460 3408 1551 3462 Dei
1573 3406 1886 3461 famulatum
1914 3420 2073 3460 senes
2103 3401 2373 3465 conversi,

788 3505 1017 3575 juvrnes
1057 3503 1309 3563 adducti,
1363 3510 1418 3556 et
1453 3500 1659 3571 parvuli
1706 3498 1870 3555 oldati
1917 3496 2278 3559 conﬂuerent;
2310 3510 2375 3549 ex

796 3596 994 3652 invidia
1047 3596 1369 3651 clericorum
1428 3596 1612 3649 datum
1678 3602 1761 3649 cst
1808 3592 2060 3663 episcopo
2110 3604 2373 3643 venenum

794 3686 980 3743 bibere
1004 3687 1056 3741 in
1084 3668 1205 3740 aula
1230 3702 1323 3741 sua
1347 3701 1467 3739 cum
1492 3684 1791 3753 hospitibus
1813 3681 2115 3752 prandenti,
2137 3664 2375 3734 omnem-

795 3792 897 3847 que
937 3777 1017 3833 eis
1065 3776 1455 3831 humanitatem
1502 3772 1812 3836 exhibenti,
1850 3780 2115 3841 quatenus
2162 3767 2248 3822 illo
2282 3783 2375 3821 cx-

794 3872 991 3925 Stincto
1032 3884 1216 3924 servos
1254 3868 1346 3922 Dei
1382 3866 1704 3937 expellerent
1731 3906 1745 3928 ,
1777 3877 2097 3931 rursumque
2125 3861 2178 3913 in
2209 3874 2373 3914 unum

794 3962 1104 4034 congregati
1160 3960 1403 4030 pristinis
1438 3960 1605 4013 libere
1654 3959 1754 4011 frui
1812 3953 2229 4026 flagitii.po:uis
2260 3961 2376 4022 ent.

794 4054 924 4110 Erat
952 4067 1183 4123 namque
1224 4054 1271 4107 ei
1325 4051 1493 4105 moris
1535 4049 1715 4103 statim
1744 4058 1860 4118 post
1893 4058 2000 4101 tres
2023 4054 2115 4099 aut
2144 4054 2375 4113 quatuor

792 4147 983 4201 oifnlas
1014 4146 1280 4201 modicum
1310 4144 1437 4214 quid
1466 4144 1650 4197 bibere
1676 4159 1688 4195 :
1722 4141 1962 4211 hibitqne
2010 4139 2256 4193 nesciens
2281 4154 2371 4207 ap-

793 4249 1067 4312 portatum
1115 4239 1215 4293 sibi
1244 4252 1525 4291 'venenum
1558 4244 1725 4290 totum
1755 4236 1895 4302 quod
1930 4241 2048 4286 erat
2081 4233 2132 4286 in
2171 4232 2368 4295 calice,

794 4340 848 4385 et
876 4331 1058 4385 statim
1103 4331 1154 4383 in
1186 4328 1443 4399 pallorem
1487 4326 1649 4381 facies
1694 4328 1809 4395 ejus
1859 4326 2136 4378 immutata
2169 4333 2287 4383 est,
2318 4334 2372 4376 et

796 4426 1003 4479 viscera
1053 4423 1197 4477 illius
1239 4422 1464 4475 nitnium
1508 4420 1557 4473 vi
1610 4419 1907 4491 grassantis
1944 4433 2134 4471 vcucm
2167 4415 2374 4471 crucia-

794 4516 1006 4571 bantur.
1036 4514 1284 4569 Surrexit
1310 4521 1485 4567 autem
1510 4512 1595 4565 vix
1630 4530 1655 4564 a
1692 4526 1871 4581 mensa
1896 4509 2082 4564 existis
2108 4508 2173 4563 ad
2208 4507 2372 4561 lectu-

795 4606 902 4660 lmn
930 4646 942 4671 ,
972 4605 1277 4675 serpsitque
1306 4618 1571 4657 venenum
1608 4618 1702 4670 per
1732 4602 1910 4655 omnia
1943 4600 2183 4654 membra
2213 4598 2328 4668 ejus
2355 4637 2369 4662 ,

790 4700 901 4769 jant
932 4699 1223 4752 instantem
1256 4697 1510 4750 minitans
1539 4695 1639 4749 sibi
1674 4706 1921 4748 mortem.
1949 4694 2011 4745 At
2044 4692 2129 4745 ille
2161 4692 2373 4744 tandem

798 4791 1102 4860 recogitans
1129 4830 1142 4852 ,
1177 4789 1339 4859 copit
1380 4787 1711 4857 exprobrare
1740 4784 2111 4853 semetipsum,
2139 4784 2377 4853 dixitque

797 4882 860 4935 ad
890 4883 1128 4935 animum
1155 4895 1307 4934 suum
1341 4897 1354 4933 :
1393 4879 1488 4935 Ubi
1518 4888 1599 4933 cst
1628 4879 1783 4933 modo
1815 4877 1943 4931 fides
1968 4876 2098 4929 tua?
2126 4874 2224 4929 Ubi
2253 4882 2379 4929 sunt

795 4976 1152 5045 cogitationes
1194 4990 1385 5028 sensus
1434 4974 1547 5026 tui?
1596 4970 1781 5025 Nonne
1820 4969 1979 5022 verba
2014 4969 2212 5022 Christi
2248 4983 2371 5021 vera

795 5080 916 5124 Sunt
941 5078 995 5122 et
1019 5067 1214 5129 lizlclia,
1240 5066 1435 5136 quibus
1466 5067 1515 5117 in
1543 5062 1829 5134 Evattgclio
1853 5062 2133 5129 pollicetur
2155 5062 2369 5115 dicens:

799 5159 863 5217 Et
892 5162 936 5214 si
959 5160 1282 5229 mortiferum
1325 5159 1449 5228 quid
1480 5158 1694 5210 biberint
1722 5156 1983 5209 credentes
2006 5196 2019 5219 ,
2045 5170 2146 5207 non
2178 5154 2248 5206 eis
2279 5172 2373 5206 no-

869 5302 982 5377 (1‘2)
1020 5301 1246 5360 Elfrico
1276 5324 1287 5357 :
1326 5304 1508 5377 «Misit
1534 5319 1742 5377 quoque
1780 5318 1887 5377 rex
1909 5304 2190 5377 quemdam
2224 5306 2381 5358 mini.

799 5373 1033 5429 strontm
1085 5392 1305 5428 suorum
1338 5374 1796 5437 famosissimum,
1821 5373 2182 5428 \‘v'ulfstanum
2214 5391 2370 5429 voca-

797 5446 945 5505 bulo,
974 5461 1096 5500 cum
1123 5445 1377 5514 episeopo
1400 5445 1489 5511 qni
1522 5446 1661 5511 regia
1692 5446 2030 5497 auctoritate.
2067 5466 2082 5497 ι
2120 5456 2225 5499 etc.

869 5518 980 5578 (i5)
1019 5516 1378 5578 Spelmanuns
1404 5517 1454 5568 itt
1489 5526 1629 5567 tutuo
1658 5517 1673 5567 ι
1711 5515 2067 5568 Conciliat-unt
2094 5533 2213 5578 pag.
2243 5516 2369 5578 454,

2402 4558 2449 4616 D

2476 3326 2530 3379 in
2572 3325 2776 3379 honore
2803 3337 3017 3391 semper
3046 3321 3267 3389 virginis
3301 3319 3480 3373 Mariae
3509 3320 3618 3374 Deo
3641 3327 4011 3373 consecratum
4034 3360 4049 3382 ,

2476 3416 2727 3470 mandras
2753 3411 3242 3467 sanctimonialium
3271 3410 3561 3473 ordinavit,
3587 3410 3779 3478 quibus
3804 3420 4049 3471 matrem,

2474 3510 2540 3563 de
2583 3525 2686 3577 qua
2732 3506 2980 3575 superius
3009 3502 3281 3573 paululutn
3328 3503 3635 3572 tetigimus,
3683 3501 4052 3556 Etheldridam

2473 3600 2746 3671 praefecit,
2788 3597 2876 3653 ubi
2929 3594 3192 3666 regularis
3221 3596 3342 3649 vitte
3369 3609 3555 3649 norma
3586 3593 3841 3649 hactenus
3869 3594 4055 3649 obser-

2472 3705 2649 3750 ΥΩΙΙΙΓ.

2542 3784 2672 3841 Car.
2700 3782 2883 3838 XXIII.
2908 3813 2978 3822 —
3005 3781 3112 3835 Nec
3142 3780 3314 3837 solum
3339 3780 3389 3835 in
3422 3779 3616 3835 finibus
3640 3778 4053 3835 occidentalium

2475 3876 2781 3941 Saxonum,
2829 3889 3015 3927 vermn
3060 3873 3221 3926 etiam
3282 3872 3334 3925 in
3391 3872 3608 3925 remotis
3654 3872 3895 3941 partibus
3934 3868 4051 3923 Bri-

2475 3969 2691 4029 tanni-.e,
2726 3974 2941 4021 sanctus
2987 3964 3213 4018 antistes
3265 3962 3607 4017 Adelvvoldus
3660 3963 3727 4016 ad
3784 3962 3877 4016 Dei
3932 3976 4050 4016 om-

2474 4059 2770 4127 nipotentis
2817 4054 3098 4110 servitium
3146 4052 3442 4108 monachos
3488 4067 3779 4123 aggregare
3825 4051 4051 4106 curavit.

2473 4150 2569 4204 Est
2599 4148 2740 4203 enim
2785 4144 3029 4215 quaedam
3062 4146 3207 4215 regio
3241 4143 3446 4197 famosa
3476 4143 3529 4196 itt
3558 4141 3831 4212 provincia
3874 4142 4054 4195 orien-

2476 4242 2660 4295 talium
2689 4237 2983 4307 Anglorum
3017 4237 3141 4297 sita,
3170 4235 3455 4304 paludibus
3485 4242 3539 4287 et
3571 4232 3724 4301 aquis
3752 4232 3802 4285 in
3836 4232 4052 4286 modum

2476 4332 2660 4386 insulae
2686 4328 3036 4389 circumdata,
3066 4326 3206 4378 unde
3235 4334 3287 4377 et
3315 4339 3345 4377 a
3377 4324 3527 4393 copia
3552 4322 3906 4391 anguillarum
3935 4337 4054 4390 qua:

2475 4424 2526 4477 in
2563 4421 2765 4476 eisdem
2804 4416 3091 4489 paludibus
3136 4415 3452 4484 capiuntur,
3487 4413 3635 4483 Elige
3676 4428 3868 4467 nomen
3901 4426 4053 4466 acce-

2477 4518 2572 4585 pit.
2604 4514 2658 4569 In
2690 4530 2793 4583 qua
2837 4512 3053 4579 regione
3098 4510 3247 4564 locus
3273 4507 3418 4561 onmi
3465 4507 3811 4561 veneratione
3860 4506 4053 4573 dignus

2476 4607 2725 4668 habetur,
2760 4603 3131 4670 magniﬁcatus
3182 4600 3436 4655 nimirum
3486 4598 3731 4667 reliquiis
3784 4609 3839 4652 et
3888 4599 4053 4653 mira-

2476 4699 2610 4753 culis
2659 4705 2859 4752 sancta:
2897 4694 3217 4748 Etheltlridte
3269 4692 3379 4762 (I5)
3431 4691 3628 4761 regina:
3680 4699 3736 4744 et
3786 4700 4055 4760 perpetua!

2478 4789 2705 4857 virginis
2735 4803 2797 4841 ac
2826 4798 3070 4839 sororum
3097 4783 3245 4852 ejus;
3272 4783 3363 4836 sed
3412 4782 3462 4833 in
3507 4780 3623 4849 ipso
3667 4788 3904 4849 tempore
3935 4790 4055 4833 crat

2482 4882 2771 4937 destitutus
2807 4887 2860 4931 et
2906 4875 3068 4947 regali
3107 4876 3237 4928 lisco
3274 4872 3505 4926 deditus.
3539 4871 3690 4924 IIunc
3716 4886 3843 4942 ergo
3876 4863 4052 4927 locum

2480 4972 2712 5027 famulus
2757 4970 2953 5024 Christi
3001 4982 3097 5035 pro
3130 4964 3417 5019 dilectione
3466 4972 3734 5016 tantarum
3783 4964 4051 5033 virginum

2480 5077 2804 5131 magnopere
2836 5058 3080 5112 venerari
3119 5056 3302 5117 renuit,
3334 5055 3565 5122 datoque
3597 5054 3767 5122 pretio
3795 5070 3897 5109 non
3932 5070 4051 5108 mo—

2480 5158 2612 5210 dii-te
2643 5155 2899 5225 pet-unite,
2923 5152 3052 5207 emit
3082 5165 3201 5203 eum
3256 5162 3379 5215 rege
3408 5146 3670 5216 Eadgaro,
3718 5148 4051 5203 constituens

2485 5304 2814 5388 monasterio
2845 5303 2902 5357 S.
2946 5302 3183 5357 Dionvsii
3229 5309 3283 5355 ct
3332 5298 3652 5353 Martiniano
3697 5299 3824 5354 alihi
3861 5300 4049 5353 ohscr-

2483 5394 2746 5432 VIWIIIIIIS.

2548 5470 2591 5536 (l
2612 5468 2658 5535 ii)
2688 5468 2743 5519 S.
2760 5467 3054 5533 Eadhurgr
3074 5461 3599 5536 ﬁltmﬁduamtregjs
3622 5475 3816 5536 corpus
3838 5474 4048 5536 sacrum

2482 5529 2562 5578 ἰῑιῖ
2582 5529 2919 5578 rpimincnnrn
2941 5529 3133 5578 Iiiivitttl‘
3157 5535 3207 5578 i:t
3234 5530 3512 5578 Monastiei
3537 5532 3811 5578 Anglicani
3841 5541 3979 5578 mmo
4005 5529 4045 5578 Ι.
