4466 5578
367 378 437 435 93
1895 378 2072 432 \‘tT.-\.
3545 386 3609 441 91

368 491 423 544 in
456 502 523 541 eo
555 501 936 541 monachorum
986 501 1200 555 gregem
1242 502 1345 540 non
1391 489 1690 541 minimum.
1734 488 1936 553 Quibus
1967 494 2013 550 Α
2043 490 2238 543 Christi
2267 491 2604 545 Adelvvoldus
2635 492 2837 561 singula
2879 494 3224 557 monasteria,
3255 510 3431 549 mures
3464 498 3614 550 insti-

368 580 642 634 urdinavit
689 579 934 631 abbatem
985 578 1334 631 Brithnodum
1374 575 1715 648 lira-positum
1749 596 1934 641 suum,

368 681 420 725 et
465 670 702 737 ejusdem
748 669 846 722 loci
893 669 1053 722 situm
1090 669 1554 722 mormstcrialilms
1582 670 1940 723 :ediﬁciisdc-

370 761 678 816 centissime
720 760 995 813 renavavit
1021 801 1034 823 ,
1065 774 1293 827 emnque
1336 769 1597 811 terrarum
1644 759 1937 825 posscssio-

368 848 528 904 nibus
571 847 970 903 afﬁuentissime
1018 848 1393 918 locopletatum
1443 858 1494 901 et
1534 858 1746 901 :rlcl‘tne
1786 849 1945 901 liber-

370 939 497 993 tatis
558 939 840 1007 privilegio
894 938 1269 993 conﬁrmatum
1324 938 1677 1007 omnipotenti
1722 938 1944 992 Domino

371 1031 784 1084 commendavit.

444 1122 571 1174 Car.
601 1119 789 1174 XXIV.
814 1120 1147 1173 —Alterum
1191 1136 1402 1189 quoque
1448 1119 1621 1172 locum
1652 1121 1702 1173 in
1735 1120 1948 1189 regione

374 1211 679 1266 Girviorum
709 1212 883 1281 pretio
911 1210 1143 1264 obtinuit
1173 1226 1201 1263 a
1230 1225 1356 1280 rege
1382 1219 1434 1263 et
1478 1210 1745 1263 nobilibus
1772 1220 1947 1273 teme,

374 1304 603 1373 positum
631 1304 684 1357 in
711 1304 825 1373 ripa
853 1302 1087 1357 ﬂuminis
1120 1300 1257 1365 Neu,
1303 1303 1388 1357 cui
1429 1302 1607 1371 lingua
1658 1302 1950 1370 Anglorum

376 1400 643 1468 quondam
671 1398 1113 1452 Medeshamstede
1144 1398 1255 1467 (ιιι)
1289 1413 1479 1452 nomen
1508 1399 1779 1466 imposuit,
1811 1412 1952 1451 nunc

379 1499 555 1543 autem
589 1498 842 1543 consuete
880 1487 1025 1541 Bnrlt
1065 1488 1381 1557 appellatur.
1418 1488 1581 1557 Cujus
1632 1488 1731 1541 luci
1774 1488 1953 1540 basili-

378 1594 495 1633 cam
523 1580 773 1649 congruis
802 1581 1082 1632 domorum
1111 1581 1396 1633 strucmris
1433 1588 1677 1633 ornatam
1715 1589 1767 1632 et
1800 1579 1954 1633 terris

378 1671 745 1739 adjacentibns
780 1675 997 1740 copiose
1026 1672 1271 1735 dilatam,
1307 1673 1358 1725 in
1389 1673 1592 1725 honore
1625 1671 1763 1722 beati
1811 1669 1952 1723 l’etri

379 1762 642 1832 principis
696 1764 1063 1831 apostolorum
1130 1766 1504 1826 consecravit,
1570 1764 1746 1831 ibique
1795 1762 1953 1815 simili

381 1853 540 1907 modo
585 1861 856 1907 catervam
920 1855 1302 1907 monachorum
1354 1854 1690 1907 eoadunavit.
1746 1852 1956 1905 Ea|dn|~
1988 1841 2030 1900 Β

382 1944 494 1999 fum
533 1946 643 2016 (l7)
674 1960 800 1999 vero
832 1946 1150 2000 monachum
1191 1963 1344 2000 suum
1396 1947 1473 2000 eis
1523 1945 1761 2015 praefecit
1790 1946 1955 1997 abba-

384 2048 529 2102 tem;
564 2039 655 2106 qui
686 2048 805 2107 post
836 2052 1113 2091 excessum
1162 2038 1361 2091 domini
1411 2036 1644 2091 Oswaldi
1690 2034 1957 2105 pontiﬁcis

384 2127 638 2182 Ecclesia:
691 2128 1051 2182 Eburacensis
1118 2128 1641 2196 archiepisc0patum
1704 2128 1957 2196 θιιδρρνὶι.

385 2217 626 2272 Tertium
666 2218 1016 2272 nihilominus
1061 2219 1348 2285 acquisivit
1378 2218 1551 2286 pretio
1581 2216 1751 2271 locum
1775 2215 1961 2283 ,juxta

386 2308 717 2375 crepidinem
777 2308 1016 2377 prazdicti
1065 2307 1301 2361 ﬁutninis
1348 2307 1508 2361 situm
1538 2347 1551 2371 ,
1604 2307 1693 2375 qui
1747 2316 1965 2376 propter

388 2399 596 2467 Spineta
651 2399 1072 2468 circumquaque
1129 2398 1525 2452 succresccntia
1581 2397 1809 2466 Thornig
1854 2398 1964 2466 (l8)

390 2490 548 2544 solito
576 2500 943 2558 nuncupatum
974 2490 1179 2559 anglice
1214 2489 1490 2552 vocabulo,
1514 2504 1673 2557 quem
1698 2489 1810 2557 pari
1841 2504 1969 2542 con-

391 2581 592 2636 ditione
638 2581 913 2636 monachis
958 2581 1293 2649 aptissimum
1350 2580 1638 2647 delegavit.
1682 2579 1966 2632 Rectorem

389 2688 603 2745 quoque
653 2674 758 2728 illis
811 2683 864 2727 et
912 2673 1159 2727 abbatem
1208 2672 1613 2727 Godemannnm
1647 2672 1967 2740 prarposuit,

391 2774 869 2834 constructumquc
910 2764 1296 2818 monasterium
1350 2768 1402 2817 in
1454 2764 1657 2816 honore
1690 2762 1781 2815 Dei
1816 2764 1967 2832 geni-

393 2859 608 2913 triciset
624 2858 850 2928 virginis
866 2856 1046 2910 .‘darite
1068 2856 1355 2920 dedicavit,
1373 2864 1427 2909 ct
1447 2855 1708 2908 bonorum
1731 2854 1970 2909 omnium

392 2948 727 3019 possessione
764 2946 1099 3015 gratulanter
1129 2946 1336 2999 ditavit.

462 3038 591 3093 Car.
633 3036 793 3091 XXV.
824 3068 893 3077 -—-
921 3038 1050 3091 Erat
1082 3046 1259 3090 autem
1290 3036 1373 3089 vir
1402 3035 1495 3089 Dei
1524 3034 1865 3090 Adelwoldus
1905 3036 1972 3089 ad

394 3138 601 3185 secreta
629 3128 854 3198 Eadgari
887 3128 1053 3181 incliti
1096 3127 1235 3195 regis
1282 3141 1530 3180 sermone
1565 3134 1619 3179 et
1660 3140 1822 3194 opere
1858 3140 1970 3179 ma-

2045 593 2217 650 luens,
2250 586 2560 639 obcdicnlcs
2592 597 2647 640 ιιι
2684 589 2733 640 in
2775 589 2911 640 bono
2952 587 3271 656 prolicercnt
3315 592 3489 643 verbis
3523 591 3615 645 ad-

2044 676 2310 729 monendo
2334 718 2347 738 ,
2382 687 2434 730 ct
2465 677 2655 731 stultos
2686 688 2741 731 ut
2771 695 2798 731 a
2834 680 2972 732 malo
3006 680 3338 733 discederent
3378 680 3616 735 verberi-

2044 766 2142 821 hus
2170 768 2363 821 acriter
2405 768 2743 837 corrigendo.

2116 858 2242 913 Cvr.
2296 858 2526 913 XXVIII.
2558 861 2779 913 —l£rat
2830 877 3057 931 namque
3130 864 3385 918 terribilis
3434 872 3492 917 ιιι
3540 864 3622 917 leo

2048 947 2261 1001 disculis
2288 957 2338 1001 et
2370 948 2671 1017 perversis;
2704 948 2991 1003 humilibus
3021 967 3146 1005 vero
3172 961 3225 1005 ct
3252 952 3623 1007 obedientibus

2046 1055 2103 1093 se
2132 1039 2280 1108 quasi
2332 1056 2527 1110 agmnn
2577 1042 2916 1095 mitissimmn
2963 1042 3268 1107 exhibebat,
3303 1044 3371 1097 ita
3402 1059 3623 1114 serpen-

2050 1133 2174 1186 tina:
2207 1134 2503 1203 prudenthe
2551 1144 2855 1203 temperans
2900 1136 3263 1197 severitatem,
3320 1145 3377 1188 ιιι
3421 1135 3626 1189 colum-

2050 1231 2188 1284 bin:e
2230 1229 2591 1298 simplicitatis
2623 1244 2723 1283 non
2756 1230 3029 1283 amitteret
3058 1230 3347 1284 lenitatem.
3386 1228 3552 1295 Quem
3582 1230 3627 1284 si

2052 1322 2265 1390 quando
2304 1322 2450 1375 zelus
2482 1322 2819 1375 rectitudinis
2843 1332 3080 1391 cogeret,
3110 1320 3309 1389 ut‘jnra
3332 1322 3630 1392 disciplina:

2052 1411 2303 1480 Subjeclis
2333 1412 2659 1479 imponeret;
2707 1410 2853 1464 furor
2903 1412 3014 1480 ipse
3047 1427 3149 1464 non
3184 1412 3247 1464 de
3276 1410 3586 1465 crmlelitate
3612 1449 3628 1476 ,

2054 1504 2145 1559 sed
2185 1506 2247 1557 de
2303 1520 2485 1557 amore
2533 1504 2826 1572 processit;
2880 1514 2933 1556 ct
2970 1504 3110 1557 intus
3160 1513 3380 1573 paterna
3433 1504 3631 1571 pietate

2056 1594 2272 1656 dilexit,
2311 1610 2444 1662 quos
2478 1594 2608 1646 foris
2638 1594 2789 1661 quasi
2820 1593 3105 1661 insequens
3141 1592 3442 1661 castigavit.
3474 1591 3633 1646 Pater

2056 1698 2171 1742 erat
2219 1697 2272 1741 ct
2325 1698 2509 1756 pastor
2553 1688 2982 1751 monachormn,
3034 1687 3257 1757 pervigil
3313 1695 3634 1757 procurator

2059 1778 2540 1831 sanctimonialium
2586 1786 2639 1831 ct
2690 1786 2964 1847 protector
3012 1778 3317 1847 virginum;
3353 1779 3633 1831 viduarum

2059 1868 2402 1930 considator,
2450 1868 2863 1936 peregrinorum
2905 1878 3222 1937 susceptor,
3273 1868 3635 1923 [CecIt-siarum

2060 1961 2328 2023 defensor,
2358 1961 2654 2013 errantium
2683 1969 2974 2021 corrector,
3011 1975 3303 2029 pauperum
3340 1968 3634 2024 recreatur,

2060 2051 2381 2119 pupillorum
2415 2059 2469 2104 ct
2512 2050 2875 2117 orphanornm
2910 2049 3151 2115 adjutor;
3198 2049 3338 2118 quod
3386 2048 3505 2119 plus
3536 2050 3638 2102 im-

2063 2138 2228 2208 plevit
2265 2153 2425 2207 opere
2454 2179 2468 2202 ,
2500 2154 2657 2207 quam
2694 2150 2874 2192 nostra
2924 2140 3160 2209 parvitas
3200 2154 3446 2193 sermone
3474 2139 3644 2209 possit

2064 2228 2310 2281 evolvere
2338 2229 2481 2298 “9)..

2137 2323 2266 2373 (λιν.
2312 2318 2501 2372 XXIX.
2532 2350 2598 2359 —
2621 2320 2831 2373 Accidit
2857 2320 2999 2375 enim
3031 2322 3259 2390 quodam
3288 2330 3549 2391 tempore,
3588 2331 3647 2379 ut

2070 2412 2259 2465 acerba
2286 2410 2453 2463 fames
2498 2411 2803 2463 universam
2847 2412 3136 2465 Britanniae
3182 2413 3453 2481 regionem
3481 2413 3645 2467 vehe-
3684 2459 3689 2464 .

2074 2511 2279 2555 menter
2307 2509 2614 2569 premeret,
2648 2510 2701 2553 et
2750 2501 2940 2569 inopizc
3001 2502 3311 2571 magmtmlo
3361 2502 3647 2571 plerosque

2074 2590 2185 2643 dira
2216 2589 2366 2643 clade
2389 2589 2776 2658 exstingueret.
2808 2589 2899 2643 V'ir
2941 2598 3118 2641 autem
3150 2589 3358 2643 Domini
3392 2593 3645 2645 misertus
3692 2620 3705 2659 -_

2074 2694 2233 2746 super
2264 2679 2472 2731 ιιιιιιειιιι
2504 2677 2643 2730 fame
2690 2678 2862 2731 valida
2914 2679 3285 2747 pereuntium,
3314 2694 3528 2733 omnem
3559 2695 3649 2750 pe-

2072 2770 2242 2822 cuni-.e
2274 2769 2574 2837 portionem
2607 2784 2767 2836 quam
2802 2768 3055 2831 habebat,
3091 2770 3140 2821 in
3189 2786 3315 2823 usus
3352 2785 3647 2839 pauperum
3714 2818 3717 2821 .

2071 2859 2344 2927 expendit.
2379 2858 2617 2927 Cumque
2649 2858 2870 2928 pecunia
2903 2858 3176 2920 deﬁceret,
3211 2858 3319 2912 tulli
3365 2860 3526 2929 jussit
3554 2875 3649 2914 or-

2073 2959 2327 3004 namenta
2362 2960 2682 3019 qumqucet
2729 2960 2980 3018 argentei
3024 2965 3153 3004 vasa
3203 2950 3529 3020 perplurima
3584 2954 3649 3010 de

2075 3042 2342 3094 thesauris
2381 3041 2645 3102 ecclesiae,
2685 3038 2863 3110 eaque
2885 3043 3142 3110 praecepit
3175 3043 3481 3097 minutatim
3514 3059 3645 3099 con-

2078 3132 2259 3202 fringi,
2291 3144 2343 3185 et
2373 3133 2420 3185 in
2450 3132 2704 3201 pecunias
2733 3132 2919 3201 redigi.
2969 3132 3163 3187 lntimo
3206 3134 3384 3188 cordis
3420 3135 3654 3206 suspirio

396 3220 588 3291 gniﬁce
624 3220 850 3289 pollens,
885 3220 938 3272 in
964 3218 1236 3288 plerisque
1263 3218 1394 3271 locis
1417 3218 1674 3273 ecclesias
1695 3219 1971 3281 dedicans,
2000 3202 2048 3265 ο
2081 3226 2160 3278 sic
2192 3224 2609 3293 protestabatnr,
2640 3238 2697 3277 se
2748 3224 3122 3292 :eqttaninlitcr
3164 3223 3306 3279 ferre
3346 3241 3451 3280 non
3498 3202 3656 3296 posse

396 3324 449 3367 et
483 3313 680 3382 ubique
711 3310 1055 3381 Evangelium
1087 3310 1285 3363 Christi
1323 3310 1621 3377 praedicans
1647 3350 1662 3373 ,
1701 3309 1855 3377 juxta
1885 3310 1977 3363 ad-

398 3403 749 3459 monitionem
802 3403 951 3457 Isaiae
1010 3401 1284 3471 prophetae
1332 3401 1558 3455 dicentis
1600 3419 1612 3454 :
1660 3400 1882 3465 Clunm,
1917 3418 1979 3455 ne

398 3512 563 3549 cesses
589 3536 603 3559 ,
630 3494 779 3564 quasi
809 3492 931 3546 tuba
979 3491 1153 3545 exaltu
1205 3507 1373 3544 rocem
1414 3502 1558 3543 tuam
1584 3532 1597 3556 ,
1648 3500 1694 3543 et
1726 3491 1978 3544 annuntio

400 3587 590 3659 populo
636 3603 748 3642 meo
790 3584 986 3639 scelera
1029 3600 1205 3638 eorum
1234 3623 1248 3649 ,
1286 3592 1333 3638 et
1365 3584 1545 3637 domui
1584 3582 1747 3637 Jaeob
1772 3592 1980 3653 peccata

402 3693 601 3733 eorum.

476 3770 604 3825 CAP'.
632 3767 820 3823 XXVI.
848 3798 917 3809 —
945 3766 1111 3836 Cujus
1132 3767 1569 3836 przedicationem
1600 3764 1982 3834 maximejnvit

409 3874 624 3919 sanctus
653 3865 877 3918 antistes
922 3861 1257 3916 Suvithunus
1281 3901 1295 3925 ,
1335 3861 1521 3915 eodem
1557 3869 1797 3930 tempore
1824 3859 1985 3914 ccele.

410 3960 580 4015 stibns
604 3960 769 4029 signis
804 3957 1133 4019 declaratus,
1162 3963 1214 4010 et
1250 3954 1386 4010 infra
1422 3954 1600 4023 templi
1633 3956 1833 4021 regiam
1874 3952 1986 4023 glo-

410 4054 699 4109 riosissime
751 4049 1086 4112 translatus,
1135 4062 1198 4101 ac
1240 4046 1619 4101 decentissime
1672 4045 1983 4099 collocatus.

409 4146 636 4213 ldqune
664 4146 878 4217 gemina
906 4141 1067 4197 simul
1098 4142 1150 4195 in
1197 4144 1355 4195 domo
1383 4140 1475 4195 Dei
1516 4139 1713 4193 fulsere
1754 4139 1985 4192 lumina-

414 4240 513 4303 ria,
530 4236 872 4293 camlelabris
898 4234 1078 4288 aureis
1100 4233 1435 4302 superposita
1471 4250 1481 4285 :
1513 4232 1639 4300 quia
1664 4230 1804 4299 quod
1832 4228 1994 4282 Adel-

414 4329 618 4386 woldus
648 4328 850 4383 salubri
900 4325 1185 4379 verborum
1225 4324 1603 4378 exhortatione
1642 4322 1989 4393 praedicavit,

412 4421 513 4478 hoc
542 4420 874 4475 Suvithunus
898 4417 1128 4485 gloriosa
1161 4416 1539 4470 miraculorum
1566 4414 1896 4469 exhibitione
1926 4413 1992 4467 ad

415 4514 617 4568 Iaudem
650 4510 884 4565 nominis
911 4509 1110 4564 Christi
1145 4507 1371 4562 miriﬁce
1397 4507 1690 4561 decoravit.

481 4604 611 4661 CAP.
639 4600 853 4659 XXVII.
875 4632 946 4642 —
969 4600 1163 4671 Sicque
1194 4599 1418 4662 factum,
1444 4601 1811 4654 consentiente
1846 4614 1988 4669 rege,

414 4709 472 4754 ιιι
500 4699 691 4771 partim
720 4696 981 4753 Dnnstani
1011 4695 1234 4749 consilio
1262 4702 1315 4747 et
1340 4692 1575 4751 actione.
1603 4692 1801 4763 partim
1831 4691 1993 4747 Adel-

416 4794 575 4851 woldi
623 4793 802 4848 sedula
855 4790 1275 4860 cooperatione,
1312 4788 1636 4843 monasteria
1690 4788 1890 4856 ubique
1938 4787 1993 4842 in

419 4894 574 4955 gente
603 4882 889 4953 Anglorum
921 4881 1162 4951 quaedam
1193 4880 1495 4943 monachis,
1523 4879 1763 4950 quaedam
1792 4878 1996 4933 sancti-

421 4974 741 5031 monialihns
769 4974 1224 5028 constituerentur
1266 4961 1366 5026 sdb
1405 4971 1691 5027 abbatibus
1736 4979 1790 5025 et
1832 4970 1980 5025 abba-

424 5066 569 5121 tissis
613 5064 930 5136 regulariter
958 5064 1277 5119 viventibus.
1306 5061 1729 5132 Circumivitque
1773 5061 2003 5118 famulus

497 5225 611 5296 (A16)
646 5226 719 5281 De
746 5219 846 5281 hoc
871 5224 1195 5296 monasterio
1230 5214 1857 5296 agriAHuntendoniensis
1882 5214 1996 5296 lege

445 5287 754 5352 Willelmum
784 5295 885 5353 Mal
913 5329 920 5341 ι
945 5287 1315 5350 ρειιιιτίριιεθῖιι
1355 5292 1405 5344 in
1444 5294 1535 5347 lib.
1569 5305 1638 5349 IV.
1682 5287 1754 5340 De
1784 5287 1999 5355 pontifi-

430 5370 603 5433 cibus,
628 5368 714 5422 ubi
740 5368 803 5426 de
822 5366 1078 5437 episcopis
1102 5365 1601 5429 DorceSIrensibus,
1619 5367 1671 5415 et
1688 5356 1935 5412 saeculum
1957 5374 1997 5415 ιι

426 5438 853 5513 Βειιεέιὶςιίηιιηι,
879 5454 994 5513 pag.
1027 5437 1143 5513 [56.
1304 5505 1307 5507 ἓ
1648 5502 1659 5513 θ

501 5511 613 5578 (17)
649 5511 720 5567 De
759 5498 983 5565 eo'viife
1028 5505 1449 5565 Observationes
1496 5502 1724 5578 praevias
1765 5498 1829 5554 ad
1878 5509 1999 5558 acta

2078 3327 2224 3369 muta
2258 3314 2470 3369 metalla
2505 3315 2709 3383 integra
2749 3316 3073 3383 perdurare,
3111 3315 3380 3370 hominem
3421 3331 3552 3371 vero
3589 3316 3657 3372 ad

2080 3409 2365 3479 imaginem
2407 3408 2497 3461 Dei
2529 3418 2794 3470 creatum,
2837 3415 2890 3459 et
2921 3408 3156 3475 pretioso
3174 3407 3373 3463 Christi
3398 3410 3659 3480 sanguine

2078 3502 2415 3569 redemptum
2477 3499 2818 3553 mendicitate
2865 3508 2919 3553 et
2970 3498 3145 3552 inedia
3206 3501 3401 3569 perire.
3453 3500 3660 3569 Emptis

2080 3607 2209 3662 ergo
2239 3590 2374 3645 cibis
2400 3592 2720 3643 sustentavit
2760 3589 3209 3644 innmnerahilem
3259 3591 3660 3647 multitudinem

2083 3696 2393 3752 egenorum,
2429 3680 2517 3747 qui
2551 3679 2845 3748 periculum
2881 3679 3036 3733 famis
3074 3680 3304 3733 evadere
3356 3682 3659 3750 cupientes,

2084 3772 2151 3825 ad
2189 3786 2305 3825 eum
2333 3770 2569 3837 undique
2593 3769 2965 3837 confugerant,
3003 3778 3057 3821 et
3095 3784 3184 3823 eos
3221 3769 3311 3838 qui
3362 3770 3663 3823 semineces

2087 3864 2137 3917 in
2166 3861 2358 3931 plateis
2385 3870 2437 3915 et
2459 3860 2708 3929 compitis
2732 3860 2877 3913 omni
2907 3860 3097 3915 solatio
3127 3861 3365 3914 destituti
3388 3860 3663 3929 jacebant,

2087 3953 2433 4008 refocillandu
2457 3951 2779 4016 sublevavit,
2820 3952 2886 4007 ab
2918 3952 3046 4022 ipsis
3072 3952 3316 4006 faucibus
3341 3953 3528 4006 mortis
3557 3952 3666 4007 eri-

2086 4048 2239 4119 piens
2266 4047 2516 4107 miseros,
2566 4045 2813 4115 przebens
2855 4061 3066 4117 quoque
3096 4046 3299 4102 cibaria
3357 4047 3667 4117 quotidiana

2090 4140 2311 4211 singulis
2343 4157 2354 4191 ε
2391 4140 2564 4194 donec
2596 4140 2961 4194 misericordia
2997 4140 3088 4195 Dei
3115 4141 3177 4194 de
3220 4140 3357 4195 creto
3390 4141 3441 4194 in
3468 4149 3669 4195 terram

2091 4232 2444 4302 prospiceret,
2474 4240 2530 4285 et
2558 4232 2793 4286 humano
2821 4233 3003 4302 generi
3048 4232 3205 4287 solita
3236 4233 3433 4301 pietate
3474 4234 3671 4287 subve-

2095 4331 2249 4383 niens
2281 4326 2481 4381 malum
2530 4325 2724 4395 inopia:
2770 4334 3118 4395 temperaret.
3152 4325 3206 4379 ln
3255 4326 3406 4393 cujus
3455 4325 3673 4394 pietatis

2095 4433 2255 4487 opere
2284 4425 2520 4471 sectatus
2547 4413 2809 4469 imitabile
2847 4414 3153 4483 exemplum
3203 4411 3344 4467 beati
3398 4412 3675 4468 Laurentii

2097 4513 2270 4569 levitze
2298 4519 2348 4564 et
2383 4510 2658 4579 martyris,
2689 4508 2801 4577 qui,
2838 4507 3071 4561 instante
3118 4506 3510 4575 persecutionis
3540 4514 3677 4560 tem-

2098 4618 2263 4675 pore,
2334 4600 2617 4655 thesaurus
2672 4609 2726 4653 ct
2789 4598 3073 4653 facultates
3125 4594 3379 4650 Ecclesia:
3424 4594 3679 4666 dispersit

2100 4697 2354 4767 deditque
2404 4695 2769 4768 pauperibus,
2823 4701 2880 4745 nt
2931 4691 3142 4761 justitia
3190 4687 3305 4757 ejus
3349 4697 3594 4743 maneret
3628 4687 3681 4745 In

2102 4792 2355 4845 saeculum
2419 4788 2599 4845 smculi
2635 4828 2648 4851 ,
2711 4794 2767 4839 et
2832 4798 3001 4838 cornu
3072 4782 3187 4837 eius
3235 4779 3572 4835 exaltaretur
3630 4779 3685 4834 in

2106 4882 2299 4954 gloria.

2176 4977 2307 5034 Car.
2350 4975 2521 5032 XXX.
2553 5007 2624 5020 —
2652 4973 2850 5029 Verum
2883 4973 3010 5044 quia
3041 4968 3321 5032 Dominus,
3354 4967 3495 5022 sicut
3539 4965 3695 5023 Scri-

2103 5074 2268 5138 ptura
2299 5068 2450 5133 dicit,
2475 5084 2639 5141 quem
2678 5064 2847 5136 diligit
2894 5065 3152 5135 corripit,
3189 5069 3243 5116 et
3268 5073 3481 5115 omnem
3527 5060 3696 5115 lilium

2105 5232 2183 5279 Ita
2216 5223 2434 5284 subdit:
2467 5244 2486 5278 ι
2521 5218 2898 5281 lnﬁrmabatnr
2929 5237 3066 5296 saepe
3090 5221 3141 5296 in
3168 5216 3462 5296 visceribus
3493 5225 3550 5271 et
3578 5229 3701 5296 crn-

2106 5297 2304 5358 rihus,
2350 5295 2627 5353 insomnes
2673 5300 2857 5346 noctes
2908 5309 2976 5349 ex
3005 5290 3206 5348 'dolore
3250 5290 3447 5342 ducens
3476 5302 3500 5358 ;_
3549 5297 3605 5342 et
3651 5290 3705 5339 in

2110 5366 2229 5441 glje,
2282 5356 2411 5423 licet
2455 5371 2723 5438 pallidus,
2770 5371 2954 5441 tamen
2992 5365 3144 5441 quasi
3189 5373 3351 5441 sanus
3400 5356 3701 5441 ambulans.

2106 5430 2336 5498 Minime
2374 5430 2563 5497 tamen
2594 5454 2684 5496 csu
2707 5435 2955 5511 carnium
2981 5430 3378 5511 quadrupedum
3408 5430 3707 5511 ant'avipr‘n

2105 5496 2360 5570 Ilsusest
2418 5496 2543 5569 nisi
2580 5506 2823 5578 semel.)
2862 5496 3081 5575 etc.,'nt
3124 5496 3274 5578 infra_
3306 5502 3357 5554 in
3397 5498 3584 5578 capite
3619 5496 3709 5551 '50.
