4466 5578
386 376 452 440 97
1932 387 1967 442 \'
1978 387 2104 444 ITA.
3596 404 3665 466 98

388 510 559 567 usque
616 510 682 554 ao
743 509 964 554 terram.
1023 496 1125 567 Qui
1190 514 1313 557 mox
1372 511 1432 555 ut
1491 509 1688 557 terram
1756 502 1975 574 attigit,
2008 500 2149 565 Aad
2178 514 2415 557 amorem
2449 511 2502 557 et
2535 505 2890 561 reverentiam
2923 508 3054 563 tanti
3080 508 3255 568 Patris
3284 513 3472 573 humili
3499 515 3663 575 devo-

390 590 675 647 incolumis
746 608 970 665 surgens
1035 594 1243 661 stetit,
1320 596 1395 651 nil
1470 596 1593 651 mali
1660 611 1851 667 passus
1906 598 1973 652 de

388 694 535 740 tanta
598 684 753 740 ruina
798 703 812 739 :
870 701 1037 757 seque
1094 688 1273 743 erucis
1334 688 1614 757 signaculo
1658 690 1970 755 benedixit,

386 776 664 833 admirans
730 778 859 849 quid
930 778 1001 833 ibi
1081 788 1326 849 ageret,
1396 780 1479 835 vel
1545 781 1780 851 qualiter
1848 782 1971 838 illuc

382 868 612 926 venerit.
661 868 727 924 Et
761 870 970 926 cunctis
997 871 1086 941 qui
1110 872 1337 927 aderant
1368 871 1693 940 videntibus,
1728 876 1970 929 ascendit

384 963 449 1020 ad
478 979 657 1020 meum
684 964 775 1021 ubi
805 973 961 1021 antea
1002 973 1257 1032 steterat;
1310 974 1367 1022 et
1409 967 1679 1038 accipiens
1730 968 1965 1035 trullam,

381 1056 529 1128 Operi
558 1058 704 1128 quod
734 1056 1098 1124 inchoaverat,
1152 1060 1464 1133 diligentius
1518 1062 1819 1119 insistebat.
1867 1063 1965 1120 Cui

381 1163 510 1221 ergo
535 1150 639 1206 hoc
662 1149 981 1206 miraculum
1013 1154 1393 1209 ascribcndum
1423 1164 1529 1220 est,
1558 1155 1659 1212 nisi
1692 1156 1786 1222 illi,
1813 1157 1967 1227 cujus

375 1240 527 1311 jussu
579 1242 647 1297 ad
697 1258 832 1314 opus
862 1244 1181 1301 obedientia:
1217 1247 1435 1303 exivit?
1478 1250 1568 1320 qui
1612 1250 1816 1307 idcirco
1846 1251 1964 1308 laedi

379 1348 485 1390 non
517 1335 723 1405 potuit,
761 1336 885 1407 quia
917 1336 1060 1394 hunc
1082 1338 1137 1393 in
1166 1354 1293 1395 casu
1324 1356 1422 1397 suo
1457 1342 1559 1397 viri
1589 1342 1681 1398 Dei
1713 1343 1963 1400 meritum

378 1428 653 1495 portavit,
710 1440 765 1487 et
826 1445 855 1485 a
917 1433 1154 1502 periculo
1214 1434 1383 1491 ruina:
1444 1436 1769 1493 incolumem
1835 1455 1964 1510 pro-

378 1520 530 1575 texit.

447 1613 573 1669 Car.
605 1614 821 1670 XXXV.
864 1647 930 1657 —
968 1618 1231 1691 Tempore
1281 1622 1516 1692 quodam
1567 1624 1784 1679 hiemali
1836 1641 1958 1681 cum

374 1704 571 1764 fratres
600 1711 896 1765 secundum
944 1711 1140 1782 regula:
1183 1714 1417 1770 edictum
1457 1717 1750 1787 temporius
1778 1718 1843 1771 ad
1874 1718 1959 1770 vi-

375 1800 531 1873 gilias
560 1812 843 1873 surgerent
896 1803 1134 1875 (Regum
1171 1805 1230 1860 S.
1268 1806 1465 1861 Bened.
1498 1824 1617 1877 cap.
1649 1809 1742 1877 tt),
1780 1819 1835 1864 et
1863 1826 1931 1864 ιιυ

372 1904 568 1950 cturno
617 1895 898 1951 intervallo
928 1897 1238 1966 psalmodia:
1269 1909 1324 1954 et
1354 1899 1565 1955 lectioni
1596 1900 1952 1967 inservirent;

370 1986 587 2055 quidant
616 1987 935 2052 monachus,
967 1990 1184 2043 nomine
1213 1988 1530 2056 Teodricus,
1560 1992 1625 2047 ad
1660 1992 1750 2046 Dei
1786 1994 1957 2047 humi-

370 2094 489 2133 ne-t
528 2080 789 2149 perrexit,
823 2080 1007 2136 volens
1041 2082 1253 2136 indiciis
1285 2082 1349 2137 de
1376 2083 1604 2153 quadam
1636 2083 1956 2138 necessitate

366 2186 412 2227 et
449 2172 714 2237 indicare,
749 2188 980 2243 eumque
1011 2173 1230 2229 luminis
1258 2176 1645 2231 candelabrum
1680 2194 1841 2231 manu
1875 2188 1953 2232 te-

367 2272 586 2317 nentem
620 2262 820 2334 reperit
849 2273 903 2317 et
929 2263 1217 2336 legentem,
1254 2274 1306 2320 et
1337 2265 1523 2321 sedula
1566 2267 1803 2337 agilitate
1843 2269 1959 2337 pal-

364 2355 652 2427 pebrarum
702 2356 902 2413 seniles
931 2358 1152 2413 obtutus
1180 2369 1461 2413 acuentem
1497 2376 1508 2411 :
1545 2360 1725 2428 ibique
1755 2360 1953 2415 diutius

366 2449 542 2511 Slclit,
576 2449 861 2504 attendens
887 2465 1046 2519 quam
1090 2450 1329 2505 studiose
1356 2450 1542 2505 oculos
1571 2451 1776 2522 paginze
1829 2451 1949 2506 inli-

366 2551 538 2613 getet.
573 2540 827 2599 Surrexit
855 2544 1069 2599 tandem
1092 2545 1176 2599 vir
1204 2556 1425 2600 sanctus
1446 2560 1475 2599 a
1501 2541 1754 2611 lectione,
1784 2555 1836 2601 et
1865 2547 1953 2602 ille

363 2630 530 2689 frater
563 2635 806 2692 residens
835 2637 1043 2707 accepit
1090 2636 1404 2703 candelam,
1454 2638 1725 2709 coepitque
1752 2638 1947 2710 legere,

362 2727 598 2799 probans
631 2738 814 2783 utrmn
868 2737 924 2785 et
969 2729 1082 2800 ipse
1115 2737 1297 2801 posset
1324 2729 1511 2785 oculos
1539 2744 1665 2785 suos
1694 2744 1854 2785 sanos
1884 2731 1951 2784 ad

361 2818 640 2894 legendum
674 2833 786 2877 tam
838 2822 1123 2895 diligenter
1170 2838 1405 2889 acuere,
1456 2824 1597 2880 sicut
1640 2823 1950 2895 episcopum

362 2926 491 2969 suos
523 2912 822 2985 caligantes
874 2913 1070 2970 fecisse
1098 2915 1327 2971 viderat.
1385 2914 1492 2970 Sed
1546 2912 1635 2969 illa
1676 2916 1952 2972 temeritas

362 3022 468 3062 non
500 3007 716 3078 impune
742 3008 925 3063 evenit
973 3008 1066 3063 illi.
1120 3008 1254 3065 Nam
1300 3008 1546 3079 sequenti
1598 3016 1777 3075 nocte,
1826 3024 1950 3065 cum

361 3094 601 3153 membra
633 3098 813 3169 sopori
850 3098 1110 3163 dedisset,
1158 3100 1407 3170 apparuit
1449 3099 1497 3154 ei
1547 3099 1767 3169 quidam
1800 3100 1949 3155 vultu

361 3190 689 3263 incognitus,
722 3191 953 3246 terribili
985 3191 1403 3247 comminatione
1451 3192 1635 3247 dicens
1684 3193 1750 3247 ad
1780 3207 1903 3247 eum
1932 3206 1946 3247 :

2081 594 2224 649 tione
2251 596 2618 651 incitaremns.
2652 598 2919 656 (Steterunt
2971 618 3075 659 non
3108 602 3265 660 facile
3290 608 3445 665 nobis
3470 627 3661 669 occur-

2075 686 2145 741 rit
2173 688 2464 758 explicare,
2493 699 2694 761 quanta
2729 694 2811 748 vel
2842 696 3017 765 qualia
3049 708 3271 756 sanctus
3316 701 3660 765 Adelwoldus

2072 780 2390 836 sustinuerit
2440 798 2539 854 pro
2587 786 2973 843 monachorum
3030 789 3344 850 defensione
3395 796 3657 866 pericula,

2073 878 2166 925 aut
2221 887 2379 942 quam
2431 873 2664 947 benigno
2710 876 2964 950 diligebat
3016 883 3210 941 aﬂ‘ectu
3282 889 3555 948 studiosos
3604 900 3659 947 et

2071 964 2384 1023 obedientes
2421 968 2641 1034 fratres,
2674 980 2769 1026 aut
2798 983 3058 1042 quantum
3091 977 3144 1032 in
3172 989 3443 1039 structura
3474 998 3661 1042 mona-

2068 1058 2220 1113 sterii
2270 1058 2572 1118 elaboraret
2619 1063 2904 1120 ecclesiam
2944 1073 3247 1141 reparando
3275 1074 3518 1147 aliasque
3562 1079 3659 1134 do-

2071 1169 2188 1210 mos
2216 1156 2568 1223 anliﬁcando;
2605 1171 2695 1217 aut
2726 1180 2885 1234 quam
2912 1167 3139 1239 pervigil
3168 1176 3286 1224 erat
3316 1170 3370 1225 in
3399 1173 3658 1231 orationi-

2068 1242 2190 1308 bus,
2225 1256 2279 1300 et
2311 1262 2471 1317 quam
2506 1250 2696 1307 devote
2749 1256 3068 1313 hortabatur
3119 1258 3317 1316 fratres
3344 1263 3413 1318 ad
3442 1268 3655 1322 confes-

2066 1337 2236 1394 sionis
2266 1343 2586 1409 remedium,
2622 1355 2715 1401 aut
2746 1364 2906 1417 quam
2953 1352 3119 1408 multa
3152 1354 3317 1410 millia
3348 1357 3653 1415 animarum

2068 1429 2283 1487 diabolo
2312 1435 2660 1505 subtraxerit,
2692 1455 2895 1511 easque
2926 1441 3034 1498 Deo
3081 1446 3317 1504 redditas
3342 1450 3480 1507 emlo
3512 1451 3657 1507 intu-

2066 1519 2207 1577 lerit.
2240 1523 2344 1578 Sed
2375 1542 2436 1579 ex
2472 1528 2554 1583 his
2582 1531 2767 1599 paucis
2797 1534 2954 1603 plura
2984 1539 3231 1607 cognosci
3262 1552 3503 1609 possunt.
3533 1559 3652 1615 qua:

2065 1630 2095 1670 a
2131 1617 2286 1672 vobis
2314 1621 2556 1674 enarrari
2590 1636 2863 1693 nequeunt
2901 1628 3038 1699 (22).

2134 1708 2262 1763 Car.
2294 1709 2574 1765 k.\.\'\’lll.
2602 1743 2672 1752 —
2694 1713 2985 1784 Oportebat
3009 1736 3238 1792 namque
3272 1723 3483 1794 impleri
3509 1741 3652 1782 sent-

2063 1802 2210 1854 nium
2226 1843 2235 1863 ,
2254 1804 2394 1870 quod
2420 1818 2574 1857 Sacer
2588 1803 2896 1862 Dnnstanns
2914 1809 3000 1863 ille
3017 1811 3286 1881 gloriosus
3307 1824 3358 1870 et
3373 1816 3653 1886 angelicus

1989 1871 2034 1932 Β
2063 1892 2357 1963 Anglorum
2381 1896 2555 1964 gentis
2576 1896 3012 1970 archiepiscopus
3037 1903 3165 1959 olim
3192 1906 3256 1960 de
3283 1921 3348 1962 eo
3367 1922 3426 1964 se
3450 1909 3651 1966 vidisse

2061 1986 2397 2057 perhibebat.
2427 1986 2560 2043 Nam
2594 2004 2713 2044 eum
2742 2002 2880 2048 esset
2905 1994 3072 2049 abbas
3096 1999 3409 2053 monasterii
3441 1999 3651 2057 Glesto-

2060 2082 2262 2137 niensis
2309 2093 2359 2136 et
2389 2087 2486 2140 sub
2525 2087 2640 2156 ejus
2681 2087 2941 2156 regimine
2972 2088 3226 2144 militaret
3257 2092 3648 2165 omnipotentis

2065 2175 2152 2229 Dei
2182 2178 2411 2231 tumulus
2433 2179 2776 2242 Adelwodus,
2795 2180 2935 2233 sicut
2950 2194 3109 2251 supra
3130 2185 3495 2252 narravimus,
3515 2187 3650 2244 vidit

2061 2268 2112 2323 in
2136 2271 2338 2325 somnis
2361 2281 2510 2326 extra
2528 2272 2903 2328 dormitorium
2924 2276 3154 2345 positus,
3177 2278 3330 2347 quasi
3354 2282 3646 2350 quamdam

2057 2364 2207 2420 mine
2222 2362 2555 2422 celsitudinis
2578 2367 2851 2431 arborem,
2867 2383 2986 2437 qtae
3004 2384 3181 2424 ramos
3197 2386 3323 2426 suos
3341 2374 3649 2442 expandere

2055 2456 2168 2510 visa
2200 2466 2282 2511 est
2316 2458 2381 2511 ad
2420 2457 2683 2512 orientem
2731 2468 2782 2513 et
2813 2458 3176 2526 occidentem,
3218 2463 3645 2532 septentrionem

2054 2557 2109 2603 et
2154 2550 2456 2614 meridiem,
2497 2565 2660 2619 super
2700 2550 3007 2605 universam
3046 2550 3339 2608 Britanniae
3370 2557 3645 2627 regionem

2054 2649 2207 2695 vasta
2246 2640 2571 2712 longitudine
2600 2649 2653 2697 et
2683 2641 2965 2697 latitudine
3006 2652 3250 2698 extensa.
3291 2643 3457 2714 Cujus
3486 2650 3644 2701 arbu-

2054 2735 2130 2792 ris
2154 2737 2284 2790 rami
2316 2736 2615 2792 innumeris
2638 2748 2795 2792 erant
2821 2738 3117 2809 majoribus
3153 2748 3314 2810 atque
3343 2744 3643 2801 minoribus

2052 2830 2278 2887 cucullis
2310 2831 2421 2902 (25)
2469 2831 2672 2897 onusti,
2710 2832 2822 2903 ipsa
2859 2850 2988 2889 vero
3028 2832 3199 2890 arbor
3228 2835 3279 2889 in
3310 2850 3525 2893 summo
3555 2854 3646 2894 ca-

2051 2928 2270 2985 cumine
2307 2929 2551 3000 gestabat
2593 2946 2754 2984 unam
2787 2934 3154 3002 przegrandem
3208 2932 3496 3004 cucullam,
3526 2954 3647 3009 quae

2058 3022 2395 3078 manicarum
2425 3023 2728 3079 velamento
2766 3026 3175 3095 supereminens
3201 3033 3519 3099 protegebat
3542 3047 3646 3087 cae-

2055 3122 2221 3178 teras,
2261 3124 2315 3169 et
2344 3114 2547 3185 ingenti
2582 3116 2909 3186 proceritate
2960 3120 3373 3189 snpergrcdiens
3428 3122 3644 3177 univer-

2052 3218 2161 3269 sas,
2209 3205 2383 3275 ipsum
2424 3207 2767 3278 contingebat
2805 3208 3020 3264 coelum.
3056 3206 3150 3264 Vir
3188 3221 3366 3266 autem
3401 3210 3641 3281 Domini,

366 3258 511 3352 ιρυᾶ
532 3284 836 3339 temeritate
861 3283 1249 3354 praesnmpsisti
1278 3284 1611 3354 exprobrare
1636 3284 1945 3356 episcopum
1976 3258 2021 3324 (ἶ

2054 3258 2073 3260 ἡ
2126 3258 2160 3269 κ,
3188 3258 3366 3266 -_.-...

1877 3302 1945 3341 ιιη
1976 3258 2021 3324 C
2052 3296 2382 3364 Dnnstauus,
2409 3314 2571 3370 super
2601 3301 2690 3355 tali
2736 3300 2942 3358 visione
2971 3303 3318 3361 vehementer
3354 3306 3641 3373 attonitus,

356 3376 630 3446 prteterita
659 3383 818 3429 nocte
847 3374 898 3429 in
927 3374 1190 3446 legendo?
1227 3394 1245 3428 ι
1305 3374 1550 3446 Cumque
1599 3375 1949 3433 tremefactus

359 3482 418 3522 se
465 3466 566 3520 hoc
614 3465 810 3521 fecisse
859 3475 1081 3536 negaret
1112 3508 1119 3517 .
1170 3466 1257 3520 ille
1290 3466 1456 3521 torvis
1495 3466 1546 3521 in
1583 3482 1706 3521 eum
1738 3467 1950 3524 intuens

358 3555 650 3613 luminibus
683 3575 694 3610 :
727 3576 744 3610 ι
782 3556 900 3612 Non
935 3568 1107 3627 potes,
1136 3558 1328 3628 inquit,
1357 3572 1444 3614 me
1480 3557 1711 3613 fallendo
1742 3558 1945 3624 ludere,

357 3649 496 3703 sicut
519 3650 756 3705 aestimas
790 3668 803 3704 :
839 3649 933 3705 sed
984 3649 1085 3705 hoc
1135 3652 1345 3721 signum
1380 3660 1483 3705 tua:
1511 3652 1947 3722 praesumptionis

357 3743 574 3799 habeas.
614 3764 631 3796 ι
695 3745 760 3799 Et
810 3746 921 3800 bzec
973 3745 1157 3799 dicens
1208 3745 1435 3801 incussit
1482 3747 1745 3803 violenter
1780 3748 1945 3801 ictum

354 3834 526 3889 oculis
556 3833 672 3904 ejus
718 3836 887 3906 digito
935 3848 1071 3900 suo,
1121 3835 1414 3905 statimque
1461 3835 1615 3890 dolor
1666 3835 1945 3892 oculorum

356 3924 563 3980 validus
591 3935 814 3981 secutus
842 3935 948 3992 est,
1000 3928 1089 3995 qui
1142 3942 1263 3981 eum
1313 3927 1497 3982 multis
1549 3928 1737 3983 diebus
1785 3929 1948 3983 vehe-

355 4025 566 4070 menter
592 4016 891 4088 afﬂigebat,
922 4018 1091 4073 donec
1122 4016 1493 4074 satisfactione
1544 4020 1755 4090 culpam
1802 4020 1947 4077 dele-

358 4114 460 4169 ret,
492 4122 653 4177 quam
690 4106 742 4160 in
779 4117 1027 4162 sanctum
1055 4108 1231 4162 virum
1270 4110 1485 4164 incaute
1514 4111 1804 4165 commisit.

426 4200 554 4255 CAP.
590 4198 830 4255 XXXVI.
863 4231 935 4241 —
958 4201 1089 4256 Item
1121 4202 1319 4257 accidit
1366 4218 1490 4257 cum
1521 4201 1756 4259 famulus
1782 4202 1939 4259 Chri-

355 4294 427 4351 sti
455 4303 723 4350 nocturno
752 4304 997 4366 tempore.
1028 4295 1241 4350 iectioni
1271 4310 1493 4366 operam
1523 4298 1695 4362 daret,
1728 4310 1848 4350 eum
1876 4295 1945 4352 ob

352 4385 578 4443 nimiam
606 4385 942 4457 vigilantiam
969 4387 1327 4453 obdormisse,
1357 4398 1413 4444 et
1443 4388 1723 4454 candelam
1752 4389 1945 4445 arden-

356 4486 463 4532 tem
497 4478 561 4534 de
589 4477 915 4535 candelabro
944 4494 1105 4551 super
1133 4480 1328 4535 librum
1362 4481 1414 4535 in
1442 4496 1551 4552 quo
1580 4482 1782 4553 legerat
1802 4484 1947 4540 ceci-

352 4573 518 4629 disse.
570 4572 697 4642 Qua:
749 4573 934 4629 tandiu
983 4574 1180 4631 ardens
1254 4590 1421 4645 super
1471 4574 1659 4631 foiium
1703 4576 1937 4645 jacebat,

351 4664 525 4721 donec
554 4681 689 4720 unus
735 4666 927 4730 frater,
980 4668 1195 4723 nomine
1242 4668 1579 4736 Leofredus,
1633 4671 1934 4727 adveniret.

2052 3386 2417 3462 interrogabat
2448 3392 2564 3447 lucc
2592 3392 2692 3447 sibi
2722 3394 3182 3450 demonstrantem
3207 3394 3358 3453 canis
3387 3398 3643 3469 angelicis

2051 3480 2362 3537 decoratum
2402 3482 2780 3555 presbyterum
2832 3484 3017 3541 dicens
3070 3500 3085 3538 :
3144 3503 3162 3537 ι
3204 3487 3398 3554 Quaeso
3426 3532 3440 3555 ,
3482 3505 3643 3546 vene-

2050 3576 2219 3632 rande
2249 3578 2452 3644 senior,
2485 3594 2605 3649 qua:
2634 3588 2717 3634 est
2768 3580 2880 3637 luce
2921 3581 3141 3638 robusta
3181 3594 3237 3640 et
3265 3587 3512 3644 sublimis
3555 3604 3642 3644 ar-

2048 3668 2169 3732 bor,
2201 3666 2356 3737 cujus
2388 3671 2520 3724 rami
2550 3669 2710 3742 longe
2740 3671 2955 3743 lateque
2992 3676 3214 3746 expansi
3257 3685 3362 3732 tam
3394 3680 3641 3735 innume-

2048 3761 2247 3817 rabiles
2284 3762 2523 3818 cucullus
2560 3765 2829 3820 sustinere
2871 3778 3190 3823 cernuntur.
3245 3789 3263 3822 ι
3312 3770 3409 3826 Cui
3440 3771 3526 3827 ille
3555 3788 3643 3828 rc-

2047 3855 2265 3924 spondit
2298 3873 2310 3908 :
2353 3874 2369 3905 ι
2407 3855 2585 3909 Arbor
2610 3857 2723 3912 haec
2752 3873 2912 3926 quam
2951 3860 3123 3919 vides.
3158 3862 3293 3917 abba
3338 3862 3636 3931 Dnnstane,

2048 3946 2214 4002 situm
2238 3946 2485 4018 designat
2510 3948 2668 4019 hujus
2700 3948 2888 4004 insuhe
2919 3965 2933 4004 :
2966 3968 3156 4024 magna
3187 3965 3366 4009 autem
3399 3956 3635 4022 cuculla,

2048 4052 2168 4109 qua:
2215 4038 2267 4093 in
2321 4036 2480 4106 hujus
2524 4040 2737 4095 arboris
2767 4042 3080 4098 summitate
3113 4045 3361 4116 erigitur,
3400 4046 3513 4117 ipsa
3555 4057 3639 4104 est

2047 4132 2296 4187 monachi
2323 4133 2396 4186 tui
2419 4131 2732 4198 Adelwoldi,
2758 4150 2875 4202 qurc
2901 4136 2950 4189 in
2975 4136 3075 4191 hoc
3100 4141 3428 4194 monasterio
3449 4150 3640 4198 devote

2046 4222 2264 4279 Christo
2333 4224 2661 4291 tumulatur;
2709 4227 2931 4299 reliqua:
2982 4245 3110 4286 vero
3159 4233 3400 4299 cucullae,
3442 4237 3637 4305 quibus

2046 4317 2104 4373 bi
2147 4318 2282 4373 rami
2326 4319 2575 4374 videntur
2616 4322 2838 4386 onusti,
2894 4322 3292 4380 multitudinem
3345 4327 3636 4399 designant

2047 4411 2477 4477 monachorum,
2528 4413 2621 4485 qui
2666 4415 2781 4484 ejus
2822 4417 3125 4473 eruditione
3154 4428 3280 4475 sunt
3309 4418 3636 4490 instruendi,

2045 4509 2103 4557 et
2136 4502 2373 4573 undique
2404 4504 2456 4558 in
2495 4505 2595 4560 hac
2633 4506 2848 4575 regione
2879 4507 2945 4561 ad
2976 4509 3363 4579 omnipotentis
3390 4510 3485 4568 Dei
3518 4529 3635 4569 ser-

1966 4627 2019 4689 D
2045 4595 2235 4650 vitium
2260 4599 2659 4670 congregandi;
2695 4599 3141 4671 ejusqueducatu
3166 4606 3480 4673 perventuri
3510 4617 3638 4664 sunt

2042 4686 2109 4741 ad
2152 4686 2379 4757 gloriam
2427 4690 2578 4761 regni
2621 4692 2915 4760 ccelortnu,
2958 4705 3013 4750 et
3056 4696 3121 4751 ad
3163 4698 3477 4754 societatem
3514 4717 3639 4757 cunt

350 4761 457 4828 Οιιί
500 4760 725 4817 “minus
770 4762 981 4833 θερειιῖι
1025 4763 1301 4819 candelam
1348 4764 1528 4821 adhuc
1569 4764 1937 4820 Παηιηπιηιειη
2040 4774 2259 4834 Christo
2284 4783 2622 4851 regnantium
2648 4785 2933 4854 spirituum
2958 4785 3265 4843 beatorum.
3298 4808 3316 4842 ι
3346 4789 3463 4858 Quo
3487 4808 3644 4849 acce-

350 4852 417 4908 de
447 4852 607 4952 Ῑίιπίζ»
638 4861 694 4907 οι
723 4853 953 4910 ίηῑυῖιυε
982 4857 1193 4927 “silex”
1232 4854 1446 4912 Γεινῖηίιε
1488 4859 1658 4929 ῖυεῖυδ
1700 4858 1938 4915 (tandem
2042 4877 2138 4942 pto
2162 4888 2443 4944 reSponso,
2475 4877 2558 4933 vir
2591 4888 2816 4934 sanctus
2860 4878 3103 4952 evigilat,
3134 4882 3399 4939 visionem
3444 4887 3646 4941 tacitus

347 4943 863 5043 Per_““"'3f_‘i"835
904 4948 1166 5019 ,ῖτιεθηῑοεν
1217 4957 1273 5004 el
1299 4951 1589 5008 GXSUmanS
1616 4968 1709 5008 03$
1734 4953 1937 5008 Ῑιινθιὶίι
2044 4978 2233 5021 secum
2272 4967 2647 5035 considerans,
2680 4986 2912 5043 eamque
2938 4974 3279 5043 postmodqu
3322 4972 3466 5030 ﬁdeli
3510 4976 3649 5035 rela-

348 5034 870 5140 paginamillznsam.
908 5038 1026 5106 Qua
1056 5040 1106 5096 in
1139 5056 1201 5097 re
1229 5043 1478 5099 meritum
1510 5045 1681 5101 sancti
1710 5046 1809 5101 viri
1843 5060 1939 5116 pa-
2043 5056 2195 5114 tione
2239 5059 2489 5122 ﬁdelibus
2539 5034 2985 5135 ίιιιιίοςιιιε,’ριιω
3046 5071 3370 5127 δυοεεάειιιρ
3406 5076 3652 5144 tempore

346 5128 486 5194 tttit,
534 5129 663 5199 quia
705 5132 983 5188 ardentem
1025 5133 1305 5190 candelam
1335 5134 1550 5193 ﬂatnma
1580 5140 1935 5210 consumpsit,
2046 5150 2110 5207 fa:

1896 5149 1935 5205 ι»
2046 5150 2194 5208 fama
2225 5154 2482 5225 vulgante
2511 5157 2697 5218 multis
2728 5160 2977 5225 innotuit,
3017 5172 3074 5219 et
3104 5165 3319 5220 tandem
3354 5160 3419 5215 ad
3454 5172 3657 5221 nostra

343 5229 402 5274 et
440 5228 671 5322 tantum
709 5221 812 5277 vim
863 5223 1077 5281 virtutis
1128 5240 1243 5282 sua:
1296 5242 1363 5282 ne
1418 5228 1668 5302 paginam
1727 5230 1946 5286 laederet
2046 5259 2268 5318 quoque
2288 5221 2581 5317 parvitatis
2612 5253 2858 5309 netitiam
2888 5221 3158 5325 pervenit.

341 5309 554 5412 amisit.
585 5399 815 5412 "mum
991 5407 1030 5412 η
1258 5410 1266 5412 Α
2063 5309 2083 5315 -
2118 5309 2250 5392 Clio.
2699 5342 2808 5398 Nec.
2848 5309 3156 5406 inlinnswet
3184 5345 3327 5403 aliud
3374 5344 3666 5412 Oportebal

414 5401 550 5510 (λιιι.
585 5399 837 5510 XXXVII.
878 5437 947 5447 —
987 5407 1108 5467 "me
1136 5409 1358 5510 Christo
1397 5414 1661 5487 largiente
1698 5412 1939 5510 breviter
2043 5427 2263 5497 impleri
2307 5399 2633 5504 sonu—,j-gm,
2672 5436 2813 5507 quod
2860 5438 2972 5510 ipse
3000 5399 3476 5501 airwné‘ivsancdjs
3503 5399 3669 5494 Age].

336 5496 662 5560 retulimus,
684 5506 738 5552 ut
762 5511 813 5557 et
838 5516 1138 5575 pmsetites
1167 5514 1224 5561 et
1249 5505 1452 5566 futuros
1478 5523 1720 5578 quosque
1749 5508 1936 5565 ﬁdeles
2040 5535 2100 5574 ψη

1902 5526 1936 5565 τε
2040 5520 2253 5578 woldus
2272 5521 2339 5578 de
2371 5545 2441 5578 sn
2477 5535 2632 5578 ηηῑιίς
2650 5528 2877 5578 nttmlam
2906 5532 3021 5578 vim
3054 5536 3345 5578 mihi-pltat.
3372 5528 3626 5578 innttiens
3651 5546 3666 5578 :
