4466 5578
849 483 917 541 99
1811 470 1869 523 S.
1910 458 2367 522 li'l'llliLWULDI
2409 455 2705 513 \VlNTON.
2748 452 2958 509 EPISC.

3985 441 4085 496 100

847 617 869 652 ι
890 596 1161 652 'Putaoam
1205 607 1291 647 me
1338 601 1481 646 stare
1514 590 1661 659 juxta
1708 587 1858 640 littus
1908 584 2072 637 maris
2096 621 2110 644 ,
2157 578 2247 634 ubi
2284 572 2416 629 mihi
2446 573 2492 633 Α
2521 570 2810 639 p0pularcs
2838 566 3037 635 quique
3064 568 3315 633 satagunt
3343 575 3371 614 a
3404 558 3543 615 malo
3573 559 3877 624 declinare,
3912 564 3966 612 et
3994 558 4090 618 bo-

842 689 1126 745 vidcbatur
1161 684 1351 739 adesse
1390 682 1633 752 quaedam
1677 677 1908 733 maxima
1966 673 2156 736 navis,
2202 670 2254 723 in
2308 682 2413 736 qua

844 778 1130 838 multitudo
1164 777 1378 848 copiosa
1420 774 1666 845 piscium.
1704 784 1759 827 et
1795 768 2025 824 maxime
2064 762 2414 833 anguillarum

844 871 1097 930 conclusa
1129 870 1414 924 tenebatur
1442 868 1507 921 ab
1531 867 1638 921 imo
1662 877 1830 933 usque
1856 861 1921 915 ad
1944 872 2233 915 sumnnun.
2256 852 2417 907 Cum-

844 981 950 1037 que
984 976 1193 1019 mecum
1228 961 1422 1015 tacitus
1457 958 1774 1029 cogitarem,
1815 951 1940 1024 quid
1988 949 2088 1003 sibi
2130 945 2290 1000 vellet
2319 945 2421 999 hoc

845 1056 1114 1115 somnium
1140 1053 1283 1125 quod
1316 1051 1584 1113 videbam,
1614 1053 1831 1115 repente
1866 1041 2044 1097 audivi
2076 1052 2259 1093 vocem
2300 1050 2420 1090 meo

844 1145 1063 1203 nomine
1110 1124 1194 1198 me
1246 1149 1550 1203 vocantem,
1610 1136 1848 1205 mihique
1889 1132 2156 1187 dicentem
2206 1143 2219 1180 :
2262 1124 2423 1180 Adel-

844 1238 1034 1303 woldc,
1063 1234 1390 1299 Adclwoldc,
1418 1234 1518 1288 hoc
1546 1231 1639 1285 tibi
1680 1227 1986 1306 mandatum
2017 1222 2227 1278 coalitus
2250 1235 2281 1273 a
2312 1218 2422 1273 Deo

844 1333 1070 1389 missum
1121 1336 1221 1384 est.
1272 1326 1460 1384 Excita
1504 1325 1601 1379 hos
1645 1322 1821 1392 pisces
1868 1318 2059 1388 quibus
2113 1315 2226 1369 haec
2273 1311 2425 1366 navis

846 1437 1006 1494 quam
1044 1418 1220 1474 cernis
1265 1416 1482 1487 impleta
1513 1422 1612 1475 est,
1646 1419 1699 1467 et
1736 1408 2074 1465 orationibus
2114 1403 2221 1458 tuis
2275 1400 2425 1454 eflice

846 1489 906 1572 ut
935 1515 1046 1570 sint
1072 1510 1341 1574 homines,
1374 1507 1514 1562 sicut
1546 1515 1703 1558 antea
1736 1500 1969 1556 fuerunt.
2009 1493 2175 1563 Cujus
2197 1489 2426 1564 jussioni

845 1625 973 1666 mox
1002 1625 1102 1682 ego
1127 1608 1521 1672 obtemperans,
1551 1596 1671 1650 steti
1700 1608 1796 1664 pro
1824 1591 1902 1647 eis
1924 1590 1988 1643 ad
2026 1586 2342 1644 orationem,
2374 1590 2429 1639 et

850 1675 1217 1770 lacryniarum
1266 1692 1437 1748 imbre
1488 1686 1781 1757 perfusus,
1835 1680 2189 1751 ingemiscens
2266 1675 2373 1730 dixi
2414 1691 2427 1727 :

848 1768 1075 1844 Domine
1100 1785 1246 1846 Jcsu,
1280 1781 1367 1837 cui
1400 1778 1533 1835 nihil
1560 1786 1643 1832 est
1677 1772 2033 1845 impossibile,
2068 1768 2272 1839 respice
2304 1782 2429 1835 pro-

852 1878 1018 1950 pitius
1044 1876 1109 1931 ad
1161 1874 1370 1928 animas
1413 1867 1673 1925 diabolica
1707 1865 1893 1920 fraude
1923 1863 2178 1930 deceptas
2204 1898 2219 1924 ,
2254 1874 2373 1928 qua:
2402 1872 2431 1910 a

849 1981 1010 2022 sensu
1062 1965 1313 2019 humana:
1356 1958 1582 2015 rationis
1614 1956 1856 2011 alienatae
1893 1962 2037 2016 sunt,
2070 1959 2123 2005 ct
2154 1964 2303 2003 more
2334 1950 2428 2002 bc-

849 2057 995 2115 stiali
1026 2057 1081 2111 in
1115 2054 1321 2110 lubrico
1348 2051 1509 2121 hujus
1537 2048 1716 2105 szeculi
1744 2061 1899 2101 emno
1928 2040 2311 2097 miserabiliter
2346 2039 2431 2093 in-

848 2150 1155 2207 volvuntur.
1183 2146 1281 2212 Ne,
1307 2159 1509 2215 qumso,
1542 2140 1681 2195 bone
1710 2139 1856 2200 Jcsu,
1888 2136 2169 2206 permittas
2194 2174 2208 2198 ,
2259 2142 2319 2186 ut
2367 2132 2432 2186 dc

849 2242 931 2299 eis
975 2238 1315 2310 triumphans
1344 2234 1603 2306 glorietur
1649 2229 1869 2285 humani
1915 2226 2128 2299 generis
2160 2224 2431 2285 inimicus,

851 2333 945 2390 sed
976 2347 1072 2403 per
1116 2330 1191 2385 tui
1235 2328 1405 2385 sancti
1455 2323 1688 2380 nominis
1716 2318 2163 2389 omnipotentiam
2196 2314 2432 2369 resusci-

854 2430 1035 2477 tentur
1065 2420 1131 2474 ad
1161 2418 1351 2481 vitam,
1384 2422 1445 2469 ut
1491 2412 1756 2468 somnium
1811 2419 2025 2463 aeternae
2073 2404 2263 2461 mortis
2302 2419 2431 2458 eva-

851 2514 1063 2580 dentes,
1096 2519 1150 2567 te
1172 2522 1360 2565 verum
1396 2512 1452 2561 et
1490 2503 1709 2558 unicum
1756 2500 1937 2554 mundi
1982 2496 2315 2551 Salvatorem
2348 2510 2435 2549 co-

853 2610 1135 2677 gnoscant,
1168 2610 1223 2656 et
1253 2598 1506 2667 deinceps
1537 2608 1750 2663 semper
1777 2591 1842 2645 ad
1874 2586 2217 2657 tranquillum
2248 2584 2435 2640 salutis

853 2675 960 2751 tum
988 2700 1203 2764 portum
1231 2685 1622 2757 confugientes,
1649 2682 1714 2736 ab
1744 2679 1993 2735 erunibus
2022 2675 2202 2731 mundi
2233 2684 2439 2745 pertur‘

854 2784 1163 2843 bationibns
1208 2780 1473 2835 immunes
1508 2775 1779 2835 existant,
1817 2780 1871 2825 et
1918 2770 2017 2824 sub
2052 2777 2139 2821 tua
2171 2766 2437 2833 guberna-

855 2875 1002 2931 tione
1035 2886 1240 2929 secura:
1270 2875 1640 2939 permaneant.
1674 2864 1847 2918 Tuum
1886 2870 1968 2916 est
2004 2860 2171 2924 enim,
2204 2857 2432 2919 Christe,

862 2975 1104 3023 mortuos
1128 2960 1417 3023 vivificare,
1447 2966 1502 3013 et
1534 2956 1817 3025 imaginem
1848 2964 1993 3007 tuam
2024 2967 2183 3021 quam
2214 2957 2435 3011 creasti,

860 3056 915 3113 in
946 3056 1194 3111 decorem
1224 3066 1379 3106 suum
1428 3047 1713 3119 pristintun
1765 3043 2091 3105 reformare,
2124 3040 2213 3110 qui
2248 3037 2437 3093 venisti

860 3149 915 3205 itt
956 3148 1099 3202 hunc
1138 3142 1391 3199 tnundum
1428 3147 1738 3210 peccatores
1783 3135 1962 3191 salvos
2010 3133 2206 3196 facere,
2240 3138 2293 3184 et
2324 3130 2437 3183 dira

865 3237 1057 3295 mortis
1100 3233 1359 3305 supplicia
1398 3244 1586 3301 passus
1632 3228 1685 3282 in
1717 3242 1894 3289 cruce,
1928 3225 2174 3296 dignatus
2218 3237 2277 3276 es
2316 3219 2439 3273 fun-

862 3331 993 3387 dere
1023 3325 1339 3397 sanguinem
1371 3332 1520 3377 tmun
1550 3321 1844 3392 pretiosum
1876 3334 1972 3387 pro
2002 3316 2173 3372 salute
2202 3313 2441 3369 omnium

861 3428 1125 3477 nostrum.
1164 3416 1297 3473 Cum
1329 3415 1446 3469 limo
1493 3422 1548 3467 ct
1596 3411 1681 3466 his
1728 3410 1924 3465 similia
1974 3407 2235 3464 orationis
2278 3404 2441 3458 verba

862 3516 1186 3582 compuncto
1216 3505 1379 3562 corde
1408 3514 1462 3561 et
1495 3504 1684 3574 spiritu
1734 3501 2057 3557 lnnuilitalis
2088 3496 2441 3562 effunderem,

865 3617 991 3659 ecce
1018 3615 1153 3673 quos
1179 3607 1334 3654 antea
1363 3597 1539 3669 pisces
1570 3595 1620 3649 in
1652 3594 1762 3649 luto
1802 3593 1946 3648 fLBCiS
1974 3600 2028 3646 et
2060 3592 2111 3646 in
2144 3590 2258 3644 lacu
2288 3589 2443 3644 mise-

862 3693 957 3749 rize
981 3692 1218 3747 videram
1269 3687 1557 3748 involutos,
1606 3684 1782 3739 subito
1818 3682 2064 3738 homines
2090 3679 2307 3735 effectos
2332 3689 2383 3733 et
2414 3695 2443 3732 ιι

863 3793 1036 3842 morte
1078 3782 1426 3839 resuscitatos
1473 3778 1673 3834 video:
1715 3775 2058 3844 surrexitque
2108 3772 2172 3828 de
2224 3771 2344 3825 navi
2394 3779 2447 3825 ct

863 3877 1108 3949 perrexit
1167 3874 1487 3931 festinanter
1542 3871 1607 3924 ad
1657 3878 1855 3923 terram
1904 3865 2118 3934 copiosa
2166 3863 2443 3919 hominum

866 3968 1189 4031 multitudo,
1232 3980 1461 4036 quorum
1500 3961 1697 4017 multos
1730 3959 2036 4031 specialiter
2072 3971 2394 4027 agnoveram
2424 3969 2439 4007 :

866 4062 1011 4119 inter
1031 4075 1168 4129 quos
1189 4074 1330 4114 unus
1358 4065 1653 4111 retrorsum
1680 4052 1901 4117 cadens,
1934 4051 2127 4105 itermn
2160 4049 2210 4101 in
2239 4047 2446 4117 anguil-

867 4152 972 4208 iam
1002 4166 1191 4206 versus
1221 4157 1324 4215 cst,
1349 4147 1438 4203 ille
1462 4144 1710 4200 videlicet
1735 4142 2078 4205 Adelstanus,
2116 4140 2205 4209 qui
2234 4154 2443 4193 mecum

864 4247 1149 4319 presbyter
1172 4241 1442 4314 quondam
1474 4240 1645 4293 fuerat
1667 4236 1965 4299 ordinatus,
2003 4250 2159 4303 quem
2198 4232 2448 4300 deinceps

867 4340 1015 4397 nullo
1041 4338 1200 4393 modo
1225 4334 1483 4393 excitare.
1506 4347 1604 4387 nec
1626 4341 1683 4386 ut
1712 4331 1871 4386 homo
1898 4328 2049 4383 fieret
2076 4335 2313 4397 poteram
2341 4322 2449 4379 elli-

868 4450 1014 4491 cere.
1033 4430 1243 4502 Reliqui
1261 4441 1587 4485 veroomncs
1604 4423 1926 4479 unanimiter
1939 4422 2251 4476 levaverunt
2266 4433 2448 4473 vocem

868 4526 920 4582 in
939 4524 1155 4588 caelum,
1176 4520 1421 4578 manibus
1436 4518 1771 4591 plaudentes,
1801 4525 1853 4570 et
1878 4515 2079 4584 gratias
2094 4509 2449 4580 omnipOtenti

870 4618 980 4675 Deo
1003 4615 1321 4677 referentes,
1346 4612 1470 4684 quia
1498 4626 1596 4681 per
1622 4609 1736 4678 ejus
1760 4605 2081 4662 ineffabilem
2106 4603 2448 4660 clctncntiam

870 4716 924 4764 et
983 4722 1079 4777 per
1138 4720 1272 4759 mea:
1340 4701 1621 4773 parvitatis
1688 4699 1974 4753 adventum
2046 4702 2357 4751 meruerunt
2421 4710 2451 4748 a

872 4808 1046 4855 morte
1075 4797 1139 4851 ad
1175 4796 1337 4850 vitam
1373 4793 1634 4855 revocari,
1666 4799 1721 4845 et
1770 4791 2019 4845 humanm
2064 4786 2259 4842 rationi
2290 4801 2451 4856 quam

872 4891 1165 4947 amiserant
1214 4885 1529 4943 restaurari.
1582 4884 1693 4953 Ego
1739 4892 1916 4937 autem
1966 4879 2203 4950 gaudens
2249 4877 2299 4930 in
2350 4876 2452 4929 Dn-

872 4982 1041 5046 mino,
1079 4988 1133 5034 et
1174 4975 1557 5047 congratularis
1600 4973 1702 5027 illis
1742 4971 1967 5041 evigilo,
2017 4970 2260 5037 hancque
2288 4963 2451 5019 visio—

874 5090 996 5131 nem
1026 5072 1208 5138 vobis,
1250 5085 1283 5125 0
1320 5067 1467 5124 filioli
1498 5068 1600 5121 mei
1628 5067 1639 5120 !
1674 5065 1871 5120 idcirco
1902 5063 2077 5116 refero
2104 5103 2117 5127 ,
2160 5069 2217 5113 ut
2263 5066 2317 5111 ct
2359 5071 2452 5109 vos

872 5184 995 5227 cum
1035 5167 1295 5221 bonorum
1331 5177 1550 5231 operum
1588 5158 1734 5213 cultu
1773 5154 2129 5223 perseveretis
2162 5152 2214 5204 in
2251 5158 2441 5204 sancto

872 5257 1184 5322 proposito,
1225 5269 1332 5322 quo
1370 5267 1467 5322 per
1506 5249 1733 5321 gratiam
1770 5246 1861 5300 Dei
1898 5243 2118 5314 possitis
2160 5242 2211 5295 in
2262 5252 2447 5293 eorum

2519 678 2645 717 num
2676 660 2884 724 facere,
2912 666 2962 712 et
2991 654 3261 710 humiliter
3287 652 3419 723 Regi
3448 668 3654 723 regum,
3684 650 3928 717 Christo,
3954 649 4088 706 colla

2520 753 2786 808 subdere:
2830 758 3099 820 quatenus
3136 754 3191 801 et
3228 743 3476 799 monachi
3527 743 3684 798 simul
3731 752 3784 797 et
3833 742 3955 797 laici
4004 755 4090 797 se-

2520 853 2751 914 quentes
2803 841 2974 897 sancti
3030 839 3207 893 Patris
3238 836 3532 891 Adclwoldi
3569 836 3823 907 vestigia,
3857 834 4095 891 ccclesiis

2522 936 2675 1006 regni
2712 933 3039 1004 sempiterna
3073 936 3386 985 mereantur
3412 926 3636 998 adipisci
3669 926 3880 996 gaudia.

2593 1064 2718 1119 Car.
2744 1061 2856 1117 XL.
2876 1062 3111 1115 —Anno
3139 1059 3431 1115 Dominieze
3448 1057 3834 1114 incarnationis
3862 1071 4101 1126 nongen-

2524 1154 2723 1209 tesimo
2736 1153 3088 1222 octogesimo,
3109 1158 3365 1206 renovata
3381 1158 3435 1203 et
3449 1157 3754 1205 constructa
3775 1156 3857 1202 est
3876 1146 4100 1203 ecclesia

2527 1244 2739 1301 Veteris
2759 1244 3012 1309 emnobii,
3033 1257 3220 1297 novem
3236 1241 3580 1312 pontificibus
3592 1256 3709 1295 eam
3726 1238 4035 1295 solemniter
4049 1248 4105 1294 et

2530 1354 2649 1393 cum
2669 1352 2861 1409 magna
2880 1336 3050 1407 gloria
3067 1334 3439 1391 dedicantibus
3458 1351 3470 1388 :
3488 1348 3713 1403 quorum
3730 1332 3886 1402 primi
3902 1340 4105 1402 etpraz-

2533 1431 2675 1501 cipui
2711 1444 2891 1484 arcem
2925 1430 3181 1483 tenebant
3216 1428 3519 1482 Dunstanus
3557 1425 4025 1495 archiepiscopus,
4053 1433 4108 1479 et

2536 1519 2651 1589 ipse
2673 1526 2892 1573 sanctus
2921 1516 3262 1572 Adclwoldus
3292 1515 3600 1585 episcopus,
3626 1514 3726 1569 sub
3765 1514 3853 1569 die
3877 1529 3972 1569 χιιι
4003 1512 4108 1568 Ka-

2536 1610 2817 1665 lendarum
2865 1608 3281 1675 Novembrium,
3322 1608 3375 1661 in
3416 1606 3701 1677 przesentia
3754 1606 3899 1675 regis
3945 1605 4109 1661 Adel-

2536 1702 2686 1768 redi,
2738 1712 2792 1757 et
2832 1702 2884 1756 in
2925 1709 3191 1755 conventu
3226 1699 3469 1753 omnium
3504 1713 3639 1769 pene
3676 1696 3907 1759 ducum,
3946 1695 4113 1750 abba-

2538 1804 2683 1857 tum,
2727 1796 2984 1850 comitum
3025 1794 3432 1863 primorumque
3477 1792 3797 1862 optimatum
3848 1790 4114 1846 universa:

2463 1888 2713 1982 Bgenti‘s
2759 1886 3084 1982 Anglorum,
3137 1886 3228 1955 qui
3280 1884 3521 1939 eamdem
3578 1884 3741 1939 biduo
3788 1898 3911 1938 eum
3962 1880 4112 1937 omni

2536 1979 2732 2049 gaudio
2768 1978 3179 2032 celebraverunt
3221 1976 3611 2031 dedicationem
3642 1994 3653 2030 :
3688 1976 3754 2030 de
3789 1990 3893 2044 qua
3930 1981 3982 2028 et
4015 1986 4115 2027 nos

2538 2073 2589 2126 in
2625 2071 2850 2125 Domino
2882 2069 3349 2141 congratulantes,
3381 2069 3484 2123 hoc
3514 2082 3732 2123 carmen
3761 2066 4055 2122 cecinimus
4095 2078 4112 2119 :

2608 2251 2809 2306 Pracsnl
2836 2251 3181 2306 Adclwoldus
3212 2265 3369 2305 sacro
3405 2248 3698 2319 spiramine
3727 2246 3935 2317 plenus.

2678 2343 2831 2398 Fecit
2863 2359 3035 2398 ovans
3062 2358 3226 2413 opera
3257 2342 3423 2397 multa
3454 2341 3565 2396 Deo
3594 2340 3811 2411 placita.

2608 2434 2771 2489 Istius
2804 2436 3008 2504 antiqui
3045 2434 3312 2503 reparavit
3337 2442 3390 2487 et
3417 2433 3552 2488 atria
3584 2430 3766 2502 templi

2679 2524 2945 2581 anibus
2980 2525 3213 2580 excelsis
3240 2524 3671 2593 culminibusth
3701 2521 3873 2578 novis.

2608 2617 2858 2672 Partibus
2889 2619 2990 2672 hoc
3022 2617 3206 2671 Austri
3240 2616 3461 2671 firmans
3491 2624 3545 2669 et
3578 2614 3823 2684 partibus
3852 2606 4040 2677 Arcti,

2678 2707 2984 2763 Porticibus
3013 2707 3199 2762 solidis
3228 2708 3462 2761 arcubus
3489 2713 3543 2759 et
3568 2704 3753 2758 variis.

2610 2794 2829 2866 Adglidit
2857 2809 2911 2852 et
2938 2797 3123 2866 plures
3157 2797 3330 2851 sacris
3360 2796 3620 2850 altaribus
3643 2794 3817 2860 (cdes,

2685 2891 2814 2963 Quae
2845 2890 3079 2945 retinent
3107 2889 3327 2944 dubium
3359 2888 3565 2943 liminis
3594 2888 3896 2943 introitum.

2611 2983 2867 3051 Quisquis
2893 2992 2951 3038 ut
2980 2984 3176 3054 ignotis
3201 2983 3318 3037 haec
3343 2981 3651 3037 deambulat
3674 2981 3808 3035 atria
3833 2977 4051 3050 plantis,

2685 3074 2902 3130 Nesciat
2928 3076 3069 3129 unde
3098 3084 3242 3130 meat
3264 3115 3278 3137 ,
3305 3089 3479 3144 quove
3505 3076 3693 3144 pedem
3722 3070 3945 3127 referat.

2613 3165 2770 3222 Omni
2802 3174 2955 3235 parte
2986 3164 3131 3220 fores
3162 3166 3285 3235 quia
3320 3164 3726 3234 conspiciuntur
3755 3170 3989 3233 apertae,

2688 3258 2800 3312 Nec
2829 3267 2978 3329 patet
3007 3258 3112 3312 ulla
3146 3258 3247 3313 sibi
3280 3257 3470 3312 semita
3504 3266 3650 3312 certa
3684 3256 3801 3310 viae.

2618 3349 2735 3406 Huc
2767 3349 3000 3420 illucque
3025 3365 3189 3419 vagos
3221 3358 3370 3403 stans
3396 3346 3755 3404 circumducit
3785 3344 4021 3411 ocellos,

2693 3440 2873 3495 Attica
2901 3440 3108 3515 dcdalej
3145 3448 3284 3494 tecta
3314 3449 3600 3508 stupetque
3631 3437 3751 3493 soli.

2617 3530 2829 3586 Certior
2857 3530 3107 3584 adveniat
3137 3530 3305 3584 donec
3336 3528 3436 3582 sibi
3472 3529 3680 3591 ductor,
3718 3536 3771 3583 ct
3800 3527 3976 3598 ipsutn

2690 3626 2856 3679 Ducat
2890 3624 2957 3679 ad
2985 3623 3215 3678 extremi
3245 3621 3736 3677 limina.vcstibuli.

2629 3716 2724 3772 llic
2749 3732 2932 3771 secum
2964 3716 3171 3769 mirans
3192 3755 3206 3778 ,
3237 3729 3396 3770 cruce
3422 3729 3478 3769 sc
3505 3714 3782 3784 consiguat
3804 3752 3819 3777 ,
3842 3722 3896 3767 et
3922 3711 4061 3767 unde

2694 3809 2867 3865 Exeat
2900 3808 3131 3862 attonito
3164 3817 3389 3876 pectore
3416 3805 3557 3861 scire
3590 3806 3793 3874 nequit.

2623 3899 2715 3957 Sic
2748 3907 3057 3955 constructa
3091 3898 3285 3961 micat,
3317 3897 3397 3951 sic
3426 3905 3479 3951 ct
3509 3895 3713 3949 variata
3741 3901 3991 3949 coruscat

2696 3993 2943 4048 Machina
2963 4033 2976 4057 ,
3008 4007 3128 4061 qua:
3158 4001 3398 4045 veterem
3434 3988 3665 4044 SllSlitlel
3693 3985 3998 4041 ecclesiam.
4041 3971 4047 3976 ’

2631 4088 2803 4154 Quam
2834 4084 2994 4139 Pater
3021 4083 3108 4138 ille
3134 4082 3255 4152 pius
3282 4096 3491 4135 summa
3519 4080 3720 4149 pietate
3741 4077 4001 4143 refertus,

2689 4178 2933 4233 Nominis
2963 4178 3029 4231 ad
3055 4175 3265 4229 laudem
3294 4172 3669 4229 cclsitonantis
3692 4171 3808 4225 beri

2620 4271 2854 4331 Fulcivit
2876 4310 2890 4335 ,
2926 4270 3092 4332 texit,
3127 4267 3362 4329 dolavit,
3398 4280 3624 4336 eamque
3657 4262 3919 4329 sacravit,

2694 4364 2761 4417 Et
2793 4362 2992 4417 meruit
3026 4359 3208 4431 templi
3240 4360 3450 4415 solvere
3483 4367 3604 4414 vota
3636 4359 3750 4423 sui,

2625 4453 2789 4523 Regis
2822 4451 3068 4506 Edelredi
3104 4450 3241 4505 faeie
3272 4459 3534 4519 praesente
3565 4447 3830 4514 modesti,

2692 4546 2750 4600 l‘u
2785 4545 2934 4616 regni
2968 4542 3101 4598 solio
3128 4543 3219 4613 qui
3254 4552 3497 4612 superest
3528 4541 3706 4597 hodie.

2630 4639 2742 4694 lllic
2770 4636 3055 4709 pontifices
3088 4637 3314 4692 aderant
3344 4635 3481 4690 terni
3515 4644 3594 4689 ter
3619 4639 3863 4699 ovanter,

2708 4730 3052 4800 Complcntes
3081 4737 3324 4783 sanctum
3360 4726 3462 4781 rite
3494 4724 3872 4779 ministerium.

2548 4879 2553 4883 ,
2634 4822 2882 4889 Quorum
2916 4820 3120 4890 primus
3146 4826 3293 4882 erat,
3321 4816 3466 4870 vultu
3498 4824 3742 4870 maturus
3768 4824 3823 4869 et
3852 4820 3977 4869 actu

2701 4914 2912 4971 Canitie
2946 4915 3138 4969 nivcns
3168 4913 3411 4967 Dunstan
3443 4918 3496 4965 et
3526 4907 3817 4977 angelicus.

2630 5007 2785 5063 Hunc
2816 5006 3105 5061 comitatus
3134 5020 3302 5058 ovans
3328 5002 3624 5073 Anglorum
3655 4999 3845 5053 lucifer
3874 4997 4082 5063 adstat,

2703 5101 2945 5154 Domnus
2973 5097 3318 5152 Adelwoldus
3349 5096 3511 5151 corde
3539 5092 3933 5165 benigniVolus.

2626 5194 2754 5249 Post
2781 5192 2870 5247 alii
2902 5200 3107 5261 septem
3132 5229 3145 5253 ,
3169 5206 3397 5259 quorum
3426 5189 3513 5243 hic
3539 5196 3664 5243 sunt
3692 5186 3910 5242 nomina
3936 5182 4137 5255 scripta

2699 5284 2951 5322 Pan-nino
2983 5281 3228 5322 vnrcif‘mn
3254 5297 3376 5322 mum
3410 5280 3545 5322 naria
3576 5278 3861 5322 dnctvlinn-
