  <div class='ocr_page' id='page_1' title='image "/cluster/home/n/w/nwhite01/storage/ocr_20150623/137/hvd.32044021286828/056.png"; bbox 0 0 4466 5578; ppageno 0'>
   <div class='ocr_carea' id='block_1_1' title="bbox 357 406 2069 470">
    <p class='ocr_par' dir='ltr' id='par_1_1' title="bbox 357 406 2069 470">
     <span class='ocr_line' id='line_1_1' title="bbox 357 406 2069 470; baseline 0.006 -21"><span class='ocrx_word' id='word_1_1' title='bbox 357 411 448 470; x_wconf 54' lang='grc' dir='ltr'><strong>λοι</strong></span> <span class='ocrx_word' id='word_1_2' title='bbox 1893 406 2069 462; x_wconf 75' lang='lat' dir='ltr'><strong>\‘ITA.</strong></span> 
     </span>
    </p>
   </div>
   <div class='ocr_carea' id='block_1_2' title="bbox 420 518 1592 593">
    <p class='ocr_par' dir='ltr' id='par_1_2' title="bbox 420 518 1592 593">
     <span class='ocr_line' id='line_1_2' title="bbox 420 518 1592 593; baseline -0.005 -16"><span class='ocrx_word' id='word_1_3' title='bbox 420 524 564 592; x_wconf 82' lang='lat' dir='ltr'><strong>Quos</strong></span> <span class='ocrx_word' id='word_1_4' title='bbox 592 537 623 579; x_wconf 91' lang='lat' dir='ltr'><strong>e</strong></span> <span class='ocrx_word' id='word_1_5' title='bbox 652 523 884 578; x_wconf 86' lang='lat' dir='ltr'><strong>concilio</strong></span> <span class='ocrx_word' id='word_1_6' title='bbox 912 522 1115 593; x_wconf 88' lang='lat' dir='ltr'><strong>pariter</strong></span> <span class='ocrx_word' id='word_1_7' title='bbox 1146 522 1440 593; x_wconf 87' lang='lat' dir='ltr'><strong>collegerat</strong></span> <span class='ocrx_word' id='word_1_8' title='bbox 1469 518 1559 574; x_wconf 91' lang='lat' dir='ltr'><strong>illo</strong></span> <span class='ocrx_word' id='word_1_9' title='bbox 1580 558 1592 571; x_wconf 93' lang='lat'><strong>.</strong></span> 
     </span>
    </p>
   </div>
   <div class='ocr_carea' id='block_1_3' title="bbox 489 614 1625 687">
    <p class='ocr_par' dir='ltr' id='par_1_3' title="bbox 489 614 1625 687">
     <span class='ocr_line' id='line_1_3' title="bbox 489 614 1625 687; baseline -0.003 -17"><span class='ocrx_word' id='word_1_10' title='bbox 489 615 643 683; x_wconf 85' lang='lat' dir='ltr'><strong>Quod</strong></span> <span class='ocrx_word' id='word_1_11' title='bbox 675 614 850 671; x_wconf 82' lang='lat' dir='ltr'><strong>fuerat</strong></span> <span class='ocrx_word' id='word_1_12' title='bbox 877 617 997 671; x_wconf 95' lang='lat' dir='ltr'><strong>vico</strong></span> <span class='ocrx_word' id='word_1_13' title='bbox 1024 615 1166 687; x_wconf 88' lang='lat' dir='ltr'><strong>regis</strong></span> <span class='ocrx_word' id='word_1_14' title='bbox 1196 615 1249 669; x_wconf 90' lang='lat' dir='ltr'><strong>in</strong></span> <span class='ocrx_word' id='word_1_15' title='bbox 1285 615 1588 668; x_wconf 76' lang='lat' dir='ltr'><strong>Andererau</strong></span> <span class='ocrx_word' id='word_1_16' title='bbox 1612 653 1625 676; x_wconf 94' lang='lat'><strong>,</strong></span> 
     </span>
    </p>
   </div>
   <div class='ocr_carea' id='block_1_4' title="bbox 419 706 1854 781">
    <p class='ocr_par' dir='ltr' id='par_1_4' title="bbox 419 706 1854 781">
     <span class='ocr_line' id='line_1_4' title="bbox 419 706 1854 781; baseline -0.003 -15"><span class='ocrx_word' id='word_1_17' title='bbox 419 710 557 766; x_wconf 88' lang='lat' dir='ltr'><strong>Idem</strong></span> <span class='ocrx_word' id='word_1_18' title='bbox 585 721 772 781; x_wconf 96' lang='lat' dir='ltr'><strong>pastor</strong></span> <span class='ocrx_word' id='word_1_19' title='bbox 799 726 967 765; x_wconf 88' lang='lat' dir='ltr'><strong>ovans</strong></span> <span class='ocrx_word' id='word_1_20' title='bbox 995 725 1057 765; x_wconf 85' lang='lat' dir='ltr'><strong>ac</strong></span> <span class='ocrx_word' id='word_1_21' title='bbox 1084 725 1225 779; x_wconf 68' lang='lat' dir='ltr'><strong>saepe</strong></span> <span class='ocrx_word' id='word_1_22' title='bbox 1248 710 1523 764; x_wconf 90' lang='lat' dir='ltr'><strong>cauendus</strong></span> <span class='ocrx_word' id='word_1_23' title='bbox 1547 706 1821 763; x_wconf 81' lang='lat' dir='ltr'><strong>Adelwold</strong></span> <span class='ocrx_word' id='word_1_24' title='bbox 1840 748 1854 772; x_wconf 95' lang='lat'><strong>,</strong></span> 
     </span>
    </p>
   </div>
   <div class='ocr_carea' id='block_1_5' title="bbox 489 801 1525 873">
    <p class='ocr_par' dir='ltr' id='par_1_5' title="bbox 489 801 1525 873">
     <span class='ocr_line' id='line_1_5' title="bbox 489 801 1525 873; baseline -0.003 -13"><span class='ocrx_word' id='word_1_25' title='bbox 489 804 644 860; x_wconf 88' lang='lat' dir='ltr'><strong>Sicut</strong></span> <span class='ocrx_word' id='word_1_26' title='bbox 674 804 724 861; x_wconf 88' lang='lat' dir='ltr'><strong>ei</strong></span> <span class='ocrx_word' id='word_1_27' title='bbox 756 802 966 858; x_wconf 86' lang='lat' dir='ltr'><strong>Domini</strong></span> <span class='ocrx_word' id='word_1_28' title='bbox 1000 804 1173 873; x_wconf 82' lang='lat' dir='ltr'><strong>gratia</strong></span> <span class='ocrx_word' id='word_1_29' title='bbox 1202 801 1525 857; x_wconf 91' lang='lat' dir='ltr'><strong>contulerat.</strong></span> 
     </span>
    </p>
   </div>
   <div class='ocr_carea' id='block_1_6' title="bbox 420 894 1817 965">
    <p class='ocr_par' dir='ltr' id='par_1_6' title="bbox 420 894 1817 965">
     <span class='ocr_line' id='line_1_6' title="bbox 420 894 1817 965; baseline -0.005 -10"><span class='ocrx_word' id='word_1_30' title='bbox 420 899 486 955; x_wconf 82' lang='lat' dir='ltr'><strong>Et</strong></span> <span class='ocrx_word' id='word_1_31' title='bbox 510 897 791 953; x_wconf 87' lang='lat' dir='ltr'><strong>celebrant</strong></span> <span class='ocrx_word' id='word_1_32' title='bbox 822 898 1001 954; x_wconf 93' lang='lat' dir='ltr'><strong>cuncti</strong></span> <span class='ocrx_word' id='word_1_33' title='bbox 1034 897 1296 953; x_wconf 80' lang='lat' dir='ltr'><strong>solemnia</strong></span> <span class='ocrx_word' id='word_1_34' title='bbox 1331 896 1563 950; x_wconf 75' lang='lat' dir='ltr'><strong>maxima</strong></span> <span class='ocrx_word' id='word_1_35' title='bbox 1596 894 1817 965; x_wconf 89' lang='lat' dir='ltr'><strong>templi,</strong></span> 
     </span>
    </p>
   </div>
   <div class='ocr_carea' id='block_1_7' title="bbox 490 987 1629 1061">
    <p class='ocr_par' dir='ltr' id='par_1_7' title="bbox 490 987 1629 1061">
     <span class='ocr_line' id='line_1_7' title="bbox 490 987 1629 1061; baseline -0.004 -16"><span class='ocrx_word' id='word_1_36' title='bbox 490 990 818 1046; x_wconf 87' lang='lat' dir='ltr'><strong>Plaudentes</strong></span> <span class='ocrx_word' id='word_1_37' title='bbox 847 990 1074 1045; x_wconf 91' lang='lat' dir='ltr'><strong>Domino</strong></span> <span class='ocrx_word' id='word_1_38' title='bbox 1107 1000 1324 1061; x_wconf 90' lang='lat' dir='ltr'><strong>pectore</strong></span> <span class='ocrx_word' id='word_1_39' title='bbox 1358 987 1629 1043; x_wconf 86' lang='lat' dir='ltr'><strong>laudiﬂuo.</strong></span> 
     </span>
    </p>
   </div>
   <div class='ocr_carea' id='block_1_8' title="bbox 416 1080 1895 1153">
    <p class='ocr_par' dir='ltr' id='par_1_8' title="bbox 416 1080 1895 1153">
     <span class='ocr_line' id='line_1_8' title="bbox 416 1080 1895 1153; baseline -0.005 -14"><span class='ocrx_word' id='word_1_40' title='bbox 416 1080 803 1153; x_wconf 71' lang='lat' dir='ltr'><strong>Ltetauturque</strong></span> <span class='ocrx_word' id='word_1_41' title='bbox 833 1083 992 1137; x_wconf 85' lang='lat' dir='ltr'><strong>bonis</strong></span> <span class='ocrx_word' id='word_1_42' title='bbox 1020 1098 1182 1153; x_wconf 85' lang='lat' dir='ltr'><strong>super</strong></span> <span class='ocrx_word' id='word_1_43' title='bbox 1209 1082 1460 1137; x_wconf 89' lang='lat' dir='ltr'><strong>omnibus</strong></span> <span class='ocrx_word' id='word_1_44' title='bbox 1493 1080 1580 1135; x_wconf 90' lang='lat' dir='ltr'><strong>ille</strong></span> <span class='ocrx_word' id='word_1_45' title='bbox 1610 1080 1895 1150; x_wconf 90' lang='lat' dir='ltr'><strong>benignus,</strong></span> 
     </span>
    </p>
   </div>
   <div class='ocr_carea' id='block_1_9' title="bbox 485 1173 1689 1245">
    <p class='ocr_par' dir='ltr' id='par_1_9' title="bbox 485 1173 1689 1245">
     <span class='ocr_line' id='line_1_9' title="bbox 485 1173 1689 1245; baseline -0.002 -17"><span class='ocrx_word' id='word_1_46' title='bbox 485 1175 616 1243; x_wconf 68' lang='lat' dir='ltr'><strong>Quae</strong></span> <span class='ocrx_word' id='word_1_47' title='bbox 642 1176 831 1231; x_wconf 80' lang='lat' dir='ltr'><strong>statuit</strong></span> <span class='ocrx_word' id='word_1_48' title='bbox 860 1178 1072 1230; x_wconf 90' lang='lat' dir='ltr'><strong>cunctis</strong></span> <span class='ocrx_word' id='word_1_49' title='bbox 1104 1174 1300 1245; x_wconf 61' lang='lat' dir='ltr'><strong>praesul</strong></span> <span class='ocrx_word' id='word_1_50' title='bbox 1328 1174 1509 1243; x_wconf 92' lang='lat' dir='ltr'><strong>opima</strong></span> <span class='ocrx_word' id='word_1_51' title='bbox 1538 1173 1650 1228; x_wconf 88' lang='lat' dir='ltr'><strong>dari</strong></span> <span class='ocrx_word' id='word_1_52' title='bbox 1674 1213 1689 1236; x_wconf 94' lang='lat'><strong>,</strong></span> 
     </span>
    </p>
   </div>
   <div class='ocr_carea' id='block_1_10' title="bbox 416 1264 1920 1337">
    <p class='ocr_par' dir='ltr' id='par_1_10' title="bbox 416 1264 1920 1337">
     <span class='ocr_line' id='line_1_10' title="bbox 416 1264 1920 1337; baseline -0.004 -13"><span class='ocrx_word' id='word_1_53' title='bbox 416 1267 640 1324; x_wconf 81' lang='lat' dir='ltr'><strong>Fercula</strong></span> <span class='ocrx_word' id='word_1_54' title='bbox 666 1276 791 1323; x_wconf 91' lang='lat' dir='ltr'><strong>sunt</strong></span> <span class='ocrx_word' id='word_1_55' title='bbox 816 1268 1044 1322; x_wconf 87' lang='lat' dir='ltr'><strong>admista</strong></span> <span class='ocrx_word' id='word_1_56' title='bbox 1066 1267 1259 1337; x_wconf 82' lang='lat' dir='ltr'><strong>epulis,</strong></span> <span class='ocrx_word' id='word_1_57' title='bbox 1287 1266 1441 1321; x_wconf 82' lang='lat' dir='ltr'><strong>cibus</strong></span> <span class='ocrx_word' id='word_1_58' title='bbox 1463 1265 1641 1319; x_wconf 88' lang='lat' dir='ltr'><strong>omnis</strong></span> <span class='ocrx_word' id='word_1_59' title='bbox 1664 1264 1920 1329; x_wconf 76' lang='lat' dir='ltr'><strong>abundat,</strong></span> 
     </span>
    </p>
   </div>
   <div class='ocr_carea' id='block_1_11' title="bbox 483 1356 1709 1422">
    <p class='ocr_par' dir='ltr' id='par_1_11' title="bbox 483 1356 1709 1422">
     <span class='ocr_line' id='line_1_11' title="bbox 483 1356 1709 1422; baseline -0.004 -7"><span class='ocrx_word' id='word_1_60' title='bbox 483 1359 672 1415; x_wconf 79' lang='lat' dir='ltr'><strong>Nullus</strong></span> <span class='ocrx_word' id='word_1_61' title='bbox 695 1359 850 1414; x_wconf 91' lang='lat' dir='ltr'><strong>adest</strong></span> <span class='ocrx_word' id='word_1_62' title='bbox 877 1359 1050 1413; x_wconf 86' lang='lat' dir='ltr'><strong>tristis</strong></span> <span class='ocrx_word' id='word_1_63' title='bbox 1070 1399 1083 1419; x_wconf 87' lang='lat'><strong>,</strong></span> <span class='ocrx_word' id='word_1_64' title='bbox 1112 1360 1289 1422; x_wconf 86' lang='lat' dir='ltr'><strong>omnis</strong></span> <span class='ocrx_word' id='word_1_65' title='bbox 1316 1374 1345 1411; x_wconf 92' lang='lat' dir='ltr'><strong>a</strong></span> <span class='ocrx_word' id='word_1_66' title='bbox 1364 1360 1468 1411; x_wconf 86' lang='lat' dir='ltr'><strong>test</strong></span> <span class='ocrx_word' id='word_1_67' title='bbox 1496 1356 1709 1411; x_wconf 82' lang='lat' dir='ltr'><strong>hilaris.</strong></span> 
     </span>
    </p>
   </div>
   <div class='ocr_carea' id='block_1_12' title="bbox 415 1450 1779 1519">
    <p class='ocr_par' dir='ltr' id='par_1_12' title="bbox 415 1450 1779 1519">
     <span class='ocr_line' id='line_1_12' title="bbox 415 1450 1779 1519; baseline -0.004 -11"><span class='ocrx_word' id='word_1_68' title='bbox 415 1452 568 1508; x_wconf 81' lang='lat' dir='ltr'><strong>Nulla</strong></span> <span class='ocrx_word' id='word_1_69' title='bbox 592 1452 763 1507; x_wconf 80' lang='lat' dir='ltr'><strong>fames</strong></span> <span class='ocrx_word' id='word_1_70' title='bbox 781 1492 795 1515; x_wconf 90' lang='lat'><strong>,</strong></span> <span class='ocrx_word' id='word_1_71' title='bbox 822 1451 911 1505; x_wconf 90' lang='lat' dir='ltr'><strong>ubi</strong></span> <span class='ocrx_word' id='word_1_72' title='bbox 940 1460 1066 1506; x_wconf 92' lang='lat' dir='ltr'><strong>sunt</strong></span> <span class='ocrx_word' id='word_1_73' title='bbox 1090 1452 1303 1506; x_wconf 88' lang='lat' dir='ltr'><strong>cunctis</strong></span> <span class='ocrx_word' id='word_1_74' title='bbox 1328 1451 1549 1505; x_wconf 90' lang='lat' dir='ltr'><strong>obsonia</strong></span> <span class='ocrx_word' id='word_1_75' title='bbox 1579 1450 1779 1519; x_wconf 92' lang='lat' dir='ltr'><strong>plenis,</strong></span> 
     </span>
    </p>
   </div>
   <div class='ocr_carea' id='block_1_13' title="bbox 486 1541 1620 1596">
    <p class='ocr_par' dir='ltr' id='par_1_13' title="bbox 486 1541 1620 1596">
     <span class='ocr_line' id='line_1_13' title="bbox 486 1541 1620 1596; baseline -0.003 0"><span class='ocrx_word' id='word_1_76' title='bbox 486 1542 553 1596; x_wconf 84' lang='lat' dir='ltr'><strong>Et</strong></span> <span class='ocrx_word' id='word_1_77' title='bbox 583 1551 828 1596; x_wconf 83' lang='lat' dir='ltr'><strong>remanet</strong></span> <span class='ocrx_word' id='word_1_78' title='bbox 856 1542 1005 1595; x_wconf 87' lang='lat' dir='ltr'><strong>vario</strong></span> <span class='ocrx_word' id='word_1_79' title='bbox 1036 1556 1219 1595; x_wconf 80' lang='lat' dir='ltr'><strong>mensa</strong></span> <span class='ocrx_word' id='word_1_80' title='bbox 1251 1541 1449 1595; x_wconf 83' lang='lat' dir='ltr'><strong>referta</strong></span> <span class='ocrx_word' id='word_1_81' title='bbox 1479 1541 1620 1595; x_wconf 92' lang='lat' dir='ltr'><strong>cibo.</strong></span> 
     </span>
    </p>
   </div>
   <div class='ocr_carea' id='block_1_14' title="bbox 415 1630 1757 1703">
    <p class='ocr_par' dir='ltr' id='par_1_14' title="bbox 415 1630 1757 1703">
     <span class='ocr_line' id='line_1_14' title="bbox 415 1630 1757 1703; baseline -0.001 -16"><span class='ocrx_word' id='word_1_82' title='bbox 415 1630 798 1702; x_wconf 69' lang='lat' dir='ltr'><strong>Pincernznque</strong></span> <span class='ocrx_word' id='word_1_83' title='bbox 819 1633 940 1703; x_wconf 88' lang='lat' dir='ltr'><strong>vagi</strong></span> <span class='ocrx_word' id='word_1_84' title='bbox 971 1632 1189 1687; x_wconf 89' lang='lat' dir='ltr'><strong>cellaria</strong></span> <span class='ocrx_word' id='word_1_85' title='bbox 1218 1649 1357 1701; x_wconf 67' lang='lat' dir='ltr'><strong>smpe</strong></span> <span class='ocrx_word' id='word_1_86' title='bbox 1386 1634 1757 1701; x_wconf 80' lang='lat' dir='ltr'><strong>frequentant,</strong></span> 
     </span>
    </p>
   </div>
   <div class='ocr_carea' id='block_1_15' title="bbox 482 1723 1685 1795">
    <p class='ocr_par' dir='ltr' id='par_1_15' title="bbox 482 1723 1685 1795">
     <span class='ocr_line' id='line_1_15' title="bbox 482 1723 1685 1795; baseline -0.002 -17"><span class='ocrx_word' id='word_1_87' title='bbox 482 1723 855 1795; x_wconf 85' lang='lat' dir='ltr'><strong>Couvivasque</strong></span> <span class='ocrx_word' id='word_1_88' title='bbox 887 1735 1079 1794; x_wconf 87' lang='lat' dir='ltr'><strong>rogant</strong></span> <span class='ocrx_word' id='word_1_89' title='bbox 1105 1736 1158 1779; x_wconf 91' lang='lat' dir='ltr'><strong>ut</strong></span> <span class='ocrx_word' id='word_1_90' title='bbox 1188 1725 1372 1780; x_wconf 77' lang='lat' dir='ltr'><strong>bibere</strong></span> <span class='ocrx_word' id='word_1_91' title='bbox 1401 1725 1685 1794; x_wconf 72' lang='lat' dir='ltr'><strong>incipiant.</strong></span> 
     </span>
    </p>
   </div>
   <div class='ocr_carea' id='block_1_16' title="bbox 416 1814 1741 1884">
    <p class='ocr_par' dir='ltr' id='par_1_16' title="bbox 416 1814 1741 1884">
     <span class='ocr_line' id='line_1_16' title="bbox 416 1814 1741 1884; baseline 0.002 -13"><span class='ocrx_word' id='word_1_92' title='bbox 416 1814 664 1872; x_wconf 86' lang='lat' dir='ltr'><strong>Crateras</strong></span> <span class='ocrx_word' id='word_1_93' title='bbox 690 1826 968 1880; x_wconf 91' lang='lat' dir='ltr'><strong>statuunt,</strong></span> <span class='ocrx_word' id='word_1_94' title='bbox 1000 1827 1055 1870; x_wconf 92' lang='lat' dir='ltr'><strong>et</strong></span> <span class='ocrx_word' id='word_1_95' title='bbox 1081 1817 1257 1871; x_wconf 85' lang='lat' dir='ltr'><strong>dulcia</strong></span> <span class='ocrx_word' id='word_1_96' title='bbox 1285 1819 1409 1871; x_wconf 91' lang='lat' dir='ltr'><strong>vina</strong></span> <span class='ocrx_word' id='word_1_97' title='bbox 1442 1828 1741 1884; x_wconf 84' lang='lat' dir='ltr'><strong>coronant,</strong></span> 
     </span>
    </p>
   </div>
   <div class='ocr_carea' id='block_1_17' title="bbox 484 1905 1561 1978">
    <p class='ocr_par' dir='ltr' id='par_1_17' title="bbox 484 1905 1561 1978">
     <span class='ocr_line' id='line_1_17' title="bbox 484 1905 1561 1978; baseline 0 -18"><span class='ocrx_word' id='word_1_98' title='bbox 484 1905 771 1962; x_wconf 79' lang='lat' dir='ltr'><strong>Miscentes</strong></span> <span class='ocrx_word' id='word_1_99' title='bbox 804 1916 961 1978; x_wconf 92' lang='lat' dir='ltr'><strong>potus</strong></span> <span class='ocrx_word' id='word_1_100' title='bbox 991 1909 1207 1977; x_wconf 91' lang='lat' dir='ltr'><strong>potibus</strong></span> <span class='ocrx_word' id='word_1_101' title='bbox 1240 1908 1561 1964; x_wconf 86' lang='lat' dir='ltr'><strong>innumeris.</strong></span> 
     </span>
    </p>
   </div>
   <div class='ocr_carea' id='block_1_18' title="bbox 414 1997 1822 2076">
    <p class='ocr_par' dir='ltr' id='par_1_18' title="bbox 414 1997 1822 2076">
     <span class='ocr_line' id='line_1_18' title="bbox 414 1997 1822 2076; baseline 0.003 -22"><span class='ocrx_word' id='word_1_102' title='bbox 414 1997 609 2069; x_wconf 78' lang='lat' dir='ltr'><strong>Sicque</strong></span> <span class='ocrx_word' id='word_1_103' title='bbox 639 2000 754 2055; x_wconf 86' lang='lat' dir='ltr'><strong>dies</strong></span> <span class='ocrx_word' id='word_1_104' title='bbox 782 2000 1029 2069; x_wconf 90' lang='lat' dir='ltr'><strong>alterque</strong></span> <span class='ocrx_word' id='word_1_105' title='bbox 1057 2001 1172 2055; x_wconf 89' lang='lat' dir='ltr'><strong>dies</strong></span> <span class='ocrx_word' id='word_1_106' title='bbox 1199 2004 1463 2070; x_wconf 88' lang='lat' dir='ltr'><strong>processit</strong></span> <span class='ocrx_word' id='word_1_107' title='bbox 1498 2004 1548 2057; x_wconf 93' lang='lat' dir='ltr'><strong>in</strong></span> <span class='ocrx_word' id='word_1_108' title='bbox 1577 2004 1822 2076; x_wconf 74' lang='lat' dir='ltr'><strong>hymnis,</strong></span> 
     </span>
    </p>
   </div>
   <div class='ocr_carea' id='block_1_19' title="bbox 478 2091 1591 2149">
    <p class='ocr_par' dir='ltr' id='par_1_19' title="bbox 478 2091 1591 2149">
     <span class='ocr_line' id='line_1_19' title="bbox 478 2091 1591 2149; baseline 0.004 -4"><span class='ocrx_word' id='word_1_109' title='bbox 478 2092 543 2146; x_wconf 83' lang='lat' dir='ltr'><strong>Et</strong></span> <span class='ocrx_word' id='word_1_110' title='bbox 570 2091 967 2147; x_wconf 85' lang='lat' dir='ltr'><strong>benedixerunt</strong></span> <span class='ocrx_word' id='word_1_111' title='bbox 994 2094 1175 2146; x_wconf 89' lang='lat' dir='ltr'><strong>omnia</strong></span> <span class='ocrx_word' id='word_1_112' title='bbox 1204 2095 1367 2147; x_wconf 86' lang='lat' dir='ltr'><strong>corda</strong></span> <span class='ocrx_word' id='word_1_113' title='bbox 1402 2095 1591 2149; x_wconf 87' lang='lat' dir='ltr'><strong>Demn.</strong></span> 
     </span>
    </p>
   </div>
   <div class='ocr_carea' id='block_1_20' title="bbox 411 2182 1791 2257">
    <p class='ocr_par' dir='ltr' id='par_1_20' title="bbox 411 2182 1791 2257">
     <span class='ocr_line' id='line_1_20' title="bbox 411 2182 1791 2257; baseline 0.004 -20"><span class='ocrx_word' id='word_1_114' title='bbox 411 2182 671 2249; x_wconf 73' lang='lat' dir='ltr'><strong>Omnibus</strong></span> <span class='ocrx_word' id='word_1_115' title='bbox 697 2184 925 2253; x_wconf 78' lang='lat' dir='ltr'><strong>expletis</strong></span> <span class='ocrx_word' id='word_1_116' title='bbox 957 2187 1172 2239; x_wconf 77' lang='lat' dir='ltr'><strong>tandem</strong></span> <span class='ocrx_word' id='word_1_117' title='bbox 1202 2184 1517 2241; x_wconf 89' lang='lat' dir='ltr'><strong>solemniter</strong></span> <span class='ocrx_word' id='word_1_118' title='bbox 1546 2188 1791 2257; x_wconf 76' lang='lat' dir='ltr'><strong>hymnis,</strong></span> 
     </span>
    </p>
   </div>
   <div class='ocr_carea' id='block_1_21' title="bbox 481 2273 1655 2349">
    <p class='ocr_par' dir='ltr' id='par_1_21' title="bbox 481 2273 1655 2349">
     <span class='ocr_line' id='line_1_21' title="bbox 481 2273 1655 2349; baseline 0.003 -21"><span class='ocrx_word' id='word_1_119' title='bbox 481 2273 626 2340; x_wconf 86' lang='lat' dir='ltr'><strong>Quos</strong></span> <span class='ocrx_word' id='word_1_120' title='bbox 658 2275 709 2329; x_wconf 92' lang='lat' dir='ltr'><strong>in</strong></span> <span class='ocrx_word' id='word_1_121' title='bbox 743 2276 948 2329; x_wconf 83' lang='lat' dir='ltr'><strong>honore</strong></span> <span class='ocrx_word' id='word_1_122' title='bbox 984 2276 1075 2330; x_wconf 85' lang='lat' dir='ltr'><strong>Dei</strong></span> <span class='ocrx_word' id='word_1_123' title='bbox 1111 2292 1210 2329; x_wconf 79' lang='lat' dir='ltr'><strong>vox</strong></span> <span class='ocrx_word' id='word_1_124' title='bbox 1243 2278 1423 2330; x_wconf 89' lang='lat' dir='ltr'><strong>sonuit</strong></span> <span class='ocrx_word' id='word_1_125' title='bbox 1453 2278 1655 2349; x_wconf 86' lang='lat' dir='ltr'><strong>populi.</strong></span> 
     </span>
    </p>
   </div>
   <div class='ocr_carea' id='block_1_22' title="bbox 412 2365 1740 2437">
    <p class='ocr_par' dir='ltr' id='par_1_22' title="bbox 412 2365 1740 2437">
     <span class='ocr_line' id='line_1_22' title="bbox 412 2365 1740 2437; baseline 0.002 -14"><span class='ocrx_word' id='word_1_126' title='bbox 412 2365 795 2437; x_wconf 84' lang='lat' dir='ltr'><strong>Unusquisque</strong></span> <span class='ocrx_word' id='word_1_127' title='bbox 824 2384 950 2423; x_wconf 84' lang='lat' dir='ltr'><strong>suas</strong></span> <span class='ocrx_word' id='word_1_128' title='bbox 981 2368 1160 2423; x_wconf 82' lang='lat' dir='ltr'><strong>alacer</strong></span> <span class='ocrx_word' id='word_1_129' title='bbox 1194 2369 1453 2423; x_wconf 88' lang='lat' dir='ltr'><strong>remeavit</strong></span> <span class='ocrx_word' id='word_1_130' title='bbox 1485 2371 1550 2423; x_wconf 89' lang='lat' dir='ltr'><strong>ad</strong></span> <span class='ocrx_word' id='word_1_131' title='bbox 1580 2386 1704 2425; x_wconf 89' lang='lat' dir='ltr'><strong>oras</strong></span> <span class='ocrx_word' id='word_1_132' title='bbox 1726 2413 1740 2437; x_wconf 95' lang='lat'><strong>,</strong></span> 
     </span>
    </p>
   </div>
   <div class='ocr_carea' id='block_1_23' title="bbox 477 2457 1741 2529">
    <p class='ocr_par' dir='ltr' id='par_1_23' title="bbox 477 2457 1741 2529">
     <span class='ocr_line' id='line_1_23' title="bbox 477 2457 1741 2529; baseline 0.003 -17"><span class='ocrx_word' id='word_1_133' title='bbox 477 2457 533 2512; x_wconf 87' lang='lat' dir='ltr'><strong>lu</strong></span> <span class='ocrx_word' id='word_1_134' title='bbox 566 2457 792 2513; x_wconf 91' lang='lat' dir='ltr'><strong>Domino</strong></span> <span class='ocrx_word' id='word_1_135' title='bbox 821 2462 1057 2529; x_wconf 81' lang='lat' dir='ltr'><strong>gaudens</strong></span> <span class='ocrx_word' id='word_1_136' title='bbox 1082 2469 1298 2528; x_wconf 91' lang='lat' dir='ltr'><strong>pectore</strong></span> <span class='ocrx_word' id='word_1_137' title='bbox 1326 2468 1378 2514; x_wconf 90' lang='lat' dir='ltr'><strong>et</strong></span> <span class='ocrx_word' id='word_1_138' title='bbox 1401 2477 1494 2516; x_wconf 88' lang='lat' dir='ltr'><strong>ore</strong></span> <span class='ocrx_word' id='word_1_139' title='bbox 1523 2478 1741 2518; x_wconf 82' lang='lat' dir='ltr'><strong>canens.</strong></span> 
     </span>
    </p>
   </div>
   <div class='ocr_carea' id='block_1_24' title="bbox 407 2548 1743 2624">
    <p class='ocr_par' dir='ltr' id='par_1_24' title="bbox 407 2548 1743 2624">
     <span class='ocr_line' id='line_1_24' title="bbox 407 2548 1743 2624; baseline 0.004 -20"><span class='ocrx_word' id='word_1_140' title='bbox 407 2548 691 2619; x_wconf 85' lang='lat' dir='ltr'><strong>Nunquam</strong></span> <span class='ocrx_word' id='word_1_141' title='bbox 726 2560 873 2605; x_wconf 88' lang='lat' dir='ltr'><strong>tanta</strong></span> <span class='ocrx_word' id='word_1_142' title='bbox 906 2552 1009 2605; x_wconf 78' lang='lat' dir='ltr'><strong>fuit</strong></span> <span class='ocrx_word' id='word_1_143' title='bbox 1040 2553 1269 2623; x_wconf 77' lang='lat' dir='ltr'><strong>talisque</strong></span> <span class='ocrx_word' id='word_1_144' title='bbox 1299 2554 1500 2608; x_wconf 90' lang='lat' dir='ltr'><strong>dicatio</strong></span> <span class='ocrx_word' id='word_1_145' title='bbox 1530 2556 1743 2624; x_wconf 89' lang='lat' dir='ltr'><strong>templi,</strong></span> 
     </span>
    </p>
   </div>
   <div class='ocr_carea' id='block_1_25' title="bbox 480 2643 1652 2717">
    <p class='ocr_par' dir='ltr' id='par_1_25' title="bbox 480 2643 1652 2717">
     <span class='ocr_line' id='line_1_25' title="bbox 480 2643 1652 2717; baseline 0.003 -20"><span class='ocrx_word' id='word_1_146' title='bbox 480 2643 537 2697; x_wconf 93' lang='lat' dir='ltr'><strong>ln</strong></span> <span class='ocrx_word' id='word_1_147' title='bbox 569 2653 679 2699; x_wconf 90' lang='lat' dir='ltr'><strong>tota</strong></span> <span class='ocrx_word' id='word_1_148' title='bbox 706 2645 1003 2715; x_wconf 82' lang='lat' dir='ltr'><strong>Anglorum</strong></span> <span class='ocrx_word' id='word_1_149' title='bbox 1037 2656 1198 2716; x_wconf 91' lang='lat' dir='ltr'><strong>gente</strong></span> <span class='ocrx_word' id='word_1_150' title='bbox 1226 2658 1475 2717; x_wconf 89' lang='lat' dir='ltr'><strong>patrata,</strong></span> <span class='ocrx_word' id='word_1_151' title='bbox 1509 2664 1652 2713; x_wconf 91' lang='lat' dir='ltr'><strong>reor,</strong></span> 
     </span>
    </p>
   </div>
   <div class='ocr_carea' id='block_1_26' title="bbox 409 2737 1792 2812">
    <p class='ocr_par' dir='ltr' id='par_1_26' title="bbox 409 2737 1792 2812">
     <span class='ocr_line' id='line_1_26' title="bbox 409 2737 1792 2812; baseline 0.007 -21"><span class='ocrx_word' id='word_1_152' title='bbox 409 2737 592 2805; x_wconf 85' lang='lat' dir='ltr'><strong>Qualis</strong></span> <span class='ocrx_word' id='word_1_153' title='bbox 616 2748 736 2793; x_wconf 88' lang='lat' dir='ltr'><strong>erat</strong></span> <span class='ocrx_word' id='word_1_154' title='bbox 766 2738 963 2793; x_wconf 82' lang='lat' dir='ltr'><strong>Wenta</strong></span> <span class='ocrx_word' id='word_1_155' title='bbox 993 2740 1263 2795; x_wconf 85' lang='lat' dir='ltr'><strong>celebrata</strong></span> <span class='ocrx_word' id='word_1_156' title='bbox 1298 2751 1549 2812; x_wconf 91' lang='lat' dir='ltr'><strong>potenter</strong></span> <span class='ocrx_word' id='word_1_157' title='bbox 1580 2744 1631 2796; x_wconf 93' lang='lat' dir='ltr'><strong>in</strong></span> <span class='ocrx_word' id='word_1_158' title='bbox 1661 2745 1792 2800; x_wconf 90' lang='lat' dir='ltr'><strong>urbe</strong></span> 
     </span>
    </p>
   </div>
   <div class='ocr_carea' id='block_1_27' title="bbox 476 2828 1419 2889">
    <p class='ocr_par' dir='ltr' id='par_1_27' title="bbox 476 2828 1419 2889">
     <span class='ocr_line' id='line_1_27' title="bbox 476 2828 1419 2889; baseline 0.006 -7"><span class='ocrx_word' id='word_1_159' title='bbox 476 2828 533 2883; x_wconf 91' lang='lat' dir='ltr'><strong>ln</strong></span> <span class='ocrx_word' id='word_1_160' title='bbox 562 2831 737 2885; x_wconf 86' lang='lat' dir='ltr'><strong>sancti</strong></span> <span class='ocrx_word' id='word_1_161' title='bbox 762 2829 907 2885; x_wconf 86' lang='lat' dir='ltr'><strong>Petri</strong></span> <span class='ocrx_word' id='word_1_162' title='bbox 934 2832 1182 2887; x_wconf 74' lang='lat' dir='ltr'><strong>ccenobio</strong></span> <span class='ocrx_word' id='word_1_163' title='bbox 1214 2832 1419 2889; x_wconf 76' lang='lat' dir='ltr'><strong>Veteri.</strong></span> 
     </span>
    </p>
   </div>
   <div class='ocr_carea' id='block_1_28' title="bbox 406 2918 1919 2993">
    <p class='ocr_par' dir='ltr' id='par_1_28' title="bbox 406 2918 1919 2993">
     <span class='ocr_line' id='line_1_28' title="bbox 406 2918 1919 2993; baseline 0.005 -21"><span class='ocrx_word' id='word_1_164' title='bbox 406 2918 554 2987; x_wconf 85' lang='lat' dir='ltr'><strong>Quod</strong></span> <span class='ocrx_word' id='word_1_165' title='bbox 578 2921 719 2975; x_wconf 88' lang='lat' dir='ltr'><strong>Deus</strong></span> <span class='ocrx_word' id='word_1_166' title='bbox 742 2921 1085 2991; x_wconf 88' lang='lat' dir='ltr'><strong>omnipotens</strong></span> <span class='ocrx_word' id='word_1_167' title='bbox 1113 2924 1193 2977; x_wconf 91' lang='lat' dir='ltr'><strong>sic</strong></span> <span class='ocrx_word' id='word_1_168' title='bbox 1216 2932 1462 2993; x_wconf 89' lang='lat' dir='ltr'><strong>protegat</strong></span> <span class='ocrx_word' id='word_1_169' title='bbox 1488 2925 1919 2993; x_wconf 85' lang='lat' dir='ltr'><strong>immaculatum,</strong></span> 
     </span>
    </p>
   </div>
   <div class='ocr_carea' id='block_1_29' title="bbox 478 3009 1610 3085">
    <p class='ocr_par' dir='ltr' id='par_1_29' title="bbox 478 3009 1610 3085">
     <span class='ocr_line' id='line_1_29' title="bbox 478 3009 1610 3085; baseline 0.004 -20"><span class='ocrx_word' id='word_1_170' title='bbox 478 3009 591 3066; x_wconf 84' lang='lat' dir='ltr'><strong>Hoc</strong></span> <span class='ocrx_word' id='word_1_171' title='bbox 619 3020 678 3065; x_wconf 93' lang='lat' dir='ltr'><strong>ut</strong></span> <span class='ocrx_word' id='word_1_172' title='bbox 706 3026 770 3065; x_wconf 90' lang='lat' dir='ltr'><strong>eo</strong></span> <span class='ocrx_word' id='word_1_173' title='bbox 801 3012 1021 3082; x_wconf 85' lang='lat' dir='ltr'><strong>dignum</strong></span> <span class='ocrx_word' id='word_1_174' title='bbox 1046 3013 1173 3083; x_wconf 87' lang='lat' dir='ltr'><strong>juge</strong></span> <span class='ocrx_word' id='word_1_175' title='bbox 1201 3014 1273 3069; x_wconf 93' lang='lat' dir='ltr'><strong>sit</strong></span> <span class='ocrx_word' id='word_1_176' title='bbox 1298 3015 1610 3085; x_wconf 89' lang='lat' dir='ltr'><strong>hospitium.</strong></span> 
     </span>
    </p>
   </div>
   <div class='ocr_carea' id='block_1_30' title="bbox 403 3102 1848 3181">
    <p class='ocr_par' dir='ltr' id='par_1_30' title="bbox 403 3102 1848 3181">
     <span class='ocr_line' id='line_1_30' title="bbox 403 3102 1848 3181; baseline 0.003 -22"><span class='ocrx_word' id='word_1_177' title='bbox 403 3102 469 3159; x_wconf 79' lang='lat' dir='ltr'><strong>Et</strong></span> <span class='ocrx_word' id='word_1_178' title='bbox 495 3104 807 3173; x_wconf 89' lang='lat' dir='ltr'><strong>quicunque</strong></span> <span class='ocrx_word' id='word_1_179' title='bbox 833 3104 1067 3159; x_wconf 88' lang='lat' dir='ltr'><strong>humiles</strong></span> <span class='ocrx_word' id='word_1_180' title='bbox 1097 3106 1197 3159; x_wconf 92' lang='lat' dir='ltr'><strong>hoc</strong></span> <span class='ocrx_word' id='word_1_181' title='bbox 1226 3106 1604 3176; x_wconf 88' lang='lat' dir='ltr'><strong>ingrediuntur</strong></span> <span class='ocrx_word' id='word_1_182' title='bbox 1640 3110 1848 3181; x_wconf 82' lang='lat' dir='ltr'><strong>asylum</strong></span> 
     </span>
    </p>
   </div>
   <div class='ocr_carea' id='block_1_31' title="bbox 472 3194 1499 3267">
    <p class='ocr_par' dir='ltr' id='par_1_31' title="bbox 472 3194 1499 3267">
     <span class='ocr_line' id='line_1_31' title="bbox 472 3194 1499 3267; baseline 0.004 -17"><span class='ocrx_word' id='word_1_183' title='bbox 472 3195 759 3251; x_wconf 79' lang='lat' dir='ltr'><strong>Exsultent</strong></span> <span class='ocrx_word' id='word_1_184' title='bbox 785 3194 957 3265; x_wconf 80' lang='lat' dir='ltr'><strong>plena:</strong></span> <span class='ocrx_word' id='word_1_185' title='bbox 984 3196 1281 3267; x_wconf 86' lang='lat' dir='ltr'><strong>participes</strong></span> <span class='ocrx_word' id='word_1_186' title='bbox 1308 3200 1499 3254; x_wconf 80' lang='lat' dir='ltr'><strong>veni-.c.</strong></span> 
     </span>
    </p>
   </div>
   <div class='ocr_carea' id='block_1_32' title="bbox 403 3364 1925 3428">
    <p class='ocr_par' dir='ltr' id='par_1_32' title="bbox 403 3364 1925 3428">
     <span class='ocr_line' id='line_1_32' title="bbox 403 3364 1925 3428; baseline 0.005 -7"><span class='ocrx_word' id='word_1_187' title='bbox 403 3364 527 3422; x_wconf 65' lang='lat' dir='ltr'><strong>llaec</strong></span> <span class='ocrx_word' id='word_1_188' title='bbox 565 3367 631 3422; x_wconf 90' lang='lat' dir='ltr'><strong>de</strong></span> <span class='ocrx_word' id='word_1_189' title='bbox 666 3366 1016 3421; x_wconf 77' lang='lat' dir='ltr'><strong>renovatione</strong></span> <span class='ocrx_word' id='word_1_190' title='bbox 1055 3374 1111 3421; x_wconf 90' lang='lat' dir='ltr'><strong>ct</strong></span> <span class='ocrx_word' id='word_1_191' title='bbox 1139 3367 1482 3424; x_wconf 80' lang='lat' dir='ltr'><strong>dedicatione</strong></span> <span class='ocrx_word' id='word_1_192' title='bbox 1520 3370 1728 3427; x_wconf 69' lang='lat' dir='ltr'><strong>Veteris</strong></span> <span class='ocrx_word' id='word_1_193' title='bbox 1751 3372 1925 3428; x_wconf 89' lang='lat' dir='ltr'><strong>eccle-</strong></span> 
     </span>
    </p>
   </div>
   <div class='ocr_carea' id='block_1_33' title="bbox 329 3460 1921 3530">
    <p class='ocr_par' dir='ltr' id='par_1_33' title="bbox 329 3460 1921 3530">
     <span class='ocr_line' id='line_1_33' title="bbox 329 3460 1921 3530; baseline 0.003 -15"><span class='ocrx_word' id='word_1_194' title='bbox 329 3461 425 3515; x_wconf 75' lang='lat' dir='ltr'><strong>sia:</strong></span> <span class='ocrx_word' id='word_1_195' title='bbox 452 3460 620 3525; x_wconf 85' lang='lat' dir='ltr'><strong>edita,</strong></span> <span class='ocrx_word' id='word_1_196' title='bbox 645 3460 731 3515; x_wconf 88' lang='lat' dir='ltr'><strong>hic</strong></span> <span class='ocrx_word' id='word_1_197' title='bbox 757 3460 999 3515; x_wconf 86' lang='lat' dir='ltr'><strong>inserere</strong></span> <span class='ocrx_word' id='word_1_198' title='bbox 1023 3470 1385 3530; x_wconf 81' lang='lat' dir='ltr'><strong>Opportunum</strong></span> <span class='ocrx_word' id='word_1_199' title='bbox 1409 3464 1681 3520; x_wconf 76' lang='lat' dir='ltr'><strong>duximus.</strong></span> <span class='ocrx_word' id='word_1_200' title='bbox 1715 3466 1921 3519; x_wconf 74' lang='lat' dir='ltr'><strong>Exinde</strong></span> 
     </span>
    </p>
   </div>
   <div class='ocr_carea' id='block_1_34' title="bbox 330 3551 1922 3625">
    <p class='ocr_par' dir='ltr' id='par_1_34' title="bbox 330 3551 1922 3625">
     <span class='ocr_line' id='line_1_34' title="bbox 330 3551 1922 3625; baseline 0.003 -20"><span class='ocrx_word' id='word_1_201' title='bbox 330 3566 564 3621; x_wconf 88' lang='lat' dir='ltr'><strong>superna</strong></span> <span class='ocrx_word' id='word_1_202' title='bbox 609 3551 781 3620; x_wconf 88' lang='lat' dir='ltr'><strong>pictas</strong></span> <span class='ocrx_word' id='word_1_203' title='bbox 813 3559 999 3605; x_wconf 87' lang='lat' dir='ltr'><strong>sancto</strong></span> <span class='ocrx_word' id='word_1_204' title='bbox 1042 3551 1281 3621; x_wconf 75' lang='lat' dir='ltr'><strong>pontifici</strong></span> <span class='ocrx_word' id='word_1_205' title='bbox 1314 3562 1515 3607; x_wconf 88' lang='lat' dir='ltr'><strong>tantam</strong></span> <span class='ocrx_word' id='word_1_206' title='bbox 1543 3555 1773 3609; x_wconf 91' lang='lat' dir='ltr'><strong>contulit</strong></span> <span class='ocrx_word' id='word_1_207' title='bbox 1799 3572 1922 3625; x_wconf 89' lang='lat' dir='ltr'><strong>gra-</strong></span> 
     </span>
    </p>
   </div>
   <div class='ocr_carea' id='block_1_35' title="bbox 333 3643 1919 3717">
    <p class='ocr_par' dir='ltr' id='par_1_35' title="bbox 333 3643 1919 3717">
     <span class='ocr_line' id='line_1_35' title="bbox 333 3643 1919 3717; baseline 0.001 -18"><span class='ocrx_word' id='word_1_208' title='bbox 333 3645 500 3709; x_wconf 86' lang='lat' dir='ltr'><strong>tiam,</strong></span> <span class='ocrx_word' id='word_1_209' title='bbox 531 3651 591 3698; x_wconf 94' lang='lat' dir='ltr'><strong>ut</strong></span> <span class='ocrx_word' id='word_1_210' title='bbox 625 3643 886 3699; x_wconf 89' lang='lat' dir='ltr'><strong>sublimes</strong></span> <span class='ocrx_word' id='word_1_211' title='bbox 926 3643 1002 3698; x_wconf 91' lang='lat' dir='ltr'><strong>illi</strong></span> <span class='ocrx_word' id='word_1_212' title='bbox 1043 3644 1383 3700; x_wconf 66' lang='lat' dir='ltr'><strong>saecularium</strong></span> <span class='ocrx_word' id='word_1_213' title='bbox 1412 3656 1737 3715; x_wconf 82' lang='lat' dir='ltr'><strong>potestatum</strong></span> <span class='ocrx_word' id='word_1_214' title='bbox 1772 3648 1919 3717; x_wconf 87' lang='lat' dir='ltr'><strong>prin—</strong></span> 
     </span>
    </p>
   </div>
   <div class='ocr_carea' id='block_1_36' title="bbox 328 3733 1918 3807">
    <p class='ocr_par' dir='ltr' id='par_1_36' title="bbox 328 3733 1918 3807">
     <span class='ocr_line' id='line_1_36' title="bbox 328 3733 1918 3807; baseline 0.003 -19"><span class='ocrx_word' id='word_1_215' title='bbox 328 3736 508 3806; x_wconf 85' lang='lat' dir='ltr'><strong>cipes,</strong></span> <span class='ocrx_word' id='word_1_216' title='bbox 540 3734 726 3798; x_wconf 90' lang='lat' dir='ltr'><strong>duces,</strong></span> <span class='ocrx_word' id='word_1_217' title='bbox 768 3733 1004 3806; x_wconf 84' lang='lat' dir='ltr'><strong>tyranni,</strong></span> <span class='ocrx_word' id='word_1_218' title='bbox 1045 3745 1207 3805; x_wconf 87' lang='lat' dir='ltr'><strong>atque</strong></span> <span class='ocrx_word' id='word_1_219' title='bbox 1236 3733 1477 3802; x_wconf 86' lang='lat' dir='ltr'><strong>judices,</strong></span> <span class='ocrx_word' id='word_1_220' title='bbox 1517 3746 1571 3791; x_wconf 91' lang='lat' dir='ltr'><strong>et</strong></span> <span class='ocrx_word' id='word_1_221' title='bbox 1605 3738 1784 3792; x_wconf 90' lang='lat' dir='ltr'><strong>onmis</strong></span> <span class='ocrx_word' id='word_1_222' title='bbox 1827 3738 1918 3807; x_wconf 87' lang='lat' dir='ltr'><strong>qui</strong></span> 
     </span>
    </p>
   </div>
   <div class='ocr_carea' id='block_1_37' title="bbox 329 3820 1920 3887">
    <p class='ocr_par' dir='ltr' id='par_1_37' title="bbox 329 3820 1920 3887">
     <span class='ocr_line' id='line_1_37' title="bbox 329 3820 1920 3887; baseline 0.001 -4"><span class='ocrx_word' id='word_1_223' title='bbox 329 3828 379 3883; x_wconf 91' lang='lat' dir='ltr'><strong>ei</strong></span> <span class='ocrx_word' id='word_1_224' title='bbox 407 3820 668 3883; x_wconf 79' lang='lat' dir='ltr'><strong>hactenus</strong></span> <span class='ocrx_word' id='word_1_225' title='bbox 692 3828 955 3882; x_wconf 88' lang='lat' dir='ltr'><strong>contrarii</strong></span> <span class='ocrx_word' id='word_1_226' title='bbox 982 3837 1037 3882; x_wconf 92' lang='lat' dir='ltr'><strong>et</strong></span> <span class='ocrx_word' id='word_1_227' title='bbox 1062 3827 1113 3881; x_wconf 93' lang='lat' dir='ltr'><strong>iu</strong></span> <span class='ocrx_word' id='word_1_228' title='bbox 1141 3829 1224 3883; x_wconf 87' lang='lat' dir='ltr'><strong>via</strong></span> <span class='ocrx_word' id='word_1_229' title='bbox 1256 3830 1345 3883; x_wconf 85' lang='lat' dir='ltr'><strong>Dei</strong></span> <span class='ocrx_word' id='word_1_230' title='bbox 1378 3832 1633 3887; x_wconf 89' lang='lat' dir='ltr'><strong>resistere</strong></span> <span class='ocrx_word' id='word_1_231' title='bbox 1659 3831 1920 3885; x_wconf 80' lang='lat' dir='ltr'><strong>videhau-</strong></span> 
     </span>
    </p>
   </div>
   <div class='ocr_carea' id='block_1_38' title="bbox 329 3918 1917 3990">
    <p class='ocr_par' dir='ltr' id='par_1_38' title="bbox 329 3918 1917 3990">
     <span class='ocr_line' id='line_1_38' title="bbox 329 3918 1917 3990; baseline 0.003 -17"><span class='ocrx_word' id='word_1_232' title='bbox 329 3928 438 3984; x_wconf 90' lang='lat' dir='ltr'><strong>tur,</strong></span> <span class='ocrx_word' id='word_1_233' title='bbox 480 3919 658 3974; x_wconf 91' lang='lat' dir='ltr'><strong>subito</strong></span> <span class='ocrx_word' id='word_1_234' title='bbox 694 3918 843 3974; x_wconf 89' lang='lat' dir='ltr'><strong>velut</strong></span> <span class='ocrx_word' id='word_1_235' title='bbox 877 3934 1008 3974; x_wconf 91' lang='lat' dir='ltr'><strong>oves</strong></span> <span class='ocrx_word' id='word_1_236' title='bbox 1038 3934 1107 3973; x_wconf 79' lang='lat' dir='ltr'><strong>ex</strong></span> <span class='ocrx_word' id='word_1_237' title='bbox 1144 3919 1283 3990; x_wconf 90' lang='lat' dir='ltr'><strong>lupis</strong></span> <span class='ocrx_word' id='word_1_238' title='bbox 1313 3920 1669 3986; x_wconf 82' lang='lat' dir='ltr'><strong>etlicerentur,</strong></span> <span class='ocrx_word' id='word_1_239' title='bbox 1702 3931 1756 3977; x_wconf 90' lang='lat' dir='ltr'><strong>et</strong></span> <span class='ocrx_word' id='word_1_240' title='bbox 1795 3938 1917 3977; x_wconf 91' lang='lat' dir='ltr'><strong>eum</strong></span> 
     </span>
    </p>
   </div>
   <div class='ocr_carea' id='block_1_39' title="bbox 332 4007 1914 4083">
    <p class='ocr_par' dir='ltr' id='par_1_39' title="bbox 332 4007 1914 4083">
     <span class='ocr_line' id='line_1_39' title="bbox 332 4007 1914 4083; baseline 0.003 -19"><span class='ocrx_word' id='word_1_241' title='bbox 332 4010 473 4064; x_wconf 88' lang='lat' dir='ltr'><strong>miro</strong></span> <span class='ocrx_word' id='word_1_242' title='bbox 508 4007 707 4064; x_wconf 80' lang='lat' dir='ltr'><strong>all&#39;ectu</strong></span> <span class='ocrx_word' id='word_1_243' title='bbox 750 4020 1186 4076; x_wconf 86' lang='lat' dir='ltr'><strong>venerarentur;</strong></span> <span class='ocrx_word' id='word_1_244' title='bbox 1234 4010 1462 4083; x_wconf 82' lang='lat' dir='ltr'><strong>ejusque</strong></span> <span class='ocrx_word' id='word_1_245' title='bbox 1510 4014 1736 4082; x_wconf 85' lang='lat' dir='ltr'><strong>genibus</strong></span> <span class='ocrx_word' id='word_1_246' title='bbox 1778 4014 1914 4068; x_wconf 86' lang='lat' dir='ltr'><strong>colla</strong></span> 
     </span>
    </p>
   </div>
   <div class='ocr_carea' id='block_1_40' title="bbox 330 4101 1913 4166">
    <p class='ocr_par' dir='ltr' id='par_1_40' title="bbox 330 4101 1913 4166">
     <span class='ocr_line' id='line_1_40' title="bbox 330 4101 1913 4166; baseline 0.003 -11"><span class='ocrx_word' id='word_1_247' title='bbox 330 4101 739 4166; x_wconf 89' lang='lat' dir='ltr'><strong>submittentes,</strong></span> <span class='ocrx_word' id='word_1_248' title='bbox 775 4102 842 4156; x_wconf 92' lang='lat' dir='ltr'><strong>ad</strong></span> <span class='ocrx_word' id='word_1_249' title='bbox 882 4102 1162 4157; x_wconf 79' lang='lat' dir='ltr'><strong>dexteram</strong></span> <span class='ocrx_word' id='word_1_250' title='bbox 1206 4103 1347 4158; x_wconf 92' lang='lat' dir='ltr'><strong>illius</strong></span> <span class='ocrx_word' id='word_1_251' title='bbox 1378 4104 1655 4158; x_wconf 88' lang='lat' dir='ltr'><strong>humiliter</strong></span> <span class='ocrx_word' id='word_1_252' title='bbox 1688 4121 1913 4160; x_wconf 82' lang='lat' dir='ltr'><strong>exoscu-</strong></span> 
     </span>
    </p>
   </div>
   <div class='ocr_carea' id='block_1_41' title="bbox 327 4191 1917 4259">
    <p class='ocr_par' dir='ltr' id='par_1_41' title="bbox 327 4191 1917 4259">
     <span class='ocr_line' id='line_1_41' title="bbox 327 4191 1917 4259; baseline 0.004 -13"><span class='ocrx_word' id='word_1_253' title='bbox 327 4191 528 4259; x_wconf 86' lang='lat' dir='ltr'><strong>lantes,</strong></span> <span class='ocrx_word' id='word_1_254' title='bbox 556 4193 895 4250; x_wconf 87' lang='lat' dir='ltr'><strong>orationibus</strong></span> <span class='ocrx_word' id='word_1_255' title='bbox 926 4209 983 4249; x_wconf 91' lang='lat' dir='ltr'><strong>se</strong></span> <span class='ocrx_word' id='word_1_256' title='bbox 1008 4195 1111 4248; x_wconf 91' lang='lat' dir='ltr'><strong>viri</strong></span> <span class='ocrx_word' id='word_1_257' title='bbox 1144 4195 1238 4249; x_wconf 91' lang='lat' dir='ltr'><strong>Dei</strong></span> <span class='ocrx_word' id='word_1_258' title='bbox 1271 4195 1325 4249; x_wconf 90' lang='lat' dir='ltr'><strong>in</strong></span> <span class='ocrx_word' id='word_1_259' title='bbox 1358 4197 1612 4252; x_wconf 89' lang='lat' dir='ltr'><strong>oumibus</strong></span> <span class='ocrx_word' id='word_1_260' title='bbox 1640 4214 1917 4253; x_wconf 89' lang='lat' dir='ltr'><strong>commen-</strong></span> 
     </span>
    </p>
   </div>
   <div class='ocr_carea' id='block_1_42' title="bbox 328 4284 535 4341">
    <p class='ocr_par' dir='ltr' id='par_1_42' title="bbox 328 4284 535 4341">
     <span class='ocr_line' id='line_1_42' title="bbox 328 4284 535 4341; baseline -0.01 -1"><span class='ocrx_word' id='word_1_261' title='bbox 328 4284 535 4341; x_wconf 86' lang='lat' dir='ltr'><strong>darent.</strong></span> 
     </span>
    </p>
   </div>
   <div class='ocr_carea' id='block_1_43' title="bbox 396 4378 1920 4452">
    <p class='ocr_par' dir='ltr' id='par_1_43' title="bbox 396 4378 1920 4452">
     <span class='ocr_line' id='line_1_43' title="bbox 396 4378 1920 4452; baseline 0.002 -18"><span class='ocrx_word' id='word_1_262' title='bbox 396 4379 526 4434; x_wconf 72' lang='lat' dir='ltr'><strong>Car.</strong></span> <span class='ocrx_word' id='word_1_263' title='bbox 566 4378 701 4435; x_wconf 73' lang='grc' dir='ltr'><strong>Χι..</strong></span> <span class='ocrx_word' id='word_1_264' title='bbox 742 4409 815 4419; x_wconf 89' lang='grc'><strong><em>-</em></strong></span> <span class='ocrx_word' id='word_1_265' title='bbox 849 4379 1049 4435; x_wconf 86' lang='lat' dir='ltr'><strong>Eodem</strong></span> <span class='ocrx_word' id='word_1_266' title='bbox 1088 4396 1218 4436; x_wconf 89' lang='lat' dir='ltr'><strong>vero</strong></span> <span class='ocrx_word' id='word_1_267' title='bbox 1268 4390 1515 4451; x_wconf 86' lang='lat' dir='ltr'><strong>tempore</strong></span> <span class='ocrx_word' id='word_1_268' title='bbox 1548 4398 1655 4452; x_wconf 90' lang='lat' dir='ltr'><strong>quo</strong></span> <span class='ocrx_word' id='word_1_269' title='bbox 1702 4393 1920 4437; x_wconf 87' lang='lat' dir='ltr'><strong>sanctus</strong></span> 
     </span>
    </p>
   </div>
   <div class='ocr_carea' id='block_1_44' title="bbox 327 4468 1919 4528">
    <p class='ocr_par' dir='ltr' id='par_1_44' title="bbox 327 4468 1919 4528">
     <span class='ocr_line' id='line_1_44' title="bbox 327 4468 1919 4528; baseline 0.004 -8"><span class='ocrx_word' id='word_1_270' title='bbox 327 4468 553 4524; x_wconf 84' lang='lat' dir='ltr'><strong>antistes</strong></span> <span class='ocrx_word' id='word_1_271' title='bbox 581 4468 933 4525; x_wconf 80' lang='lat' dir='ltr'><strong>Adelwoldus</strong></span> <span class='ocrx_word' id='word_1_272' title='bbox 965 4470 1031 4525; x_wconf 91' lang='lat' dir='ltr'><strong>de</strong></span> <span class='ocrx_word' id='word_1_273' title='bbox 1063 4470 1167 4525; x_wconf 89' lang='lat' dir='ltr'><strong>hac</strong></span> <span class='ocrx_word' id='word_1_274' title='bbox 1196 4472 1409 4525; x_wconf 86' lang='lat' dir='ltr'><strong>mortali</strong></span> <span class='ocrx_word' id='word_1_275' title='bbox 1438 4473 1546 4525; x_wconf 85' lang='lat' dir='ltr'><strong>vita</strong></span> <span class='ocrx_word' id='word_1_276' title='bbox 1588 4482 1705 4527; x_wconf 85' lang='lat' dir='ltr'><strong>crat</strong></span> <span class='ocrx_word' id='word_1_277' title='bbox 1740 4474 1919 4528; x_wconf 75' lang='lat' dir='ltr'><strong>exitu-</strong></span> 
     </span>
    </p>
   </div>
   <div class='ocr_carea' id='block_1_45' title="bbox 326 4562 1914 4640">
    <p class='ocr_par' dir='ltr' id='par_1_45' title="bbox 326 4562 1914 4640">
     <span class='ocr_line' id='line_1_45' title="bbox 326 4562 1914 4640; baseline 0.006 -25"><span class='ocrx_word' id='word_1_278' title='bbox 326 4575 447 4627; x_wconf 92' lang='lat' dir='ltr'><strong>rus,</strong></span> <span class='ocrx_word' id='word_1_279' title='bbox 482 4570 539 4617; x_wconf 88' lang='lat' dir='ltr'><strong>et</strong></span> <span class='ocrx_word' id='word_1_280' title='bbox 569 4562 813 4620; x_wconf 88' lang='lat' dir='ltr'><strong>laborum</strong></span> <span class='ocrx_word' id='word_1_281' title='bbox 843 4580 1066 4621; x_wconf 87' lang='lat' dir='ltr'><strong>suorqu</strong></span> <span class='ocrx_word' id='word_1_282' title='bbox 1100 4566 1318 4636; x_wconf 68' lang='lat' dir='ltr'><strong>praamia</strong></span> <span class='ocrx_word' id='word_1_283' title='bbox 1346 4583 1376 4619; x_wconf 90' lang='lat' dir='ltr'><strong>a</strong></span> <span class='ocrx_word' id='word_1_284' title='bbox 1406 4567 1513 4622; x_wconf 91' lang='lat' dir='ltr'><strong>Deo</strong></span> <span class='ocrx_word' id='word_1_285' title='bbox 1542 4578 1914 4640; x_wconf 87' lang='lat' dir='ltr'><strong>percepturus,</strong></span> 
     </span>
    </p>
   </div>
   <div class='ocr_carea' id='block_1_46' title="bbox 325 4652 1915 4730">
    <p class='ocr_par' dir='ltr' id='par_1_46' title="bbox 325 4652 1915 4730">
     <span class='ocr_line' id='line_1_46' title="bbox 325 4652 1915 4730; baseline 0.008 -26"><span class='ocrx_word' id='word_1_286' title='bbox 325 4652 470 4706; x_wconf 81' lang='lat' dir='ltr'><strong>venit</strong></span> <span class='ocrx_word' id='word_1_287' title='bbox 496 4653 565 4708; x_wconf 89' lang='lat' dir='ltr'><strong>ad</strong></span> <span class='ocrx_word' id='word_1_288' title='bbox 595 4654 777 4710; x_wconf 90' lang='lat' dir='ltr'><strong>villam</strong></span> <span class='ocrx_word' id='word_1_289' title='bbox 821 4672 944 4726; x_wconf 64' lang='lat' dir='ltr'><strong>qua;</strong></span> <span class='ocrx_word' id='word_1_290' title='bbox 981 4666 1243 4712; x_wconf 88' lang='lat' dir='ltr'><strong>consueto</strong></span> <span class='ocrx_word' id='word_1_291' title='bbox 1282 4660 1501 4715; x_wconf 87' lang='lat' dir='ltr'><strong>nomine</strong></span> <span class='ocrx_word' id='word_1_292' title='bbox 1544 4658 1915 4730; x_wconf 67' lang='lat' dir='ltr'><strong>Beurldingtun</strong></span> 
     </span>
    </p>
   </div>
   <div class='ocr_carea' id='block_1_47' title="bbox 322 4747 1913 4823">
    <p class='ocr_par' dir='ltr' id='par_1_47' title="bbox 322 4747 1913 4823">
     <span class='ocr_line' id='line_1_47' title="bbox 322 4747 1913 4823; baseline 0.005 -23"><span class='ocrx_word' id='word_1_293' title='bbox 322 4747 638 4819; x_wconf 85' lang='lat' dir='ltr'><strong>appellatur,</strong></span> <span class='ocrx_word' id='word_1_294' title='bbox 666 4751 950 4823; x_wconf 76' lang='lat' dir='ltr'><strong>sexaginta</strong></span> <span class='ocrx_word' id='word_1_295' title='bbox 983 4750 1221 4806; x_wconf 84' lang='lat' dir='ltr'><strong>millibus</strong></span> <span class='ocrx_word' id='word_1_296' title='bbox 1252 4752 1318 4807; x_wconf 89' lang='lat' dir='ltr'><strong>ab</strong></span> <span class='ocrx_word' id='word_1_297' title='bbox 1357 4755 1488 4808; x_wconf 87' lang='lat' dir='ltr'><strong>urbe</strong></span> <span class='ocrx_word' id='word_1_298' title='bbox 1518 4752 1794 4808; x_wconf 84' lang='lat' dir='ltr'><strong>Wintonia</strong></span> <span class='ocrx_word' id='word_1_299' title='bbox 1836 4754 1913 4808; x_wconf 84' lang='lat' dir='ltr'><strong>di-</strong></span> 
     </span>
    </p>
   </div>
   <div class='ocr_carea' id='block_1_48' title="bbox 323 4837 1912 4912">
    <p class='ocr_par' dir='ltr' id='par_1_48' title="bbox 323 4837 1912 4912">
     <span class='ocr_line' id='line_1_48' title="bbox 323 4837 1912 4912; baseline 0.006 -22"><span class='ocrx_word' id='word_1_300' title='bbox 323 4844 493 4892; x_wconf 84' lang='lat' dir='ltr'><strong>stans.</strong></span> <span class='ocrx_word' id='word_1_301' title='bbox 544 4837 623 4893; x_wconf 86' lang='lat' dir='ltr'><strong>lbi</strong></span> <span class='ocrx_word' id='word_1_302' title='bbox 675 4856 804 4912; x_wconf 90' lang='lat' dir='ltr'><strong>ergo</strong></span> <span class='ocrx_word' id='word_1_303' title='bbox 858 4856 983 4896; x_wconf 92' lang='lat' dir='ltr'><strong>cum</strong></span> <span class='ocrx_word' id='word_1_304' title='bbox 1038 4841 1351 4912; x_wconf 88' lang='lat' dir='ltr'><strong>aliquandiu</strong></span> <span class='ocrx_word' id='word_1_305' title='bbox 1408 4856 1739 4910; x_wconf 91' lang='lat' dir='ltr'><strong>moraretur,</strong></span> <span class='ocrx_word' id='word_1_306' title='bbox 1800 4845 1912 4899; x_wconf 91' lang='lat' dir='ltr'><strong>acri</strong></span> 
     </span>
    </p>
   </div>
   <div class='ocr_carea' id='block_1_49' title="bbox 322 4928 1911 5005">
    <p class='ocr_par' dir='ltr' id='par_1_49' title="bbox 322 4928 1911 5005">
     <span class='ocr_line' id='line_1_49' title="bbox 322 4928 1911 5005; baseline 0.005 -24"><span class='ocrx_word' id='word_1_307' title='bbox 322 4928 817 4998; x_wconf 66' lang='lat' dir='ltr'><strong>ccepitjnlirmitate</strong></span> <span class='ocrx_word' id='word_1_308' title='bbox 844 4932 1082 5004; x_wconf 89' lang='lat' dir='ltr'><strong>gravari;</strong></span> <span class='ocrx_word' id='word_1_309' title='bbox 1111 4942 1163 4988; x_wconf 92' lang='lat' dir='ltr'><strong>et</strong></span> <span class='ocrx_word' id='word_1_310' title='bbox 1191 4932 1387 4988; x_wconf 89' lang='lat' dir='ltr'><strong>sacrati</strong></span> <span class='ocrx_word' id='word_1_311' title='bbox 1417 4935 1519 4990; x_wconf 90' lang='lat' dir='ltr'><strong>olei</strong></span> <span class='ocrx_word' id='word_1_312' title='bbox 1551 4934 1758 5005; x_wconf 89' lang='lat' dir='ltr'><strong>liquore</strong></span> <span class='ocrx_word' id='word_1_313' title='bbox 1788 4949 1911 5005; x_wconf 84' lang='lat' dir='ltr'><strong>per-</strong></span> 
     </span>
    </p>
   </div>
   <div class='ocr_carea' id='block_1_50' title="bbox 322 5022 1912 5104">
    <p class='ocr_par' dir='ltr' id='par_1_50' title="bbox 322 5022 1912 5104">
     <span class='ocr_line' id='line_1_50' title="bbox 322 5022 1912 5104; baseline 0.009 -32"><span class='ocrx_word' id='word_1_314' title='bbox 322 5030 538 5088; x_wconf 91' lang='lat' dir='ltr'><strong>unctus,</strong></span> <span class='ocrx_word' id='word_1_315' title='bbox 598 5022 861 5082; x_wconf 90' lang='lat' dir='ltr'><strong>Dominici</strong></span> <span class='ocrx_word' id='word_1_316' title='bbox 894 5029 1147 5098; x_wconf 88' lang='lat' dir='ltr'><strong>corporis</strong></span> <span class='ocrx_word' id='word_1_317' title='bbox 1172 5037 1228 5085; x_wconf 91' lang='lat' dir='ltr'><strong>et</strong></span> <span class='ocrx_word' id='word_1_318' title='bbox 1260 5032 1540 5103; x_wconf 88' lang='lat' dir='ltr'><strong>sanguinis</strong></span> <span class='ocrx_word' id='word_1_319' title='bbox 1566 5034 1912 5104; x_wconf 83' lang='lat' dir='ltr'><strong>perceptione</strong></span> 
     </span>
    </p>
   </div>
   <div class='ocr_carea' id='block_1_51' title="bbox 322 5115 1911 5193">
    <p class='ocr_par' dir='ltr' id='par_1_51' title="bbox 322 5115 1911 5193">
     <span class='ocr_line' id='line_1_51' title="bbox 322 5115 1911 5193; baseline 0.011 -26"><span class='ocrx_word' id='word_1_320' title='bbox 322 5115 521 5169; x_wconf 75' lang='lat' dir='ltr'><strong>exitum</strong></span> <span class='ocrx_word' id='word_1_321' title='bbox 556 5131 712 5173; x_wconf 82' lang='lat' dir='ltr'><strong>suum</strong></span> <span class='ocrx_word' id='word_1_322' title='bbox 743 5122 997 5176; x_wconf 88' lang='lat' dir='ltr'><strong>munivit.</strong></span> <span class='ocrx_word' id='word_1_323' title='bbox 1034 5122 1232 5193; x_wconf 91' lang='lat' dir='ltr'><strong>Sicque</strong></span> <span class='ocrx_word' id='word_1_324' title='bbox 1279 5125 1604 5184; x_wconf 78' lang='lat' dir='ltr'><strong>valefaciens</strong></span> <span class='ocrx_word' id='word_1_325' title='bbox 1630 5168 1644 5191; x_wconf 94' lang='lat'><strong>,</strong></span> <span class='ocrx_word' id='word_1_326' title='bbox 1684 5138 1738 5183; x_wconf 91' lang='lat' dir='ltr'><strong>et</strong></span> <span class='ocrx_word' id='word_1_327' title='bbox 1776 5129 1911 5185; x_wconf 89' lang='lat' dir='ltr'><strong>dans</strong></span> 
     </span>
    </p>
   </div>
   <div class='ocr_carea' id='block_1_52' title="bbox 315 5207 1907 5293">
    <p class='ocr_par' dir='ltr' id='par_1_52' title="bbox 315 5207 1907 5293">
     <span class='ocr_line' id='line_1_52' title="bbox 315 5207 1907 5293; baseline 0.009 -32"><span class='ocrx_word' id='word_1_328' title='bbox 315 5220 522 5275; x_wconf 84' lang='lat' dir='ltr'><strong>pacem</strong></span> <span class='ocrx_word' id='word_1_329' title='bbox 555 5207 686 5264; x_wconf 83' lang='lat' dir='ltr'><strong>ﬁliis</strong></span> <span class='ocrx_word' id='word_1_330' title='bbox 730 5213 873 5277; x_wconf 90' lang='lat' dir='ltr'><strong>suis,</strong></span> <span class='ocrx_word' id='word_1_331' title='bbox 937 5213 1080 5270; x_wconf 90' lang='lat' dir='ltr'><strong>inter</strong></span> <span class='ocrx_word' id='word_1_332' title='bbox 1127 5216 1293 5271; x_wconf 89' lang='lat' dir='ltr'><strong>verba</strong></span> <span class='ocrx_word' id='word_1_333' title='bbox 1346 5220 1611 5276; x_wconf 90' lang='lat' dir='ltr'><strong>orationis</strong></span> <span class='ocrx_word' id='word_1_334' title='bbox 1656 5222 1907 5293; x_wconf 91' lang='lat' dir='ltr'><strong>spiritum</strong></span> 
     </span>
    </p>
   </div>
   <div class='ocr_carea' id='block_1_53' title="bbox 313 5298 1907 5379">
    <p class='ocr_par' dir='ltr' id='par_1_53' title="bbox 313 5298 1907 5379">
     <span class='ocr_line' id='line_1_53' title="bbox 313 5298 1907 5379; baseline 0.01 -28"><span class='ocrx_word' id='word_1_335' title='bbox 313 5298 449 5353; x_wconf 67' lang='lat' dir='ltr'><strong>caelo</strong></span> <span class='ocrx_word' id='word_1_336' title='bbox 477 5298 715 5356; x_wconf 85' lang='lat' dir='ltr'><strong>reddidit</strong></span> <span class='ocrx_word' id='word_1_337' title='bbox 744 5304 796 5359; x_wconf 92' lang='lat' dir='ltr'><strong>iu</strong></span> <span class='ocrx_word' id='word_1_338' title='bbox 826 5303 1091 5361; x_wconf 88' lang='lat' dir='ltr'><strong>Kalendis</strong></span> <span class='ocrx_word' id='word_1_339' title='bbox 1128 5308 1391 5379; x_wconf 84' lang='lat' dir='ltr'><strong>Augusti,</strong></span> <span class='ocrx_word' id='word_1_340' title='bbox 1435 5327 1579 5368; x_wconf 87' lang='lat' dir='ltr'><strong>anno</strong></span> <span class='ocrx_word' id='word_1_341' title='bbox 1614 5310 1907 5368; x_wconf 72' lang='lat' dir='ltr'><strong>Dominica)</strong></span> 
     </span>
    </p>
   </div>
   <div class='ocr_carea' id='block_1_54' title="bbox 315 5384 1907 5476">
    <p class='ocr_par' dir='ltr' id='par_1_54' title="bbox 315 5384 1907 5476">
     <span class='ocr_line' id='line_1_54' title="bbox 315 5384 1907 5476; baseline 0.009 -34"><span class='ocrx_word' id='word_1_342' title='bbox 315 5384 708 5447; x_wconf 88' lang='lat' dir='ltr'><strong>incarnationis</strong></span> <span class='ocrx_word' id='word_1_343' title='bbox 738 5396 1153 5467; x_wconf 87' lang='lat' dir='ltr'><strong>nongentesimo</strong></span> <span class='ocrx_word' id='word_1_344' title='bbox 1180 5404 1512 5472; x_wconf 83' lang='lat' dir='ltr'><strong>octogesimo</strong></span> <span class='ocrx_word' id='word_1_345' title='bbox 1540 5414 1753 5476; x_wconf 88' lang='lat' dir='ltr'><strong>quarto,</strong></span> <span class='ocrx_word' id='word_1_346' title='bbox 1790 5403 1907 5473; x_wconf 85' lang='lat' dir='ltr'><strong>epi—</strong></span> 
     </span>
    </p>
   </div>
   <div class='ocr_carea' id='block_1_55' title="bbox 309 5492 1493 5536">
    <p class='ocr_par' dir='ltr' id='par_1_55' title="bbox 309 5492 1493 5536">
     <span class='ocr_line' id='line_1_55' title="bbox 309 5492 1493 5536; baseline 0 0"><span class='ocrx_word' id='word_1_347' title='bbox 309 5494 565 5536; x_wconf 82' lang='lat' dir='ltr'><strong>seonatus</strong></span> <span class='ocrx_word' id='word_1_348' title='bbox 607 5495 779 5536; x_wconf 71' lang='lat' dir='ltr'><strong>autem</strong></span> <span class='ocrx_word' id='word_1_349' title='bbox 823 5492 907 5536; x_wconf 77' lang='lat' dir='ltr'><strong>mli</strong></span> <span class='ocrx_word' id='word_1_350' title='bbox 956 5492 1216 5536; x_wconf 72' lang='lat' dir='ltr'><strong>viepcirnn</strong></span> <span class='ocrx_word' id='word_1_351' title='bbox 1260 5501 1493 5536; x_wconf 69' lang='grc' dir='ltr'>εροιιηιιη</span> 
     </span>
    </p>
   </div>
   <div class='ocr_carea' id='block_1_56' title="bbox 1586 5501 1903 5536">
    <p class='ocr_par' dir='ltr' id='par_1_56' title="bbox 1586 5501 1903 5536">
     <span class='ocr_line' id='line_1_56' title="bbox 1586 5501 1903 5536; baseline 0 0"><span class='ocrx_word' id='word_1_352' title='bbox 1586 5501 1731 5536; x_wconf 70' lang='grc' dir='ltr'><strong>η»ηηῖ</strong></span> <span class='ocrx_word' id='word_1_353' title='bbox 1781 5513 1903 5536; x_wconf 63' lang='lat' dir='ltr'><strong>nan-</strong></span> 
     </span>
    </p>
   </div>
   <div class='ocr_carea' id='block_1_57' title="bbox 3509 426 3614 484">
    <p class='ocr_par' dir='ltr' id='par_1_57' title="bbox 3509 426 3614 484">
     <span class='ocr_line' id='line_1_57' title="bbox 3509 426 3614 484; baseline 0.038 -3"><span class='ocrx_word' id='word_1_354' title='bbox 3509 426 3614 484; x_wconf 73' lang='grc'><strong>102</strong></span> 
     </span>
    </p>
   </div>
   <div class='ocr_carea' id='block_1_58' title="bbox 1953 522 3613 603">
    <p class='ocr_par' dir='ltr' id='par_1_58' title="bbox 1953 522 3613 603">
     <span class='ocr_line' id='line_1_58' title="bbox 1953 522 3613 603; baseline 0.014 -32"><span class='ocrx_word' id='word_1_355' title='bbox 1953 525 2005 582; x_wconf 76' lang='grc' dir='ltr'>Α</span> <span class='ocrx_word' id='word_1_356' title='bbox 2036 532 2299 589; x_wconf 86' lang='lat' dir='ltr'><strong>roseoque</strong></span> <span class='ocrx_word' id='word_1_357' title='bbox 2346 522 2541 579; x_wconf 87' lang='lat' dir='ltr'><strong>rubore</strong></span> <span class='ocrx_word' id='word_1_358' title='bbox 2595 538 2915 593; x_wconf 89' lang='lat' dir='ltr'><strong>venustum,</strong></span> <span class='ocrx_word' id='word_1_359' title='bbox 2974 528 3048 584; x_wconf 90' lang='lat' dir='ltr'><strong>ita</strong></span> <span class='ocrx_word' id='word_1_360' title='bbox 3103 536 3158 585; x_wconf 91' lang='lat' dir='ltr'><strong>ut</strong></span> <span class='ocrx_word' id='word_1_361' title='bbox 3209 532 3439 603; x_wconf 90' lang='lat' dir='ltr'><strong>quodam</strong></span> <span class='ocrx_word' id='word_1_362' title='bbox 3496 553 3613 595; x_wconf 79' lang='lat' dir='ltr'><strong>Ino—</strong></span> 
     </span>
    </p>
   </div>
   <div class='ocr_carea' id='block_1_59' title="bbox 2033 611 3607 695">
    <p class='ocr_par' dir='ltr' id='par_1_59' title="bbox 2033 611 3607 695">
     <span class='ocr_line' id='line_1_59' title="bbox 2033 611 3607 695; baseline 0.013 -30"><span class='ocrx_word' id='word_1_363' title='bbox 2033 611 2101 665; x_wconf 87' lang='lat' dir='ltr'><strong>do</strong></span> <span class='ocrx_word' id='word_1_364' title='bbox 2122 614 2397 682; x_wconf 90' lang='lat' dir='ltr'><strong>septenuis</strong></span> <span class='ocrx_word' id='word_1_365' title='bbox 2430 616 2578 685; x_wconf 91' lang='lat' dir='ltr'><strong>pueri</strong></span> <span class='ocrx_word' id='word_1_366' title='bbox 2608 618 2810 674; x_wconf 87' lang='lat' dir='ltr'><strong>vultum</strong></span> <span class='ocrx_word' id='word_1_367' title='bbox 2861 622 3195 690; x_wconf 70' lang='lat' dir='ltr'><strong>prrctendere</strong></span> <span class='ocrx_word' id='word_1_368' title='bbox 3228 626 3520 695; x_wconf 71' lang='lat' dir='ltr'><strong>videretur,</strong></span> <span class='ocrx_word' id='word_1_369' title='bbox 3554 631 3607 687; x_wconf 91' lang='lat' dir='ltr'><strong>in</strong></span> 
     </span>
    </p>
   </div>
   <div class='ocr_carea' id='block_1_60' title="bbox 2031 704 3611 789">
    <p class='ocr_par' dir='ltr' id='par_1_60' title="bbox 2031 704 3611 789">
     <span class='ocr_line' id='line_1_60' title="bbox 2031 704 3611 789; baseline 0.015 -33"><span class='ocrx_word' id='word_1_370' title='bbox 2031 719 2136 773; x_wconf 87' lang='lat' dir='ltr'><strong>quo</strong></span> <span class='ocrx_word' id='word_1_371' title='bbox 2158 704 2270 772; x_wconf 89' lang='lat' dir='ltr'><strong>jam</strong></span> <span class='ocrx_word' id='word_1_372' title='bbox 2302 710 2545 777; x_wconf 72' lang='lat' dir='ltr'><strong>qurelam</strong></span> <span class='ocrx_word' id='word_1_373' title='bbox 2571 715 2986 770; x_wconf 86' lang='lat' dir='ltr'><strong>resurrectionis</strong></span> <span class='ocrx_word' id='word_1_374' title='bbox 3015 718 3183 787; x_wconf 81' lang='lat' dir='ltr'><strong>gloria</strong></span> <span class='ocrx_word' id='word_1_375' title='bbox 3222 735 3317 789; x_wconf 89' lang='lat' dir='ltr'><strong>per</strong></span> <span class='ocrx_word' id='word_1_376' title='bbox 3345 725 3611 781; x_wconf 85' lang='lat' dir='ltr'><strong>ostensio-</strong></span> 
     </span>
    </p>
   </div>
   <div class='ocr_carea' id='block_1_61' title="bbox 2031 800 3614 887">
    <p class='ocr_par' dir='ltr' id='par_1_61' title="bbox 2031 800 3614 887">
     <span class='ocr_line' id='line_1_61' title="bbox 2031 800 3614 887; baseline 0.017 -41"><span class='ocrx_word' id='word_1_377' title='bbox 2031 808 2153 847; x_wconf 82' lang='lat' dir='ltr'><strong>neui</strong></span> <span class='ocrx_word' id='word_1_378' title='bbox 2184 807 2403 851; x_wconf 72' lang='lat' dir='ltr'><strong>mutata:</strong></span> <span class='ocrx_word' id='word_1_379' title='bbox 2434 800 2615 855; x_wconf 91' lang='lat' dir='ltr'><strong>carnis</strong></span> <span class='ocrx_word' id='word_1_380' title='bbox 2661 806 2925 873; x_wconf 88' lang='lat' dir='ltr'><strong>apparuit.</strong></span> <span class='ocrx_word' id='word_1_381' title='bbox 2957 805 3072 861; x_wconf 86' lang='lat' dir='ltr'><strong>Jam</strong></span> <span class='ocrx_word' id='word_1_382' title='bbox 3100 824 3229 865; x_wconf 90' lang='lat' dir='ltr'><strong>vero</strong></span> <span class='ocrx_word' id='word_1_383' title='bbox 3258 812 3359 867; x_wconf 87' lang='lat' dir='ltr'><strong>diei</strong></span> <span class='ocrx_word' id='word_1_384' title='bbox 3387 830 3490 869; x_wconf 90' lang='lat' dir='ltr'><strong>non</strong></span> <span class='ocrx_word' id='word_1_385' title='bbox 3519 832 3614 887; x_wconf 89' lang='lat' dir='ltr'><strong>p0-</strong></span> 
     </span>
    </p>
   </div>
   <div class='ocr_carea' id='block_1_62' title="bbox 2032 892 3613 965">
    <p class='ocr_par' dir='ltr' id='par_1_62' title="bbox 2032 892 3613 965">
     <span class='ocr_line' id='line_1_62' title="bbox 2032 892 3613 965; baseline 0.016 -27"><span class='ocrx_word' id='word_1_386' title='bbox 2032 894 2156 951; x_wconf 91' lang='lat' dir='ltr'><strong>test,</strong></span> <span class='ocrx_word' id='word_1_387' title='bbox 2186 900 2384 956; x_wconf 90' lang='lat' dir='ltr'><strong>quanta</strong></span> <span class='ocrx_word' id='word_1_388' title='bbox 2437 892 2501 946; x_wconf 92' lang='lat' dir='ltr'><strong>ad</strong></span> <span class='ocrx_word' id='word_1_389' title='bbox 2527 898 2814 965; x_wconf 75' lang='lat' dir='ltr'><strong>exsequias</strong></span> <span class='ocrx_word' id='word_1_390' title='bbox 2846 897 2960 965; x_wconf 84' lang='lat' dir='ltr'><strong>ejus</strong></span> <span class='ocrx_word' id='word_1_391' title='bbox 3016 900 3294 957; x_wconf 88' lang='lat' dir='ltr'><strong>hominum</strong></span> <span class='ocrx_word' id='word_1_392' title='bbox 3326 906 3613 965; x_wconf 91' lang='lat' dir='ltr'><strong>multitudo</strong></span> 
     </span>
    </p>
   </div>
   <div class='ocr_carea' id='block_1_63' title="bbox 2030 984 3616 1069">
    <p class='ocr_par' dir='ltr' id='par_1_63' title="bbox 2030 984 3616 1069">
     <span class='ocr_line' id='line_1_63' title="bbox 2030 984 3616 1069; baseline 0.017 -38"><span class='ocrx_word' id='word_1_393' title='bbox 2030 984 2358 1038; x_wconf 83' lang='lat' dir='ltr'><strong>co:.venerit.</strong></span> <span class='ocrx_word' id='word_1_394' title='bbox 2414 984 2661 1057; x_wconf 89' lang='lat' dir='ltr'><strong>Umlique</strong></span> <span class='ocrx_word' id='word_1_395' title='bbox 2705 993 2952 1046; x_wconf 85' lang='lat' dir='ltr'><strong>certatim</strong></span> <span class='ocrx_word' id='word_1_396' title='bbox 2984 1010 3049 1049; x_wconf 82' lang='lat' dir='ltr'><strong>ex</strong></span> <span class='ocrx_word' id='word_1_397' title='bbox 3082 996 3276 1051; x_wconf 89' lang='lat' dir='ltr'><strong>vicinis</strong></span> <span class='ocrx_word' id='word_1_398' title='bbox 3301 999 3510 1069; x_wconf 92' lang='lat' dir='ltr'><strong>oppidis</strong></span> <span class='ocrx_word' id='word_1_399' title='bbox 3558 1012 3616 1058; x_wconf 91' lang='lat' dir='ltr'><strong>et</strong></span> 
     </span>
    </p>
   </div>
   <div class='ocr_carea' id='block_1_64' title="bbox 2030 1073 3614 1157">
    <p class='ocr_par' dir='ltr' id='par_1_64' title="bbox 2030 1073 3614 1157">
     <span class='ocr_line' id='line_1_64' title="bbox 2030 1073 3614 1157; baseline 0.016 -35"><span class='ocrx_word' id='word_1_400' title='bbox 2030 1073 2269 1126; x_wconf 87' lang='lat' dir='ltr'><strong>castellis</strong></span> <span class='ocrx_word' id='word_1_401' title='bbox 2292 1075 2451 1129; x_wconf 86' lang='lat' dir='ltr'><strong>simul</strong></span> <span class='ocrx_word' id='word_1_402' title='bbox 2486 1076 2537 1130; x_wconf 94' lang='lat' dir='ltr'><strong>in</strong></span> <span class='ocrx_word' id='word_1_403' title='bbox 2566 1095 2728 1134; x_wconf 88' lang='lat' dir='ltr'><strong>ttlllltll</strong></span> <span class='ocrx_word' id='word_1_404' title='bbox 2761 1083 2954 1138; x_wconf 80' lang='lat' dir='ltr'><strong>divites</strong></span> <span class='ocrx_word' id='word_1_405' title='bbox 2978 1094 3030 1139; x_wconf 96' lang='lat' dir='ltr'><strong>et</strong></span> <span class='ocrx_word' id='word_1_406' title='bbox 3052 1102 3334 1157; x_wconf 89' lang='lat' dir='ltr'><strong>pauperes,</strong></span> <span class='ocrx_word' id='word_1_407' title='bbox 3366 1089 3614 1147; x_wconf 91' lang='lat' dir='ltr'><strong>ultimum</strong></span> 
     </span>
    </p>
   </div>
   <div class='ocr_carea' id='block_1_65' title="bbox 2027 1163 3614 1239">
    <p class='ocr_par' dir='ltr' id='par_1_65' title="bbox 2027 1163 3614 1239">
     <span class='ocr_line' id='line_1_65' title="bbox 2027 1163 3614 1239; baseline 0.016 -24"><span class='ocrx_word' id='word_1_408' title='bbox 2027 1163 2145 1217; x_wconf 89' lang='lat' dir='ltr'><strong>vale</strong></span> <span class='ocrx_word' id='word_1_409' title='bbox 2192 1169 2393 1235; x_wconf 88' lang='lat' dir='ltr'><strong>pastori</strong></span> <span class='ocrx_word' id='word_1_410' title='bbox 2440 1187 2537 1224; x_wconf 90' lang='lat' dir='ltr'><strong>suo</strong></span> <span class='ocrx_word' id='word_1_411' title='bbox 2581 1172 2778 1227; x_wconf 89' lang='lat' dir='ltr'><strong>dicturi</strong></span> <span class='ocrx_word' id='word_1_412' title='bbox 2818 1176 3214 1233; x_wconf 77' lang='lat' dir='ltr'><strong>conﬂuxerant.</strong></span> <span class='ocrx_word' id='word_1_413' title='bbox 3247 1181 3447 1238; x_wconf 89' lang='lat' dir='ltr'><strong>Omnes</strong></span> <span class='ocrx_word' id='word_1_414' title='bbox 3493 1201 3614 1239; x_wconf 91' lang='lat' dir='ltr'><strong>cum</strong></span> 
     </span>
    </p>
   </div>
   <div class='ocr_carea' id='block_1_66' title="bbox 2030 1254 3617 1342">
    <p class='ocr_par' dir='ltr' id='par_1_66' title="bbox 2030 1254 3617 1342">
     <span class='ocr_line' id='line_1_66' title="bbox 2030 1254 3617 1342; baseline 0.014 -33"><span class='ocrx_word' id='word_1_415' title='bbox 2030 1254 2212 1310; x_wconf 85' lang='lat' dir='ltr'><strong>dolore</strong></span> <span class='ocrx_word' id='word_1_416' title='bbox 2266 1268 2321 1312; x_wconf 91' lang='lat' dir='ltr'><strong>et</strong></span> <span class='ocrx_word' id='word_1_417' title='bbox 2372 1276 2558 1317; x_wconf 89' lang='lat' dir='ltr'><strong>amaro</strong></span> <span class='ocrx_word' id='word_1_418' title='bbox 2606 1266 2786 1320; x_wconf 89' lang='lat' dir='ltr'><strong>animo</strong></span> <span class='ocrx_word' id='word_1_419' title='bbox 2827 1269 3194 1338; x_wconf 87' lang='lat' dir='ltr'><strong>sequebantur</strong></span> <span class='ocrx_word' id='word_1_420' title='bbox 3221 1272 3505 1342; x_wconf 63' lang='lat' dir='ltr'><strong>feretrum,</strong></span> <span class='ocrx_word' id='word_1_421' title='bbox 3536 1278 3617 1331; x_wconf 88' lang='lat' dir='ltr'><strong>iu-</strong></span> 
     </span>
    </p>
   </div>
   <div class='ocr_carea' id='block_1_67' title="bbox 2033 1350 3615 1426">
    <p class='ocr_par' dir='ltr' id='par_1_67' title="bbox 2033 1350 3615 1426">
     <span class='ocr_line' id='line_1_67' title="bbox 2033 1350 3615 1426; baseline 0.013 -25"><span class='ocrx_word' id='word_1_422' title='bbox 2033 1350 2389 1417; x_wconf 90' lang='lat' dir='ltr'><strong>comparabili</strong></span> <span class='ocrx_word' id='word_1_423' title='bbox 2420 1354 2675 1409; x_wconf 86' lang='lat' dir='ltr'><strong>thesauro</strong></span> <span class='ocrx_word' id='word_1_424' title='bbox 2696 1359 3017 1426; x_wconf 89' lang='lat' dir='ltr'><strong>pretiosum,</strong></span> <span class='ocrx_word' id='word_1_425' title='bbox 3052 1363 3415 1419; x_wconf 89' lang='lat' dir='ltr'><strong>sacrosanctis</strong></span> <span class='ocrx_word' id='word_1_426' title='bbox 3436 1364 3615 1421; x_wconf 85' lang='lat' dir='ltr'><strong>Evan-</strong></span> 
     </span>
    </p>
   </div>
   <div class='ocr_carea' id='block_1_68' title="bbox 2028 1439 3617 1522">
    <p class='ocr_par' dir='ltr' id='par_1_68' title="bbox 2028 1439 3617 1522">
     <span class='ocr_line' id='line_1_68' title="bbox 2028 1439 3617 1522; baseline 0.014 -30"><span class='ocrx_word' id='word_1_427' title='bbox 2028 1439 2181 1509; x_wconf 86' lang='lat' dir='ltr'><strong>gcliis</strong></span> <span class='ocrx_word' id='word_1_428' title='bbox 2226 1451 2279 1495; x_wconf 92' lang='lat' dir='ltr'><strong>et</strong></span> <span class='ocrx_word' id='word_1_429' title='bbox 2335 1446 2590 1501; x_wconf 90' lang='lat' dir='ltr'><strong>crucibus</strong></span> <span class='ocrx_word' id='word_1_430' title='bbox 2638 1460 2929 1515; x_wconf 90' lang='lat' dir='ltr'><strong>armatum,</strong></span> <span class='ocrx_word' id='word_1_431' title='bbox 2988 1453 3270 1522; x_wconf 88' lang='lat' dir='ltr'><strong>palliorum</strong></span> <span class='ocrx_word' id='word_1_432' title='bbox 3299 1456 3617 1514; x_wconf 87' lang='lat' dir='ltr'><strong>velamentis</strong></span> 
     </span>
    </p>
   </div>
   <div class='ocr_carea' id='block_1_69' title="bbox 2028 1539 3617 1615">
    <p class='ocr_par' dir='ltr' id='par_1_69' title="bbox 2028 1539 3617 1615">
     <span class='ocr_line' id='line_1_69' title="bbox 2028 1539 3617 1615; baseline 0.013 -31"><span class='ocrx_word' id='word_1_433' title='bbox 2028 1542 2304 1598; x_wconf 86' lang='lat' dir='ltr'><strong>ornatum,</strong></span> <span class='ocrx_word' id='word_1_434' title='bbox 2332 1540 2576 1593; x_wconf 88' lang='lat' dir='ltr'><strong>accensis</strong></span> <span class='ocrx_word' id='word_1_435' title='bbox 2599 1539 2957 1598; x_wconf 89' lang='lat' dir='ltr'><strong>luminaribus</strong></span> <span class='ocrx_word' id='word_1_436' title='bbox 2978 1554 3033 1598; x_wconf 88' lang='lat' dir='ltr'><strong>ct</strong></span> <span class='ocrx_word' id='word_1_437' title='bbox 3060 1546 3275 1615; x_wconf 86' lang='lat' dir='ltr'><strong>hymnis</strong></span> <span class='ocrx_word' id='word_1_438' title='bbox 3301 1548 3617 1605; x_wconf 78' lang='lat' dir='ltr'><strong>cwlestibus</strong></span> 
     </span>
    </p>
   </div>
   <div class='ocr_carea' id='block_1_70' title="bbox 2029 1624 3613 1691">
    <p class='ocr_par' dir='ltr' id='par_1_70' title="bbox 2029 1624 3613 1691">
     <span class='ocr_line' id='line_1_70' title="bbox 2029 1624 3613 1691; baseline 0.011 -18"><span class='ocrx_word' id='word_1_439' title='bbox 2029 1633 2189 1689; x_wconf 89' lang='lat' dir='ltr'><strong>atque</strong></span> <span class='ocrx_word' id='word_1_440' title='bbox 2233 1624 2560 1691; x_wconf 88' lang='lat' dir='ltr'><strong>psalmorum</strong></span> <span class='ocrx_word' id='word_1_441' title='bbox 2610 1632 2965 1687; x_wconf 89' lang='lat' dir='ltr'><strong>concentibus</strong></span> <span class='ocrx_word' id='word_1_442' title='bbox 3011 1634 3137 1687; x_wconf 85' lang='lat' dir='ltr'><strong>hinc</strong></span> <span class='ocrx_word' id='word_1_443' title='bbox 3184 1635 3307 1689; x_wconf 93' lang='lat' dir='ltr'><strong>inde</strong></span> <span class='ocrx_word' id='word_1_444' title='bbox 3336 1638 3613 1691; x_wconf 83' lang='lat' dir='ltr'><strong>vallatum.</strong></span> 
     </span>
    </p>
   </div>
   <div class='ocr_carea' id='block_1_71' title="bbox 2028 1712 3619 1797">
    <p class='ocr_par' dir='ltr' id='par_1_71' title="bbox 2028 1712 3619 1797">
     <span class='ocr_line' id='line_1_71' title="bbox 2028 1712 3619 1797; baseline 0.013 -35"><span class='ocrx_word' id='word_1_445' title='bbox 2028 1712 2232 1779; x_wconf 77' lang='lat' dir='ltr'><strong>Quibus</strong></span> <span class='ocrx_word' id='word_1_446' title='bbox 2317 1720 2563 1787; x_wconf 89' lang='lat' dir='ltr'><strong>sequenti</strong></span> <span class='ocrx_word' id='word_1_447' title='bbox 2614 1721 2701 1775; x_wconf 91' lang='lat' dir='ltr'><strong>die</strong></span> <span class='ocrx_word' id='word_1_448' title='bbox 2775 1720 3111 1779; x_wconf 88' lang='lat' dir='ltr'><strong>Wintoniam</strong></span> <span class='ocrx_word' id='word_1_449' title='bbox 3191 1726 3619 1797; x_wconf 82' lang='lat' dir='ltr'><strong>ingredientibus</strong></span> 
     </span>
    </p>
   </div>
   <div class='ocr_carea' id='block_1_72' title="bbox 2026 1808 3620 1879">
    <p class='ocr_par' dir='ltr' id='par_1_72' title="bbox 2026 1808 3620 1879">
     <span class='ocr_line' id='line_1_72' title="bbox 2026 1808 3620 1879; baseline 0.011 -21"><span class='ocrx_word' id='word_1_450' title='bbox 2026 1808 2237 1859; x_wconf 84' lang='lat' dir='ltr'><strong>obviam</strong></span> <span class='ocrx_word' id='word_1_451' title='bbox 2272 1812 2484 1879; x_wconf 88' lang='lat' dir='ltr'><strong>corpori</strong></span> <span class='ocrx_word' id='word_1_452' title='bbox 2522 1820 2629 1866; x_wconf 91' lang='lat' dir='ltr'><strong>tota</strong></span> <span class='ocrx_word' id='word_1_453' title='bbox 2661 1815 2823 1869; x_wconf 90' lang='lat' dir='ltr'><strong>simul</strong></span> <span class='ocrx_word' id='word_1_454' title='bbox 2848 1817 3041 1870; x_wconf 83' lang='lat' dir='ltr'><strong>civitas</strong></span> <span class='ocrx_word' id='word_1_455' title='bbox 3069 1820 3397 1875; x_wconf 88' lang='lat' dir='ltr'><strong>unanimiter</strong></span> <span class='ocrx_word' id='word_1_456' title='bbox 3427 1837 3620 1876; x_wconf 90' lang='lat' dir='ltr'><strong>occur-</strong></span> 
     </span>
    </p>
   </div>
   <div class='ocr_carea' id='block_1_73' title="bbox 1953 1900 3613 1982">
    <p class='ocr_par' dir='ltr' id='par_1_73' title="bbox 1953 1900 3613 1982">
     <span class='ocr_line' id='line_1_73' title="bbox 1953 1900 3613 1982; baseline 0.012 -32"><span class='ocrx_word' id='word_1_457' title='bbox 1953 1904 1999 1964; x_wconf 82' lang='lat' dir='ltr'><strong>B</strong></span> <span class='ocrx_word' id='word_1_458' title='bbox 2030 1900 2116 1952; x_wconf 89' lang='lat' dir='ltr'><strong>rit.</strong></span> <span class='ocrx_word' id='word_1_459' title='bbox 2145 1900 2280 1956; x_wconf 89' lang='lat' dir='ltr'><strong>lliue</strong></span> <span class='ocrx_word' id='word_1_460' title='bbox 2309 1903 2576 1973; x_wconf 88' lang='lat' dir='ltr'><strong>cjulantes</strong></span> <span class='ocrx_word' id='word_1_461' title='bbox 2599 1908 2783 1963; x_wconf 88' lang='lat' dir='ltr'><strong>turbas</strong></span> <span class='ocrx_word' id='word_1_462' title='bbox 2811 1913 3156 1982; x_wconf 85' lang='lat' dir='ltr'><strong>conspiceres</strong></span> <span class='ocrx_word' id='word_1_463' title='bbox 3188 1916 3613 1981; x_wconf 87' lang='lat' dir='ltr'><strong>monachorum;</strong></span> 
     </span>
    </p>
   </div>
   <div class='ocr_carea' id='block_1_74' title="bbox 2029 1989 3617 2069">
    <p class='ocr_par' dir='ltr' id='par_1_74' title="bbox 2029 1989 3617 2069">
     <span class='ocr_line' id='line_1_74' title="bbox 2029 1989 3617 2069; baseline 0.011 -26"><span class='ocrx_word' id='word_1_464' title='bbox 2029 1989 2150 2043; x_wconf 88' lang='lat' dir='ltr'><strong>inde</strong></span> <span class='ocrx_word' id='word_1_465' title='bbox 2208 1992 2403 2059; x_wconf 85' lang='lat' dir='ltr'><strong>pallida</strong></span> <span class='ocrx_word' id='word_1_466' title='bbox 2473 1997 2686 2065; x_wconf 82' lang='lat' dir='ltr'><strong>agmina</strong></span> <span class='ocrx_word' id='word_1_467' title='bbox 2740 1999 3049 2069; x_wconf 83' lang='lat' dir='ltr'><strong>virginum;</strong></span> <span class='ocrx_word' id='word_1_468' title='bbox 3105 2003 3233 2059; x_wconf 88' lang='lat' dir='ltr'><strong>hinc</strong></span> <span class='ocrx_word' id='word_1_469' title='bbox 3291 2006 3508 2061; x_wconf 88' lang='lat' dir='ltr'><strong>audires</strong></span> <span class='ocrx_word' id='word_1_470' title='bbox 3562 2007 3617 2061; x_wconf 90' lang='lat' dir='ltr'><strong>iu</strong></span> 
     </span>
    </p>
   </div>
   <div class='ocr_carea' id='block_1_75' title="bbox 2027 2079 3617 2167">
    <p class='ocr_par' dir='ltr' id='par_1_75' title="bbox 2027 2079 3617 2167">
     <span class='ocr_line' id='line_1_75' title="bbox 2027 2079 3617 2167; baseline 0.013 -34"><span class='ocrx_word' id='word_1_471' title='bbox 2027 2079 2245 2134; x_wconf 75' lang='lat' dir='ltr'><strong>excelso</strong></span> <span class='ocrx_word' id='word_1_472' title='bbox 2270 2098 2431 2137; x_wconf 85' lang='lat' dir='ltr'><strong>voces</strong></span> <span class='ocrx_word' id='word_1_473' title='bbox 2457 2086 2798 2153; x_wconf 82' lang='lat' dir='ltr'><strong>psallentium</strong></span> <span class='ocrx_word' id='word_1_474' title='bbox 2830 2090 3184 2159; x_wconf 89' lang='lat' dir='ltr'><strong>clericorum;</strong></span> <span class='ocrx_word' id='word_1_475' title='bbox 3212 2095 3335 2151; x_wconf 88' lang='lat' dir='ltr'><strong>inde</strong></span> <span class='ocrx_word' id='word_1_476' title='bbox 3360 2099 3617 2167; x_wconf 83' lang='lat' dir='ltr'><strong>gemitum</strong></span> 
     </span>
    </p>
   </div>
   <div class='ocr_carea' id='block_1_76' title="bbox 2026 2170 3621 2263">
    <p class='ocr_par' dir='ltr' id='par_1_76' title="bbox 2026 2170 3621 2263">
     <span class='ocr_line' id='line_1_76' title="bbox 2026 2170 3621 2263; baseline 0.015 -39"><span class='ocrx_word' id='word_1_477' title='bbox 2026 2170 2268 2227; x_wconf 82' lang='lat' dir='ltr'><strong>ﬂentium</strong></span> <span class='ocrx_word' id='word_1_478' title='bbox 2300 2190 2619 2247; x_wconf 77' lang='lat' dir='ltr'><strong>pauperum,</strong></span> <span class='ocrx_word' id='word_1_479' title='bbox 2661 2192 2715 2235; x_wconf 90' lang='lat' dir='ltr'><strong>et</strong></span> <span class='ocrx_word' id='word_1_480' title='bbox 2760 2183 3022 2238; x_wconf 90' lang='lat' dir='ltr'><strong>ululatum</strong></span> <span class='ocrx_word' id='word_1_481' title='bbox 3052 2187 3467 2245; x_wconf 78' lang='lat' dir='ltr'><strong>vociferantium</strong></span> <span class='ocrx_word' id='word_1_482' title='bbox 3497 2207 3621 2263; x_wconf 88' lang='lat' dir='ltr'><strong>ege-</strong></span> 
     </span>
    </p>
   </div>
   <div class='ocr_carea' id='block_1_77' title="bbox 2026 2267 3617 2352">
    <p class='ocr_par' dir='ltr' id='par_1_77' title="bbox 2026 2267 3617 2352">
     <span class='ocr_line' id='line_1_77' title="bbox 2026 2267 3617 2352; baseline 0.016 -38"><span class='ocrx_word' id='word_1_483' title='bbox 2026 2278 2240 2329; x_wconf 88' lang='lat' dir='ltr'><strong>norum,</strong></span> <span class='ocrx_word' id='word_1_484' title='bbox 2276 2267 2367 2335; x_wconf 89' lang='lat' dir='ltr'><strong>qni</strong></span> <span class='ocrx_word' id='word_1_485' title='bbox 2425 2273 2663 2339; x_wconf 85' lang='lat' dir='ltr'><strong>pastoris</strong></span> <span class='ocrx_word' id='word_1_486' title='bbox 2707 2275 2789 2327; x_wconf 92' lang='lat' dir='ltr'><strong>sui</strong></span> <span class='ocrx_word' id='word_1_487' title='bbox 2839 2279 3128 2345; x_wconf 53' lang='lat' dir='ltr'><strong>praesentia</strong></span> <span class='ocrx_word' id='word_1_488' title='bbox 3180 2296 3235 2335; x_wconf 92' lang='lat' dir='ltr'><strong>se</strong></span> <span class='ocrx_word' id='word_1_489' title='bbox 3279 2282 3479 2352; x_wconf 90' lang='lat' dir='ltr'><strong>privari</strong></span> <span class='ocrx_word' id='word_1_490' title='bbox 3511 2298 3617 2340; x_wconf 91' lang='lat' dir='ltr'><strong>non</strong></span> 
     </span>
    </p>
   </div>
   <div class='ocr_carea' id='block_1_78' title="bbox 2026 2354 3620 2440">
    <p class='ocr_par' dir='ltr' id='par_1_78' title="bbox 2026 2354 3620 2440">
     <span class='ocr_line' id='line_1_78' title="bbox 2026 2354 3620 2440; baseline 0.014 -34"><span class='ocrx_word' id='word_1_491' title='bbox 2026 2354 2381 2421; x_wconf 78' lang='lat' dir='ltr'><strong>sustinentes,</strong></span> <span class='ocrx_word' id='word_1_492' title='bbox 2414 2359 2615 2414; x_wconf 88' lang='lat' dir='ltr'><strong>dabant</strong></span> <span class='ocrx_word' id='word_1_493' title='bbox 2660 2362 2900 2420; x_wconf 83' lang='lat' dir='ltr'><strong>inﬁnitos</strong></span> <span class='ocrx_word' id='word_1_494' title='bbox 2932 2366 3297 2440; x_wconf 81' lang='lat' dir='ltr'><strong>lacrymarum</strong></span> <span class='ocrx_word' id='word_1_495' title='bbox 3353 2372 3620 2430; x_wconf 86' lang='lat' dir='ltr'><strong>clamores</strong></span> 
     </span>
    </p>
   </div>
   <div class='ocr_carea' id='block_1_79' title="bbox 2025 2444 3619 2526">
    <p class='ocr_par' dir='ltr' id='par_1_79' title="bbox 2025 2444 3619 2526">
     <span class='ocr_line' id='line_1_79' title="bbox 2025 2444 3619 2526; baseline 0.016 -31"><span class='ocrx_word' id='word_1_496' title='bbox 2025 2444 2091 2496; x_wconf 93' lang='lat' dir='ltr'><strong>ad</strong></span> <span class='ocrx_word' id='word_1_497' title='bbox 2124 2444 2341 2499; x_wconf 68' lang='lat' dir='ltr'><strong>emtum.</strong></span> <span class='ocrx_word' id='word_1_498' title='bbox 2392 2447 2694 2506; x_wconf 86' lang='lat' dir='ltr'><strong>Perductus</strong></span> <span class='ocrx_word' id='word_1_499' title='bbox 2724 2463 2809 2509; x_wconf 88' lang='lat' dir='ltr'><strong>est</strong></span> <span class='ocrx_word' id='word_1_500' title='bbox 2837 2470 2966 2526; x_wconf 88' lang='lat' dir='ltr'><strong>ergo</strong></span> <span class='ocrx_word' id='word_1_501' title='bbox 2997 2458 3080 2511; x_wconf 91' lang='lat' dir='ltr'><strong>vir</strong></span> <span class='ocrx_word' id='word_1_502' title='bbox 3110 2460 3202 2514; x_wconf 87' lang='lat' dir='ltr'><strong>Dei</strong></span> <span class='ocrx_word' id='word_1_503' title='bbox 3229 2477 3350 2516; x_wconf 90' lang='lat' dir='ltr'><strong>cum</strong></span> <span class='ocrx_word' id='word_1_504' title='bbox 3381 2463 3619 2519; x_wconf 58' lang='lat' dir='ltr'><strong>caelesti-</strong></span> 
     </span>
    </p>
   </div>
   <div class='ocr_carea' id='block_1_80' title="bbox 2024 2530 3617 2621">
    <p class='ocr_par' dir='ltr' id='par_1_80' title="bbox 2024 2530 3617 2621">
     <span class='ocr_line' id='line_1_80' title="bbox 2024 2530 3617 2621; baseline 0.016 -37"><span class='ocrx_word' id='word_1_505' title='bbox 2024 2530 2125 2587; x_wconf 90' lang='lat' dir='ltr'><strong>bus</strong></span> <span class='ocrx_word' id='word_1_506' title='bbox 2169 2537 2443 2606; x_wconf 78' lang='lat' dir='ltr'><strong>exsequiis</strong></span> <span class='ocrx_word' id='word_1_507' title='bbox 2490 2538 2542 2593; x_wconf 90' lang='lat' dir='ltr'><strong>in</strong></span> <span class='ocrx_word' id='word_1_508' title='bbox 2590 2540 2876 2597; x_wconf 87' lang='lat' dir='ltr'><strong>ecclesiam</strong></span> <span class='ocrx_word' id='word_1_509' title='bbox 2908 2545 3193 2603; x_wconf 66' lang='lat' dir='ltr'><strong>beatorum</strong></span> <span class='ocrx_word' id='word_1_510' title='bbox 3249 2553 3617 2621; x_wconf 88' lang='lat' dir='ltr'><strong>apostolorum</strong></span> 
     </span>
    </p>
   </div>
   <div class='ocr_carea' id='block_1_81' title="bbox 2023 2623 3619 2715">
    <p class='ocr_par' dir='ltr' id='par_1_81' title="bbox 2023 2623 3619 2715">
     <span class='ocr_line' id='line_1_81' title="bbox 2023 2623 3619 2715; baseline 0.014 -36"><span class='ocrx_word' id='word_1_511' title='bbox 2023 2623 2171 2680; x_wconf 89' lang='lat' dir='ltr'><strong>Petri</strong></span> <span class='ocrx_word' id='word_1_512' title='bbox 2198 2637 2253 2681; x_wconf 88' lang='lat' dir='ltr'><strong>et</strong></span> <span class='ocrx_word' id='word_1_513' title='bbox 2283 2627 2435 2684; x_wconf 87' lang='lat' dir='ltr'><strong>Pauli</strong></span> <span class='ocrx_word' id='word_1_514' title='bbox 2465 2632 2530 2685; x_wconf 91' lang='lat' dir='ltr'><strong>ad</strong></span> <span class='ocrx_word' id='word_1_515' title='bbox 2558 2632 2741 2687; x_wconf 88' lang='lat' dir='ltr'><strong>sedem</strong></span> <span class='ocrx_word' id='word_1_516' title='bbox 2767 2650 2918 2690; x_wconf 88' lang='lat' dir='ltr'><strong>suam</strong></span> <span class='ocrx_word' id='word_1_517' title='bbox 2948 2639 3332 2709; x_wconf 91' lang='lat' dir='ltr'><strong>episcopalem,</strong></span> <span class='ocrx_word' id='word_1_518' title='bbox 3358 2653 3411 2697; x_wconf 89' lang='lat' dir='ltr'><strong>et</strong></span> <span class='ocrx_word' id='word_1_519' title='bbox 3435 2645 3619 2715; x_wconf 74' lang='lat' dir='ltr'><strong>exple-</strong></span> 
     </span>
    </p>
   </div>
   <div class='ocr_carea' id='block_1_82' title="bbox 2026 2720 3620 2808">
    <p class='ocr_par' dir='ltr' id='par_1_82' title="bbox 2026 2720 3620 2808">
     <span class='ocr_line' id='line_1_82' title="bbox 2026 2720 3620 2808; baseline 0.015 -36"><span class='ocrx_word' id='word_1_520' title='bbox 2026 2720 2093 2773; x_wconf 85' lang='lat' dir='ltr'><strong>tis</strong></span> <span class='ocrx_word' id='word_1_521' title='bbox 2123 2721 2427 2793; x_wconf 86' lang='lat' dir='ltr'><strong>vigiliarum</strong></span> <span class='ocrx_word' id='word_1_522' title='bbox 2468 2726 2869 2798; x_wconf 89' lang='lat' dir='ltr'><strong>missarumque</strong></span> <span class='ocrx_word' id='word_1_523' title='bbox 2912 2732 3215 2802; x_wconf 86' lang='lat' dir='ltr'><strong>solcmniis,</strong></span> <span class='ocrx_word' id='word_1_524' title='bbox 3266 2738 3506 2808; x_wconf 89' lang='lat' dir='ltr'><strong>sepultus</strong></span> <span class='ocrx_word' id='word_1_525' title='bbox 3536 2749 3620 2795; x_wconf 90' lang='lat' dir='ltr'><strong>est</strong></span> 
     </span>
    </p>
   </div>
   <div class='ocr_carea' id='block_1_83' title="bbox 2025 2811 3619 2892">
    <p class='ocr_par' dir='ltr' id='par_1_83' title="bbox 2025 2811 3619 2892">
     <span class='ocr_line' id='line_1_83' title="bbox 2025 2811 3619 2892; baseline 0.012 -27"><span class='ocrx_word' id='word_1_526' title='bbox 2025 2811 2077 2865; x_wconf 91' lang='lat' dir='ltr'><strong>in</strong></span> <span class='ocrx_word' id='word_1_527' title='bbox 2132 2822 2317 2884; x_wconf 82' lang='lat' dir='ltr'><strong>crypta</strong></span> <span class='ocrx_word' id='word_1_528' title='bbox 2375 2818 2441 2869; x_wconf 87' lang='lat' dir='ltr'><strong>ad</strong></span> <span class='ocrx_word' id='word_1_529' title='bbox 2475 2818 2768 2873; x_wconf 90' lang='lat' dir='ltr'><strong>australem</strong></span> <span class='ocrx_word' id='word_1_530' title='bbox 2814 2821 3025 2890; x_wconf 78' lang='lat' dir='ltr'><strong>plagam</strong></span> <span class='ocrx_word' id='word_1_531' title='bbox 3072 2827 3247 2880; x_wconf 90' lang='lat' dir='ltr'><strong>sancti</strong></span> <span class='ocrx_word' id='word_1_532' title='bbox 3293 2826 3501 2892; x_wconf 87' lang='lat' dir='ltr'><strong>altaris,</strong></span> <span class='ocrx_word' id='word_1_533' title='bbox 3528 2828 3619 2885; x_wconf 89' lang='lat' dir='ltr'><strong>ubi</strong></span> 
     </span>
    </p>
   </div>
   <div class='ocr_carea' id='block_1_84' title="bbox 2023 2906 3615 2989">
    <p class='ocr_par' dir='ltr' id='par_1_84' title="bbox 2023 2906 3615 2989">
     <span class='ocr_line' id='line_1_84' title="bbox 2023 2906 3615 2989; baseline 0.013 -34"><span class='ocrx_word' id='word_1_534' title='bbox 2023 2916 2146 2955; x_wconf 91' lang='lat' dir='ltr'><strong>eum</strong></span> <span class='ocrx_word' id='word_1_535' title='bbox 2196 2906 2541 2972; x_wconf 90' lang='lat' dir='ltr'><strong>requiescere</strong></span> <span class='ocrx_word' id='word_1_536' title='bbox 2590 2910 2809 2975; x_wconf 90' lang='lat' dir='ltr'><strong>debere,</strong></span> <span class='ocrx_word' id='word_1_537' title='bbox 2844 2912 2984 2967; x_wconf 91' lang='lat' dir='ltr'><strong>sicut</strong></span> <span class='ocrx_word' id='word_1_538' title='bbox 3040 2914 3154 2984; x_wconf 87' lang='lat' dir='ltr'><strong>ipse</strong></span> <span class='ocrx_word' id='word_1_539' title='bbox 3202 2918 3355 2974; x_wconf 83' lang='lat' dir='ltr'><strong>vobis</strong></span> <span class='ocrx_word' id='word_1_540' title='bbox 3409 2920 3615 2989; x_wconf 87' lang='lat' dir='ltr'><strong>retulit,</strong></span> 
     </span>
    </p>
   </div>
   <div class='ocr_carea' id='block_1_85' title="bbox 2023 2994 2963 3060">
    <p class='ocr_par' dir='ltr' id='par_1_85' title="bbox 2023 2994 2963 3060">
     <span class='ocr_line' id='line_1_85' title="bbox 2023 2994 2963 3060; baseline 0.012 -11"><span class='ocrx_word' id='word_1_541' title='bbox 2023 2994 2151 3049; x_wconf 92' lang='lat' dir='ltr'><strong>olim</strong></span> <span class='ocrx_word' id='word_1_542' title='bbox 2177 2996 2277 3050; x_wconf 88' lang='lat' dir='ltr'><strong>sibi</strong></span> <span class='ocrx_word' id='word_1_543' title='bbox 2307 2998 2524 3055; x_wconf 71' lang='lat' dir='ltr'><strong>coalitus</strong></span> <span class='ocrx_word' id='word_1_544' title='bbox 2549 3013 2829 3058; x_wconf 89' lang='lat' dir='ltr'><strong>ostensum</strong></span> <span class='ocrx_word' id='word_1_545' title='bbox 2861 3015 2963 3060; x_wconf 90' lang='lat' dir='ltr'><strong>est.</strong></span> 
     </span>
    </p>
   </div>
   <div class='ocr_carea' id='block_1_86' title="bbox 2096 3088 3617 3178">
    <p class='ocr_par' dir='ltr' id='par_1_86' title="bbox 2096 3088 3617 3178">
     <span class='ocr_line' id='line_1_86' title="bbox 2096 3088 3617 3178; baseline 0.014 -35"><span class='ocrx_word' id='word_1_546' title='bbox 2096 3088 2225 3143; x_wconf 67' lang='lat' dir='ltr'><strong>Car.</strong></span> <span class='ocrx_word' id='word_1_547' title='bbox 2268 3089 2426 3144; x_wconf 80' lang='lat' dir='ltr'><strong>XLII.</strong></span> <span class='ocrx_word' id='word_1_548' title='bbox 2462 3123 2531 3135; x_wconf 87' lang='lat'><strong><em>—</em></strong></span> <span class='ocrx_word' id='word_1_549' title='bbox 2573 3095 2730 3150; x_wconf 87' lang='lat' dir='ltr'><strong>Anno</strong></span> <span class='ocrx_word' id='word_1_550' title='bbox 2757 3097 3077 3156; x_wconf 85' lang='lat' dir='ltr'><strong>duodecimo</strong></span> <span class='ocrx_word' id='word_1_551' title='bbox 3105 3112 3228 3171; x_wconf 92' lang='lat' dir='ltr'><strong>post</strong></span> <span class='ocrx_word' id='word_1_552' title='bbox 3258 3104 3466 3161; x_wconf 90' lang='lat' dir='ltr'><strong>obitum</strong></span> <span class='ocrx_word' id='word_1_553' title='bbox 3498 3106 3617 3178; x_wconf 81' lang='lat' dir='ltr'><strong>glo-</strong></span> 
     </span>
    </p>
   </div>
   <div class='ocr_carea' id='block_1_87' title="bbox 2028 3180 3616 3270">
    <p class='ocr_par' dir='ltr' id='par_1_87' title="bbox 2028 3180 3616 3270">
     <span class='ocr_line' id='line_1_87' title="bbox 2028 3180 3616 3270; baseline 0.014 -37"><span class='ocrx_word' id='word_1_554' title='bbox 2028 3180 2156 3235; x_wconf 92' lang='lat' dir='ltr'><strong>riosi</strong></span> <span class='ocrx_word' id='word_1_555' title='bbox 2186 3181 2459 3249; x_wconf 88' lang='lat' dir='ltr'><strong>pontiticis</strong></span> <span class='ocrx_word' id='word_1_556' title='bbox 2481 3184 2801 3254; x_wconf 83' lang='lat' dir='ltr'><strong>Adclwoldi,</strong></span> <span class='ocrx_word' id='word_1_557' title='bbox 2834 3189 3038 3258; x_wconf 86' lang='lat' dir='ltr'><strong>placuit</strong></span> <span class='ocrx_word' id='word_1_558' title='bbox 3062 3210 3307 3265; x_wconf 71' lang='lat' dir='ltr'><strong>Superum</strong></span> <span class='ocrx_word' id='word_1_559' title='bbox 3331 3198 3616 3270; x_wconf 84' lang='lat' dir='ltr'><strong>dispensa-</strong></span> 
     </span>
    </p>
   </div>
   <div class='ocr_carea' id='block_1_88' title="bbox 1952 3264 3615 3362">
    <p class='ocr_par' dir='ltr' id='par_1_88' title="bbox 1952 3264 3615 3362">
     <span class='ocr_line' id='line_1_88' title="bbox 1952 3264 3615 3362; baseline 0.014 -35"><span class='ocrx_word' id='word_1_560' title='bbox 1952 3264 1997 3327; x_wconf 90' lang='lat' dir='ltr'><strong>C</strong></span> <span class='ocrx_word' id='word_1_561' title='bbox 2031 3276 2159 3330; x_wconf 92' lang='lat' dir='ltr'><strong>tioni</strong></span> <span class='ocrx_word' id='word_1_562' title='bbox 2195 3276 2342 3330; x_wconf 93' lang='lat' dir='ltr'><strong>illum</strong></span> <span class='ocrx_word' id='word_1_563' title='bbox 2369 3294 2466 3348; x_wconf 90' lang='lat' dir='ltr'><strong>per</strong></span> <span class='ocrx_word' id='word_1_564' title='bbox 2492 3279 2732 3336; x_wconf 72' lang='lat' dir='ltr'><strong>cmleslia</strong></span> <span class='ocrx_word' id='word_1_565' title='bbox 2770 3285 2921 3354; x_wconf 88' lang='lat' dir='ltr'><strong>signa</strong></span> <span class='ocrx_word' id='word_1_566' title='bbox 2961 3288 3210 3353; x_wconf 84' lang='lat' dir='ltr'><strong>revelari,</strong></span> <span class='ocrx_word' id='word_1_567' title='bbox 3236 3291 3461 3362; x_wconf 90' lang='lat' dir='ltr'><strong>ejusque</strong></span> <span class='ocrx_word' id='word_1_568' title='bbox 3493 3310 3615 3350; x_wconf 88' lang='lat' dir='ltr'><strong>ossa</strong></span> 
     </span>
    </p>
   </div>
   <div class='ocr_carea' id='block_1_89' title="bbox 2027 3369 3617 3451">
    <p class='ocr_par' dir='ltr' id='par_1_89' title="bbox 2027 3369 3617 3451">
     <span class='ocr_line' id='line_1_89' title="bbox 2027 3369 3617 3451; baseline 0.011 -28"><span class='ocrx_word' id='word_1_569' title='bbox 2027 3369 2092 3423; x_wconf 89' lang='lat' dir='ltr'><strong>de</strong></span> <span class='ocrx_word' id='word_1_570' title='bbox 2116 3370 2350 3439; x_wconf 87' lang='lat' dir='ltr'><strong>sepulcri</strong></span> <span class='ocrx_word' id='word_1_571' title='bbox 2378 3373 2673 3427; x_wconf 91' lang='lat' dir='ltr'><strong>munimine</strong></span> <span class='ocrx_word' id='word_1_572' title='bbox 2696 3374 2886 3441; x_wconf 92' lang='lat' dir='ltr'><strong>levari,</strong></span> <span class='ocrx_word' id='word_1_573' title='bbox 2910 3387 2967 3432; x_wconf 92' lang='lat' dir='ltr'><strong>ut</strong></span> <span class='ocrx_word' id='word_1_574' title='bbox 2997 3379 3213 3434; x_wconf 91' lang='lat' dir='ltr'><strong>lucerna</strong></span> <span class='ocrx_word' id='word_1_575' title='bbox 3247 3398 3364 3451; x_wconf 69' lang='lat' dir='ltr'><strong>quae</strong></span> <span class='ocrx_word' id='word_1_576' title='bbox 3388 3383 3452 3437; x_wconf 89' lang='lat' dir='ltr'><strong>ad</strong></span> <span class='ocrx_word' id='word_1_577' title='bbox 3484 3393 3617 3441; x_wconf 84' lang='lat' dir='ltr'><strong>tem-</strong></span> 
     </span>
    </p>
   </div>
   <div class='ocr_carea' id='block_1_90' title="bbox 2024 3463 3618 3548">
    <p class='ocr_par' dir='ltr' id='par_1_90' title="bbox 2024 3463 3618 3548">
     <span class='ocr_line' id='line_1_90' title="bbox 2024 3463 3618 3548; baseline 0.015 -35"><span class='ocrx_word' id='word_1_578' title='bbox 2024 3477 2124 3532; x_wconf 89' lang='lat' dir='ltr'><strong>pus</strong></span> <span class='ocrx_word' id='word_1_579' title='bbox 2154 3463 2253 3517; x_wconf 92' lang='lat' dir='ltr'><strong>sub</strong></span> <span class='ocrx_word' id='word_1_580' title='bbox 2278 3465 2458 3519; x_wconf 84' lang='lat' dir='ltr'><strong>modio</strong></span> <span class='ocrx_word' id='word_1_581' title='bbox 2488 3464 2707 3529; x_wconf 88' lang='lat' dir='ltr'><strong>latebat,</strong></span> <span class='ocrx_word' id='word_1_582' title='bbox 2739 3484 2905 3541; x_wconf 91' lang='lat' dir='ltr'><strong>super</strong></span> <span class='ocrx_word' id='word_1_583' title='bbox 2943 3473 3329 3530; x_wconf 79' lang='lat' dir='ltr'><strong>candelabrum</strong></span> <span class='ocrx_word' id='word_1_584' title='bbox 3385 3494 3618 3548; x_wconf 86' lang='lat' dir='ltr'><strong>ponere-</strong></span> 
     </span>
    </p>
   </div>
   <div class='ocr_carea' id='block_1_91' title="bbox 2026 3556 3619 3633">
    <p class='ocr_par' dir='ltr' id='par_1_91' title="bbox 2026 3556 3619 3633">
     <span class='ocr_line' id='line_1_91' title="bbox 2026 3556 3619 3633; baseline 0.013 -26"><span class='ocrx_word' id='word_1_585' title='bbox 2026 3562 2135 3617; x_wconf 91' lang='lat' dir='ltr'><strong>tur,</strong></span> <span class='ocrx_word' id='word_1_586' title='bbox 2170 3565 2451 3623; x_wconf 80' lang='lat' dir='ltr'><strong>quatenus</strong></span> <span class='ocrx_word' id='word_1_587' title='bbox 2472 3556 2679 3613; x_wconf 90' lang='lat' dir='ltr'><strong>luceret</strong></span> <span class='ocrx_word' id='word_1_588' title='bbox 2707 3562 2961 3617; x_wconf 88' lang='lat' dir='ltr'><strong>omnibus</strong></span> <span class='ocrx_word' id='word_1_589' title='bbox 2987 3564 3077 3633; x_wconf 89' lang='lat' dir='ltr'><strong>qui</strong></span> <span class='ocrx_word' id='word_1_590' title='bbox 3106 3565 3155 3619; x_wconf 93' lang='lat' dir='ltr'><strong>in</strong></span> <span class='ocrx_word' id='word_1_591' title='bbox 3178 3568 3337 3621; x_wconf 87' lang='lat' dir='ltr'><strong>domo</strong></span> <span class='ocrx_word' id='word_1_592' title='bbox 3361 3579 3503 3624; x_wconf 89' lang='lat' dir='ltr'><strong>sunt.</strong></span> <span class='ocrx_word' id='word_1_593' title='bbox 3522 3571 3619 3627; x_wconf 81' lang='lat' dir='ltr'><strong>Est</strong></span> 
     </span>
    </p>
   </div>
   <div class='ocr_carea' id='block_1_92' title="bbox 2022 3646 3615 3718">
    <p class='ocr_par' dir='ltr' id='par_1_92' title="bbox 2022 3646 3615 3718">
     <span class='ocr_line' id='line_1_92' title="bbox 2022 3646 3615 3718; baseline 0.013 -21"><span class='ocrx_word' id='word_1_594' title='bbox 2022 3646 2166 3699; x_wconf 91' lang='lat' dir='ltr'><strong>enim</strong></span> <span class='ocrx_word' id='word_1_595' title='bbox 2195 3646 2389 3702; x_wconf 87' lang='lat' dir='ltr'><strong>civitas</strong></span> <span class='ocrx_word' id='word_1_596' title='bbox 2422 3650 2666 3717; x_wconf 70' lang='lat' dir='ltr'><strong>quaedam</strong></span> <span class='ocrx_word' id='word_1_597' title='bbox 2717 3653 2947 3718; x_wconf 89' lang='lat' dir='ltr'><strong>modica,</strong></span> <span class='ocrx_word' id='word_1_598' title='bbox 3011 3659 3354 3714; x_wconf 85' lang='lat' dir='ltr'><strong>commerciis</strong></span> <span class='ocrx_word' id='word_1_599' title='bbox 3397 3662 3615 3718; x_wconf 87' lang='lat' dir='ltr'><strong>abunde</strong></span> 
     </span>
    </p>
   </div>
   <div class='ocr_carea' id='block_1_93' title="bbox 2024 3738 3608 3823">
    <p class='ocr_par' dir='ltr' id='par_1_93' title="bbox 2024 3738 3608 3823">
     <span class='ocr_line' id='line_1_93' title="bbox 2024 3738 3608 3823; baseline 0.011 -32"><span class='ocrx_word' id='word_1_600' title='bbox 2024 3738 2245 3800; x_wconf 82' lang='lat' dir='ltr'><strong>referta,</strong></span> <span class='ocrx_word' id='word_1_601' title='bbox 2278 3756 2397 3809; x_wconf 76' lang='lat' dir='ltr'><strong>qum</strong></span> <span class='ocrx_word' id='word_1_602' title='bbox 2427 3741 2585 3797; x_wconf 86' lang='lat' dir='ltr'><strong>solito</strong></span> <span class='ocrx_word' id='word_1_603' title='bbox 2617 3741 3041 3816; x_wconf 69' lang='lat' dir='ltr'><strong>Wealliugaforil</strong></span> <span class='ocrx_word' id='word_1_604' title='bbox 3068 3750 3391 3819; x_wconf 89' lang='lat' dir='ltr'><strong>appellatur,</strong></span> <span class='ocrx_word' id='word_1_605' title='bbox 3425 3753 3608 3823; x_wconf 84' lang='lat' dir='ltr'><strong>inqua</strong></span> 
     </span>
    </p>
   </div>
   <div class='ocr_carea' id='block_1_94' title="bbox 2021 3831 3615 3904">
    <p class='ocr_par' dir='ltr' id='par_1_94' title="bbox 2021 3831 3615 3904">
     <span class='ocr_line' id='line_1_94' title="bbox 2021 3831 3615 3904; baseline 0.013 -22"><span class='ocrx_word' id='word_1_606' title='bbox 2021 3831 2105 3883; x_wconf 90' lang='lat' dir='ltr'><strong>vir</strong></span> <span class='ocrx_word' id='word_1_607' title='bbox 2157 3840 2411 3888; x_wconf 89' lang='lat' dir='ltr'><strong>strenuus</strong></span> <span class='ocrx_word' id='word_1_608' title='bbox 2469 3836 2687 3904; x_wconf 88' lang='lat' dir='ltr'><strong>quidam</strong></span> <span class='ocrx_word' id='word_1_609' title='bbox 2746 3839 3075 3901; x_wconf 87' lang='lat' dir='ltr'><strong>morabatur.</strong></span> <span class='ocrx_word' id='word_1_610' title='bbox 3126 3844 3211 3897; x_wconf 92' lang='lat' dir='ltr'><strong>cui</strong></span> <span class='ocrx_word' id='word_1_611' title='bbox 3254 3861 3449 3901; x_wconf 89' lang='lat' dir='ltr'><strong>nomen</strong></span> <span class='ocrx_word' id='word_1_612' title='bbox 3498 3856 3615 3903; x_wconf 90' lang='lat' dir='ltr'><strong>erat</strong></span> 
     </span>
    </p>
   </div>
   <div class='ocr_carea' id='block_1_95' title="bbox 2022 3921 3613 4000">
    <p class='ocr_par' dir='ltr' id='par_1_95' title="bbox 2022 3921 3613 4000">
     <span class='ocr_line' id='line_1_95' title="bbox 2022 3921 3613 4000; baseline 0.011 -25"><span class='ocrx_word' id='word_1_613' title='bbox 2022 3921 2336 3977; x_wconf 87' lang='lat' dir='ltr'><strong>Elehchuus</strong></span> <span class='ocrx_word' id='word_1_614' title='bbox 2356 3925 2445 3994; x_wconf 93' lang='lat' dir='ltr'><strong>qui</strong></span> <span class='ocrx_word' id='word_1_615' title='bbox 2476 3941 2601 3979; x_wconf 91' lang='lat' dir='ltr'><strong>casu</strong></span> <span class='ocrx_word' id='word_1_616' title='bbox 2628 3926 2804 3982; x_wconf 91' lang='lat' dir='ltr'><strong>lumen</strong></span> <span class='ocrx_word' id='word_1_617' title='bbox 2838 3931 3096 3986; x_wconf 80' lang='lat' dir='ltr'><strong>amittens</strong></span> <span class='ocrx_word' id='word_1_618' title='bbox 3124 3934 3427 4000; x_wconf 79' lang='lat' dir='ltr'><strong>oculorum,</strong></span> <span class='ocrx_word' id='word_1_619' title='bbox 3453 3939 3613 3993; x_wconf 67' lang='lat' dir='ltr'><strong>creri-</strong></span> 
     </span>
    </p>
   </div>
   <div class='ocr_carea' id='block_1_96' title="bbox 2025 4015 3613 4087">
    <p class='ocr_par' dir='ltr' id='par_1_96' title="bbox 2025 4015 3613 4087">
     <span class='ocr_line' id='line_1_96' title="bbox 2025 4015 3613 4087; baseline 0.012 -21"><span class='ocrx_word' id='word_1_620' title='bbox 2025 4022 2191 4067; x_wconf 86' lang='lat' dir='ltr'><strong>tatetu</strong></span> <span class='ocrx_word' id='word_1_621' title='bbox 2251 4015 2433 4068; x_wconf 86' lang='lat' dir='ltr'><strong>multis</strong></span> <span class='ocrx_word' id='word_1_622' title='bbox 2484 4032 2773 4087; x_wconf 81' lang='lat' dir='ltr'><strong>perpessus</strong></span> <span class='ocrx_word' id='word_1_623' title='bbox 2821 4030 2904 4074; x_wconf 92' lang='lat' dir='ltr'><strong>est</strong></span> <span class='ocrx_word' id='word_1_624' title='bbox 2950 4024 3291 4081; x_wconf 84' lang='lat' dir='ltr'><strong>aunis.lluie</strong></span> <span class='ocrx_word' id='word_1_625' title='bbox 3324 4028 3613 4085; x_wconf 89' lang='lat' dir='ltr'><strong>insomnis</strong></span> 
     </span>
    </p>
   </div>
   <div class='ocr_carea' id='block_1_97' title="bbox 2023 4107 3607 4177">
    <p class='ocr_par' dir='ltr' id='par_1_97' title="bbox 2023 4107 3607 4177">
     <span class='ocr_line' id='line_1_97' title="bbox 2023 4107 3607 4177; baseline 0.011 -19"><span class='ocrx_word' id='word_1_626' title='bbox 2023 4114 2268 4175; x_wconf 88' lang='lat' dir='ltr'><strong>tempore</strong></span> <span class='ocrx_word' id='word_1_627' title='bbox 2292 4107 2549 4177; x_wconf 89' lang='lat' dir='ltr'><strong>galliciuii</strong></span> <span class='ocrx_word' id='word_1_628' title='bbox 2600 4120 2821 4165; x_wconf 89' lang='lat' dir='ltr'><strong>sanctus</strong></span> <span class='ocrx_word' id='word_1_629' title='bbox 2851 4113 3195 4171; x_wconf 82' lang='lat' dir='ltr'><strong>Adelwoldus</strong></span> <span class='ocrx_word' id='word_1_630' title='bbox 3218 4120 3445 4175; x_wconf 88' lang='lat' dir='ltr'><strong>antistes</strong></span> <span class='ocrx_word' id='word_1_631' title='bbox 3474 4122 3607 4176; x_wconf 85' lang='lat' dir='ltr'><strong>asti-</strong></span> 
     </span>
    </p>
   </div>
   <div class='ocr_carea' id='block_1_98' title="bbox 2023 4198 3611 4282">
    <p class='ocr_par' dir='ltr' id='par_1_98' title="bbox 2023 4198 3611 4282">
     <span class='ocr_line' id='line_1_98' title="bbox 2023 4198 3611 4282; baseline 0.013 -31"><span class='ocrx_word' id='word_1_632' title='bbox 2023 4198 2107 4262; x_wconf 90' lang='lat' dir='ltr'><strong>tit,</strong></span> <span class='ocrx_word' id='word_1_633' title='bbox 2139 4214 2371 4268; x_wconf 87' lang='lat' dir='ltr'><strong>eumque</strong></span> <span class='ocrx_word' id='word_1_634' title='bbox 2396 4209 2453 4254; x_wconf 91' lang='lat' dir='ltr'><strong>ut</strong></span> <span class='ocrx_word' id='word_1_635' title='bbox 2479 4205 2744 4258; x_wconf 90' lang='lat' dir='ltr'><strong>maturius</strong></span> <span class='ocrx_word' id='word_1_636' title='bbox 2787 4204 3123 4263; x_wconf 78' lang='lat' dir='ltr'><strong>Wintoniam</strong></span> <span class='ocrx_word' id='word_1_637' title='bbox 3148 4223 3422 4282; x_wconf 86' lang='lat' dir='ltr'><strong>pergeret,</strong></span> <span class='ocrx_word' id='word_1_638' title='bbox 3450 4224 3506 4268; x_wconf 89' lang='lat' dir='ltr'><strong>et</strong></span> <span class='ocrx_word' id='word_1_639' title='bbox 3545 4215 3611 4271; x_wconf 89' lang='lat' dir='ltr'><strong>ad</strong></span> 
     </span>
    </p>
   </div>
   <div class='ocr_carea' id='block_1_99' title="bbox 2029 4290 3609 4366">
    <p class='ocr_par' dir='ltr' id='par_1_99' title="bbox 2029 4290 3609 4366">
     <span class='ocr_line' id='line_1_99' title="bbox 2029 4290 3609 4366; baseline 0.011 -22"><span class='ocrx_word' id='word_1_640' title='bbox 2029 4290 2139 4359; x_wconf 74' lang='lat' dir='ltr'><strong>ejus</strong></span> <span class='ocrx_word' id='word_1_641' title='bbox 2190 4293 2427 4346; x_wconf 88' lang='lat' dir='ltr'><strong>tumbam</strong></span> <span class='ocrx_word' id='word_1_642' title='bbox 2478 4295 2649 4365; x_wconf 84' lang='lat' dir='ltr'><strong>gratia</strong></span> <span class='ocrx_word' id='word_1_643' title='bbox 2686 4296 2978 4366; x_wconf 77' lang='lat' dir='ltr'><strong>recipiendi</strong></span> <span class='ocrx_word' id='word_1_644' title='bbox 3032 4301 3179 4357; x_wconf 91' lang='lat' dir='ltr'><strong>visus</strong></span> <span class='ocrx_word' id='word_1_645' title='bbox 3209 4306 3609 4361; x_wconf 88' lang='lat' dir='ltr'><strong>accederctad-</strong></span> 
     </span>
    </p>
   </div>
   <div class='ocr_carea' id='block_1_100' title="bbox 2024 4383 3612 4454">
    <p class='ocr_par' dir='ltr' id='par_1_100' title="bbox 2024 4383 3612 4454">
     <span class='ocr_line' id='line_1_100' title="bbox 2024 4383 3612 4454; baseline 0.012 -19"><span class='ocrx_word' id='word_1_646' title='bbox 2024 4383 2252 4447; x_wconf 90' lang='lat' dir='ltr'><strong>monuit,</strong></span> <span class='ocrx_word' id='word_1_647' title='bbox 2306 4384 2532 4440; x_wconf 88' lang='lat' dir='ltr'><strong>dicens:</strong></span> <span class='ocrx_word' id='word_1_648' title='bbox 2572 4405 2589 4437; x_wconf 85' lang='grc' dir='ltr'><strong>ι</strong></span> <span class='ocrx_word' id='word_1_649' title='bbox 2630 4386 2838 4443; x_wconf 86' lang='lat' dir='ltr'><strong>Idcirco</strong></span> <span class='ocrx_word' id='word_1_650' title='bbox 2871 4398 2922 4445; x_wconf 92' lang='lat' dir='ltr'><strong>te</strong></span> <span class='ocrx_word' id='word_1_651' title='bbox 2964 4392 3015 4445; x_wconf 93' lang='lat' dir='ltr'><strong>iu</strong></span> <span class='ocrx_word' id='word_1_652' title='bbox 3053 4405 3196 4448; x_wconf 87' lang='lat' dir='ltr'><strong>statu</strong></span> <span class='ocrx_word' id='word_1_653' title='bbox 3230 4410 3321 4450; x_wconf 89' lang='lat' dir='ltr'><strong>tuo</strong></span> <span class='ocrx_word' id='word_1_654' title='bbox 3352 4399 3612 4454; x_wconf 85' lang='lat' dir='ltr'><strong>recuban-</strong></span> 
     </span>
    </p>
   </div>
   <div class='ocr_carea' id='block_1_101' title="bbox 2024 4474 3614 4557">
    <p class='ocr_par' dir='ltr' id='par_1_101' title="bbox 2024 4474 3614 4557">
     <span class='ocr_line' id='line_1_101' title="bbox 2024 4474 3614 4557; baseline 0.011 -31"><span class='ocrx_word' id='word_1_655' title='bbox 2024 4481 2132 4527; x_wconf 92' lang='lat' dir='ltr'><strong>tem</strong></span> <span class='ocrx_word' id='word_1_656' title='bbox 2180 4474 2358 4539; x_wconf 88' lang='lat' dir='ltr'><strong>visito,</strong></span> <span class='ocrx_word' id='word_1_657' title='bbox 2391 4485 2445 4530; x_wconf 88' lang='lat' dir='ltr'><strong>et</strong></span> <span class='ocrx_word' id='word_1_658' title='bbox 2484 4494 2603 4547; x_wconf 77' lang='lat' dir='ltr'><strong>quae</strong></span> <span class='ocrx_word' id='word_1_659' title='bbox 2632 4479 2724 4533; x_wconf 91' lang='lat' dir='ltr'><strong>tibi</strong></span> <span class='ocrx_word' id='word_1_660' title='bbox 2781 4492 3012 4537; x_wconf 90' lang='lat' dir='ltr'><strong>ventura</strong></span> <span class='ocrx_word' id='word_1_661' title='bbox 3044 4494 3168 4538; x_wconf 92' lang='lat' dir='ltr'><strong>sunt</strong></span> <span class='ocrx_word' id='word_1_662' title='bbox 3198 4490 3519 4557; x_wconf 67' lang='lat' dir='ltr'><strong>praenuntio,</strong></span> <span class='ocrx_word' id='word_1_663' title='bbox 3556 4499 3614 4545; x_wconf 90' lang='lat' dir='ltr'><strong>ut</strong></span> 
     </span>
    </p>
   </div>
   <div class='ocr_carea' id='block_1_102' title="bbox 2025 4568 3613 4653">
    <p class='ocr_par' dir='ltr' id='par_1_102' title="bbox 2025 4568 3613 4653">
     <span class='ocr_line' id='line_1_102' title="bbox 2025 4568 3613 4653; baseline 0.012 -33"><span class='ocrx_word' id='word_1_664' title='bbox 2025 4581 2123 4636; x_wconf 90' lang='lat' dir='ltr'><strong>per</strong></span> <span class='ocrx_word' id='word_1_665' title='bbox 2146 4576 2248 4621; x_wconf 67' lang='lat' dir='ltr'><strong>tua:</strong></span> <span class='ocrx_word' id='word_1_666' title='bbox 2270 4568 2459 4624; x_wconf 91' lang='lat' dir='ltr'><strong>salutis</strong></span> <span class='ocrx_word' id='word_1_667' title='bbox 2489 4570 2700 4640; x_wconf 86' lang='lat' dir='ltr'><strong>signum</strong></span> <span class='ocrx_word' id='word_1_668' title='bbox 2744 4574 3143 4642; x_wconf 82' lang='lat' dir='ltr'><strong>manifestetur,</strong></span> <span class='ocrx_word' id='word_1_669' title='bbox 3170 4581 3296 4650; x_wconf 89' lang='lat' dir='ltr'><strong>quia</strong></span> <span class='ocrx_word' id='word_1_670' title='bbox 3329 4597 3412 4636; x_wconf 90' lang='lat' dir='ltr'><strong>me</strong></span> <span class='ocrx_word' id='word_1_671' title='bbox 3448 4600 3613 4653; x_wconf 86' lang='lat' dir='ltr'><strong>opor-</strong></span> 
     </span>
    </p>
   </div>
   <div class='ocr_carea' id='block_1_103' title="bbox 2022 4660 3615 4740">
    <p class='ocr_par' dir='ltr' id='par_1_103' title="bbox 2022 4660 3615 4740">
     <span class='ocr_line' id='line_1_103' title="bbox 2022 4660 3615 4740; baseline 0.009 -23"><span class='ocrx_word' id='word_1_672' title='bbox 2022 4669 2101 4717; x_wconf 81' lang='lat' dir='ltr'><strong>tet</strong></span> <span class='ocrx_word' id='word_1_673' title='bbox 2142 4660 2308 4715; x_wconf 87' lang='lat' dir='ltr'><strong>levari</strong></span> <span class='ocrx_word' id='word_1_674' title='bbox 2358 4662 2422 4717; x_wconf 92' lang='lat' dir='ltr'><strong>de</strong></span> <span class='ocrx_word' id='word_1_675' title='bbox 2460 4663 2662 4719; x_wconf 90' lang='lat' dir='ltr'><strong>tumulo</strong></span> <span class='ocrx_word' id='word_1_676' title='bbox 2698 4665 2748 4719; x_wconf 92' lang='lat' dir='ltr'><strong>in</strong></span> <span class='ocrx_word' id='word_1_677' title='bbox 2801 4682 2911 4736; x_wconf 90' lang='lat' dir='ltr'><strong>quo</strong></span> <span class='ocrx_word' id='word_1_678' title='bbox 2962 4667 3137 4737; x_wconf 88' lang='lat' dir='ltr'><strong>jaceo.</strong></span> <span class='ocrx_word' id='word_1_679' title='bbox 3177 4690 3194 4723; x_wconf 78' lang='grc' dir='ltr'><strong>ι</strong></span> <span class='ocrx_word' id='word_1_680' title='bbox 3231 4672 3330 4740; x_wconf 88' lang='lat' dir='ltr'><strong>Qui</strong></span> <span class='ocrx_word' id='word_1_681' title='bbox 3375 4674 3488 4730; x_wconf 78' lang='lat' dir='ltr'><strong>lucc</strong></span> <span class='ocrx_word' id='word_1_682' title='bbox 3520 4693 3615 4731; x_wconf 80' lang='lat' dir='ltr'><strong>au-</strong></span> 
     </span>
    </p>
   </div>
   <div class='ocr_carea' id='block_1_104' title="bbox 2021 4758 3614 4837">
    <p class='ocr_par' dir='ltr' id='par_1_104' title="bbox 2021 4758 3614 4837">
     <span class='ocr_line' id='line_1_104' title="bbox 2021 4758 3614 4837; baseline 0.009 -25"><span class='ocrx_word' id='word_1_683' title='bbox 2021 4758 2195 4818; x_wconf 88' lang='lat' dir='ltr'><strong>diens.</strong></span> <span class='ocrx_word' id='word_1_684' title='bbox 2220 4768 2276 4815; x_wconf 91' lang='lat' dir='ltr'><strong>et</strong></span> <span class='ocrx_word' id='word_1_685' title='bbox 2304 4775 2493 4815; x_wconf 88' lang='lat' dir='ltr'><strong>vocem</strong></span> <span class='ocrx_word' id='word_1_686' title='bbox 2525 4776 2708 4816; x_wconf 91' lang='lat' dir='ltr'><strong>sccmn</strong></span> <span class='ocrx_word' id='word_1_687' title='bbox 2764 4762 3038 4835; x_wconf 87' lang='lat' dir='ltr'><strong>loquentis</strong></span> <span class='ocrx_word' id='word_1_688' title='bbox 3068 4782 3389 4837; x_wconf 85' lang='lat' dir='ltr'><strong>agnoscens,</strong></span> <span class='ocrx_word' id='word_1_689' title='bbox 3421 4782 3614 4835; x_wconf 89' lang='lat' dir='ltr'><strong>sancto</strong></span> 
     </span>
    </p>
   </div>
   <div class='ocr_carea' id='block_1_105' title="bbox 2019 4847 3616 4932">
    <p class='ocr_par' dir='ltr' id='par_1_105' title="bbox 2019 4847 3616 4932">
     <span class='ocr_line' id='line_1_105' title="bbox 2019 4847 3616 4932; baseline 0.009 -30"><span class='ocrx_word' id='word_1_690' title='bbox 2019 4847 2167 4904; x_wconf 84' lang='lat' dir='ltr'><strong>Patri</strong></span> <span class='ocrx_word' id='word_1_691' title='bbox 2194 4850 2399 4921; x_wconf 87' lang='lat' dir='ltr'><strong>gratias</strong></span> <span class='ocrx_word' id='word_1_692' title='bbox 2434 4853 2564 4924; x_wconf 85' lang='lat' dir='ltr'><strong>egit,</strong></span> <span class='ocrx_word' id='word_1_693' title='bbox 2594 4852 2736 4922; x_wconf 92' lang='lat' dir='ltr'><strong>quod</strong></span> <span class='ocrx_word' id='word_1_694' title='bbox 2777 4868 2903 4909; x_wconf 89' lang='lat' dir='ltr'><strong>eum</strong></span> <span class='ocrx_word' id='word_1_695' title='bbox 2935 4857 3156 4912; x_wconf 87' lang='lat' dir='ltr'><strong>visitare</strong></span> <span class='ocrx_word' id='word_1_696' title='bbox 3182 4858 3533 4932; x_wconf 88' lang='lat' dir='ltr'><strong>dignaretur;</strong></span> <span class='ocrx_word' id='word_1_697' title='bbox 3561 4872 3616 4917; x_wconf 92' lang='lat' dir='ltr'><strong>ct</strong></span> 
     </span>
    </p>
   </div>
   <div class='ocr_carea' id='block_1_106' title="bbox 2020 4940 3620 5020">
    <p class='ocr_par' dir='ltr' id='par_1_106' title="bbox 2020 4940 3620 5020">
     <span class='ocr_line' id='line_1_106' title="bbox 2020 4940 3620 5020; baseline 0.009 -27"><span class='ocrx_word' id='word_1_698' title='bbox 2020 4940 2145 5010; x_wconf 92' lang='lat' dir='ltr'><strong>quia</strong></span> <span class='ocrx_word' id='word_1_699' title='bbox 2170 4942 2260 4996; x_wconf 92' lang='lat' dir='ltr'><strong>ubi</strong></span> <span class='ocrx_word' id='word_1_700' title='bbox 2286 4942 2529 5012; x_wconf 84' lang='lat' dir='ltr'><strong>sepultus</strong></span> <span class='ocrx_word' id='word_1_701' title='bbox 2569 4953 2733 5007; x_wconf 90' lang='lat' dir='ltr'><strong>esset,</strong></span> <span class='ocrx_word' id='word_1_702' title='bbox 2770 4947 2988 5015; x_wconf 91' lang='lat' dir='ltr'><strong>penitus</strong></span> <span class='ocrx_word' id='word_1_703' title='bbox 3030 4948 3301 5018; x_wconf 89' lang='lat' dir='ltr'><strong>ignoravit</strong></span> <span class='ocrx_word' id='word_1_704' title='bbox 3337 4991 3351 5017; x_wconf 93' lang='lat'><strong>,</strong></span> <span class='ocrx_word' id='word_1_705' title='bbox 3382 4952 3620 5020; x_wconf 84' lang='lat' dir='ltr'><strong>qualiter</strong></span> 
     </span>
    </p>
   </div>
   <div class='ocr_carea' id='block_1_107' title="bbox 2023 5030 3622 5114">
    <p class='ocr_par' dir='ltr' id='par_1_107' title="bbox 2023 5030 3622 5114">
     <span class='ocr_line' id='line_1_107' title="bbox 2023 5030 3622 5114; baseline 0.007 -27"><span class='ocrx_word' id='word_1_706' title='bbox 2023 5030 2332 5100; x_wconf 88' lang='lat' dir='ltr'><strong>sepulcrum</strong></span> <span class='ocrx_word' id='word_1_707' title='bbox 2358 5034 2476 5103; x_wconf 87' lang='lat' dir='ltr'><strong>ejus</strong></span> <span class='ocrx_word' id='word_1_708' title='bbox 2499 5035 2640 5091; x_wconf 90' lang='lat' dir='ltr'><strong>seire</strong></span> <span class='ocrx_word' id='word_1_709' title='bbox 2668 5044 2723 5091; x_wconf 91' lang='lat' dir='ltr'><strong>et</strong></span> <span class='ocrx_word' id='word_1_710' title='bbox 2751 5036 2908 5095; x_wconf 91' lang='lat' dir='ltr'><strong>adire</strong></span> <span class='ocrx_word' id='word_1_711' title='bbox 2932 5039 3200 5111; x_wconf 88' lang='lat' dir='ltr'><strong>potuisset</strong></span> <span class='ocrx_word' id='word_1_712' title='bbox 3226 5043 3512 5114; x_wconf 89' lang='lat' dir='ltr'><strong>diligenter</strong></span> <span class='ocrx_word' id='word_1_713' title='bbox 3540 5044 3622 5098; x_wconf 89' lang='lat' dir='ltr'><strong>iu-</strong></span> 
     </span>
    </p>
   </div>
   <div class='ocr_carea' id='block_1_108' title="bbox 2016 5124 3627 5199">
    <p class='ocr_par' dir='ltr' id='par_1_108' title="bbox 2016 5124 3627 5199">
     <span class='ocr_line' id='line_1_108' title="bbox 2016 5124 3627 5199; baseline 0.006 -20"><span class='ocrx_word' id='word_1_714' title='bbox 2016 5124 2241 5196; x_wconf 87' lang='lat' dir='ltr'><strong>quisivit</strong></span> <span class='ocrx_word' id='word_1_715' title='bbox 2266 5144 2277 5180; x_wconf 90' lang='lat'><strong>:</strong></span> <span class='ocrx_word' id='word_1_716' title='bbox 2305 5126 2390 5180; x_wconf 84' lang='lat' dir='ltr'><strong>cui</strong></span> <span class='ocrx_word' id='word_1_717' title='bbox 2424 5129 2671 5199; x_wconf 89' lang='lat' dir='ltr'><strong>protinus</strong></span> <span class='ocrx_word' id='word_1_718' title='bbox 2694 5129 2775 5183; x_wconf 86' lang='lat' dir='ltr'><strong>vir</strong></span> <span class='ocrx_word' id='word_1_719' title='bbox 2826 5132 2928 5189; x_wconf 91' lang='lat' dir='ltr'><strong>Dei</strong></span> <span class='ocrx_word' id='word_1_720' title='bbox 2960 5147 3150 5187; x_wconf 91' lang='lat' dir='ltr'><strong>nomen</strong></span> <span class='ocrx_word' id='word_1_721' title='bbox 3200 5134 3403 5190; x_wconf 88' lang='lat' dir='ltr'><strong>alumni</strong></span> <span class='ocrx_word' id='word_1_722' title='bbox 3430 5141 3485 5187; x_wconf 90' lang='lat' dir='ltr'><strong>ct</strong></span> <span class='ocrx_word' id='word_1_723' title='bbox 3513 5150 3627 5189; x_wconf 79' lang='lat' dir='ltr'><strong>rno-</strong></span> 
     </span>
    </p>
   </div>
   <div class='ocr_carea' id='block_1_109' title="bbox 2016 5218 3627 5292">
    <p class='ocr_par' dir='ltr' id='par_1_109' title="bbox 2016 5218 3627 5292">
     <span class='ocr_line' id='line_1_109' title="bbox 2016 5218 3627 5292; baseline 0.004 -18"><span class='ocrx_word' id='word_1_724' title='bbox 2016 5218 2177 5274; x_wconf 89' lang='lat' dir='ltr'><strong>nachi</strong></span> <span class='ocrx_word' id='word_1_725' title='bbox 2210 5220 2291 5274; x_wconf 92' lang='lat' dir='ltr'><strong>sui</strong></span> <span class='ocrx_word' id='word_1_726' title='bbox 2357 5218 2611 5286; x_wconf 84' lang='lat' dir='ltr'><strong>innotuit,</strong></span> <span class='ocrx_word' id='word_1_727' title='bbox 2668 5220 2825 5292; x_wconf 91' lang='lat' dir='ltr'><strong>cujus</strong></span> <span class='ocrx_word' id='word_1_728' title='bbox 2889 5229 3150 5284; x_wconf 88' lang='lat' dir='ltr'><strong>hactenus</strong></span> <span class='ocrx_word' id='word_1_729' title='bbox 3195 5226 3359 5283; x_wconf 92' lang='lat' dir='ltr'><strong>homo</strong></span> <span class='ocrx_word' id='word_1_730' title='bbox 3408 5225 3497 5279; x_wconf 86' lang='lat' dir='ltr'><strong>ille</strong></span> <span class='ocrx_word' id='word_1_731' title='bbox 3532 5242 3627 5282; x_wconf 88' lang='lat' dir='ltr'><strong>ne-</strong></span> 
     </span>
    </p>
   </div>
   <div class='ocr_carea' id='block_1_110' title="bbox 2015 5311 3631 5391">
    <p class='ocr_par' dir='ltr' id='par_1_110' title="bbox 2015 5311 3631 5391">
     <span class='ocr_line' id='line_1_110' title="bbox 2015 5311 3631 5391; baseline 0.005 -22"><span class='ocrx_word' id='word_1_732' title='bbox 2015 5311 2163 5369; x_wconf 90' lang='lat' dir='ltr'><strong>scius</strong></span> <span class='ocrx_word' id='word_1_733' title='bbox 2189 5312 2424 5383; x_wconf 70' lang='lat' dir='ltr'><strong>exstitit,</strong></span> <span class='ocrx_word' id='word_1_734' title='bbox 2458 5319 2615 5391; x_wconf 83' lang='lat' dir='ltr'><strong>eique</strong></span> <span class='ocrx_word' id='word_1_735' title='bbox 2661 5316 2797 5371; x_wconf 78' lang='lat' dir='ltr'><strong>dixit</strong></span> <span class='ocrx_word' id='word_1_736' title='bbox 2834 5339 2851 5375; x_wconf 88' lang='lat'>:</span> <span class='ocrx_word' id='word_1_737' title='bbox 2900 5344 2918 5377; x_wconf 85' lang='grc' dir='ltr'><strong>ι</strong></span> <span class='ocrx_word' id='word_1_738' title='bbox 2954 5320 3086 5376; x_wconf 83' lang='lat' dir='ltr'><strong>Cum</strong></span> <span class='ocrx_word' id='word_1_739' title='bbox 3118 5316 3354 5378; x_wconf 81' lang='lat' dir='ltr'><strong>festinus</strong></span> <span class='ocrx_word' id='word_1_740' title='bbox 3404 5319 3631 5377; x_wconf 79' lang='lat' dir='ltr'><strong>Winte-</strong></span> 
     </span>
    </p>
   </div>
   <div class='ocr_carea' id='block_1_111' title="bbox 2016 5404 3634 5478">
    <p class='ocr_par' dir='ltr' id='par_1_111' title="bbox 2016 5404 3634 5478">
     <span class='ocr_line' id='line_1_111' title="bbox 2016 5404 3634 5478; baseline 0.006 -21"><span class='ocrx_word' id='word_1_741' title='bbox 2016 5404 2165 5462; x_wconf 87' lang='lat' dir='ltr'><strong>niam</strong></span> <span class='ocrx_word' id='word_1_742' title='bbox 2187 5412 2527 5478; x_wconf 85' lang='lat' dir='ltr'><strong>perveneris,</strong></span> <span class='ocrx_word' id='word_1_743' title='bbox 2550 5418 2605 5466; x_wconf 91' lang='lat' dir='ltr'><strong>et</strong></span> <span class='ocrx_word' id='word_1_744' title='bbox 2631 5408 2855 5468; x_wconf 76' lang='lat' dir='ltr'><strong>Veteris</strong></span> <span class='ocrx_word' id='word_1_745' title='bbox 2890 5409 3117 5473; x_wconf 63' lang='lat' dir='ltr'><strong>coenobii</strong></span> <span class='ocrx_word' id='word_1_746' title='bbox 3143 5414 3436 5470; x_wconf 88' lang='lat' dir='ltr'><strong>ecclesiam</strong></span> <span class='ocrx_word' id='word_1_747' title='bbox 3464 5410 3634 5467; x_wconf 84' lang='lat' dir='ltr'><strong>intra-</strong></span> 
     </span>
    </p>
   </div>
   <div class='ocr_carea' id='block_1_112' title="bbox 2022 5498 3634 5536">
    <p class='ocr_par' dir='ltr' id='par_1_112' title="bbox 2022 5498 3634 5536">
     <span class='ocr_line' id='line_1_112' title="bbox 2022 5498 3634 5536; baseline 0 0"><span class='ocrx_word' id='word_1_748' title='bbox 2022 5498 2167 5536; x_wconf 66' lang='lat' dir='ltr'><strong>varie</strong></span> <span class='ocrx_word' id='word_1_749' title='bbox 2268 5506 2531 5536; x_wconf 65' lang='lat' dir='ltr'><strong>Qﬂﬂnho:r:</strong></span> <span class='ocrx_word' id='word_1_750' title='bbox 2583 5501 2665 5536; x_wconf 59' lang='lat' dir='ltr'><strong>Pun</strong></span> <span class='ocrx_word' id='word_1_751' title='bbox 2714 5500 2779 5536; x_wconf 66' lang='lat'><strong>01‘</strong></span> <span class='ocrx_word' id='word_1_752' title='bbox 2846 5518 2909 5536; x_wconf 65' lang='grc' dir='ltr'>ι-</span> <span class='ocrx_word' id='word_1_753' title='bbox 2958 5501 3281 5536; x_wconf 63' lang='grc' dir='ltr'><strong>ηιηηηηιὶηω</strong></span> <span class='ocrx_word' id='word_1_754' title='bbox 3348 5502 3634 5536; x_wconf 61' lang='grc' dir='ltr'>ηιιηηῒιιιιηι</span> 
     </span>
    </p>
   </div>
  </div>
