  <div class='ocr_page' id='page_1' title='image "/cluster/home/n/w/nwhite01/storage/ocr_20150623/137/hvd.32044021286828/057.png"; bbox 0 0 4466 5578; ppageno 0'>
   <div class='ocr_carea' id='block_1_1' title="bbox 813 379 918 444">
    <p class='ocr_par' dir='ltr' id='par_1_1' title="bbox 813 379 918 444">
     <span class='ocr_line' id='line_1_1' title="bbox 813 379 918 444; baseline -0.067 0"><span class='ocrx_word' id='word_1_1' title='bbox 813 379 918 444; x_wconf 72' lang='grc'><strong>103</strong></span> 
     </span>
    </p>
   </div>
   <div class='ocr_carea' id='block_1_2' title="bbox 1900 359 3015 429">
    <p class='ocr_par' dir='ltr' id='par_1_2' title="bbox 1900 359 3015 429">
     <span class='ocr_line' id='line_1_2' title="bbox 1900 359 3015 429; baseline -0.013 0"><span class='ocrx_word' id='word_1_2' title='bbox 1900 373 1958 429; x_wconf 90' lang='lat' dir='ltr'><strong>S.</strong></span> <span class='ocrx_word' id='word_1_3' title='bbox 2001 361 2416 428; x_wconf 82' lang='lat' dir='ltr'><strong>ETIlEWOLDl</strong></span> <span class='ocrx_word' id='word_1_4' title='bbox 2454 359 2761 421; x_wconf 82' lang='lat' dir='ltr'><strong>WINTON.</strong></span> <span class='ocrx_word' id='word_1_5' title='bbox 2801 359 3015 418; x_wconf 80' lang='lat' dir='ltr'><strong>EPISC.</strong></span> 
     </span>
    </p>
   </div>
   <div class='ocr_carea' id='block_1_3' title="bbox 3992 355 4102 416">
    <p class='ocr_par' dir='ltr' id='par_1_3' title="bbox 3992 355 4102 416">
     <span class='ocr_line' id='line_1_3' title="bbox 3992 355 4102 416; baseline 0.018 -2"><span class='ocrx_word' id='word_1_6' title='bbox 3992 355 4102 416; x_wconf 74' lang='grc' dir='ltr'><strong>1οι</strong></span> 
     </span>
    </p>
   </div>
   <div class='ocr_carea' id='block_1_4' title="bbox 760 467 4109 562">
    <p class='ocr_par' dir='ltr' id='par_1_4' title="bbox 760 467 4109 562">
     <span class='ocr_line' id='line_1_4' title="bbox 760 467 4109 562; baseline -0.007 -12"><span class='ocrx_word' id='word_1_7' title='bbox 760 518 766 526; x_wconf 91' lang='grc'>·</span> <span class='ocrx_word' id='word_1_8' title='bbox 811 493 898 550; x_wconf 90' lang='lat' dir='ltr'><strong>lus</strong></span> <span class='ocrx_word' id='word_1_9' title='bbox 932 489 1016 548; x_wconf 87' lang='lat' dir='ltr'><strong>vir</strong></span> <span class='ocrx_word' id='word_1_10' title='bbox 1044 485 1132 546; x_wconf 90' lang='lat' dir='ltr'><strong>ille</strong></span> <span class='ocrx_word' id='word_1_11' title='bbox 1162 486 1344 546; x_wconf 83' lang='lat' dir='ltr'><strong>verbis</strong></span> <span class='ocrx_word' id='word_1_12' title='bbox 1375 495 1430 545; x_wconf 91' lang='lat' dir='ltr'><strong>et</strong></span> <span class='ocrx_word' id='word_1_13' title='bbox 1456 483 1907 562; x_wconf 88' lang='lat' dir='ltr'><strong>promissionibus</strong></span> <span class='ocrx_word' id='word_1_14' title='bbox 1951 485 2092 540; x_wconf 90' lang='lat' dir='ltr'><strong>sacri</strong></span> <span class='ocrx_word' id='word_1_15' title='bbox 2117 480 2408 554; x_wconf 82' lang='lat' dir='ltr'><strong>pontificis,</strong></span> <span class='ocrx_word' id='word_1_16' title='bbox 2441 487 2490 551; x_wconf 73' lang='grc' dir='ltr'>Α</span> <span class='ocrx_word' id='word_1_17' title='bbox 2519 477 2612 542; x_wconf 79' lang='grc' dir='ltr'>ιιιί,</span> <span class='ocrx_word' id='word_1_18' title='bbox 2673 474 2913 532; x_wconf 73' lang='lat' dir='ltr'><strong>sustineo</strong></span> <span class='ocrx_word' id='word_1_19' title='bbox 2965 486 3186 545; x_wconf 59' lang='lat' dir='ltr'><strong>paruas,</strong></span> <span class='ocrx_word' id='word_1_20' title='bbox 3240 481 3294 528; x_wconf 88' lang='lat' dir='ltr'><strong>et</strong></span> <span class='ocrx_word' id='word_1_21' title='bbox 3337 471 3484 543; x_wconf 83' lang='lat' dir='ltr'><strong>justo</strong></span> <span class='ocrx_word' id='word_1_22' title='bbox 3507 469 3714 543; x_wconf 86' lang='lat' dir='ltr'><strong>judicio</strong></span> <span class='ocrx_word' id='word_1_23' title='bbox 3737 467 3981 544; x_wconf 81' lang='lat' dir='ltr'><strong>episcOpi</strong></span> <span class='ocrx_word' id='word_1_24' title='bbox 4023 472 4109 530; x_wconf 85' lang='lat' dir='ltr'><strong>sic</strong></span> 
     </span>
    </p>
   </div>
   <div class='ocr_carea' id='block_1_5' title="bbox 809 575 2396 647">
    <p class='ocr_par' dir='ltr' id='par_1_5' title="bbox 809 575 2396 647">
     <span class='ocr_line' id='line_1_5' title="bbox 809 575 2396 647; baseline -0.008 -5"><span class='ocrx_word' id='word_1_25' title='bbox 809 583 1146 642; x_wconf 82' lang='lat' dir='ltr'><strong>Wintoniam</strong></span> <span class='ocrx_word' id='word_1_26' title='bbox 1187 585 1351 640; x_wconf 80' lang='lat' dir='ltr'><strong>citius</strong></span> <span class='ocrx_word' id='word_1_27' title='bbox 1377 581 1526 647; x_wconf 90' lang='lat' dir='ltr'><strong>adiit,</strong></span> <span class='ocrx_word' id='word_1_28' title='bbox 1565 578 1852 636; x_wconf 89' lang='lat' dir='ltr'><strong>ecclesiam</strong></span> <span class='ocrx_word' id='word_1_29' title='bbox 1889 579 2132 644; x_wconf 92' lang='lat' dir='ltr'><strong>intravit,</strong></span> <span class='ocrx_word' id='word_1_30' title='bbox 2167 575 2396 630; x_wconf 90' lang='lat' dir='ltr'><strong>fratrem</strong></span> 
     </span>
    </p>
   </div>
   <div class='ocr_carea' id='block_1_6' title="bbox 810 669 2404 751">
    <p class='ocr_par' dir='ltr' id='par_1_6' title="bbox 810 669 2404 751">
     <span class='ocr_line' id='line_1_6' title="bbox 810 669 2404 751; baseline -0.007 -16"><span class='ocrx_word' id='word_1_31' title='bbox 810 677 1132 751; x_wconf 69' lang='lat' dir='ltr'><strong>praedictum</strong></span> <span class='ocrx_word' id='word_1_32' title='bbox 1183 675 1490 741; x_wconf 74' lang='lat' dir='ltr'><strong>accersivit,</strong></span> <span class='ocrx_word' id='word_1_33' title='bbox 1520 673 1956 744; x_wconf 85' lang='lat' dir='ltr'><strong>accersitumque</strong></span> <span class='ocrx_word' id='word_1_34' title='bbox 1987 669 2310 744; x_wconf 87' lang='lat' dir='ltr'><strong>postulavit,</strong></span> <span class='ocrx_word' id='word_1_35' title='bbox 2344 674 2404 724; x_wconf 84' lang='lat' dir='ltr'><strong>ut</strong></span> 
     </span>
    </p>
   </div>
   <div class='ocr_carea' id='block_1_7' title="bbox 814 763 2402 838">
    <p class='ocr_par' dir='ltr' id='par_1_7' title="bbox 814 763 2402 838">
     <span class='ocr_line' id='line_1_7' title="bbox 814 763 2402 838; baseline -0.007 -11"><span class='ocrx_word' id='word_1_36' title='bbox 814 770 1097 828; x_wconf 89' lang='lat' dir='ltr'><strong>missatica</strong></span> <span class='ocrx_word' id='word_1_37' title='bbox 1144 769 1283 826; x_wconf 90' lang='lat' dir='ltr'><strong>beati</strong></span> <span class='ocrx_word' id='word_1_38' title='bbox 1309 767 1492 823; x_wconf 87' lang='lat' dir='ltr'><strong>Patris</strong></span> <span class='ocrx_word' id='word_1_39' title='bbox 1521 766 1789 838; x_wconf 86' lang='lat' dir='ltr'><strong>impleret,</strong></span> <span class='ocrx_word' id='word_1_40' title='bbox 1821 780 2051 822; x_wconf 91' lang='lat' dir='ltr'><strong>narrans</strong></span> <span class='ocrx_word' id='word_1_41' title='bbox 2082 763 2133 818; x_wconf 93' lang='lat' dir='ltr'><strong>ei</strong></span> <span class='ocrx_word' id='word_1_42' title='bbox 2171 770 2227 817; x_wconf 91' lang='lat' dir='ltr'><strong>et</strong></span> <span class='ocrx_word' id='word_1_43' title='bbox 2262 776 2402 817; x_wconf 57' lang='lat' dir='ltr'><strong>cun-</strong></span> 
     </span>
    </p>
   </div>
   <div class='ocr_carea' id='block_1_8' title="bbox 812 858 2405 926">
    <p class='ocr_par' dir='ltr' id='par_1_8' title="bbox 812 858 2405 926">
     <span class='ocr_line' id='line_1_8' title="bbox 812 858 2405 926; baseline -0.008 -4"><span class='ocrx_word' id='word_1_44' title='bbox 812 865 920 922; x_wconf 84' lang='lat' dir='ltr'><strong>ctis</strong></span> <span class='ocrx_word' id='word_1_45' title='bbox 944 863 1248 922; x_wconf 83' lang='lat' dir='ltr'><strong>astantibus</strong></span> <span class='ocrx_word' id='word_1_46' title='bbox 1266 861 1511 919; x_wconf 88' lang='lat' dir='ltr'><strong>ordinem</strong></span> <span class='ocrx_word' id='word_1_47' title='bbox 1533 861 1784 918; x_wconf 87' lang='lat' dir='ltr'><strong>visionis.</strong></span> <span class='ocrx_word' id='word_1_48' title='bbox 1817 860 1949 914; x_wconf 86' lang='lat' dir='ltr'><strong>Erat</strong></span> <span class='ocrx_word' id='word_1_49' title='bbox 1976 858 2122 914; x_wconf 91' lang='lat' dir='ltr'><strong>enim</strong></span> <span class='ocrx_word' id='word_1_50' title='bbox 2152 870 2405 926; x_wconf 87' lang='lat' dir='ltr'><strong>vespera,</strong></span> 
     </span>
    </p>
   </div>
   <div class='ocr_carea' id='block_1_9' title="bbox 813 953 2404 1033">
    <p class='ocr_par' dir='ltr' id='par_1_9' title="bbox 813 953 2404 1033">
     <span class='ocr_line' id='line_1_9' title="bbox 813 953 2404 1033; baseline -0.008 -15"><span class='ocrx_word' id='word_1_51' title='bbox 813 959 872 1018; x_wconf 86' lang='lat' dir='ltr'><strong>in</strong></span> <span class='ocrx_word' id='word_1_52' title='bbox 910 976 1014 1033; x_wconf 90' lang='lat' dir='ltr'><strong>qua</strong></span> <span class='ocrx_word' id='word_1_53' title='bbox 1039 959 1297 1016; x_wconf 88' lang='lat' dir='ltr'><strong>nativitas</strong></span> <span class='ocrx_word' id='word_1_54' title='bbox 1327 958 1712 1016; x_wconf 61' lang='lat' dir='ltr'><strong>sacratissima)</strong></span> <span class='ocrx_word' id='word_1_55' title='bbox 1748 955 1843 1012; x_wconf 86' lang='lat' dir='ltr'><strong>Dei</strong></span> <span class='ocrx_word' id='word_1_56' title='bbox 1883 953 2165 1028; x_wconf 75' lang='lat' dir='ltr'><strong>genitricis</strong></span> <span class='ocrx_word' id='word_1_57' title='bbox 2199 963 2252 1009; x_wconf 91' lang='lat' dir='ltr'><strong>et</strong></span> <span class='ocrx_word' id='word_1_58' title='bbox 2279 967 2404 1023; x_wconf 87' lang='lat' dir='ltr'><strong>per-</strong></span> 
     </span>
    </p>
   </div>
   <div class='ocr_carea' id='block_1_10' title="bbox 817 1043 2408 1124">
    <p class='ocr_par' dir='ltr' id='par_1_10' title="bbox 817 1043 2408 1124">
     <span class='ocr_line' id='line_1_10' title="bbox 817 1043 2408 1124; baseline -0.007 -16"><span class='ocrx_word' id='word_1_59' title='bbox 817 1061 996 1124; x_wconf 77' lang='lat' dir='ltr'><strong>petua:</strong></span> <span class='ocrx_word' id='word_1_60' title='bbox 1030 1050 1260 1123; x_wconf 78' lang='lat' dir='ltr'><strong>virginis</strong></span> <span class='ocrx_word' id='word_1_61' title='bbox 1310 1049 1512 1116; x_wconf 81' lang='lat' dir='ltr'><strong>Mariae,</strong></span> <span class='ocrx_word' id='word_1_62' title='bbox 1535 1063 1634 1120; x_wconf 91' lang='lat' dir='ltr'><strong>per</strong></span> <span class='ocrx_word' id='word_1_63' title='bbox 1661 1057 1831 1103; x_wconf 91' lang='lat' dir='ltr'><strong>totum</strong></span> <span class='ocrx_word' id='word_1_64' title='bbox 1865 1045 2125 1102; x_wconf 91' lang='lat' dir='ltr'><strong>mundum</strong></span> <span class='ocrx_word' id='word_1_65' title='bbox 2151 1043 2408 1100; x_wconf 90' lang='lat' dir='ltr'><strong>solemni-</strong></span> 
     </span>
    </p>
   </div>
   <div class='ocr_carea' id='block_1_11' title="bbox 815 1137 2407 1215">
    <p class='ocr_par' dir='ltr' id='par_1_11' title="bbox 815 1137 2407 1215">
     <span class='ocr_line' id='line_1_11' title="bbox 815 1137 2407 1215; baseline -0.006 -15"><span class='ocrx_word' id='word_1_66' title='bbox 815 1153 903 1200; x_wconf 84' lang='lat' dir='ltr'><strong>ter</strong></span> <span class='ocrx_word' id='word_1_67' title='bbox 949 1152 1006 1199; x_wconf 88' lang='lat' dir='ltr'><strong>et</strong></span> <span class='ocrx_word' id='word_1_68' title='bbox 1049 1143 1363 1215; x_wconf 89' lang='lat' dir='ltr'><strong>dignissime</strong></span> <span class='ocrx_word' id='word_1_69' title='bbox 1390 1141 1718 1198; x_wconf 84' lang='lat' dir='ltr'><strong>celebratur.</strong></span> <span class='ocrx_word' id='word_1_70' title='bbox 1747 1139 1840 1195; x_wconf 87' lang='lat' dir='ltr'>IIIe</span> <span class='ocrx_word' id='word_1_71' title='bbox 1865 1155 1996 1194; x_wconf 89' lang='lat' dir='ltr'><strong>vero</strong></span> <span class='ocrx_word' id='word_1_72' title='bbox 2038 1139 2211 1193; x_wconf 83' lang='lat' dir='ltr'><strong>frater</strong></span> <span class='ocrx_word' id='word_1_73' title='bbox 2237 1137 2407 1193; x_wconf 86' lang='lat' dir='ltr'><strong>admi-</strong></span> 
     </span>
    </p>
   </div>
   <div class='ocr_carea' id='block_1_12' title="bbox 814 1233 2406 1308">
    <p class='ocr_par' dir='ltr' id='par_1_12' title="bbox 814 1233 2406 1308">
     <span class='ocr_line' id='line_1_12' title="bbox 814 1233 2406 1308; baseline -0.006 -15"><span class='ocrx_word' id='word_1_74' title='bbox 814 1251 969 1301; x_wconf 83' lang='lat' dir='ltr'><strong>rans,</strong></span> <span class='ocrx_word' id='word_1_75' title='bbox 1001 1237 1143 1292; x_wconf 91' lang='lat' dir='ltr'><strong>inter</strong></span> <span class='ocrx_word' id='word_1_76' title='bbox 1189 1253 1338 1308; x_wconf 90' lang='lat' dir='ltr'><strong>spem</strong></span> <span class='ocrx_word' id='word_1_77' title='bbox 1370 1244 1423 1292; x_wconf 91' lang='lat' dir='ltr'><strong>et</strong></span> <span class='ocrx_word' id='word_1_78' title='bbox 1454 1235 1704 1291; x_wconf 87' lang='lat' dir='ltr'><strong>timorem</strong></span> <span class='ocrx_word' id='word_1_79' title='bbox 1757 1250 1816 1289; x_wconf 89' lang='lat' dir='ltr'><strong>se</strong></span> <span class='ocrx_word' id='word_1_80' title='bbox 1844 1234 2078 1288; x_wconf 90' lang='lat' dir='ltr'><strong>medium</strong></span> <span class='ocrx_word' id='word_1_81' title='bbox 2121 1233 2320 1303; x_wconf 88' lang='lat' dir='ltr'><strong>posuit,</strong></span> <span class='ocrx_word' id='word_1_82' title='bbox 2353 1241 2406 1285; x_wconf 89' lang='lat' dir='ltr'><strong>et</strong></span> 
     </span>
    </p>
   </div>
   <div class='ocr_carea' id='block_1_13' title="bbox 813 1322 2408 1399">
    <p class='ocr_par' dir='ltr' id='par_1_13' title="bbox 813 1322 2408 1399">
     <span class='ocr_line' id='line_1_13' title="bbox 813 1322 2408 1399; baseline -0.005 -16"><span class='ocrx_word' id='word_1_83' title='bbox 813 1329 999 1386; x_wconf 80' lang='lat' dir='ltr'><strong>vicino</strong></span> <span class='ocrx_word' id='word_1_84' title='bbox 1027 1327 1347 1384; x_wconf 69' lang='lat' dir='ltr'><strong>obedientia:</strong></span> <span class='ocrx_word' id='word_1_85' title='bbox 1386 1327 1522 1399; x_wconf 87' lang='lat' dir='ltr'><strong>pede</strong></span> <span class='ocrx_word' id='word_1_86' title='bbox 1539 1325 1710 1396; x_wconf 88' lang='lat' dir='ltr'><strong>jussis</strong></span> <span class='ocrx_word' id='word_1_87' title='bbox 1737 1327 1907 1381; x_wconf 80' lang='lat' dir='ltr'><strong>sancti</strong></span> <span class='ocrx_word' id='word_1_88' title='bbox 1930 1323 2203 1394; x_wconf 88' lang='lat' dir='ltr'><strong>pontificis</strong></span> <span class='ocrx_word' id='word_1_89' title='bbox 2233 1322 2408 1377; x_wconf 86' lang='lat' dir='ltr'><strong>humi-</strong></span> 
     </span>
    </p>
   </div>
   <div class='ocr_carea' id='block_1_14' title="bbox 814 1415 2410 1490">
    <p class='ocr_par' dir='ltr' id='par_1_14' title="bbox 814 1415 2410 1490">
     <span class='ocr_line' id='line_1_14' title="bbox 814 1415 2410 1490; baseline -0.005 -14"><span class='ocrx_word' id='word_1_90' title='bbox 814 1419 944 1476; x_wconf 86' lang='lat' dir='ltr'><strong>liter</strong></span> <span class='ocrx_word' id='word_1_91' title='bbox 972 1420 1374 1490; x_wconf 83' lang='lat' dir='ltr'><strong>obtemperans,</strong></span> <span class='ocrx_word' id='word_1_92' title='bbox 1422 1419 1490 1474; x_wconf 89' lang='lat' dir='ltr'><strong>ad</strong></span> <span class='ocrx_word' id='word_1_93' title='bbox 1544 1428 1761 1474; x_wconf 89' lang='lat' dir='ltr'><strong>antrum</strong></span> <span class='ocrx_word' id='word_1_94' title='bbox 1808 1417 2125 1486; x_wconf 81' lang='lat' dir='ltr'><strong>sarcophagi</strong></span> <span class='ocrx_word' id='word_1_95' title='bbox 2158 1415 2410 1486; x_wconf 88' lang='lat' dir='ltr'><strong>perduxit</strong></span> 
     </span>
    </p>
   </div>
   <div class='ocr_carea' id='block_1_15' title="bbox 813 1507 2412 1581">
    <p class='ocr_par' dir='ltr' id='par_1_15' title="bbox 813 1507 2412 1581">
     <span class='ocr_line' id='line_1_15' title="bbox 813 1507 2412 1581; baseline -0.004 -15"><span class='ocrx_word' id='word_1_96' title='bbox 813 1525 1040 1576; x_wconf 64' lang='lat' dir='ltr'><strong>caecum,</strong></span> <span class='ocrx_word' id='word_1_97' title='bbox 1071 1511 1162 1580; x_wconf 91' lang='lat' dir='ltr'><strong>qui</strong></span> <span class='ocrx_word' id='word_1_98' title='bbox 1187 1526 1394 1581; x_wconf 80' lang='lat' dir='ltr'><strong>pernox</strong></span> <span class='ocrx_word' id='word_1_99' title='bbox 1426 1509 1625 1565; x_wconf 90' lang='lat' dir='ltr'><strong>ibidem</strong></span> <span class='ocrx_word' id='word_1_100' title='bbox 1653 1509 1704 1563; x_wconf 93' lang='lat' dir='ltr'><strong>in</strong></span> <span class='ocrx_word' id='word_1_101' title='bbox 1730 1508 1980 1563; x_wconf 91' lang='lat' dir='ltr'><strong>oratione</strong></span> <span class='ocrx_word' id='word_1_102' title='bbox 2004 1507 2330 1576; x_wconf 89' lang='lat' dir='ltr'><strong>permansit,</strong></span> <span class='ocrx_word' id='word_1_103' title='bbox 2357 1515 2412 1560; x_wconf 87' lang='lat' dir='ltr'><strong>et</strong></span> 
     </span>
    </p>
   </div>
   <div class='ocr_carea' id='block_1_16' title="bbox 814 1597 2410 1672">
    <p class='ocr_par' dir='ltr' id='par_1_16' title="bbox 814 1597 2410 1672">
     <span class='ocr_line' id='line_1_16' title="bbox 814 1597 2410 1672; baseline -0.003 -14"><span class='ocrx_word' id='word_1_104' title='bbox 814 1617 974 1659; x_wconf 90' lang='lat' dir='ltr'><strong>mane</strong></span> <span class='ocrx_word' id='word_1_105' title='bbox 1023 1602 1167 1659; x_wconf 90' lang='lat' dir='ltr'><strong>facto</strong></span> <span class='ocrx_word' id='word_1_106' title='bbox 1206 1602 1319 1670; x_wconf 89' lang='lat' dir='ltr'><strong>jam</strong></span> <span class='ocrx_word' id='word_1_107' title='bbox 1361 1601 1594 1672; x_wconf 84' lang='lat' dir='ltr'><strong>amplius</strong></span> <span class='ocrx_word' id='word_1_108' title='bbox 1620 1600 1849 1655; x_wconf 91' lang='lat' dir='ltr'><strong>ductore</strong></span> <span class='ocrx_word' id='word_1_109' title='bbox 1882 1615 1990 1654; x_wconf 91' lang='lat' dir='ltr'><strong>non</strong></span> <span class='ocrx_word' id='word_1_110' title='bbox 2034 1599 2301 1670; x_wconf 80' lang='lat' dir='ltr'><strong>indigens,</strong></span> <span class='ocrx_word' id='word_1_111' title='bbox 2341 1597 2410 1653; x_wconf 89' lang='lat' dir='ltr'><strong>ad</strong></span> 
     </span>
    </p>
   </div>
   <div class='ocr_carea' id='block_1_17' title="bbox 815 1690 2411 1767">
    <p class='ocr_par' dir='ltr' id='par_1_17' title="bbox 815 1690 2411 1767">
     <span class='ocr_line' id='line_1_17' title="bbox 815 1690 2411 1767; baseline -0.004 -17"><span class='ocrx_word' id='word_1_112' title='bbox 815 1694 1034 1767; x_wconf 87' lang='lat' dir='ltr'><strong>propria</strong></span> <span class='ocrx_word' id='word_1_113' title='bbox 1087 1709 1209 1749; x_wconf 93' lang='lat' dir='ltr'><strong>cum</strong></span> <span class='ocrx_word' id='word_1_114' title='bbox 1253 1693 1451 1766; x_wconf 81' lang='lat' dir='ltr'><strong>gaudio</strong></span> <span class='ocrx_word' id='word_1_115' title='bbox 1511 1707 1762 1748; x_wconf 78' lang='lat' dir='ltr'><strong>reversus</strong></span> <span class='ocrx_word' id='word_1_116' title='bbox 1815 1702 1897 1747; x_wconf 91' lang='lat' dir='ltr'><strong>est</strong></span> <span class='ocrx_word' id='word_1_117' title='bbox 1927 1690 2133 1753; x_wconf 89' lang='lat' dir='ltr'><strong>videns,</strong></span> <span class='ocrx_word' id='word_1_118' title='bbox 2167 1691 2328 1746; x_wconf 87' lang='lat' dir='ltr'><strong>corde</strong></span> <span class='ocrx_word' id='word_1_119' title='bbox 2357 1698 2411 1744; x_wconf 89' lang='lat' dir='ltr'><strong>et</strong></span> 
     </span>
    </p>
   </div>
   <div class='ocr_carea' id='block_1_18' title="bbox 818 1786 1718 1845">
    <p class='ocr_par' dir='ltr' id='par_1_18' title="bbox 818 1786 1718 1845">
     <span class='ocr_line' id='line_1_18' title="bbox 818 1786 1718 1845; baseline -0.007 0"><span class='ocrx_word' id='word_1_120' title='bbox 818 1787 1003 1845; x_wconf 76' lang='lat' dir='ltr'><strong>animo</strong></span> <span class='ocrx_word' id='word_1_121' title='bbox 1035 1787 1320 1843; x_wconf 91' lang='lat' dir='ltr'><strong>Dominum</strong></span> <span class='ocrx_word' id='word_1_122' title='bbox 1371 1786 1718 1841; x_wconf 85' lang='lat' dir='ltr'><strong>benedicens.</strong></span> 
     </span>
    </p>
   </div>
   <div class='ocr_carea' id='block_1_19' title="bbox 2510 565 4104 640">
    <p class='ocr_par' dir='ltr' id='par_1_19' title="bbox 2510 565 4104 640">
     <span class='ocr_line' id='line_1_19' title="bbox 2510 565 4104 640; baseline -0.002 -13"><span class='ocrx_word' id='word_1_123' title='bbox 2510 579 2790 640; x_wconf 88' lang='lat' dir='ltr'><strong>torqueor,</strong></span> <span class='ocrx_word' id='word_1_124' title='bbox 2837 568 2964 639; x_wconf 87' lang='lat' dir='ltr'><strong>quia</strong></span> <span class='ocrx_word' id='word_1_125' title='bbox 3019 565 3332 637; x_wconf 90' lang='lat' dir='ltr'><strong>frequenter</strong></span> <span class='ocrx_word' id='word_1_126' title='bbox 3387 567 3438 623; x_wconf 95' lang='lat' dir='ltr'><strong>in</strong></span> <span class='ocrx_word' id='word_1_127' title='bbox 3505 565 3665 622; x_wconf 82' lang='lat' dir='ltr'><strong>furtis</strong></span> <span class='ocrx_word' id='word_1_128' title='bbox 3723 565 4104 638; x_wconf 84' lang='lat' dir='ltr'><strong>deprehensus</strong></span> 
     </span>
    </p>
   </div>
   <div class='ocr_carea' id='block_1_20' title="bbox 2509 654 4105 730">
    <p class='ocr_par' dir='ltr' id='par_1_20' title="bbox 2509 654 4105 730">
     <span class='ocr_line' id='line_1_20' title="bbox 2509 654 4105 730; baseline -0.003 -13"><span class='ocrx_word' id='word_1_129' title='bbox 2509 677 2650 728; x_wconf 91' lang='lat' dir='ltr'><strong>sum,</strong></span> <span class='ocrx_word' id='word_1_130' title='bbox 2713 670 2769 717; x_wconf 93' lang='lat' dir='ltr'><strong>et</strong></span> <span class='ocrx_word' id='word_1_131' title='bbox 2823 661 2891 716; x_wconf 90' lang='lat' dir='ltr'><strong>ab</strong></span> <span class='ocrx_word' id='word_1_132' title='bbox 2917 660 2995 716; x_wconf 89' lang='lat' dir='ltr'><strong>eis</strong></span> <span class='ocrx_word' id='word_1_133' title='bbox 3041 674 3147 714; x_wconf 91' lang='lat' dir='ltr'><strong>non</strong></span> <span class='ocrx_word' id='word_1_134' title='bbox 3190 659 3426 723; x_wconf 83' lang='lat' dir='ltr'><strong>cessavi;</strong></span> <span class='ocrx_word' id='word_1_135' title='bbox 3491 657 3587 713; x_wconf 89' lang='lat' dir='ltr'><strong>sed</strong></span> <span class='ocrx_word' id='word_1_136' title='bbox 3637 657 3778 712; x_wconf 90' lang='lat' dir='ltr'><strong>mala</strong></span> <span class='ocrx_word' id='word_1_137' title='bbox 3820 673 3942 730; x_wconf 69' lang='lat' dir='ltr'><strong>qua:</strong></span> <span class='ocrx_word' id='word_1_138' title='bbox 3999 654 4105 713; x_wconf 84' lang='lat' dir='ltr'><strong>feci</strong></span> 
     </span>
    </p>
   </div>
   <div class='ocr_carea' id='block_1_21' title="bbox 2510 747 4110 822">
    <p class='ocr_par' dir='ltr' id='par_1_21' title="bbox 2510 747 4110 822">
     <span class='ocr_line' id='line_1_21' title="bbox 2510 747 4110 822; baseline -0.002 -15"><span class='ocrx_word' id='word_1_139' title='bbox 2510 755 2706 808; x_wconf 86' lang='lat' dir='ltr'><strong>iterum</strong></span> <span class='ocrx_word' id='word_1_140' title='bbox 2732 762 2896 822; x_wconf 88' lang='lat' dir='ltr'><strong>atque</strong></span> <span class='ocrx_word' id='word_1_141' title='bbox 2919 751 3112 806; x_wconf 88' lang='lat' dir='ltr'><strong>iterum</strong></span> <span class='ocrx_word' id='word_1_142' title='bbox 3144 750 3390 820; x_wconf 75' lang='lat' dir='ltr'><strong>repetivi.</strong></span> <span class='ocrx_word' id='word_1_143' title='bbox 3425 769 3440 803; x_wconf 68' lang='grc' dir='ltr'><strong><em>ι</em></strong></span> <span class='ocrx_word' id='word_1_144' title='bbox 3469 748 3602 804; x_wconf 82' lang='grc' dir='ltr'>Τιιιιι</span> <span class='ocrx_word' id='word_1_145' title='bbox 3631 759 3892 805; x_wconf 87' lang='lat' dir='ltr'><strong>sanctus:</strong></span> <span class='ocrx_word' id='word_1_146' title='bbox 3926 767 3944 802; x_wconf 71' lang='grc' dir='ltr'>ι</span> <span class='ocrx_word' id='word_1_147' title='bbox 3975 747 4110 806; x_wconf 82' lang='lat' dir='ltr'><strong>Ces-</strong></span> 
     </span>
    </p>
   </div>
   <div class='ocr_carea' id='block_1_22' title="bbox 2511 842 4107 916">
    <p class='ocr_par' dir='ltr' id='par_1_22' title="bbox 2511 842 4107 916">
     <span class='ocr_line' id='line_1_22' title="bbox 2511 842 4107 916; baseline -0.002 -15"><span class='ocrx_word' id='word_1_148' title='bbox 2511 862 2595 914; x_wconf 90' lang='lat' dir='ltr'><strong>sa,</strong></span> <span class='ocrx_word' id='word_1_149' title='bbox 2624 846 2820 916; x_wconf 92' lang='lat' dir='ltr'><strong>inquit,</strong></span> <span class='ocrx_word' id='word_1_150' title='bbox 2855 843 2942 901; x_wconf 87' lang='lat' dir='ltr'><strong>vel</strong></span> <span class='ocrx_word' id='word_1_151' title='bbox 2974 845 3132 899; x_wconf 83' lang='lat' dir='ltr'><strong>modo</strong></span> <span class='ocrx_word' id='word_1_152' title='bbox 3159 844 3324 897; x_wconf 90' lang='lat' dir='ltr'><strong>miser</strong></span> <span class='ocrx_word' id='word_1_153' title='bbox 3357 858 3385 897; x_wconf 87' lang='lat' dir='ltr'><strong>a</strong></span> <span class='ocrx_word' id='word_1_154' title='bbox 3415 842 3594 907; x_wconf 87' lang='lat' dir='ltr'><strong>furtis,</strong></span> <span class='ocrx_word' id='word_1_155' title='bbox 3624 857 3801 905; x_wconf 82' lang='lat' dir='ltr'><strong>cessa,</strong></span> <span class='ocrx_word' id='word_1_156' title='bbox 3832 851 3886 898; x_wconf 77' lang='lat' dir='ltr'><strong>et</strong></span> <span class='ocrx_word' id='word_1_157' title='bbox 3912 842 3990 898; x_wconf 88' lang='lat' dir='ltr'><strong>sis</strong></span> <span class='ocrx_word' id='word_1_158' title='bbox 4015 859 4107 898; x_wconf 84' lang='lat' dir='ltr'><strong>so-</strong></span> 
     </span>
    </p>
   </div>
   <div class='ocr_carea' id='block_1_23' title="bbox 2510 933 4108 1010">
    <p class='ocr_par' dir='ltr' id='par_1_23' title="bbox 2510 933 4108 1010">
     <span class='ocr_line' id='line_1_23' title="bbox 2510 933 4108 1010; baseline -0.003 -16"><span class='ocrx_word' id='word_1_159' title='bbox 2510 939 2655 995; x_wconf 89' lang='lat' dir='ltr'><strong>lutus</strong></span> <span class='ocrx_word' id='word_1_160' title='bbox 2684 955 2712 993; x_wconf 89' lang='lat' dir='ltr'><strong>a</strong></span> <span class='ocrx_word' id='word_1_161' title='bbox 2740 954 2880 994; x_wconf 90' lang='lat' dir='ltr'><strong>nexu</strong></span> <span class='ocrx_word' id='word_1_162' title='bbox 2905 935 3381 1010; x_wconf 68' lang='lat' dir='ltr'><strong>conqmdishujus.</strong></span> <span class='ocrx_word' id='word_1_163' title='bbox 3415 956 3431 987; x_wconf 69' lang='grc' dir='ltr'><strong><em>υ</em></strong></span> <span class='ocrx_word' id='word_1_164' title='bbox 3465 935 3719 992; x_wconf 73' lang='lat' dir='ltr'><strong>Surrexit</strong></span> <span class='ocrx_word' id='word_1_165' title='bbox 3749 935 3896 991; x_wconf 78' lang='lat' dir='ltr'><strong>illico</strong></span> <span class='ocrx_word' id='word_1_166' title='bbox 3936 933 4108 990; x_wconf 84' lang='lat' dir='ltr'><strong>miser</strong></span> 
     </span>
    </p>
   </div>
   <div class='ocr_carea' id='block_1_24' title="bbox 2511 1027 4107 1100">
    <p class='ocr_par' dir='ltr' id='par_1_24' title="bbox 2511 1027 4107 1100">
     <span class='ocr_line' id='line_1_24' title="bbox 2511 1027 4107 1100; baseline -0.003 -15"><span class='ocrx_word' id='word_1_167' title='bbox 2511 1031 2601 1086; x_wconf 91' lang='lat' dir='ltr'><strong>ille</strong></span> <span class='ocrx_word' id='word_1_168' title='bbox 2634 1030 2938 1096; x_wconf 88' lang='lat' dir='ltr'><strong>absolutus,</strong></span> <span class='ocrx_word' id='word_1_169' title='bbox 2969 1041 3023 1086; x_wconf 87' lang='lat' dir='ltr'><strong>et</strong></span> <span class='ocrx_word' id='word_1_170' title='bbox 3063 1029 3252 1086; x_wconf 84' lang='lat' dir='ltr'><strong>exiens</strong></span> <span class='ocrx_word' id='word_1_171' title='bbox 3286 1028 3407 1082; x_wconf 90' lang='lat' dir='ltr'><strong>inde</strong></span> <span class='ocrx_word' id='word_1_172' title='bbox 3433 1029 3598 1090; x_wconf 93' lang='lat' dir='ltr'><strong>venit,</strong></span> <span class='ocrx_word' id='word_1_173' title='bbox 3626 1038 3680 1084; x_wconf 91' lang='lat' dir='ltr'><strong>et</strong></span> <span class='ocrx_word' id='word_1_174' title='bbox 3710 1027 3944 1100; x_wconf 87' lang='lat' dir='ltr'><strong>procidit</strong></span> <span class='ocrx_word' id='word_1_175' title='bbox 3977 1035 4107 1082; x_wconf 86' lang='lat' dir='ltr'><strong>ante</strong></span> 
     </span>
    </p>
   </div>
   <div class='ocr_carea' id='block_1_25' title="bbox 2509 1119 4106 1194">
    <p class='ocr_par' dir='ltr' id='par_1_25' title="bbox 2509 1119 4106 1194">
     <span class='ocr_line' id='line_1_25' title="bbox 2509 1119 4106 1194; baseline -0.005 -15"><span class='ocrx_word' id='word_1_176' title='bbox 2509 1124 2678 1194; x_wconf 86' lang='lat' dir='ltr'><strong>pedes</strong></span> <span class='ocrx_word' id='word_1_177' title='bbox 2707 1119 2940 1190; x_wconf 56' lang='grc' dir='ltr'><strong>λεπυαεί</strong></span> <span class='ocrx_word' id='word_1_178' title='bbox 2968 1121 3229 1192; x_wconf 80' lang='lat' dir='ltr'><strong>episcopi,</strong></span> <span class='ocrx_word' id='word_1_179' title='bbox 3267 1119 3619 1190; x_wconf 87' lang='lat' dir='ltr'><strong>narravitque</strong></span> <span class='ocrx_word' id='word_1_180' title='bbox 3644 1119 3692 1172; x_wconf 90' lang='lat' dir='ltr'><strong>ei</strong></span> <span class='ocrx_word' id='word_1_181' title='bbox 3747 1133 3859 1174; x_wconf 92' lang='lat' dir='ltr'><strong>rem</strong></span> <span class='ocrx_word' id='word_1_182' title='bbox 3891 1127 4106 1192; x_wconf 80' lang='lat' dir='ltr'><strong>gestam</strong></span> 
     </span>
    </p>
   </div>
   <div class='ocr_carea' id='block_1_26' title="bbox 2510 1207 4102 1284">
    <p class='ocr_par' dir='ltr' id='par_1_26' title="bbox 2510 1207 4102 1284">
     <span class='ocr_line' id='line_1_26' title="bbox 2510 1207 4102 1284; baseline -0.003 -16"><span class='ocrx_word' id='word_1_183' title='bbox 2510 1214 2656 1269; x_wconf 91' lang='lat' dir='ltr'><strong>circa</strong></span> <span class='ocrx_word' id='word_1_184' title='bbox 2685 1229 2742 1268; x_wconf 90' lang='lat' dir='ltr'><strong>se</strong></span> <span class='ocrx_word' id='word_1_185' title='bbox 2773 1227 2870 1283; x_wconf 91' lang='lat' dir='ltr'><strong>per</strong></span> <span class='ocrx_word' id='word_1_186' title='bbox 2893 1214 3162 1276; x_wconf 88' lang='lat' dir='ltr'><strong>ordinem,</strong></span> <span class='ocrx_word' id='word_1_187' title='bbox 3196 1222 3248 1268; x_wconf 92' lang='lat' dir='ltr'><strong>et</strong></span> <span class='ocrx_word' id='word_1_188' title='bbox 3275 1212 3360 1267; x_wconf 92' lang='lat' dir='ltr'><strong>ille</strong></span> <span class='ocrx_word' id='word_1_189' title='bbox 3387 1227 3485 1284; x_wconf 87' lang='lat' dir='ltr'><strong>pro</strong></span> <span class='ocrx_word' id='word_1_190' title='bbox 3516 1211 3720 1266; x_wconf 89' lang='lat' dir='ltr'><strong>honore</strong></span> <span class='ocrx_word' id='word_1_191' title='bbox 3752 1209 3888 1264; x_wconf 88' lang='lat' dir='ltr'><strong>tanti</strong></span> <span class='ocrx_word' id='word_1_192' title='bbox 3917 1207 4102 1264; x_wconf 83' lang='lat' dir='ltr'><strong>Patris</strong></span> 
     </span>
    </p>
   </div>
   <div class='ocr_carea' id='block_1_27' title="bbox 2511 1303 4104 1373">
    <p class='ocr_par' dir='ltr' id='par_1_27' title="bbox 2511 1303 4104 1373">
     <span class='ocr_line' id='line_1_27' title="bbox 2511 1303 4104 1373; baseline -0.001 -16"><span class='ocrx_word' id='word_1_193' title='bbox 2511 1304 2637 1358; x_wconf 88' lang='lat' dir='ltr'><strong>sivit</strong></span> <span class='ocrx_word' id='word_1_194' title='bbox 2664 1318 2787 1358; x_wconf 89' lang='lat' dir='ltr'><strong>eum</strong></span> <span class='ocrx_word' id='word_1_195' title='bbox 2843 1303 2994 1360; x_wconf 89' lang='lat' dir='ltr'><strong>abire</strong></span> <span class='ocrx_word' id='word_1_196' title='bbox 3044 1303 3372 1359; x_wconf 88' lang='lat' dir='ltr'><strong>indemnem.</strong></span> <span class='ocrx_word' id='word_1_197' title='bbox 3422 1305 3644 1358; x_wconf 77' lang='lat' dir='ltr'><strong>Constat</strong></span> <span class='ocrx_word' id='word_1_198' title='bbox 3691 1319 3820 1373; x_wconf 77' lang='lat' dir='ltr'><strong>ergo</strong></span> <span class='ocrx_word' id='word_1_199' title='bbox 3853 1310 4104 1356; x_wconf 90' lang='lat' dir='ltr'><strong>sanctum</strong></span> 
     </span>
    </p>
   </div>
   <div class='ocr_carea' id='block_1_28' title="bbox 2511 1396 4104 1465">
    <p class='ocr_par' dir='ltr' id='par_1_28' title="bbox 2511 1396 4104 1465">
     <span class='ocr_line' id='line_1_28' title="bbox 2511 1396 4104 1465; baseline -0.001 -12"><span class='ocrx_word' id='word_1_200' title='bbox 2511 1397 2657 1453; x_wconf 91' lang='lat' dir='ltr'><strong>hunc</strong></span> <span class='ocrx_word' id='word_1_201' title='bbox 2699 1405 2917 1452; x_wconf 70' lang='lat' dir='ltr'><strong>:cternze</strong></span> <span class='ocrx_word' id='word_1_202' title='bbox 2965 1397 3085 1451; x_wconf 81' lang='lat' dir='ltr'><strong>vitae</strong></span> <span class='ocrx_word' id='word_1_203' title='bbox 3117 1398 3466 1465; x_wconf 71' lang='lat' dir='ltr'><strong>coniunctum</strong></span> <span class='ocrx_word' id='word_1_204' title='bbox 3527 1400 3726 1452; x_wconf 83' lang='lat' dir='ltr'><strong>\irtute</strong></span> <span class='ocrx_word' id='word_1_205' title='bbox 3782 1396 4104 1453; x_wconf 75' lang='lat' dir='ltr'><strong>meritorum</strong></span> 
     </span>
    </p>
   </div>
   <div class='ocr_carea' id='block_1_29' title="bbox 2512 1490 4105 1560">
    <p class='ocr_par' dir='ltr' id='par_1_29' title="bbox 2512 1490 4105 1560">
     <span class='ocr_line' id='line_1_29' title="bbox 2512 1490 4105 1560; baseline 0.001 -16"><span class='ocrx_word' id='word_1_206' title='bbox 2512 1501 2762 1555; x_wconf 82' lang='lat' dir='ltr'><strong>suorum,</strong></span> <span class='ocrx_word' id='word_1_207' title='bbox 2795 1505 2954 1560; x_wconf 85' lang='lat' dir='ltr'><strong>posse</strong></span> <span class='ocrx_word' id='word_1_208' title='bbox 2980 1506 3077 1544; x_wconf 89' lang='lat' dir='ltr'><strong>nos</strong></span> <span class='ocrx_word' id='word_1_209' title='bbox 3103 1507 3130 1543; x_wconf 90' lang='lat' dir='ltr'><strong>a</strong></span> <span class='ocrx_word' id='word_1_210' title='bbox 3158 1499 3502 1560; x_wconf 83' lang='lat' dir='ltr'><strong>peccatorum</strong></span> <span class='ocrx_word' id='word_1_211' title='bbox 3528 1501 3834 1545; x_wconf 82' lang='lat' dir='ltr'><strong>uestrorum</strong></span> <span class='ocrx_word' id='word_1_212' title='bbox 3868 1490 4105 1545; x_wconf 84' lang='lat' dir='ltr'><strong>vinculis</strong></span> 
     </span>
    </p>
   </div>
   <div class='ocr_carea' id='block_1_30' title="bbox 2509 1577 4100 1649">
    <p class='ocr_par' dir='ltr' id='par_1_30' title="bbox 2509 1577 4100 1649">
     <span class='ocr_line' id='line_1_30' title="bbox 2509 1577 4100 1649; baseline 0.001 -15"><span class='ocrx_word' id='word_1_213' title='bbox 2509 1577 2740 1642; x_wconf 78' lang='lat' dir='ltr'><strong>solvere,</strong></span> <span class='ocrx_word' id='word_1_214' title='bbox 2779 1587 2834 1632; x_wconf 91' lang='lat' dir='ltr'><strong>et</strong></span> <span class='ocrx_word' id='word_1_215' title='bbox 2861 1580 2928 1633; x_wconf 86' lang='lat' dir='ltr'><strong>ad</strong></span> <span class='ocrx_word' id='word_1_216' title='bbox 2978 1579 3218 1634; x_wconf 69' lang='lat' dir='ltr'><strong>ccilestia</strong></span> <span class='ocrx_word' id='word_1_217' title='bbox 3264 1595 3424 1649; x_wconf 79' lang='lat' dir='ltr'><strong>regna</strong></span> <span class='ocrx_word' id='word_1_218' title='bbox 3461 1581 3775 1648; x_wconf 64' lang='lat' dir='ltr'><strong>po-t&#39;duet-re.</strong></span> <span class='ocrx_word' id='word_1_219' title='bbox 3805 1581 3893 1636; x_wconf 88' lang='lat' dir='ltr'><strong>etti</strong></span> <span class='ocrx_word' id='word_1_220' title='bbox 3921 1581 4100 1636; x_wconf 82' lang='lat' dir='ltr'><strong>adhuc</strong></span> 
     </span>
    </p>
   </div>
   <div class='ocr_carea' id='block_1_31' title="bbox 2515 1669 4104 1742">
    <p class='ocr_par' dir='ltr' id='par_1_31' title="bbox 2515 1669 4104 1742">
     <span class='ocr_line' id='line_1_31' title="bbox 2515 1669 4104 1742; baseline 0.003 -18"><span class='ocrx_word' id='word_1_221' title='bbox 2515 1669 2567 1724; x_wconf 94' lang='lat' dir='ltr'><strong>in</strong></span> <span class='ocrx_word' id='word_1_222' title='bbox 2599 1685 2763 1724; x_wconf 89' lang='lat' dir='ltr'><strong>carne</strong></span> <span class='ocrx_word' id='word_1_223' title='bbox 2807 1669 3020 1741; x_wconf 75' lang='lat' dir='ltr'><strong>degenti</strong></span> <span class='ocrx_word' id='word_1_224' title='bbox 3079 1670 3289 1724; x_wconf 77' lang='lat' dir='ltr'><strong>caelitus</strong></span> <span class='ocrx_word' id='word_1_225' title='bbox 3322 1686 3574 1725; x_wconf 63' lang='lat' dir='ltr'><strong>coiit-essu</strong></span> <span class='ocrx_word' id='word_1_226' title='bbox 3630 1685 3704 1726; x_wconf 77' lang='lat' dir='ltr'><strong>est</strong></span> <span class='ocrx_word' id='word_1_227' title='bbox 3751 1683 3994 1742; x_wconf 85' lang='lat' dir='ltr'><strong>potestas</strong></span> <span class='ocrx_word' id='word_1_228' title='bbox 4036 1673 4104 1728; x_wconf 86' lang='lat' dir='ltr'><strong>li-</strong></span> 
     </span>
    </p>
   </div>
   <div class='ocr_carea' id='block_1_32' title="bbox 2515 1762 4098 1834">
    <p class='ocr_par' dir='ltr' id='par_1_32' title="bbox 2515 1762 4098 1834">
     <span class='ocr_line' id='line_1_32' title="bbox 2515 1762 4098 1834; baseline 0.003 -18"><span class='ocrx_word' id='word_1_229' title='bbox 2515 1762 2674 1834; x_wconf 89' lang='lat' dir='ltr'><strong>gandi</strong></span> <span class='ocrx_word' id='word_1_230' title='bbox 2712 1772 2875 1834; x_wconf 88' lang='lat' dir='ltr'><strong>atque</strong></span> <span class='ocrx_word' id='word_1_231' title='bbox 2909 1763 3174 1825; x_wconf 86' lang='lat' dir='ltr'><strong>solvendi,</strong></span> <span class='ocrx_word' id='word_1_232' title='bbox 3214 1775 3503 1830; x_wconf 72' lang='lat' dir='ltr'><strong>pttt‘slatile</strong></span> <span class='ocrx_word' id='word_1_233' title='bbox 3539 1765 3764 1820; x_wconf 85' lang='lat' dir='ltr'><strong>Domino</strong></span> <span class='ocrx_word' id='word_1_234' title='bbox 3795 1775 3982 1821; x_wconf 86' lang='lat' dir='ltr'><strong>nostro</strong></span> <span class='ocrx_word' id='word_1_235' title='bbox 4008 1763 4098 1822; x_wconf 76' lang='lat' dir='ltr'><strong>Je-</strong></span> 
     </span>
    </p>
   </div>
   <div class='ocr_carea' id='block_1_33' title="bbox 889 1853 2653 1948">
    <p class='ocr_par' dir='ltr' id='par_1_33' title="bbox 889 1853 2653 1948">
     <span class='ocr_line' id='line_1_33' title="bbox 889 1853 2653 1948; baseline -0.007 -15"><span class='ocrx_word' id='word_1_236' title='bbox 889 1877 1020 1934; x_wconf 73' lang='lat' dir='ltr'><strong>Car.</strong></span> <span class='ocrx_word' id='word_1_237' title='bbox 1070 1877 1250 1932; x_wconf 80' lang='lat' dir='ltr'><strong>XLIII.</strong></span> <span class='ocrx_word' id='word_1_238' title='bbox 1275 1907 1344 1917; x_wconf 91' lang='lat'><strong>—</strong></span> <span class='ocrx_word' id='word_1_239' title='bbox 1373 1877 1495 1933; x_wconf 66' lang='lat' dir='ltr'><strong>llaec</strong></span> <span class='ocrx_word' id='word_1_240' title='bbox 1530 1877 1789 1933; x_wconf 80' lang='lat' dir='ltr'><strong>revelatio</strong></span> <span class='ocrx_word' id='word_1_241' title='bbox 1815 1876 1973 1948; x_wconf 83' lang='lat' dir='ltr'><strong>longe</strong></span> <span class='ocrx_word' id='word_1_242' title='bbox 2000 1877 2213 1946; x_wconf 86' lang='lat' dir='ltr'><strong>lateque</strong></span> <span class='ocrx_word' id='word_1_243' title='bbox 2239 1873 2412 1930; x_wconf 85' lang='lat' dir='ltr'><strong>divnl-</strong></span> <span class='ocrx_word' id='word_1_244' title='bbox 2441 1861 2487 1922; x_wconf 85' lang='lat' dir='ltr'><strong>B</strong></span> <span class='ocrx_word' id='word_1_245' title='bbox 2515 1869 2578 1907; x_wconf 75' lang='grc' dir='ltr'>ευ</span> <span class='ocrx_word' id='word_1_246' title='bbox 2605 1853 2653 1907; x_wconf 60' lang='grc' dir='ltr'><strong>(ῖη</strong></span> 
     </span>
    </p>
   </div>
   <div class='ocr_carea' id='block_1_34' title="bbox 2337 1853 4101 1948">
    <p class='ocr_par' dir='ltr' id='par_1_34' title="bbox 2337 1853 4101 1928">
     <span class='ocr_line' id='line_1_34' title="bbox 2337 1853 4101 1928; baseline 0.003 -22"><span class='ocrx_word' id='word_1_247' title='bbox 2337 1873 2412 1927; x_wconf 69' lang='grc' dir='ltr'>ιιι,</span> <span class='ocrx_word' id='word_1_248' title='bbox 2441 1861 2487 1922; x_wconf 80' lang='grc' dir='ltr'><strong>Β</strong></span> <span class='ocrx_word' id='word_1_249' title='bbox 2515 1869 2578 1907; x_wconf 91' lang='lat' dir='ltr'><strong>su</strong></span> <span class='ocrx_word' id='word_1_250' title='bbox 2605 1853 2843 1917; x_wconf 84' lang='lat' dir='ltr'><strong>Christo,</strong></span> <span class='ocrx_word' id='word_1_251' title='bbox 2871 1855 2960 1923; x_wconf 90' lang='lat' dir='ltr'><strong>qui</strong></span> <span class='ocrx_word' id='word_1_252' title='bbox 2996 1869 3117 1908; x_wconf 89' lang='lat' dir='ltr'><strong>cum</strong></span> <span class='ocrx_word' id='word_1_253' title='bbox 3155 1854 3260 1904; x_wconf 67' lang='lat' dir='ltr'><strong>lico</strong></span> <span class='ocrx_word' id='word_1_254' title='bbox 3290 1865 3561 1908; x_wconf 60' lang='lat' dir='ltr'><strong>eotclerno</strong></span> <span class='ocrx_word' id='word_1_255' title='bbox 3589 1855 3766 1919; x_wconf 78' lang='lat' dir='ltr'><strong>I’atre,</strong></span> <span class='ocrx_word' id='word_1_256' title='bbox 3811 1867 3862 1911; x_wconf 88' lang='lat' dir='ltr'><strong>et</strong></span> <span class='ocrx_word' id='word_1_257' title='bbox 3891 1856 4101 1928; x_wconf 86' lang='lat' dir='ltr'><strong>Spiritu</strong></span> 
     </span>
    </p>
   </div>
   <div class='ocr_carea' id='block_1_35' title="bbox 819 1968 2410 2044">
    <p class='ocr_par' dir='ltr' id='par_1_35' title="bbox 819 1968 2410 2044">
     <span class='ocr_line' id='line_1_35' title="bbox 819 1968 2410 2044; baseline -0.003 -18"><span class='ocrx_word' id='word_1_258' title='bbox 819 1979 945 2044; x_wconf 83' lang='lat' dir='ltr'><strong>gata</strong></span> <span class='ocrx_word' id='word_1_259' title='bbox 973 1980 1076 2038; x_wconf 90' lang='lat' dir='ltr'><strong>est,</strong></span> <span class='ocrx_word' id='word_1_260' title='bbox 1107 1986 1226 2040; x_wconf 70' lang='lat' dir='ltr'><strong>qua:</strong></span> <span class='ocrx_word' id='word_1_261' title='bbox 1269 1981 1374 2025; x_wconf 90' lang='lat' dir='ltr'><strong>tam</strong></span> <span class='ocrx_word' id='word_1_262' title='bbox 1403 1971 1638 2025; x_wconf 87' lang='lat' dir='ltr'><strong>evidenti</strong></span> <span class='ocrx_word' id='word_1_263' title='bbox 1667 1970 1928 2024; x_wconf 89' lang='lat' dir='ltr'><strong>miraculo</strong></span> <span class='ocrx_word' id='word_1_264' title='bbox 1959 1968 2138 2023; x_wconf 82' lang='lat' dir='ltr'><strong>fuerat</strong></span> <span class='ocrx_word' id='word_1_265' title='bbox 2164 1983 2410 2038; x_wconf 84' lang='lat' dir='ltr'><strong>compro-</strong></span> 
     </span>
    </p>
   </div>
   <div class='ocr_carea' id='block_1_36' title="bbox 815 2058 2412 2131">
    <p class='ocr_par' dir='ltr' id='par_1_36' title="bbox 815 2058 2412 2131">
     <span class='ocr_line' id='line_1_36' title="bbox 815 2058 2412 2131; baseline -0.004 -14"><span class='ocrx_word' id='word_1_266' title='bbox 815 2062 961 2117; x_wconf 83' lang='lat' dir='ltr'><strong>bata.</strong></span> <span class='ocrx_word' id='word_1_267' title='bbox 986 2061 1196 2116; x_wconf 83' lang='lat' dir='ltr'><strong>Exinde</strong></span> <span class='ocrx_word' id='word_1_268' title='bbox 1222 2060 1455 2115; x_wconf 85' lang='lat' dir='ltr'><strong>famulus</strong></span> <span class='ocrx_word' id='word_1_269' title='bbox 1478 2061 1680 2115; x_wconf 84' lang='lat' dir='ltr'><strong>Christi</strong></span> <span class='ocrx_word' id='word_1_270' title='bbox 1708 2060 1965 2131; x_wconf 72' lang='lat' dir='ltr'><strong>przedicto</strong></span> <span class='ocrx_word' id='word_1_271' title='bbox 1988 2059 2140 2114; x_wconf 88' lang='lat' dir='ltr'><strong>fratri</strong></span> <span class='ocrx_word' id='word_1_272' title='bbox 2191 2058 2412 2114; x_wconf 77' lang='lat' dir='ltr'><strong>Wlfsta-</strong></span> 
     </span>
    </p>
   </div>
   <div class='ocr_carea' id='block_1_37' title="bbox 819 2151 2412 2224">
    <p class='ocr_par' dir='ltr' id='par_1_37' title="bbox 819 2151 2412 2224">
     <span class='ocr_line' id='line_1_37' title="bbox 819 2151 2412 2224; baseline -0.003 -15"><span class='ocrx_word' id='word_1_273' title='bbox 819 2169 910 2216; x_wconf 90' lang='lat' dir='ltr'><strong>no,</strong></span> <span class='ocrx_word' id='word_1_274' title='bbox 942 2162 998 2208; x_wconf 93' lang='lat' dir='ltr'><strong>et</strong></span> <span class='ocrx_word' id='word_1_275' title='bbox 1051 2152 1324 2224; x_wconf 79' lang='lat' dir='ltr'><strong>plerisque</strong></span> <span class='ocrx_word' id='word_1_276' title='bbox 1370 2151 1488 2207; x_wconf 91' lang='lat' dir='ltr'><strong>aliis</strong></span> <span class='ocrx_word' id='word_1_277' title='bbox 1519 2167 1615 2223; x_wconf 92' lang='lat' dir='ltr'><strong>per</strong></span> <span class='ocrx_word' id='word_1_278' title='bbox 1649 2163 1974 2206; x_wconf 85' lang='lat' dir='ltr'><strong>nocturnam</strong></span> <span class='ocrx_word' id='word_1_279' title='bbox 2008 2152 2270 2207; x_wconf 89' lang='lat' dir='ltr'><strong>visionem</strong></span> <span class='ocrx_word' id='word_1_280' title='bbox 2299 2167 2412 2205; x_wconf 83' lang='lat' dir='ltr'><strong>ma-</strong></span> 
     </span>
    </p>
   </div>
   <div class='ocr_carea' id='block_1_38' title="bbox 817 2243 2410 2318">
    <p class='ocr_par' dir='ltr' id='par_1_38' title="bbox 817 2243 2410 2318">
     <span class='ocr_line' id='line_1_38' title="bbox 817 2243 2410 2318; baseline -0.003 -16"><span class='ocrx_word' id='word_1_281' title='bbox 817 2243 1049 2302; x_wconf 84' lang='lat' dir='ltr'><strong>nifestus</strong></span> <span class='ocrx_word' id='word_1_282' title='bbox 1099 2247 1366 2318; x_wconf 89' lang='lat' dir='ltr'><strong>apparuit,</strong></span> <span class='ocrx_word' id='word_1_283' title='bbox 1422 2247 1633 2314; x_wconf 79' lang='lat' dir='ltr'><strong>illisque</strong></span> <span class='ocrx_word' id='word_1_284' title='bbox 1671 2262 1768 2316; x_wconf 92' lang='lat' dir='ltr'><strong>per</strong></span> <span class='ocrx_word' id='word_1_285' title='bbox 1819 2247 1935 2300; x_wconf 65' lang='lat' dir='ltr'><strong>haec</strong></span> <span class='ocrx_word' id='word_1_286' title='bbox 1966 2256 2021 2300; x_wconf 93' lang='lat' dir='ltr'><strong>et</strong></span> <span class='ocrx_word' id='word_1_287' title='bbox 2048 2245 2162 2300; x_wconf 62' lang='lat' dir='ltr'><strong>haec</strong></span> <span class='ocrx_word' id='word_1_288' title='bbox 2212 2246 2410 2300; x_wconf 90' lang='lat' dir='ltr'><strong>indicia</strong></span> 
     </span>
    </p>
   </div>
   <div class='ocr_carea' id='block_1_39' title="bbox 824 2337 2413 2410">
    <p class='ocr_par' dir='ltr' id='par_1_39' title="bbox 824 2337 2413 2410">
     <span class='ocr_line' id='line_1_39' title="bbox 824 2337 2413 2410; baseline -0.001 -15"><span class='ocrx_word' id='word_1_289' title='bbox 824 2340 1060 2410; x_wconf 85' lang='lat' dir='ltr'><strong>aperuit,</strong></span> <span class='ocrx_word' id='word_1_290' title='bbox 1093 2339 1217 2408; x_wconf 89' lang='lat' dir='ltr'><strong>quia</strong></span> <span class='ocrx_word' id='word_1_291' title='bbox 1240 2354 1487 2409; x_wconf 72' lang='lat' dir='ltr'><strong>superna:</strong></span> <span class='ocrx_word' id='word_1_292' title='bbox 1513 2339 1878 2408; x_wconf 87' lang='lat' dir='ltr'><strong>complaceret</strong></span> <span class='ocrx_word' id='word_1_293' title='bbox 1908 2337 2170 2393; x_wconf 89' lang='lat' dir='ltr'><strong>voluntati</strong></span> <span class='ocrx_word' id='word_1_294' title='bbox 2200 2355 2321 2393; x_wconf 90' lang='lat' dir='ltr'><strong>eum</strong></span> <span class='ocrx_word' id='word_1_295' title='bbox 2347 2340 2413 2394; x_wconf 88' lang='lat' dir='ltr'><strong>de</strong></span> 
     </span>
    </p>
   </div>
   <div class='ocr_carea' id='block_1_40' title="bbox 820 2430 2409 2501">
    <p class='ocr_par' dir='ltr' id='par_1_40' title="bbox 820 2430 2409 2501">
     <span class='ocr_line' id='line_1_40' title="bbox 820 2430 2409 2501; baseline -0.001 -16"><span class='ocrx_word' id='word_1_296' title='bbox 820 2430 1026 2485; x_wconf 83' lang='lat' dir='ltr'><strong>tumulo</strong></span> <span class='ocrx_word' id='word_1_297' title='bbox 1057 2430 1364 2489; x_wconf 84' lang='lat' dir='ltr'><strong>transferri,</strong></span> <span class='ocrx_word' id='word_1_298' title='bbox 1393 2440 1447 2484; x_wconf 90' lang='lat' dir='ltr'><strong>et</strong></span> <span class='ocrx_word' id='word_1_299' title='bbox 1475 2431 1633 2501; x_wconf 82' lang='lat' dir='ltr'><strong>digne</strong></span> <span class='ocrx_word' id='word_1_300' title='bbox 1677 2431 1729 2484; x_wconf 87' lang='lat' dir='ltr'><strong>itt</strong></span> <span class='ocrx_word' id='word_1_301' title='bbox 1755 2430 1982 2484; x_wconf 86' lang='lat' dir='ltr'><strong>ecclesia</strong></span> <span class='ocrx_word' id='word_1_302' title='bbox 2015 2430 2409 2484; x_wconf 74' lang='lat' dir='ltr'><strong>collocat-LVc-</strong></span> 
     </span>
    </p>
   </div>
   <div class='ocr_carea' id='block_1_41' title="bbox 823 2525 2414 2597">
    <p class='ocr_par' dir='ltr' id='par_1_41' title="bbox 823 2525 2414 2597">
     <span class='ocr_line' id='line_1_41' title="bbox 823 2525 2414 2597; baseline -0.001 -16"><span class='ocrx_word' id='word_1_303' title='bbox 823 2527 1100 2581; x_wconf 89' lang='lat' dir='ltr'><strong>nerandus</strong></span> <span class='ocrx_word' id='word_1_304' title='bbox 1139 2542 1268 2597; x_wconf 74' lang='lat' dir='ltr'><strong>ergo</strong></span> <span class='ocrx_word' id='word_1_305' title='bbox 1291 2527 1530 2596; x_wconf 74' lang='lat' dir='ltr'><strong>pontifex</strong></span> <span class='ocrx_word' id='word_1_306' title='bbox 1563 2525 1814 2596; x_wconf 85' lang='lat' dir='ltr'><strong>Elfeagus</strong></span> <span class='ocrx_word' id='word_1_307' title='bbox 1844 2542 2128 2582; x_wconf 80' lang='lat' dir='ltr'><strong>successor</strong></span> <span class='ocrx_word' id='word_1_308' title='bbox 2156 2528 2272 2596; x_wconf 13' lang='lat' dir='ltr'><strong>oejus</strong></span> <span class='ocrx_word' id='word_1_309' title='bbox 2299 2528 2414 2582; x_wconf 88' lang='lat' dir='ltr'><strong>ani-</strong></span> 
     </span>
    </p>
   </div>
   <div class='ocr_carea' id='block_1_42' title="bbox 822 2617 2414 2689">
    <p class='ocr_par' dir='ltr' id='par_1_42' title="bbox 822 2617 2414 2689">
     <span class='ocr_line' id='line_1_42' title="bbox 822 2617 2414 2689; baseline 0 -17"><span class='ocrx_word' id='word_1_310' title='bbox 822 2630 912 2672; x_wconf 89' lang='lat' dir='ltr'><strong>mo</strong></span> <span class='ocrx_word' id='word_1_311' title='bbox 942 2618 1124 2689; x_wconf 78' lang='lat' dir='ltr'><strong>sagaci</strong></span> <span class='ocrx_word' id='word_1_312' title='bbox 1156 2617 1282 2670; x_wconf 82' lang='lat' dir='ltr'><strong>talia</strong></span> <span class='ocrx_word' id='word_1_313' title='bbox 1331 2633 1514 2671; x_wconf 80' lang='lat' dir='ltr'><strong>secum</strong></span> <span class='ocrx_word' id='word_1_314' title='bbox 1547 2628 1917 2686; x_wconf 85' lang='lat' dir='ltr'><strong>pertrartans,</strong></span> <span class='ocrx_word' id='word_1_315' title='bbox 1953 2618 2288 2672; x_wconf 81' lang='lat' dir='ltr'><strong>humillimas</strong></span> <span class='ocrx_word' id='word_1_316' title='bbox 2310 2619 2414 2672; x_wconf 89' lang='lat' dir='ltr'><strong>ala-</strong></span> 
     </span>
    </p>
   </div>
   <div class='ocr_carea' id='block_1_43' title="bbox 823 2706 2414 2776">
    <p class='ocr_par' dir='ltr' id='par_1_43' title="bbox 823 2706 2414 2776">
     <span class='ocr_line' id='line_1_43' title="bbox 823 2706 2414 2776; baseline 0.001 -15"><span class='ocrx_word' id='word_1_317' title='bbox 823 2706 902 2761; x_wconf 87' lang='lat' dir='ltr'><strong>eri</strong></span> <span class='ocrx_word' id='word_1_318' title='bbox 943 2708 1102 2761; x_wconf 86' lang='lat' dir='ltr'><strong>corde</strong></span> <span class='ocrx_word' id='word_1_319' title='bbox 1135 2708 1493 2776; x_wconf 81' lang='lat' dir='ltr'><strong>omnipotenti</strong></span> <span class='ocrx_word' id='word_1_320' title='bbox 1554 2707 1773 2760; x_wconf 82' lang='lat' dir='ltr'><strong>Christo</strong></span> <span class='ocrx_word' id='word_1_321' title='bbox 1825 2708 2030 2776; x_wconf 84' lang='lat' dir='ltr'><strong>gratias</strong></span> <span class='ocrx_word' id='word_1_322' title='bbox 2061 2706 2314 2768; x_wconf 89' lang='lat' dir='ltr'><strong>reddidit,</strong></span> <span class='ocrx_word' id='word_1_323' title='bbox 2350 2723 2414 2762; x_wconf 88' lang='lat' dir='ltr'><strong>eo</strong></span> 
     </span>
    </p>
   </div>
   <div class='ocr_carea' id='block_1_44' title="bbox 822 2797 2414 2868">
    <p class='ocr_par' dir='ltr' id='par_1_44' title="bbox 822 2797 2414 2868">
     <span class='ocr_line' id='line_1_44' title="bbox 822 2797 2414 2868; baseline 0.001 -19"><span class='ocrx_word' id='word_1_324' title='bbox 822 2798 965 2868; x_wconf 91' lang='lat' dir='ltr'><strong>quod</strong></span> <span class='ocrx_word' id='word_1_325' title='bbox 999 2812 1096 2852; x_wconf 89' lang='lat' dir='ltr'><strong>suo</strong></span> <span class='ocrx_word' id='word_1_326' title='bbox 1131 2806 1372 2867; x_wconf 90' lang='lat' dir='ltr'><strong>tempore</strong></span> <span class='ocrx_word' id='word_1_327' title='bbox 1402 2798 1717 2866; x_wconf 82' lang='lat' dir='ltr'><strong>dignaretur</strong></span> <span class='ocrx_word' id='word_1_328' title='bbox 1750 2797 2062 2852; x_wconf 67' lang='lat' dir='ltr'><strong>cmlestibus</strong></span> <span class='ocrx_word' id='word_1_329' title='bbox 2089 2798 2260 2868; x_wconf 89' lang='lat' dir='ltr'><strong>signis</strong></span> <span class='ocrx_word' id='word_1_330' title='bbox 2291 2814 2414 2851; x_wconf 53' lang='lat' dir='ltr'><strong>san-</strong></span> 
     </span>
    </p>
   </div>
   <div class='ocr_carea' id='block_1_45' title="bbox 821 2885 2411 2952">
    <p class='ocr_par' dir='ltr' id='par_1_45' title="bbox 821 2885 2411 2952">
     <span class='ocr_line' id='line_1_45' title="bbox 821 2885 2411 2952; baseline 0 -10"><span class='ocrx_word' id='word_1_331' title='bbox 821 2895 969 2942; x_wconf 88' lang='lat' dir='ltr'><strong>ctum</strong></span> <span class='ocrx_word' id='word_1_332' title='bbox 1026 2903 1181 2942; x_wconf 89' lang='lat' dir='ltr'><strong>suum</strong></span> <span class='ocrx_word' id='word_1_333' title='bbox 1235 2888 1546 2941; x_wconf 88' lang='lat' dir='ltr'><strong>mirtlicare.</strong></span> <span class='ocrx_word' id='word_1_334' title='bbox 1598 2885 1704 2940; x_wconf 83' lang='lat' dir='ltr'><strong>l\ee</strong></span> <span class='ocrx_word' id='word_1_335' title='bbox 1738 2901 1930 2947; x_wconf 80' lang='lat' dir='ltr'><strong>mora;</strong></span> <span class='ocrx_word' id='word_1_336' title='bbox 1988 2886 2218 2941; x_wconf 81' lang='lat' dir='ltr'><strong>fratrum</strong></span> <span class='ocrx_word' id='word_1_337' title='bbox 2258 2889 2411 2952; x_wconf 89' lang='lat' dir='ltr'><strong>cleri,</strong></span> 
     </span>
    </p>
   </div>
   <div class='ocr_carea' id='block_1_46' title="bbox 821 2981 2413 3056">
    <p class='ocr_par' dir='ltr' id='par_1_46' title="bbox 821 2981 2413 3056">
     <span class='ocr_line' id='line_1_46' title="bbox 821 2981 2413 3056; baseline -0.001 -18"><span class='ocrx_word' id='word_1_338' title='bbox 821 2983 1104 3056; x_wconf 84' lang='lat' dir='ltr'><strong>plebisque</strong></span> <span class='ocrx_word' id='word_1_339' title='bbox 1161 2984 1500 3038; x_wconf 84' lang='lat' dir='ltr'><strong>multitudine</strong></span> <span class='ocrx_word' id='word_1_340' title='bbox 1560 2994 1906 3054; x_wconf 85' lang='lat' dir='ltr'><strong>congtegata,</strong></span> <span class='ocrx_word' id='word_1_341' title='bbox 1947 2981 2205 3053; x_wconf 82' lang='lat' dir='ltr'><strong>reliquias</strong></span> <span class='ocrx_word' id='word_1_342' title='bbox 2241 2983 2413 3038; x_wconf 80' lang='lat' dir='ltr'><strong>sancti</strong></span> 
     </span>
    </p>
   </div>
   <div class='ocr_carea' id='block_1_47' title="bbox 819 3074 2415 3150">
    <p class='ocr_par' dir='ltr' id='par_1_47' title="bbox 819 3074 2415 3150">
     <span class='ocr_line' id='line_1_47' title="bbox 819 3074 2415 3150; baseline -0.004 -17"><span class='ocrx_word' id='word_1_343' title='bbox 819 3077 1070 3150; x_wconf 67' lang='lat' dir='ltr'><strong>praisulis</strong></span> <span class='ocrx_word' id='word_1_344' title='bbox 1123 3075 1416 3130; x_wconf 78' lang='lat' dir='ltr'><strong>Adelvvohli</strong></span> <span class='ocrx_word' id='word_1_345' title='bbox 1449 3075 1549 3128; x_wconf 87' lang='lat' dir='ltr'><strong>sub</strong></span> <span class='ocrx_word' id='word_1_346' title='bbox 1581 3076 1666 3127; x_wconf 88' lang='lat' dir='ltr'><strong>die</strong></span> <span class='ocrx_word' id='word_1_347' title='bbox 1711 3086 1901 3143; x_wconf 88' lang='lat' dir='ltr'><strong>quarta</strong></span> <span class='ocrx_word' id='word_1_348' title='bbox 1944 3074 2131 3128; x_wconf 90' lang='lat' dir='ltr'><strong>Iduum</strong></span> <span class='ocrx_word' id='word_1_349' title='bbox 2167 3077 2415 3144; x_wconf 85' lang='lat' dir='ltr'><strong>Septem-</strong></span> 
     </span>
    </p>
   </div>
   <div class='ocr_carea' id='block_1_48' title="bbox 822 3168 2414 3237">
    <p class='ocr_par' dir='ltr' id='par_1_48' title="bbox 822 3168 2414 3237">
     <span class='ocr_line' id='line_1_48' title="bbox 822 3168 2414 3237; baseline -0.001 -12"><span class='ocrx_word' id='word_1_350' title='bbox 822 3169 1002 3226; x_wconf 86' lang='lat' dir='ltr'><strong>brium</strong></span> <span class='ocrx_word' id='word_1_351' title='bbox 1030 3170 1325 3224; x_wconf 78' lang='lat' dir='ltr'><strong>honorifice</strong></span> <span class='ocrx_word' id='word_1_352' title='bbox 1350 3169 1646 3230; x_wconf 82' lang='lat' dir='ltr'><strong>transtulit,</strong></span> <span class='ocrx_word' id='word_1_353' title='bbox 1677 3184 1879 3237; x_wconf 86' lang='lat' dir='ltr'><strong>easque</strong></span> <span class='ocrx_word' id='word_1_354' title='bbox 1902 3168 1954 3222; x_wconf 90' lang='lat' dir='ltr'><strong>in</strong></span> <span class='ocrx_word' id='word_1_355' title='bbox 1982 3169 2150 3224; x_wconf 87' lang='lat' dir='ltr'><strong>choro</strong></span> <span class='ocrx_word' id='word_1_356' title='bbox 2173 3168 2414 3224; x_wconf 76' lang='lat' dir='ltr'><strong>ecclesia:</strong></span> 
     </span>
    </p>
   </div>
   <div class='ocr_carea' id='block_1_49' title="bbox 828 3262 1112 3318">
    <p class='ocr_par' dir='ltr' id='par_1_49' title="bbox 828 3262 1112 3318">
     <span class='ocr_line' id='line_1_49' title="bbox 828 3262 1112 3318; baseline -0.011 -1"><span class='ocrx_word' id='word_1_357' title='bbox 828 3262 1112 3318; x_wconf 88' lang='lat' dir='ltr'><strong>collocavit</strong></span> 
     </span>
    </p>
   </div>
   <div class='ocr_carea' id='block_1_50' title="bbox 823 3354 2412 3424">
    <p class='ocr_par' dir='ltr' id='par_1_50' title="bbox 823 3354 2412 3424">
     <span class='ocr_line' id='line_1_50' title="bbox 823 3354 2412 3424; baseline -0.001 -14"><span class='ocrx_word' id='word_1_358' title='bbox 823 3370 994 3424; x_wconf 90' lang='lat' dir='ltr'><strong>usque</strong></span> <span class='ocrx_word' id='word_1_359' title='bbox 1019 3355 1071 3408; x_wconf 90' lang='lat' dir='ltr'><strong>in</strong></span> <span class='ocrx_word' id='word_1_360' title='bbox 1105 3364 1424 3424; x_wconf 66' lang='lat' dir='ltr'><strong>praisentent</strong></span> <span class='ocrx_word' id='word_1_361' title='bbox 1457 3355 1596 3408; x_wconf 88' lang='lat' dir='ltr'><strong>diem</strong></span> <span class='ocrx_word' id='word_1_362' title='bbox 1623 3395 1636 3410; x_wconf 93' lang='lat'><strong>.</strong></span> <span class='ocrx_word' id='word_1_363' title='bbox 1663 3355 1749 3408; x_wconf 89' lang='lat' dir='ltr'><strong>ubi</strong></span> <span class='ocrx_word' id='word_1_364' title='bbox 1789 3355 1952 3408; x_wconf 89' lang='lat' dir='ltr'><strong>etiam</strong></span> <span class='ocrx_word' id='word_1_365' title='bbox 1993 3354 2148 3410; x_wconf 84' lang='lat' dir='ltr'><strong>nobis</strong></span> <span class='ocrx_word' id='word_1_366' title='bbox 2193 3355 2412 3409; x_wconf 86' lang='lat' dir='ltr'><strong>intuen-</strong></span> 
     </span>
    </p>
   </div>
   <div class='ocr_carea' id='block_1_51' title="bbox 825 3446 2411 3517">
    <p class='ocr_par' dir='ltr' id='par_1_51' title="bbox 825 3446 2411 3517">
     <span class='ocr_line' id='line_1_51' title="bbox 825 3446 2411 3517; baseline 0.001 -15"><span class='ocrx_word' id='word_1_367' title='bbox 825 3447 970 3502; x_wconf 86' lang='lat' dir='ltr'><strong>tibus</strong></span> <span class='ocrx_word' id='word_1_368' title='bbox 997 3446 1236 3502; x_wconf 71' lang='lat' dir='ltr'><strong>cmlestia</strong></span> <span class='ocrx_word' id='word_1_369' title='bbox 1298 3456 1422 3501; x_wconf 84' lang='lat' dir='ltr'><strong>sunt</strong></span> <span class='ocrx_word' id='word_1_370' title='bbox 1477 3457 1785 3516; x_wconf 89' lang='lat' dir='ltr'><strong>perpetrata</strong></span> <span class='ocrx_word' id='word_1_371' title='bbox 1841 3447 2119 3510; x_wconf 86' lang='lat' dir='ltr'><strong>miracula,</strong></span> <span class='ocrx_word' id='word_1_372' title='bbox 2156 3463 2186 3503; x_wconf 88' lang='lat' dir='ltr'><strong>e</strong></span> <span class='ocrx_word' id='word_1_373' title='bbox 2217 3449 2411 3517; x_wconf 92' lang='lat' dir='ltr'><strong>quibus</strong></span> 
     </span>
    </p>
   </div>
   <div class='ocr_carea' id='block_1_52' title="bbox 823 3535 2334 3609">
    <p class='ocr_par' dir='ltr' id='par_1_52' title="bbox 823 3535 2334 3609">
     <span class='ocr_line' id='line_1_52' title="bbox 823 3535 2334 3609; baseline 0.002 -19"><span class='ocrx_word' id='word_1_374' title='bbox 823 3535 930 3592; x_wconf 91' lang='lat' dir='ltr'><strong>duo</strong></span> <span class='ocrx_word' id='word_1_375' title='bbox 957 3539 1192 3593; x_wconf 80' lang='lat' dir='ltr'><strong>breviter</strong></span> <span class='ocrx_word' id='word_1_376' title='bbox 1217 3537 1283 3591; x_wconf 92' lang='lat' dir='ltr'><strong>ad</strong></span> <span class='ocrx_word' id='word_1_377' title='bbox 1311 3539 1582 3592; x_wconf 84' lang='lat' dir='ltr'><strong>firmitatis</strong></span> <span class='ocrx_word' id='word_1_378' title='bbox 1612 3539 1866 3593; x_wconf 84' lang='lat' dir='ltr'><strong>Indicium</strong></span> <span class='ocrx_word' id='word_1_379' title='bbox 1898 3540 2334 3609; x_wconf 80' lang='lat' dir='ltr'><strong>perstrinximus.</strong></span> 
     </span>
    </p>
   </div>
   <div class='ocr_carea' id='block_1_53' title="bbox 893 3627 2408 3700">
    <p class='ocr_par' dir='ltr' id='par_1_53' title="bbox 893 3627 2408 3700">
     <span class='ocr_line' id='line_1_53' title="bbox 893 3627 2408 3700; baseline 0.002 -17"><span class='ocrx_word' id='word_1_380' title='bbox 893 3628 1021 3683; x_wconf 70' lang='lat' dir='ltr'><strong>Car.</strong></span> <span class='ocrx_word' id='word_1_381' title='bbox 1080 3627 1259 3681; x_wconf 69' lang='lat' dir='ltr'>XLIV.</span> <span class='ocrx_word' id='word_1_382' title='bbox 1429 3629 1554 3682; x_wconf 69' lang='lat' dir='ltr'><strong>lirat</strong></span> <span class='ocrx_word' id='word_1_383' title='bbox 1621 3647 1685 3682; x_wconf 85' lang='lat' dir='ltr'><strong>eo</strong></span> <span class='ocrx_word' id='word_1_384' title='bbox 1739 3640 1980 3700; x_wconf 88' lang='lat' dir='ltr'><strong>tempore</strong></span> <span class='ocrx_word' id='word_1_385' title='bbox 2028 3632 2079 3684; x_wconf 92' lang='lat' dir='ltr'><strong>itt</strong></span> <span class='ocrx_word' id='word_1_386' title='bbox 2141 3631 2408 3686; x_wconf 84' lang='lat' dir='ltr'><strong>Wentant</strong></span> 
     </span>
    </p>
   </div>
   <div class='ocr_carea' id='block_1_54' title="bbox 826 3722 2410 3793">
    <p class='ocr_par' dir='ltr' id='par_1_54' title="bbox 826 3722 2410 3793">
     <span class='ocr_line' id='line_1_54' title="bbox 826 3722 2410 3793; baseline 0.001 -16"><span class='ocrx_word' id='word_1_387' title='bbox 826 3723 958 3778; x_wconf 86' lang='lat' dir='ltr'><strong>urbe</strong></span> <span class='ocrx_word' id='word_1_388' title='bbox 1005 3722 1174 3793; x_wconf 85' lang='lat' dir='ltr'><strong>puella</strong></span> <span class='ocrx_word' id='word_1_389' title='bbox 1230 3723 1475 3791; x_wconf 76' lang='lat' dir='ltr'><strong>quzedatn</strong></span> <span class='ocrx_word' id='word_1_390' title='bbox 1507 3723 1748 3790; x_wconf 85' lang='lat' dir='ltr'><strong>parvula,</strong></span> <span class='ocrx_word' id='word_1_391' title='bbox 1789 3722 2064 3790; x_wconf 84' lang='lat' dir='ltr'><strong>cujusdam</strong></span> <span class='ocrx_word' id='word_1_392' title='bbox 2105 3725 2410 3780; x_wconf 82' lang='lat' dir='ltr'><strong>Atlelvvardi</strong></span> 
     </span>
    </p>
   </div>
   <div class='ocr_carea' id='block_1_55' title="bbox 825 3812 2411 3883">
    <p class='ocr_par' dir='ltr' id='par_1_55' title="bbox 825 3812 2411 3883">
     <span class='ocr_line' id='line_1_55' title="bbox 825 3812 2411 3883; baseline -0.001 -14"><span class='ocrx_word' id='word_1_393' title='bbox 825 3812 1109 3869; x_wconf 78' lang='lat' dir='ltr'><strong>dontcsnci</strong></span> <span class='ocrx_word' id='word_1_394' title='bbox 1140 3813 1269 3874; x_wconf 88' lang='lat' dir='ltr'><strong>lilia,</strong></span> <span class='ocrx_word' id='word_1_395' title='bbox 1301 3829 1418 3881; x_wconf 70' lang='lat' dir='ltr'><strong>qnzc</strong></span> <span class='ocrx_word' id='word_1_396' title='bbox 1446 3812 1603 3864; x_wconf 81' lang='lat' dir='ltr'><strong>nimis</strong></span> <span class='ocrx_word' id='word_1_397' title='bbox 1634 3815 2026 3877; x_wconf 83' lang='lat' dir='ltr'><strong>ittlirntabatttt&#39;,</strong></span> <span class='ocrx_word' id='word_1_398' title='bbox 2065 3824 2119 3868; x_wconf 86' lang='lat' dir='ltr'><strong>et</strong></span> <span class='ocrx_word' id='word_1_399' title='bbox 2154 3832 2319 3883; x_wconf 83' lang='lat' dir='ltr'><strong>usque</strong></span> <span class='ocrx_word' id='word_1_400' title='bbox 2346 3818 2411 3868; x_wconf 89' lang='lat' dir='ltr'><strong>atl</strong></span> 
     </span>
    </p>
   </div>
   <div class='ocr_carea' id='block_1_56' title="bbox 835 3907 2408 3974">
    <p class='ocr_par' dir='ltr' id='par_1_56' title="bbox 835 3907 2408 3974">
     <span class='ocr_line' id='line_1_56' title="bbox 835 3907 2408 3974; baseline -0.001 -14"><span class='ocrx_word' id='word_1_401' title='bbox 835 3915 1063 3960; x_wconf 78' lang='lat' dir='ltr'><strong>mortem</strong></span> <span class='ocrx_word' id='word_1_402' title='bbox 1115 3922 1247 3974; x_wconf 88' lang='lat' dir='ltr'><strong>pette</strong></span> <span class='ocrx_word' id='word_1_403' title='bbox 1306 3908 1675 3974; x_wconf 68' lang='lat' dir='ltr'><strong>torquebatur.</strong></span> <span class='ocrx_word' id='word_1_404' title='bbox 1730 3907 1849 3958; x_wconf 75' lang='lat' dir='ltr'><strong>iitcc</strong></span> <span class='ocrx_word' id='word_1_405' title='bbox 1886 3922 1915 3958; x_wconf 90' lang='lat' dir='ltr'><strong>a</strong></span> <span class='ocrx_word' id='word_1_406' title='bbox 1962 3917 2136 3959; x_wconf 86' lang='lat' dir='ltr'><strong>matre</strong></span> <span class='ocrx_word' id='word_1_407' title='bbox 2183 3910 2408 3960; x_wconf 82' lang='lat' dir='ltr'><strong>deducta</strong></span> 
     </span>
    </p>
   </div>
   <div class='ocr_carea' id='block_1_57' title="bbox 830 3997 2415 4066">
    <p class='ocr_par' dir='ltr' id='par_1_57' title="bbox 830 3997 2415 4066">
     <span class='ocr_line' id='line_1_57' title="bbox 830 3997 2415 4066; baseline 0.002 -17"><span class='ocrx_word' id='word_1_408' title='bbox 830 3997 898 4051; x_wconf 91' lang='lat' dir='ltr'><strong>ad</strong></span> <span class='ocrx_word' id='word_1_409' title='bbox 935 3997 1032 4050; x_wconf 85' lang='lat' dir='ltr'><strong>virt</strong></span> <span class='ocrx_word' id='word_1_410' title='bbox 1088 3997 1180 4049; x_wconf 85' lang='lat' dir='ltr'><strong>Det</strong></span> <span class='ocrx_word' id='word_1_411' title='bbox 1217 3997 1500 4060; x_wconf 89' lang='lat' dir='ltr'><strong>tumulum,</strong></span> <span class='ocrx_word' id='word_1_412' title='bbox 1551 3997 1880 4050; x_wconf 70' lang='lat' dir='ltr'><strong>olulormtvit</strong></span> <span class='ocrx_word' id='word_1_413' title='bbox 1907 3997 2204 4066; x_wconf 87' lang='lat' dir='ltr'><strong>paululum.</strong></span> <span class='ocrx_word' id='word_1_414' title='bbox 2242 3998 2415 4052; x_wconf 82' lang='lat' dir='ltr'><strong>Proti-</strong></span> 
     </span>
    </p>
   </div>
   <div class='ocr_carea' id='block_1_58' title="bbox 836 4089 2412 4158">
    <p class='ocr_par' dir='ltr' id='par_1_58' title="bbox 836 4089 2412 4158">
     <span class='ocr_line' id='line_1_58' title="bbox 836 4089 2412 4158; baseline 0 -16"><span class='ocrx_word' id='word_1_415' title='bbox 836 4103 942 4142; x_wconf 87' lang='lat' dir='ltr'><strong>nus</strong></span> <span class='ocrx_word' id='word_1_416' title='bbox 989 4089 1248 4158; x_wconf 71' lang='lat' dir='ltr'><strong>evigilans</strong></span> <span class='ocrx_word' id='word_1_417' title='bbox 1301 4106 1428 4141; x_wconf 83' lang='lat' dir='ltr'><strong>sana</strong></span> <span class='ocrx_word' id='word_1_418' title='bbox 1462 4092 1717 4152; x_wconf 78' lang='lat' dir='ltr'><strong>surrexit,</strong></span> <span class='ocrx_word' id='word_1_419' title='bbox 1747 4099 1800 4142; x_wconf 90' lang='lat' dir='ltr'><strong>ct</strong></span> <span class='ocrx_word' id='word_1_420' title='bbox 1837 4092 2076 4156; x_wconf 79' lang='lat' dir='ltr'><strong>gaudens</strong></span> <span class='ocrx_word' id='word_1_421' title='bbox 2117 4105 2236 4143; x_wconf 92' lang='lat' dir='ltr'><strong>cum</strong></span> <span class='ocrx_word' id='word_1_422' title='bbox 2269 4091 2412 4158; x_wconf 50' lang='lat' dir='ltr'><strong>geni:</strong></span> 
     </span>
    </p>
   </div>
   <div class='ocr_carea' id='block_1_59' title="bbox 832 4179 1390 4234">
    <p class='ocr_par' dir='ltr' id='par_1_59' title="bbox 832 4179 1390 4234">
     <span class='ocr_line' id='line_1_59' title="bbox 832 4179 1390 4234; baseline -0.004 0"><span class='ocrx_word' id='word_1_423' title='bbox 832 4179 967 4234; x_wconf 78' lang='lat' dir='ltr'><strong>trice</strong></span> <span class='ocrx_word' id='word_1_424' title='bbox 994 4179 1208 4234; x_wconf 87' lang='lat' dir='ltr'><strong>domum</strong></span> <span class='ocrx_word' id='word_1_425' title='bbox 1239 4180 1390 4232; x_wconf 78' lang='lat' dir='ltr'><strong>rediit</strong></span> 
     </span>
    </p>
   </div>
   <div class='ocr_carea' id='block_1_60' title="bbox 902 4269 2413 4340">
    <p class='ocr_par' dir='ltr' id='par_1_60' title="bbox 902 4269 2413 4340">
     <span class='ocr_line' id='line_1_60' title="bbox 902 4269 2413 4340; baseline 0.002 -17"><span class='ocrx_word' id='word_1_426' title='bbox 902 4270 1028 4323; x_wconf 69' lang='lat' dir='ltr'><strong>CAP.</strong></span> <span class='ocrx_word' id='word_1_427' title='bbox 1065 4269 1218 4323; x_wconf 52' lang='grc' dir='ltr'><strong>ΜΝ.</strong></span> <span class='ocrx_word' id='word_1_428' title='bbox 1275 4270 1438 4324; x_wconf 70' lang='grc' dir='ltr'><strong>-Ριιρν</strong></span> <span class='ocrx_word' id='word_1_429' title='bbox 1469 4271 1630 4323; x_wconf 84' lang='lat' dir='ltr'><strong>etiam</strong></span> <span class='ocrx_word' id='word_1_430' title='bbox 1657 4270 1872 4340; x_wconf 83' lang='lat' dir='ltr'><strong>quidam</strong></span> <span class='ocrx_word' id='word_1_431' title='bbox 1905 4272 2180 4338; x_wconf 81' lang='lat' dir='ltr'><strong>parvulus,</strong></span> <span class='ocrx_word' id='word_1_432' title='bbox 2213 4271 2413 4326; x_wconf 64' lang='lat' dir='ltr'><strong>Ailllitti</strong></span> 
     </span>
    </p>
   </div>
   <div class='ocr_carea' id='block_1_61' title="bbox 834 4359 2415 4430">
    <p class='ocr_par' dir='ltr' id='par_1_61' title="bbox 834 4359 2415 4430">
     <span class='ocr_line' id='line_1_61' title="bbox 834 4359 2415 4430; baseline -0.001 -15"><span class='ocrx_word' id='word_1_433' title='bbox 834 4359 1116 4427; x_wconf 76' lang='lat' dir='ltr'><strong>cujusdam</strong></span> <span class='ocrx_word' id='word_1_434' title='bbox 1164 4364 1426 4415; x_wconf 72' lang='lat' dir='ltr'><strong>tttanszteti</strong></span> <span class='ocrx_word' id='word_1_435' title='bbox 1481 4371 1535 4415; x_wconf 89' lang='lat' dir='ltr'><strong>ct</strong></span> <span class='ocrx_word' id='word_1_436' title='bbox 1580 4363 1804 4417; x_wconf 79' lang='lat' dir='ltr'><strong>modesti</strong></span> <span class='ocrx_word' id='word_1_437' title='bbox 1855 4364 1952 4414; x_wconf 86' lang='lat' dir='ltr'><strong>viri</strong></span> <span class='ocrx_word' id='word_1_438' title='bbox 2006 4363 2182 4425; x_wconf 79' lang='lat' dir='ltr'><strong>filius,</strong></span> <span class='ocrx_word' id='word_1_439' title='bbox 2217 4364 2268 4415; x_wconf 91' lang='lat' dir='ltr'><strong>in</strong></span> <span class='ocrx_word' id='word_1_440' title='bbox 2300 4364 2415 4430; x_wconf 88' lang='lat' dir='ltr'><strong>ipsa</strong></span> 
     </span>
    </p>
   </div>
   <div class='ocr_carea' id='block_1_62' title="bbox 834 4453 2415 4524">
    <p class='ocr_par' dir='ltr' id='par_1_62' title="bbox 834 4453 2415 4524">
     <span class='ocr_line' id='line_1_62' title="bbox 834 4453 2415 4524; baseline 0.001 -18"><span class='ocrx_word' id='word_1_441' title='bbox 834 4453 1056 4506; x_wconf 81' lang='lat' dir='ltr'><strong>infantia</strong></span> <span class='ocrx_word' id='word_1_442' title='bbox 1109 4457 1306 4507; x_wconf 83' lang='lat' dir='ltr'><strong>lttmtttc</strong></span> <span class='ocrx_word' id='word_1_443' title='bbox 1364 4467 1445 4507; x_wconf 75' lang='lat' dir='ltr'><strong>est</strong></span> <span class='ocrx_word' id='word_1_444' title='bbox 1488 4456 1748 4524; x_wconf 71' lang='lat' dir='ltr'><strong>privatus,</strong></span> <span class='ocrx_word' id='word_1_445' title='bbox 1798 4467 1852 4509; x_wconf 90' lang='lat' dir='ltr'><strong>et</strong></span> <span class='ocrx_word' id='word_1_446' title='bbox 1889 4456 2150 4509; x_wconf 84' lang='lat' dir='ltr'><strong>maternis</strong></span> <span class='ocrx_word' id='word_1_447' title='bbox 2180 4456 2320 4508; x_wconf 81' lang='lat' dir='ltr'><strong>ulnis</strong></span> <span class='ocrx_word' id='word_1_448' title='bbox 2348 4457 2415 4508; x_wconf 88' lang='lat' dir='ltr'><strong>ad</strong></span> 
     </span>
    </p>
   </div>
   <div class='ocr_carea' id='block_1_63' title="bbox 833 4545 2411 4618">
    <p class='ocr_par' dir='ltr' id='par_1_63' title="bbox 833 4545 2411 4618">
     <span class='ocr_line' id='line_1_63' title="bbox 833 4545 2411 4618; baseline 0.001 -20"><span class='ocrx_word' id='word_1_449' title='bbox 833 4545 1129 4600; x_wconf 85' lang='lat' dir='ltr'><strong>venerandi</strong></span> <span class='ocrx_word' id='word_1_450' title='bbox 1184 4545 1358 4600; x_wconf 79' lang='lat' dir='ltr'><strong>Patris</strong></span> <span class='ocrx_word' id='word_1_451' title='bbox 1414 4548 1705 4601; x_wconf 77' lang='lat' dir='ltr'><strong>Adelvvoldi</strong></span> <span class='ocrx_word' id='word_1_452' title='bbox 1753 4548 2060 4618; x_wconf 83' lang='lat' dir='ltr'><strong>sepulcrum</strong></span> <span class='ocrx_word' id='word_1_453' title='bbox 2099 4549 2411 4618; x_wconf 85' lang='lat' dir='ltr'><strong>perductus.</strong></span> 
     </span>
    </p>
   </div>
   <div class='ocr_carea' id='block_1_64' title="bbox 837 4617 2498 4708">
    <p class='ocr_par' dir='ltr' id='par_1_64' title="bbox 837 4617 2498 4708">
     <span class='ocr_line' id='line_1_64' title="bbox 837 4617 2498 4708; baseline 0.002 -19"><span class='ocrx_word' id='word_1_454' title='bbox 837 4634 1030 4691; x_wconf 80' lang='lat' dir='ltr'><strong>Mirum</strong></span> <span class='ocrx_word' id='word_1_455' title='bbox 1065 4640 1234 4703; x_wconf 89' lang='lat' dir='ltr'><strong>dictu,</strong></span> <span class='ocrx_word' id='word_1_456' title='bbox 1263 4655 1385 4693; x_wconf 92' lang='lat' dir='ltr'><strong>mox</strong></span> <span class='ocrx_word' id='word_1_457' title='bbox 1412 4640 1586 4708; x_wconf 70' lang='lat' dir='ltr'><strong>caligo</strong></span> <span class='ocrx_word' id='word_1_458' title='bbox 1617 4641 1877 4694; x_wconf 62' lang='lat' dir='ltr'><strong>thcilttlts</strong></span> <span class='ocrx_word' id='word_1_459' title='bbox 1900 4641 2183 4704; x_wconf 87' lang='lat' dir='ltr'><strong>abscessit,</strong></span> <span class='ocrx_word' id='word_1_460' title='bbox 2212 4649 2267 4694; x_wconf 92' lang='lat' dir='ltr'><strong>et</strong></span> <span class='ocrx_word' id='word_1_461' title='bbox 2289 4655 2418 4693; x_wconf 88' lang='lat' dir='ltr'><strong>ocu-</strong></span> <span class='ocrx_word' id='word_1_462' title='bbox 2451 4617 2498 4678; x_wconf 77' lang='grc' dir='ltr'>θ</span> 
     </span>
    </p>
   </div>
   <div class='ocr_carea' id='block_1_65' title="bbox 838 4726 2418 4801">
    <p class='ocr_par' dir='ltr' id='par_1_65' title="bbox 838 4726 2418 4801">
     <span class='ocr_line' id='line_1_65' title="bbox 838 4726 2418 4801; baseline 0.003 -21"><span class='ocrx_word' id='word_1_463' title='bbox 838 4726 918 4781; x_wconf 89' lang='lat' dir='ltr'><strong>los</strong></span> <span class='ocrx_word' id='word_1_464' title='bbox 965 4728 1114 4796; x_wconf 87' lang='lat' dir='ltr'><strong>pueri</strong></span> <span class='ocrx_word' id='word_1_465' title='bbox 1167 4730 1388 4785; x_wconf 82' lang='lat' dir='ltr'><strong>veniens</strong></span> <span class='ocrx_word' id='word_1_466' title='bbox 1415 4732 1668 4801; x_wconf 84' lang='lat' dir='ltr'><strong>splendor</strong></span> <span class='ocrx_word' id='word_1_467' title='bbox 1711 4731 1845 4787; x_wconf 89' lang='lat' dir='ltr'><strong>lucis</strong></span> <span class='ocrx_word' id='word_1_468' title='bbox 1873 4732 2108 4801; x_wconf 89' lang='lat' dir='ltr'><strong>aperuit,</strong></span> <span class='ocrx_word' id='word_1_469' title='bbox 2139 4731 2287 4786; x_wconf 89' lang='lat' dir='ltr'><strong>omni</strong></span> <span class='ocrx_word' id='word_1_470' title='bbox 2324 4748 2418 4801; x_wconf 83' lang='lat' dir='ltr'><strong>po-</strong></span> 
     </span>
    </p>
   </div>
   <div class='ocr_carea' id='block_1_66' title="bbox 837 4821 2414 4895">
    <p class='ocr_par' dir='ltr' id='par_1_66' title="bbox 837 4821 2414 4895">
     <span class='ocr_line' id='line_1_66' title="bbox 837 4821 2414 4895; baseline 0.003 -19"><span class='ocrx_word' id='word_1_471' title='bbox 837 4821 963 4894; x_wconf 92' lang='lat' dir='ltr'><strong>pulo</strong></span> <span class='ocrx_word' id='word_1_472' title='bbox 1013 4824 1404 4894; x_wconf 81' lang='lat' dir='ltr'><strong>congaudente,</strong></span> <span class='ocrx_word' id='word_1_473' title='bbox 1457 4834 1512 4879; x_wconf 90' lang='lat' dir='ltr'><strong>et</strong></span> <span class='ocrx_word' id='word_1_474' title='bbox 1560 4835 1668 4881; x_wconf 89' lang='lat' dir='ltr'><strong>tota</strong></span> <span class='ocrx_word' id='word_1_475' title='bbox 1725 4826 2015 4881; x_wconf 87' lang='lat' dir='ltr'><strong>devotione</strong></span> <span class='ocrx_word' id='word_1_476' title='bbox 2059 4825 2296 4891; x_wconf 88' lang='lat' dir='ltr'><strong>Christo,</strong></span> <span class='ocrx_word' id='word_1_477' title='bbox 2325 4825 2414 4895; x_wconf 83' lang='lat' dir='ltr'><strong>qui</strong></span> 
     </span>
    </p>
   </div>
   <div class='ocr_carea' id='block_1_67' title="bbox 837 4916 1991 4988">
    <p class='ocr_par' dir='ltr' id='par_1_67' title="bbox 837 4916 1991 4988">
     <span class='ocr_line' id='line_1_67' title="bbox 837 4916 1991 4988; baseline 0.002 -19"><span class='ocrx_word' id='word_1_478' title='bbox 837 4923 1030 4970; x_wconf 87' lang='lat' dir='ltr'><strong>cuncta</strong></span> <span class='ocrx_word' id='word_1_479' title='bbox 1057 4925 1267 4987; x_wconf 88' lang='lat' dir='ltr'><strong>potest,</strong></span> <span class='ocrx_word' id='word_1_480' title='bbox 1292 4916 1523 4974; x_wconf 84' lang='lat' dir='ltr'><strong>fideliter</strong></span> <span class='ocrx_word' id='word_1_481' title='bbox 1546 4919 1750 4988; x_wconf 81' lang='lat' dir='ltr'><strong>gratias</strong></span> <span class='ocrx_word' id='word_1_482' title='bbox 1777 4927 1991 4988; x_wconf 85' lang='lat' dir='ltr'><strong>agente.</strong></span> 
     </span>
    </p>
   </div>
   <div class='ocr_carea' id='block_1_68' title="bbox 909 5007 2418 5082">
    <p class='ocr_par' dir='ltr' id='par_1_68' title="bbox 909 5007 2418 5082">
     <span class='ocr_line' id='line_1_68' title="bbox 909 5007 2418 5082; baseline 0.001 -21"><span class='ocrx_word' id='word_1_483' title='bbox 909 5007 1038 5063; x_wconf 63' lang='lat' dir='ltr'><strong>Car.</strong></span> <span class='ocrx_word' id='word_1_484' title='bbox 1082 5007 1262 5065; x_wconf 71' lang='lat' dir='ltr'><strong>XLVI.</strong></span> <span class='ocrx_word' id='word_1_485' title='bbox 1309 5037 1382 5052; x_wconf 78' lang='grc' dir='ltr'><strong>ι·-</strong></span> <span class='ocrx_word' id='word_1_486' title='bbox 1430 5009 1542 5067; x_wconf 72' lang='lat' dir='ltr'><strong>Nec</strong></span> <span class='ocrx_word' id='word_1_487' title='bbox 1589 5011 1802 5066; x_wconf 90' lang='lat' dir='ltr'><strong>silentio</strong></span> <span class='ocrx_word' id='word_1_488' title='bbox 1848 5009 2280 5082; x_wconf 54' lang='lat' dir='ltr'><strong>praetereundum</strong></span> <span class='ocrx_word' id='word_1_489' title='bbox 2312 5019 2418 5075; x_wconf 90' lang='lat' dir='ltr'><strong>est,</strong></span> 
     </span>
    </p>
   </div>
   <div class='ocr_carea' id='block_1_69' title="bbox 838 5101 2419 5172">
    <p class='ocr_par' dir='ltr' id='par_1_69' title="bbox 838 5101 2419 5172">
     <span class='ocr_line' id='line_1_69' title="bbox 838 5101 2419 5172; baseline 0.001 -17"><span class='ocrx_word' id='word_1_490' title='bbox 838 5101 980 5172; x_wconf 87' lang='lat' dir='ltr'><strong>quod</strong></span> <span class='ocrx_word' id='word_1_491' title='bbox 1018 5103 1308 5172; x_wconf 73' lang='lat' dir='ltr'><strong>przndictus</strong></span> <span class='ocrx_word' id='word_1_492' title='bbox 1359 5104 1535 5160; x_wconf 89' lang='lat' dir='ltr'><strong>sancti</strong></span> <span class='ocrx_word' id='word_1_493' title='bbox 1567 5104 1666 5158; x_wconf 88' lang='lat' dir='ltr'><strong>viri</strong></span> <span class='ocrx_word' id='word_1_494' title='bbox 1722 5117 2010 5159; x_wconf 83' lang='lat' dir='ltr'><strong>successor</strong></span> <span class='ocrx_word' id='word_1_495' title='bbox 2057 5101 2276 5172; x_wconf 81' lang='lat' dir='ltr'><strong>Elfagus</strong></span> <span class='ocrx_word' id='word_1_496' title='bbox 2320 5119 2419 5157; x_wconf 89' lang='lat' dir='ltr'><strong>an-</strong></span> 
     </span>
    </p>
   </div>
   <div class='ocr_carea' id='block_1_70' title="bbox 843 5192 2424 5266">
    <p class='ocr_par' dir='ltr' id='par_1_70' title="bbox 843 5192 2424 5266">
     <span class='ocr_line' id='line_1_70' title="bbox 843 5192 2424 5266; baseline 0.001 -19"><span class='ocrx_word' id='word_1_497' title='bbox 843 5192 1017 5260; x_wconf 85' lang='lat' dir='ltr'><strong>tistes,</strong></span> <span class='ocrx_word' id='word_1_498' title='bbox 1048 5193 1336 5264; x_wconf 85' lang='lat' dir='ltr'><strong>quemdam</strong></span> <span class='ocrx_word' id='word_1_499' title='bbox 1365 5197 1541 5254; x_wconf 88' lang='lat' dir='ltr'><strong>furem</strong></span> <span class='ocrx_word' id='word_1_500' title='bbox 1571 5211 1669 5266; x_wconf 89' lang='lat' dir='ltr'><strong>pro</strong></span> <span class='ocrx_word' id='word_1_501' title='bbox 1703 5193 1988 5265; x_wconf 88' lang='lat' dir='ltr'><strong>multiplici</strong></span> <span class='ocrx_word' id='word_1_502' title='bbox 2019 5203 2169 5248; x_wconf 88' lang='lat' dir='ltr'><strong>reatu</strong></span> <span class='ocrx_word' id='word_1_503' title='bbox 2201 5193 2424 5264; x_wconf 84' lang='lat' dir='ltr'><strong>ﬂagellis</strong></span> 
     </span>
    </p>
   </div>
   <div class='ocr_carea' id='block_1_71' title="bbox 841 5285 2429 5359">
    <p class='ocr_par' dir='ltr' id='par_1_71' title="bbox 841 5285 2429 5359">
     <span class='ocr_line' id='line_1_71' title="bbox 841 5285 2429 5359; baseline -0.002 -17"><span class='ocrx_word' id='word_1_504' title='bbox 841 5301 1064 5353; x_wconf 68' lang='lat' dir='ltr'><strong>etcsum,</strong></span> <span class='ocrx_word' id='word_1_505' title='bbox 1096 5287 1236 5342; x_wconf 91' lang='lat' dir='ltr'><strong>mitti</strong></span> <span class='ocrx_word' id='word_1_506' title='bbox 1262 5288 1427 5359; x_wconf 89' lang='lat' dir='ltr'><strong>jussit</strong></span> <span class='ocrx_word' id='word_1_507' title='bbox 1452 5291 1504 5344; x_wconf 89' lang='lat' dir='ltr'><strong>itt</strong></span> <span class='ocrx_word' id='word_1_508' title='bbox 1529 5289 1746 5359; x_wconf 91' lang='lat' dir='ltr'><strong>cippum</strong></span> <span class='ocrx_word' id='word_1_509' title='bbox 1815 5287 2120 5341; x_wconf 86' lang='lat' dir='ltr'><strong>acrioribus</strong></span> <span class='ocrx_word' id='word_1_510' title='bbox 2155 5285 2429 5354; x_wconf 75' lang='lat' dir='ltr'><strong>supplic-iis</strong></span> 
     </span>
    </p>
   </div>
   <div class='ocr_carea' id='block_1_72' title="bbox 840 5377 2432 5453">
    <p class='ocr_par' dir='ltr' id='par_1_72' title="bbox 840 5377 2432 5453">
     <span class='ocr_line' id='line_1_72' title="bbox 840 5377 2432 5453; baseline -0.002 -18"><span class='ocrx_word' id='word_1_511' title='bbox 840 5380 1214 5436; x_wconf 87' lang='lat' dir='ltr'><strong>cruciandttm.</strong></span> <span class='ocrx_word' id='word_1_512' title='bbox 1265 5381 1509 5453; x_wconf 89' lang='lat' dir='ltr'><strong>Cumque</strong></span> <span class='ocrx_word' id='word_1_513' title='bbox 1565 5383 1654 5435; x_wconf 92' lang='lat' dir='ltr'><strong>diu</strong></span> <span class='ocrx_word' id='word_1_514' title='bbox 1707 5382 1788 5436; x_wconf 90' lang='lat' dir='ltr'><strong>sic</strong></span> <span class='ocrx_word' id='word_1_515' title='bbox 1849 5379 1903 5433; x_wconf 92' lang='lat' dir='ltr'><strong>in</strong></span> <span class='ocrx_word' id='word_1_516' title='bbox 1940 5379 2116 5448; x_wconf 74' lang='lat' dir='ltr'><strong>pmnis</strong></span> <span class='ocrx_word' id='word_1_517' title='bbox 2169 5377 2432 5446; x_wconf 77' lang='lat' dir='ltr'><strong>iacuisset</strong></span> 
     </span>
    </p>
   </div>
   <div class='ocr_carea' id='block_1_73' title="bbox 841 5457 2425 5546">
    <p class='ocr_par' dir='ltr' id='par_1_73' title="bbox 841 5457 2425 5546">
     <span class='ocr_line' id='line_1_73' title="bbox 841 5457 2425 5546; baseline -0.003 -15"><span class='ocrx_word' id='word_1_518' title='bbox 841 5475 1147 5541; x_wconf 87' lang='lat' dir='ltr'><strong>damnatus,</strong></span> <span class='ocrx_word' id='word_1_519' title='bbox 1199 5457 1432 5546; x_wconf 82' lang='lat' dir='ltr'><strong>quadam</strong></span> <span class='ocrx_word' id='word_1_520' title='bbox 1464 5485 1622 5530; x_wconf 80' lang='lat' dir='ltr'><strong>nocte</strong></span> <span class='ocrx_word' id='word_1_521' title='bbox 1671 5475 1818 5528; x_wconf 86' lang='lat' dir='ltr'><strong>venit</strong></span> <span class='ocrx_word' id='word_1_522' title='bbox 1869 5472 1936 5524; x_wconf 89' lang='lat' dir='ltr'><strong>ad</strong></span> <span class='ocrx_word' id='word_1_523' title='bbox 1977 5487 2096 5526; x_wconf 90' lang='lat' dir='ltr'><strong>cum</strong></span> <span class='ocrx_word' id='word_1_524' title='bbox 2129 5473 2180 5526; x_wconf 92' lang='lat' dir='ltr'><strong>in</strong></span> <span class='ocrx_word' id='word_1_525' title='bbox 2221 5471 2425 5527; x_wconf 83' lang='lat' dir='ltr'><strong>visione</strong></span> 
     </span>
    </p>
   </div>
   <div class='ocr_carea' id='block_1_74' title="bbox 2515 1948 3420 2014">
    <p class='ocr_par' dir='ltr' id='par_1_74' title="bbox 2515 1948 3420 2014">
     <span class='ocr_line' id='line_1_74' title="bbox 2515 1948 3420 2014; baseline -0.013 -12"><span class='ocrx_word' id='word_1_526' title='bbox 2515 1958 2705 2002; x_wconf 89' lang='lat' dir='ltr'><strong>sancto</strong></span> <span class='ocrx_word' id='word_1_527' title='bbox 2751 1948 2882 2002; x_wconf 91' lang='lat' dir='ltr'><strong>vivit</strong></span> <span class='ocrx_word' id='word_1_528' title='bbox 2929 1959 2980 2002; x_wconf 88' lang='lat' dir='ltr'><strong>et</strong></span> <span class='ocrx_word' id='word_1_529' title='bbox 3039 1963 3220 2014; x_wconf 61' lang='lat' dir='ltr'><strong>regum</strong></span> <span class='ocrx_word' id='word_1_530' title='bbox 3288 1957 3420 1993; x_wconf 54' lang='lat' dir='ltr'><strong>mm.</strong></span> 
     </span>
    </p>
   </div>
   <div class='ocr_carea' id='block_1_75' title="bbox 2520 2039 3062 2095">
    <p class='ocr_par' dir='ltr' id='par_1_75' title="bbox 2520 2039 3062 2095">
     <span class='ocr_line' id='line_1_75' title="bbox 2520 2039 3062 2095; baseline -0.007 0"><span class='ocrx_word' id='word_1_531' title='bbox 2520 2039 2857 2095; x_wconf 64' lang='lat' dir='ltr'><strong>saeculorum.</strong></span> <span class='ocrx_word' id='word_1_532' title='bbox 2893 2041 3062 2094; x_wconf 87' lang='lat' dir='ltr'><strong>Amen</strong></span> 
     </span>
    </p>
   </div>
   <div class='ocr_carea' id='block_1_76' title="bbox 3455 1949 4100 2014">
    <p class='ocr_par' dir='ltr' id='par_1_76' title="bbox 3455 1949 4100 2014">
     <span class='ocr_line' id='line_1_76' title="bbox 3455 1949 4100 2014; baseline 0.002 -12"><span class='ocrx_word' id='word_1_533' title='bbox 3455 1992 3462 2002; x_wconf 86' lang='lat'><strong>.</strong></span> <span class='ocrx_word' id='word_1_534' title='bbox 3521 1966 3611 2014; x_wconf 64' lang='lat' dir='ltr'><strong>lict</strong></span> <span class='ocrx_word' id='word_1_535' title='bbox 3657 1950 3862 2004; x_wconf 75' lang='lat' dir='ltr'><strong>titlittita</strong></span> <span class='ocrx_word' id='word_1_536' title='bbox 3905 1949 4100 2004; x_wconf 64' lang='lat' dir='ltr'><strong>smcula</strong></span> 
     </span>
    </p>
   </div>
   <div class='ocr_carea' id='block_1_77' title="bbox 2515 2231 4106 2312">
    <p class='ocr_par' dir='ltr' id='par_1_77' title="bbox 2515 2231 4106 2312">
     <span class='ocr_line' id='line_1_77' title="bbox 2515 2231 4106 2312; baseline 0.001 -19"><span class='ocrx_word' id='word_1_537' title='bbox 2515 2231 2754 2312; x_wconf 77' lang='lat' dir='ltr'><strong>Incipit</strong></span> <span class='ocrx_word' id='word_1_538' title='bbox 2785 2232 3045 2312; x_wconf 80' lang='lat' dir='ltr'><strong>hymnus</strong></span> <span class='ocrx_word' id='word_1_539' title='bbox 3086 2237 3144 2294; x_wconf 79' lang='lat' dir='ltr'><strong>in</strong></span> <span class='ocrx_word' id='word_1_540' title='bbox 3194 2237 3427 2296; x_wconf 75' lang='lat' dir='ltr'><strong>honore</strong></span> <span class='ocrx_word' id='word_1_541' title='bbox 3457 2237 3515 2296; x_wconf 64' lang='grc' dir='ltr'><strong>ὁ.</strong></span> <span class='ocrx_word' id='word_1_542' title='bbox 3571 2232 3907 2294; x_wconf 32' lang='grc' dir='ltr'><strong>,ιινίρίιροιιὶι</strong></span> <span class='ocrx_word' id='word_1_543' title='bbox 3943 2249 4106 2312; x_wconf 72' lang='lat' dir='ltr'><strong>pra-</strong></span> 
     </span>
    </p>
   </div>
   <div class='ocr_carea' id='block_1_78' title="bbox 2596 2313 4108 2395">
    <p class='ocr_par' dir='ltr' id='par_1_78' title="bbox 2596 2313 4108 2395">
     <span class='ocr_line' id='line_1_78' title="bbox 2596 2313 4108 2395; baseline 0.002 -23"><span class='ocrx_word' id='word_1_544' title='bbox 2596 2313 2753 2395; x_wconf 72' lang='lat' dir='ltr'><strong>sttlt&#39;s</strong></span> <span class='ocrx_word' id='word_1_545' title='bbox 2795 2315 3081 2395; x_wconf 76' lang='lat' dir='ltr'><strong>_elegiaco</strong></span> <span class='ocrx_word' id='word_1_546' title='bbox 3135 2324 3187 2374; x_wconf 69' lang='lat' dir='ltr'><strong>rt</strong></span> <span class='ocrx_word' id='word_1_547' title='bbox 3243 2318 3608 2395; x_wconf 65' lang='lat' dir='ltr'><strong>parmlert’co</strong></span> <span class='ocrx_word' id='word_1_548' title='bbox 3661 2313 3930 2372; x_wconf 73' lang='lat' dir='ltr'><strong>r&#39;armt&#39;ne</strong></span> <span class='ocrx_word' id='word_1_549' title='bbox 3989 2328 4108 2392; x_wconf 84' lang='lat' dir='ltr'><strong>per</strong></span> 
     </span>
    </p>
   </div>
   <div class='ocr_carea' id='block_1_79' title="bbox 2596 2391 3419 2474">
    <p class='ocr_par' dir='ltr' id='par_1_79' title="bbox 2596 2391 3419 2474">
     <span class='ocr_line' id='line_1_79' title="bbox 2596 2391 3419 2474; baseline 0.007 -22"><span class='ocrx_word' id='word_1_550' title='bbox 2596 2391 2988 2474; x_wconf 72' lang='lat' dir='ltr'><strong>alphabetum</strong></span> <span class='ocrx_word' id='word_1_551' title='bbox 3016 2391 3419 2474; x_wconf 76' lang='lat' dir='ltr'><strong>compositus.</strong></span> 
     </span>
    </p>
   </div>
   <div class='ocr_carea' id='block_1_80' title="bbox 2516 2513 3998 2587">
    <p class='ocr_par' dir='ltr' id='par_1_80' title="bbox 2516 2513 3998 2587">
     <span class='ocr_line' id='line_1_80' title="bbox 2516 2513 3998 2587; baseline 0.001 -19"><span class='ocrx_word' id='word_1_552' title='bbox 2516 2513 2671 2568; x_wconf 86' lang='lat' dir='ltr'><strong>Alma</strong></span> <span class='ocrx_word' id='word_1_553' title='bbox 2704 2514 2926 2571; x_wconf 87' lang='lat' dir='ltr'><strong>lucerna</strong></span> <span class='ocrx_word' id='word_1_554' title='bbox 2953 2528 3140 2576; x_wconf 86' lang='lat' dir='ltr'><strong>micat,</strong></span> <span class='ocrx_word' id='word_1_555' title='bbox 3183 2516 3361 2571; x_wconf 90' lang='lat' dir='ltr'><strong>lumen</strong></span> <span class='ocrx_word' id='word_1_556' title='bbox 3389 2519 3688 2587; x_wconf 88' lang='lat' dir='ltr'><strong>populoque</strong></span> <span class='ocrx_word' id='word_1_557' title='bbox 3725 2518 3998 2571; x_wconf 87' lang='lat' dir='ltr'><strong>ministrat</strong></span> 
     </span>
    </p>
   </div>
   <div class='ocr_carea' id='block_1_81' title="bbox 2589 2606 3817 2670">
    <p class='ocr_par' dir='ltr' id='par_1_81' title="bbox 2589 2606 3817 2670">
     <span class='ocr_line' id='line_1_81' title="bbox 2589 2606 3817 2670; baseline 0.001 -10"><span class='ocrx_word' id='word_1_558' title='bbox 2589 2606 2792 2662; x_wconf 70' lang='lat' dir='ltr'><strong>Prtesul</strong></span> <span class='ocrx_word' id='word_1_559' title='bbox 2821 2609 3184 2670; x_wconf 70' lang='lat' dir='ltr'><strong>Adclvvoldtts,</strong></span> <span class='ocrx_word' id='word_1_560' title='bbox 3210 2611 3348 2664; x_wconf 81' lang='lat' dir='ltr'><strong>alma</strong></span> <span class='ocrx_word' id='word_1_561' title='bbox 3380 2610 3600 2664; x_wconf 87' lang='lat' dir='ltr'><strong>lucerna</strong></span> <span class='ocrx_word' id='word_1_562' title='bbox 3635 2611 3817 2664; x_wconf 83' lang='lat' dir='ltr'><strong>micat.</strong></span> 
     </span>
    </p>
   </div>
   <div class='ocr_carea' id='block_1_82' title="bbox 2514 2705 3713 2779">
    <p class='ocr_par' dir='ltr' id='par_1_82' title="bbox 2514 2705 3713 2779">
     <span class='ocr_line' id='line_1_82' title="bbox 2514 2705 3713 2779; baseline -0.003 -17"><span class='ocrx_word' id='word_1_563' title='bbox 2514 2705 2745 2779; x_wconf 84' lang='lat' dir='ltr'><strong>Belliger</strong></span> <span class='ocrx_word' id='word_1_564' title='bbox 2781 2708 2880 2762; x_wconf 88' lang='lat' dir='ltr'><strong>iste</strong></span> <span class='ocrx_word' id='word_1_565' title='bbox 2911 2707 3004 2762; x_wconf 88' lang='lat' dir='ltr'><strong>Dei</strong></span> <span class='ocrx_word' id='word_1_566' title='bbox 3040 2709 3282 2762; x_wconf 88' lang='lat' dir='ltr'><strong>victricia</strong></span> <span class='ocrx_word' id='word_1_567' title='bbox 3319 2708 3452 2761; x_wconf 89' lang='lat' dir='ltr'><strong>bella</strong></span> <span class='ocrx_word' id='word_1_568' title='bbox 3487 2708 3713 2777; x_wconf 83' lang='lat' dir='ltr'><strong>peregit,</strong></span> 
     </span>
    </p>
   </div>
   <div class='ocr_carea' id='block_1_83' title="bbox 2585 2799 3671 2866">
    <p class='ocr_par' dir='ltr' id='par_1_83' title="bbox 2585 2799 3671 2866">
     <span class='ocr_line' id='line_1_83' title="bbox 2585 2799 3671 2866; baseline -0.002 -12"><span class='ocrx_word' id='word_1_569' title='bbox 2585 2799 2729 2856; x_wconf 81' lang='lat' dir='ltr'><strong>Acer</strong></span> <span class='ocrx_word' id='word_1_570' title='bbox 2755 2799 2809 2854; x_wconf 90' lang='lat' dir='ltr'><strong>itt</strong></span> <span class='ocrx_word' id='word_1_571' title='bbox 2853 2816 3004 2854; x_wconf 90' lang='lat' dir='ltr'><strong>arma</strong></span> <span class='ocrx_word' id='word_1_572' title='bbox 3031 2801 3141 2854; x_wconf 91' lang='lat' dir='ltr'><strong>ruit</strong></span> <span class='ocrx_word' id='word_1_573' title='bbox 3169 2799 3390 2866; x_wconf 70' lang='lat' dir='ltr'><strong>belliger</strong></span> <span class='ocrx_word' id='word_1_574' title='bbox 3421 2802 3522 2854; x_wconf 89' lang='lat' dir='ltr'><strong>iste</strong></span> <span class='ocrx_word' id='word_1_575' title='bbox 3555 2800 3671 2854; x_wconf 82' lang='lat' dir='ltr'><strong>Dei.</strong></span> 
     </span>
    </p>
   </div>
   <div class='ocr_carea' id='block_1_84' title="bbox 2515 2891 3854 2965">
    <p class='ocr_par' dir='ltr' id='par_1_84' title="bbox 2515 2891 3854 2965">
     <span class='ocr_line' id='line_1_84' title="bbox 2515 2891 3854 2965; baseline 0.001 -17"><span class='ocrx_word' id='word_1_576' title='bbox 2515 2891 2684 2964; x_wconf 89' lang='lat' dir='ltr'><strong>Cujus</strong></span> <span class='ocrx_word' id='word_1_577' title='bbox 2709 2893 2779 2948; x_wconf 89' lang='lat' dir='ltr'><strong>ab</strong></span> <span class='ocrx_word' id='word_1_578' title='bbox 2814 2909 2910 2948; x_wconf 87' lang='lat' dir='ltr'><strong>ore</strong></span> <span class='ocrx_word' id='word_1_579' title='bbox 2941 2909 3100 2948; x_wconf 86' lang='lat' dir='ltr'><strong>sacro</strong></span> <span class='ocrx_word' id='word_1_580' title='bbox 3127 2894 3399 2950; x_wconf 81' lang='lat' dir='ltr'><strong>ﬂuxerunt</strong></span> <span class='ocrx_word' id='word_1_581' title='bbox 3435 2897 3686 2965; x_wconf 80' lang='lat' dir='ltr'><strong>dogmata</strong></span> <span class='ocrx_word' id='word_1_582' title='bbox 3710 2905 3854 2960; x_wconf 67' lang='lat' dir='ltr'><strong>vttte,</strong></span> 
     </span>
    </p>
   </div>
   <div class='ocr_carea' id='block_1_85' title="bbox 2590 2981 3922 3053">
    <p class='ocr_par' dir='ltr' id='par_1_85' title="bbox 2590 2981 3922 3053">
     <span class='ocr_line' id='line_1_85' title="bbox 2590 2981 3922 3053; baseline 0.007 -18"><span class='ocrx_word' id='word_1_583' title='bbox 2590 2981 2886 3038; x_wconf 85' lang='lat' dir='ltr'><strong>Ilausimus</strong></span> <span class='ocrx_word' id='word_1_584' title='bbox 2915 2999 3075 3038; x_wconf 91' lang='lat' dir='ltr'><strong>omne</strong></span> <span class='ocrx_word' id='word_1_585' title='bbox 3115 2986 3314 3041; x_wconf 91' lang='lat' dir='ltr'><strong>bonum</strong></span> <span class='ocrx_word' id='word_1_586' title='bbox 3340 2987 3494 3053; x_wconf 85' lang='lat' dir='ltr'><strong>cujus</strong></span> <span class='ocrx_word' id='word_1_587' title='bbox 3525 2986 3592 3039; x_wconf 88' lang='lat' dir='ltr'><strong>ab</strong></span> <span class='ocrx_word' id='word_1_588' title='bbox 3616 3001 3710 3040; x_wconf 88' lang='lat' dir='ltr'><strong>ore</strong></span> <span class='ocrx_word' id='word_1_589' title='bbox 3741 2997 3922 3044; x_wconf 81' lang='lat' dir='ltr'><strong>sacro.</strong></span> 
     </span>
    </p>
   </div>
   <div class='ocr_carea' id='block_1_86' title="bbox 2517 3075 3815 3149">
    <p class='ocr_par' dir='ltr' id='par_1_86' title="bbox 2517 3075 3815 3149">
     <span class='ocr_line' id='line_1_86' title="bbox 2517 3075 3815 3149; baseline 0 -17"><span class='ocrx_word' id='word_1_590' title='bbox 2517 3075 2706 3132; x_wconf 85' lang='lat' dir='ltr'><strong>Dulcia</strong></span> <span class='ocrx_word' id='word_1_591' title='bbox 2745 3079 2908 3133; x_wconf 86' lang='lat' dir='ltr'><strong>corde</strong></span> <span class='ocrx_word' id='word_1_592' title='bbox 2939 3080 3026 3149; x_wconf 91' lang='lat' dir='ltr'><strong>pio</strong></span> <span class='ocrx_word' id='word_1_593' title='bbox 3059 3094 3374 3134; x_wconf 83' lang='lat' dir='ltr'><strong>resonemus</strong></span> <span class='ocrx_word' id='word_1_594' title='bbox 3397 3092 3609 3134; x_wconf 89' lang='lat' dir='ltr'><strong>canttca</strong></span> <span class='ocrx_word' id='word_1_595' title='bbox 3647 3079 3815 3142; x_wconf 84' lang='lat' dir='ltr'><strong>Patri,</strong></span> 
     </span>
    </p>
   </div>
   <div class='ocr_carea' id='block_1_87' title="bbox 2591 3170 3704 3241">
    <p class='ocr_par' dir='ltr' id='par_1_87' title="bbox 2591 3170 3704 3241">
     <span class='ocr_line' id='line_1_87' title="bbox 2591 3170 3704 3241; baseline -0.002 -16"><span class='ocrx_word' id='word_1_596' title='bbox 2591 3170 2847 3225; x_wconf 82' lang='lat' dir='ltr'><strong>Carmina</strong></span> <span class='ocrx_word' id='word_1_597' title='bbox 2874 3180 3157 3225; x_wconf 88' lang='lat' dir='ltr'><strong>cantemus</strong></span> <span class='ocrx_word' id='word_1_598' title='bbox 3185 3172 3361 3225; x_wconf 82' lang='lat' dir='ltr'><strong>dulcia</strong></span> <span class='ocrx_word' id='word_1_599' title='bbox 3415 3172 3575 3225; x_wconf 88' lang='lat' dir='ltr'><strong>corde</strong></span> <span class='ocrx_word' id='word_1_600' title='bbox 3601 3174 3704 3241; x_wconf 67' lang='lat' dir='ltr'><strong>pie.</strong></span> 
     </span>
    </p>
   </div>
   <div class='ocr_carea' id='block_1_88' title="bbox 1247 3237 3844 3333">
    <p class='ocr_par' dir='ltr' id='par_1_88' title="bbox 1247 3237 3844 3333">
     <span class='ocr_line' id='line_1_88' title="bbox 1247 3237 3844 3333; baseline 0.001 -17"><span class='ocrx_word' id='word_1_601' title='bbox 1247 3263 1334 3316; x_wconf 84' lang='lat' dir='ltr'><strong>ubi</strong></span> <span class='ocrx_word' id='word_1_602' title='bbox 1389 3280 1437 3314; x_wconf 94' lang='lat' dir='ltr'>III</span> <span class='ocrx_word' id='word_1_603' title='bbox 1496 3279 1684 3333; x_wconf 82' lang='lat' dir='ltr'><strong>magna</strong></span> <span class='ocrx_word' id='word_1_604' title='bbox 1744 3263 2093 3318; x_wconf 88' lang='lat' dir='ltr'><strong>veneratione</strong></span> <span class='ocrx_word' id='word_1_605' title='bbox 2145 3262 2414 3318; x_wconf 89' lang='lat' dir='ltr'><strong>habentur</strong></span> <span class='ocrx_word' id='word_1_606' title='bbox 2442 3237 2486 3300; x_wconf 64' lang='grc' dir='ltr'>Ο</span> <span class='ocrx_word' id='word_1_607' title='bbox 2517 3262 2659 3318; x_wconf 88' lang='lat' dir='ltr'><strong>Ecce</strong></span> <span class='ocrx_word' id='word_1_608' title='bbox 2689 3273 2941 3319; x_wconf 89' lang='lat' dir='ltr'><strong>coruscat</strong></span> <span class='ocrx_word' id='word_1_609' title='bbox 2969 3279 3108 3332; x_wconf 88' lang='lat' dir='ltr'><strong>apex</strong></span> <span class='ocrx_word' id='word_1_610' title='bbox 3137 3265 3228 3316; x_wconf 83' lang='lat' dir='ltr'><strong>tibi</strong></span> <span class='ocrx_word' id='word_1_611' title='bbox 3264 3265 3588 3331; x_wconf 81' lang='lat' dir='ltr'><strong>pontitiealis</strong></span> <span class='ocrx_word' id='word_1_612' title='bbox 3627 3263 3844 3319; x_wconf 87' lang='lat' dir='ltr'><strong>abunde</strong></span> 
     </span>
    </p>
   </div>
   <div class='ocr_carea' id='block_1_89' title="bbox 2592 3353 3783 3424">
    <p class='ocr_par' dir='ltr' id='par_1_89' title="bbox 2592 3353 3783 3424">
     <span class='ocr_line' id='line_1_89' title="bbox 2592 3353 3783 3424; baseline -0.003 -16"><span class='ocrx_word' id='word_1_613' title='bbox 2592 3353 2730 3409; x_wconf 88' lang='lat' dir='ltr'><strong>llinc</strong></span> <span class='ocrx_word' id='word_1_614' title='bbox 2757 3355 3010 3424; x_wconf 88' lang='lat' dir='ltr'><strong>illincqne</strong></span> <span class='ocrx_word' id='word_1_615' title='bbox 3041 3363 3162 3407; x_wconf 90' lang='lat' dir='ltr'><strong>tuus</strong></span> <span class='ocrx_word' id='word_1_616' title='bbox 3199 3370 3326 3408; x_wconf 78' lang='lat' dir='ltr'><strong>ecce</strong></span> <span class='ocrx_word' id='word_1_617' title='bbox 3353 3366 3599 3408; x_wconf 74' lang='lat' dir='ltr'><strong>coruscat</strong></span> <span class='ocrx_word' id='word_1_618' title='bbox 3629 3369 3783 3423; x_wconf 85' lang='lat' dir='ltr'><strong>apex.</strong></span> 
     </span>
    </p>
   </div>
   <div class='ocr_carea' id='block_1_90' title="bbox 2515 3447 3894 3516">
    <p class='ocr_par' dir='ltr' id='par_1_90' title="bbox 2515 3447 3894 3516">
     <span class='ocr_line' id='line_1_90' title="bbox 2515 3447 3894 3516; baseline -0.001 -14"><span class='ocrx_word' id='word_1_619' title='bbox 2515 3447 2661 3503; x_wconf 87' lang='lat' dir='ltr'><strong>Fons</strong></span> <span class='ocrx_word' id='word_1_620' title='bbox 2687 3459 2738 3502; x_wconf 92' lang='lat' dir='ltr'><strong>et</strong></span> <span class='ocrx_word' id='word_1_621' title='bbox 2768 3447 2920 3516; x_wconf 74' lang='lat' dir='ltr'><strong>origo</strong></span> <span class='ocrx_word' id='word_1_622' title='bbox 2953 3448 3074 3500; x_wconf 81' lang='lat' dir='ltr'><strong>boni</strong></span> <span class='ocrx_word' id='word_1_623' title='bbox 3113 3457 3160 3499; x_wconf 89' lang='lat' dir='ltr'><strong>te</strong></span> <span class='ocrx_word' id='word_1_624' title='bbox 3191 3448 3350 3498; x_wconf 81' lang='lat' dir='ltr'><strong>verba</strong></span> <span class='ocrx_word' id='word_1_625' title='bbox 3394 3457 3606 3499; x_wconf 77' lang='lat' dir='ltr'><strong>serente</strong></span> <span class='ocrx_word' id='word_1_626' title='bbox 3634 3448 3894 3511; x_wconf 90' lang='lat' dir='ltr'><strong>cucurrit,</strong></span> 
     </span>
    </p>
   </div>
   <div class='ocr_carea' id='block_1_91' title="bbox 2587 3539 3588 3607">
    <p class='ocr_par' dir='ltr' id='par_1_91' title="bbox 2587 3539 3588 3607">
     <span class='ocr_line' id='line_1_91' title="bbox 2587 3539 3588 3607; baseline -0.008 -13"><span class='ocrx_word' id='word_1_627' title='bbox 2587 3541 2642 3595; x_wconf 84' lang='lat' dir='ltr'><strong>lu</strong></span> <span class='ocrx_word' id='word_1_628' title='bbox 2674 3550 2723 3594; x_wconf 90' lang='lat' dir='ltr'><strong>le</strong></span> <span class='ocrx_word' id='word_1_629' title='bbox 2763 3550 2998 3594; x_wconf 84' lang='lat' dir='ltr'><strong>manavit</strong></span> <span class='ocrx_word' id='word_1_630' title='bbox 3032 3539 3150 3591; x_wconf 86' lang='lat' dir='ltr'><strong>fons</strong></span> <span class='ocrx_word' id='word_1_631' title='bbox 3185 3550 3236 3590; x_wconf 90' lang='lat' dir='ltr'><strong>ct</strong></span> <span class='ocrx_word' id='word_1_632' title='bbox 3265 3539 3415 3607; x_wconf 65' lang='lat' dir='ltr'><strong>otigo</strong></span> <span class='ocrx_word' id='word_1_633' title='bbox 3448 3539 3588 3591; x_wconf 83' lang='lat' dir='ltr'><strong>boni</strong></span> 
     </span>
    </p>
   </div>
   <div class='ocr_carea' id='block_1_92' title="bbox 2515 3629 3930 3701">
    <p class='ocr_par' dir='ltr' id='par_1_92' title="bbox 2515 3629 3930 3701">
     <span class='ocr_line' id='line_1_92' title="bbox 2515 3629 3930 3701; baseline -0.005 -13"><span class='ocrx_word' id='word_1_634' title='bbox 2515 3634 2697 3689; x_wconf 81' lang='lat' dir='ltr'><strong>Gloria</strong></span> <span class='ocrx_word' id='word_1_635' title='bbox 2728 3647 2920 3701; x_wconf 82' lang='lat' dir='ltr'><strong>perpes</strong></span> <span class='ocrx_word' id='word_1_636' title='bbox 2951 3629 3053 3682; x_wconf 87' lang='lat' dir='ltr'><strong>crit</strong></span> <span class='ocrx_word' id='word_1_637' title='bbox 3085 3629 3175 3680; x_wconf 90' lang='lat' dir='ltr'><strong>tibi</strong></span> <span class='ocrx_word' id='word_1_638' title='bbox 3205 3645 3344 3681; x_wconf 82' lang='lat' dir='ltr'><strong>nunc</strong></span> <span class='ocrx_word' id='word_1_639' title='bbox 3373 3631 3599 3696; x_wconf 72' lang='lat' dir='ltr'><strong>incoque</strong></span> <span class='ocrx_word' id='word_1_640' title='bbox 3631 3644 3716 3697; x_wconf 80' lang='lat' dir='ltr'><strong>per</strong></span> <span class='ocrx_word' id='word_1_641' title='bbox 3757 3643 3930 3683; x_wconf 74' lang='lat' dir='ltr'><strong>a&#39;vum</strong></span> 
     </span>
    </p>
   </div>
   <div class='ocr_carea' id='block_1_93' title="bbox 2590 3721 3797 3791">
    <p class='ocr_par' dir='ltr' id='par_1_93' title="bbox 2590 3721 3797 3791">
     <span class='ocr_line' id='line_1_93' title="bbox 2590 3721 3797 3791; baseline -0.002 -16"><span class='ocrx_word' id='word_1_642' title='bbox 2590 3729 2760 3791; x_wconf 69' lang='lat' dir='ltr'><strong>Quam</strong></span> <span class='ocrx_word' id='word_1_643' title='bbox 2797 3724 2987 3777; x_wconf 88' lang='lat' dir='ltr'><strong>merito</strong></span> <span class='ocrx_word' id='word_1_644' title='bbox 3032 3721 3250 3786; x_wconf 76' lang='lat' dir='ltr'><strong>retines,</strong></span> <span class='ocrx_word' id='word_1_645' title='bbox 3285 3722 3451 3791; x_wconf 79' lang='lat' dir='ltr'><strong>gloria</strong></span> <span class='ocrx_word' id='word_1_646' title='bbox 3484 3724 3797 3790; x_wconf 85' lang='lat' dir='ltr'><strong>perpcserit.</strong></span> 
     </span>
    </p>
   </div>
   <div class='ocr_carea' id='block_1_94' title="bbox 2516 3815 3860 3885">
    <p class='ocr_par' dir='ltr' id='par_1_94' title="bbox 2516 3815 3860 3885">
     <span class='ocr_line' id='line_1_94' title="bbox 2516 3815 3860 3885; baseline 0.001 -15"><span class='ocrx_word' id='word_1_647' title='bbox 2516 3816 2684 3883; x_wconf 76' lang='lat' dir='ltr'><strong>llnjtts</strong></span> <span class='ocrx_word' id='word_1_648' title='bbox 2720 3831 2901 3868; x_wconf 69' lang='lat' dir='ltr'><strong>amore</strong></span> <span class='ocrx_word' id='word_1_649' title='bbox 2929 3816 3103 3885; x_wconf 53' lang='lat' dir='ltr'><strong>gregis</strong></span> <span class='ocrx_word' id='word_1_650' title='bbox 3132 3815 3383 3882; x_wconf 75' lang='lat' dir='ltr'><strong>Sprevisti</strong></span> <span class='ocrx_word' id='word_1_651' title='bbox 3413 3815 3615 3883; x_wconf 83' lang='lat' dir='ltr'><strong>Spicula</strong></span> <span class='ocrx_word' id='word_1_652' title='bbox 3645 3816 3860 3872; x_wconf 79' lang='lat' dir='ltr'><strong>mortis.</strong></span> 
     </span>
    </p>
   </div>
   <div class='ocr_carea' id='block_1_95' title="bbox 2589 3905 3756 3976">
    <p class='ocr_par' dir='ltr' id='par_1_95' title="bbox 2589 3905 3756 3976">
     <span class='ocr_line' id='line_1_95' title="bbox 2589 3905 3756 3976; baseline -0.001 -17"><span class='ocrx_word' id='word_1_653' title='bbox 2589 3907 2796 3960; x_wconf 74' lang='lat' dir='ltr'><strong>I‘elletts</strong></span> <span class='ocrx_word' id='word_1_654' title='bbox 2823 3907 2945 3959; x_wconf 82' lang='lat' dir='ltr'><strong>Itittc</strong></span> <span class='ocrx_word' id='word_1_655' title='bbox 2977 3907 3140 3958; x_wconf 67' lang='lat' dir='ltr'><strong>fortes</strong></span> <span class='ocrx_word' id='word_1_656' title='bbox 3168 3905 3322 3970; x_wconf 79' lang='lat' dir='ltr'><strong>hujus</strong></span> <span class='ocrx_word' id='word_1_657' title='bbox 3350 3922 3532 3958; x_wconf 85' lang='lat' dir='ltr'><strong>amore</strong></span> <span class='ocrx_word' id='word_1_658' title='bbox 3559 3909 3756 3976; x_wconf 71' lang='lat' dir='ltr'><strong>gregis.</strong></span> 
     </span>
    </p>
   </div>
   <div class='ocr_carea' id='block_1_96' title="bbox 2515 3999 3953 4069">
    <p class='ocr_par' dir='ltr' id='par_1_96' title="bbox 2515 3999 3953 4069">
     <span class='ocr_line' id='line_1_96' title="bbox 2515 3999 3953 4069; baseline 0.001 -16"><span class='ocrx_word' id='word_1_659' title='bbox 2515 4000 2750 4069; x_wconf 66' lang='lat' dir='ltr'><strong>litt-Iytus</strong></span> <span class='ocrx_word' id='word_1_660' title='bbox 2783 4009 2944 4066; x_wconf 89' lang='lat' dir='ltr'><strong>atque</strong></span> <span class='ocrx_word' id='word_1_661' title='bbox 2970 4009 3158 4065; x_wconf 86' lang='lat' dir='ltr'><strong>potetis</strong></span> <span class='ocrx_word' id='word_1_662' title='bbox 3192 4008 3241 4050; x_wconf 89' lang='lat' dir='ltr'><strong>te</strong></span> <span class='ocrx_word' id='word_1_663' title='bbox 3281 4015 3369 4050; x_wconf 89' lang='lat' dir='ltr'><strong>rex</strong></span> <span class='ocrx_word' id='word_1_664' title='bbox 3402 4000 3676 4052; x_wconf 70' lang='lat' dir='ltr'><strong>adamavit</strong></span> <span class='ocrx_word' id='word_1_665' title='bbox 3717 3999 3953 4068; x_wconf 77' lang='lat' dir='ltr'><strong>Eadgar,</strong></span> 
     </span>
    </p>
   </div>
   <div class='ocr_carea' id='block_1_97' title="bbox 2589 4089 3884 4160">
    <p class='ocr_par' dir='ltr' id='par_1_97' title="bbox 2589 4089 3884 4160">
     <span class='ocr_line' id='line_1_97' title="bbox 2589 4089 3884 4160; baseline 0.002 -17"><span class='ocrx_word' id='word_1_666' title='bbox 2589 4089 2663 4143; x_wconf 75' lang='lat' dir='ltr'><strong>&#39;l&#39;e</strong></span> <span class='ocrx_word' id='word_1_667' title='bbox 2691 4091 2955 4142; x_wconf 87' lang='lat' dir='ltr'><strong>monitore</strong></span> <span class='ocrx_word' id='word_1_668' title='bbox 2986 4092 3168 4155; x_wconf 71' lang='lat' dir='ltr'><strong>vigens</strong></span> <span class='ocrx_word' id='word_1_669' title='bbox 3200 4089 3430 4158; x_wconf 75' lang='lat' dir='ltr'><strong>inclytus</strong></span> <span class='ocrx_word' id='word_1_670' title='bbox 3469 4099 3630 4158; x_wconf 85' lang='lat' dir='ltr'><strong>atque</strong></span> <span class='ocrx_word' id='word_1_671' title='bbox 3673 4100 3884 4160; x_wconf 82' lang='lat' dir='ltr'><strong>potens.</strong></span> 
     </span>
    </p>
   </div>
   <div class='ocr_carea' id='block_1_98' title="bbox 2516 4167 3860 4241">
    <p class='ocr_par' dir='ltr' id='par_1_98' title="bbox 2516 4167 3860 4241">
     <span class='ocr_line' id='line_1_98' title="bbox 2516 4167 3860 4241; baseline -0.001 -5"><span class='ocrx_word' id='word_1_672' title='bbox 2516 4182 2710 4237; x_wconf 68' lang='lat' dir='ltr'><strong>liastra</strong></span> <span class='ocrx_word' id='word_1_673' title='bbox 2752 4183 2842 4238; x_wconf 88' lang='lat' dir='ltr'><strong>Dei</strong></span> <span class='ocrx_word' id='word_1_674' title='bbox 2877 4182 3101 4236; x_wconf 89' lang='lat' dir='ltr'><strong>reboant</strong></span> <span class='ocrx_word' id='word_1_675' title='bbox 3132 4192 3179 4234; x_wconf 90' lang='lat' dir='ltr'><strong>te</strong></span> <span class='ocrx_word' id='word_1_676' title='bbox 3207 4167 3567 4236; x_wconf 74' lang='lat' dir='ltr'><strong>constitucnte</strong></span> <span class='ocrx_word' id='word_1_677' title='bbox 3598 4183 3860 4241; x_wconf 86' lang='lat' dir='ltr'><strong>celeuma.</strong></span> 
     </span>
    </p>
   </div>
   <div class='ocr_carea' id='block_1_99' title="bbox 2588 4273 3818 4344">
    <p class='ocr_par' dir='ltr' id='par_1_99' title="bbox 2588 4273 3818 4344">
     <span class='ocr_line' id='line_1_99' title="bbox 2588 4273 3818 4344; baseline -0.003 -13"><span class='ocrx_word' id='word_1_678' title='bbox 2588 4277 3010 4344; x_wconf 87' lang='lat' dir='ltr'><strong>Davidicumque</strong></span> <span class='ocrx_word' id='word_1_679' title='bbox 3037 4284 3205 4330; x_wconf 86' lang='lat' dir='ltr'><strong>melos</strong></span> <span class='ocrx_word' id='word_1_680' title='bbox 3237 4287 3407 4328; x_wconf 84' lang='lat' dir='ltr'><strong>castra</strong></span> <span class='ocrx_word' id='word_1_681' title='bbox 3443 4273 3532 4328; x_wconf 89' lang='lat' dir='ltr'><strong>Dei</strong></span> <span class='ocrx_word' id='word_1_682' title='bbox 3574 4279 3818 4328; x_wconf 72' lang='lat' dir='ltr'><strong>reboant.</strong></span> 
     </span>
    </p>
   </div>
   <div class='ocr_carea' id='block_1_100' title="bbox 2519 4364 4040 4434">
    <p class='ocr_par' dir='ltr' id='par_1_100' title="bbox 2519 4364 4040 4434">
     <span class='ocr_line' id='line_1_100' title="bbox 2519 4364 4040 4434; baseline 0.001 -14"><span class='ocrx_word' id='word_1_683' title='bbox 2519 4368 3119 4422; x_wconf 85' lang='lat' dir='ltr'><strong>Laudibusinnumeris</strong></span> <span class='ocrx_word' id='word_1_684' title='bbox 3153 4366 3247 4419; x_wconf 88' lang='lat' dir='ltr'><strong>tibi</strong></span> <span class='ocrx_word' id='word_1_685' title='bbox 3287 4368 3443 4418; x_wconf 86' lang='lat' dir='ltr'><strong>turba</strong></span> <span class='ocrx_word' id='word_1_686' title='bbox 3479 4366 3774 4419; x_wconf 87' lang='lat' dir='ltr'><strong>monastica</strong></span> <span class='ocrx_word' id='word_1_687' title='bbox 3808 4364 4040 4434; x_wconf 71' lang='lat' dir='ltr'><strong>plaudit,</strong></span> 
     </span>
    </p>
   </div>
   <div class='ocr_carea' id='block_1_101' title="bbox 2590 4459 3750 4530">
    <p class='ocr_par' dir='ltr' id='par_1_101' title="bbox 2590 4459 3750 4530">
     <span class='ocr_line' id='line_1_101' title="bbox 2590 4459 3750 4530; baseline -0.003 -15"><span class='ocrx_word' id='word_1_688' title='bbox 2590 4459 3007 4530; x_wconf 79' lang='lat' dir='ltr'><strong>Coujubilatque</strong></span> <span class='ocrx_word' id='word_1_689' title='bbox 3039 4460 3132 4513; x_wconf 86' lang='lat' dir='ltr'><strong>tibi</strong></span> <span class='ocrx_word' id='word_1_690' title='bbox 3159 4459 3402 4513; x_wconf 86' lang='lat' dir='ltr'><strong>laudibus</strong></span> <span class='ocrx_word' id='word_1_691' title='bbox 3435 4460 3750 4514; x_wconf 87' lang='lat' dir='ltr'><strong>innumeris.</strong></span> 
     </span>
    </p>
   </div>
   <div class='ocr_carea' id='block_1_102' title="bbox 2521 4549 3907 4620">
    <p class='ocr_par' dir='ltr' id='par_1_102' title="bbox 2521 4549 3907 4620">
     <span class='ocr_line' id='line_1_102' title="bbox 2521 4549 3907 4620; baseline -0.001 -14"><span class='ocrx_word' id='word_1_692' title='bbox 2521 4552 2718 4609; x_wconf 69' lang='lat' dir='ltr'><strong>Maenia</strong></span> <span class='ocrx_word' id='word_1_693' title='bbox 2749 4551 2892 4607; x_wconf 84' lang='lat' dir='ltr'><strong>celsa</strong></span> <span class='ocrx_word' id='word_1_694' title='bbox 2918 4551 3109 4605; x_wconf 89' lang='lat' dir='ltr'><strong>domus</strong></span> <span class='ocrx_word' id='word_1_695' title='bbox 3147 4559 3234 4605; x_wconf 87' lang='lat' dir='ltr'><strong>tua</strong></span> <span class='ocrx_word' id='word_1_696' title='bbox 3270 4565 3398 4604; x_wconf 91' lang='lat' dir='ltr'><strong>cura</strong></span> <span class='ocrx_word' id='word_1_697' title='bbox 3429 4549 3703 4604; x_wconf 88' lang='lat' dir='ltr'><strong>Ievaverat</strong></span> <span class='ocrx_word' id='word_1_698' title='bbox 3728 4550 3907 4620; x_wconf 90' lang='lat' dir='ltr'><strong>hujus,</strong></span> 
     </span>
    </p>
   </div>
   <div class='ocr_carea' id='block_1_103' title="bbox 2595 4640 3902 4712">
    <p class='ocr_par' dir='ltr' id='par_1_103' title="bbox 2595 4640 3902 4712">
     <span class='ocr_line' id='line_1_103' title="bbox 2595 4640 3902 4712; baseline -0.001 -14"><span class='ocrx_word' id='word_1_699' title='bbox 2595 4643 2827 4712; x_wconf 76' lang='lat' dir='ltr'><strong>lla-eque</strong></span> <span class='ocrx_word' id='word_1_700' title='bbox 2851 4642 3051 4696; x_wconf 84' lang='lat' dir='ltr'><strong>dicavit</strong></span> <span class='ocrx_word' id='word_1_701' title='bbox 3081 4658 3250 4696; x_wconf 89' lang='lat' dir='ltr'><strong>ovans</strong></span> <span class='ocrx_word' id='word_1_702' title='bbox 3281 4642 3478 4697; x_wconf 71' lang='lat' dir='ltr'><strong>mmnia</strong></span> <span class='ocrx_word' id='word_1_703' title='bbox 3513 4640 3654 4696; x_wconf 87' lang='lat' dir='ltr'><strong>celsa</strong></span> <span class='ocrx_word' id='word_1_704' title='bbox 3688 4641 3902 4697; x_wconf 91' lang='lat' dir='ltr'><strong>domus.</strong></span> 
     </span>
    </p>
   </div>
   <div class='ocr_carea' id='block_1_104' title="bbox 2527 4733 4060 4805">
    <p class='ocr_par' dir='ltr' id='par_1_104' title="bbox 2527 4733 4060 4805">
     <span class='ocr_line' id='line_1_104' title="bbox 2527 4733 4060 4805; baseline 0.001 -14"><span class='ocrx_word' id='word_1_705' title='bbox 2527 4737 2693 4791; x_wconf 57' lang='lat' dir='ltr'><strong>Nocte</strong></span> <span class='ocrx_word' id='word_1_706' title='bbox 2722 4735 2915 4805; x_wconf 89' lang='lat' dir='ltr'><strong>dieque</strong></span> <span class='ocrx_word' id='word_1_707' title='bbox 2943 4749 3158 4788; x_wconf 89' lang='lat' dir='ltr'><strong>sacrum</strong></span> <span class='ocrx_word' id='word_1_708' title='bbox 3191 4733 3474 4788; x_wconf 83' lang='lat' dir='ltr'><strong>celebrasti</strong></span> <span class='ocrx_word' id='word_1_709' title='bbox 3509 4734 3744 4804; x_wconf 83' lang='lat' dir='ltr'><strong>pectoris</strong></span> <span class='ocrx_word' id='word_1_710' title='bbox 3776 4735 4060 4805; x_wconf 80' lang='lat' dir='ltr'><strong>hymnum,</strong></span> 
     </span>
    </p>
   </div>
   <div class='ocr_carea' id='block_1_105' title="bbox 2602 4823 3768 4893">
    <p class='ocr_par' dir='ltr' id='par_1_105' title="bbox 2602 4823 3768 4893">
     <span class='ocr_line' id='line_1_105' title="bbox 2602 4823 3768 4893; baseline -0.003 -13"><span class='ocrx_word' id='word_1_711' title='bbox 2602 4826 2827 4881; x_wconf 80' lang='lat' dir='ltr'><strong>Solvens</strong></span> <span class='ocrx_word' id='word_1_712' title='bbox 2857 4823 3091 4878; x_wconf 77' lang='lat' dir='ltr'><strong>ofﬁciunt</strong></span> <span class='ocrx_word' id='word_1_713' title='bbox 3119 4832 3278 4878; x_wconf 87' lang='lat' dir='ltr'><strong>nocte</strong></span> <span class='ocrx_word' id='word_1_714' title='bbox 3309 4823 3501 4893; x_wconf 91' lang='lat' dir='ltr'><strong>dieque</strong></span> <span class='ocrx_word' id='word_1_715' title='bbox 3532 4838 3768 4878; x_wconf 69' lang='lat' dir='ltr'><strong>satrum.</strong></span> 
     </span>
    </p>
   </div>
   <div class='ocr_carea' id='block_1_106' title="bbox 2530 4916 3836 4988">
    <p class='ocr_par' dir='ltr' id='par_1_106' title="bbox 2530 4916 3836 4988">
     <span class='ocr_line' id='line_1_106' title="bbox 2530 4916 3836 4988; baseline -0.002 -13"><span class='ocrx_word' id='word_1_716' title='bbox 2530 4920 2790 4977; x_wconf 85' lang='lat' dir='ltr'><strong>Omnibus</strong></span> <span class='ocrx_word' id='word_1_717' title='bbox 2813 4918 2972 4986; x_wconf 83' lang='lat' dir='ltr'><strong>inque</strong></span> <span class='ocrx_word' id='word_1_718' title='bbox 3001 4917 3133 4972; x_wconf 90' lang='lat' dir='ltr'><strong>locis</strong></span> <span class='ocrx_word' id='word_1_719' title='bbox 3162 4916 3406 4988; x_wconf 83' lang='lat' dir='ltr'><strong>sparsisti</strong></span> <span class='ocrx_word' id='word_1_720' title='bbox 3436 4916 3644 4970; x_wconf 89' lang='lat' dir='ltr'><strong>semina</strong></span> <span class='ocrx_word' id='word_1_721' title='bbox 3677 4917 3836 4984; x_wconf 75' lang='lat' dir='ltr'><strong>lucis,</strong></span> 
     </span>
    </p>
   </div>
   <div class='ocr_carea' id='block_1_107' title="bbox 2601 5006 3826 5081">
    <p class='ocr_par' dir='ltr' id='par_1_107' title="bbox 2601 5006 3826 5081">
     <span class='ocr_line' id='line_1_107' title="bbox 2601 5006 3826 5081; baseline -0.002 -17"><span class='ocrx_word' id='word_1_722' title='bbox 2601 5008 2898 5081; x_wconf 79' lang='lat' dir='ltr'><strong>Expuleras</strong></span> <span class='ocrx_word' id='word_1_723' title='bbox 2930 5007 3177 5062; x_wconf 90' lang='lat' dir='ltr'><strong>tenebras</strong></span> <span class='ocrx_word' id='word_1_724' title='bbox 3203 5007 3455 5062; x_wconf 81' lang='lat' dir='ltr'><strong>erunibus</strong></span> <span class='ocrx_word' id='word_1_725' title='bbox 3487 5007 3648 5077; x_wconf 90' lang='lat' dir='ltr'><strong>inque</strong></span> <span class='ocrx_word' id='word_1_726' title='bbox 3671 5006 3826 5064; x_wconf 91' lang='lat' dir='ltr'><strong>locis.</strong></span> 
     </span>
    </p>
   </div>
   <div class='ocr_carea' id='block_1_108' title="bbox 2523 5100 3939 5174">
    <p class='ocr_par' dir='ltr' id='par_1_108' title="bbox 2523 5100 3939 5174">
     <span class='ocr_line' id='line_1_108' title="bbox 2523 5100 3939 5174; baseline -0.004 -10"><span class='ocrx_word' id='word_1_727' title='bbox 2523 5102 2758 5174; x_wconf 82' lang='lat' dir='ltr'><strong>Pervigil</strong></span> <span class='ocrx_word' id='word_1_728' title='bbox 2787 5111 2902 5158; x_wconf 89' lang='lat' dir='ltr'><strong>esto</strong></span> <span class='ocrx_word' id='word_1_729' title='bbox 2941 5102 3068 5165; x_wconf 90' lang='lat' dir='ltr'><strong>tuis,</strong></span> <span class='ocrx_word' id='word_1_730' title='bbox 3103 5101 3360 5172; x_wconf 89' lang='lat' dir='ltr'><strong>petimus,</strong></span> <span class='ocrx_word' id='word_1_731' title='bbox 3403 5100 3656 5156; x_wconf 89' lang='lat' dir='ltr'><strong>defensor</strong></span> <span class='ocrx_word' id='word_1_732' title='bbox 3681 5100 3939 5158; x_wconf 82' lang='lat' dir='ltr'><strong>alumnis.</strong></span> 
     </span>
    </p>
   </div>
   <div class='ocr_carea' id='block_1_109' title="bbox 2596 5191 3694 5262">
    <p class='ocr_par' dir='ltr' id='par_1_109' title="bbox 2596 5191 3694 5262">
     <span class='ocr_line' id='line_1_109' title="bbox 2596 5191 3694 5262; baseline -0.005 -11"><span class='ocrx_word' id='word_1_733' title='bbox 2596 5197 2876 5251; x_wconf 87' lang='lat' dir='ltr'><strong>Protector</strong></span> <span class='ocrx_word' id='word_1_734' title='bbox 2903 5191 3120 5248; x_wconf 89' lang='lat' dir='ltr'><strong>famulis</strong></span> <span class='ocrx_word' id='word_1_735' title='bbox 3156 5191 3382 5262; x_wconf 82' lang='lat' dir='ltr'><strong>pervigil</strong></span> <span class='ocrx_word' id='word_1_736' title='bbox 3425 5199 3543 5248; x_wconf 90' lang='lat' dir='ltr'><strong>esto</strong></span> <span class='ocrx_word' id='word_1_737' title='bbox 3569 5192 3694 5246; x_wconf 89' lang='lat' dir='ltr'><strong>tuis.</strong></span> 
     </span>
    </p>
   </div>
   <div class='ocr_carea' id='block_1_110' title="bbox 2527 5282 4120 5360">
    <p class='ocr_par' dir='ltr' id='par_1_110' title="bbox 2527 5282 4120 5360">
     <span class='ocr_line' id='line_1_110' title="bbox 2527 5282 4120 5360; baseline 0.001 -17"><span class='ocrx_word' id='word_1_738' title='bbox 2527 5290 2762 5360; x_wconf 64' lang='lat' dir='ltr'><strong>Qumque</strong></span> <span class='ocrx_word' id='word_1_739' title='bbox 2811 5293 3027 5352; x_wconf 90' lang='lat' dir='ltr'><strong>nocent,</strong></span> <span class='ocrx_word' id='word_1_740' title='bbox 3076 5299 3284 5352; x_wconf 89' lang='lat' dir='ltr'><strong>reseca,</strong></span> <span class='ocrx_word' id='word_1_741' title='bbox 3338 5299 3459 5354; x_wconf 82' lang='lat' dir='ltr'><strong>quae</strong></span> <span class='ocrx_word' id='word_1_742' title='bbox 3518 5293 3650 5340; x_wconf 86' lang='lat' dir='ltr'><strong>sunt</strong></span> <span class='ocrx_word' id='word_1_743' title='bbox 3701 5295 3757 5338; x_wconf 88' lang='lat' dir='ltr'><strong>et</strong></span> <span class='ocrx_word' id='word_1_744' title='bbox 3807 5282 4120 5356; x_wconf 65' lang='lat' dir='ltr'><strong>commoda.</strong></span> 
     </span>
    </p>
   </div>
   <div class='ocr_carea' id='block_1_111' title="bbox 3755 5376 4010 5451">
    <p class='ocr_par' dir='ltr' id='par_1_111' title="bbox 3755 5376 4010 5451">
     <span class='ocr_line' id='line_1_111' title="bbox 3755 5376 4010 5451; baseline 0.008 -17"><span class='ocrx_word' id='word_1_745' title='bbox 3755 5376 4010 5451; x_wconf 59' lang='lat' dir='ltr'><strong>[precatu</strong></span> 
     </span>
    </p>
   </div>
   <div class='ocr_carea' id='block_1_112' title="bbox 2605 5470 4112 5544">
    <p class='ocr_par' dir='ltr' id='par_1_112' title="bbox 2605 5470 4112 5544">
     <span class='ocr_line' id='line_1_112' title="bbox 2605 5470 4112 5544; baseline 0.001 -23"><span class='ocrx_word' id='word_1_746' title='bbox 2605 5470 2734 5538; x_wconf 69' lang='lat' dir='ltr'><strong>Quae</strong></span> <span class='ocrx_word' id='word_1_747' title='bbox 2767 5470 2903 5525; x_wconf 90' lang='lat' dir='ltr'><strong>bona</strong></span> <span class='ocrx_word' id='word_1_748' title='bbox 2936 5478 3079 5530; x_wconf 89' lang='lat' dir='ltr'><strong>sunt,</strong></span> <span class='ocrx_word' id='word_1_749' title='bbox 3129 5483 3341 5535; x_wconf 88' lang='lat' dir='ltr'><strong>revoca,</strong></span> <span class='ocrx_word' id='word_1_750' title='bbox 3389 5482 3616 5544; x_wconf 68' lang='lat' dir='ltr'><strong>quaeque</strong></span> <span class='ocrx_word' id='word_1_751' title='bbox 3658 5479 3877 5536; x_wconf 84' lang='lat' dir='ltr'><strong>nocent,</strong></span> <span class='ocrx_word' id='word_1_752' title='bbox 3909 5482 4112 5529; x_wconf 70' lang='lat' dir='ltr'><strong>reseca.</strong></span> 
     </span>
    </p>
   </div>
  </div>
