4466 5578
866 437 967 493 107

1440 555 1884 612 Postcommunio.

938 663 1007 720 lit
1044 664 1158 720 hac
1183 668 1493 723 communio
1522 682 1653 735 nos,
1695 669 1953 735 Domine,
1986 671 2080 727 tibi
2106 671 2297 741 dignos
2336 673 2451 727 eiii-

861 758 990 820 clat,
1022 757 1213 813 beatus
1240 757 1403 814 Pater
1433 769 1619 815 noster
1637 760 1982 816 Adelwoidus
2008 761 2283 834 suifragio,
2308 780 2449 834 qua:-

860 861 1070 914 sumus,
1101 848 1202 919 pia:
1233 849 1637 905 intercessionis
1661 850 1924 906 obtineat.
1957 849 2079 907 Per.

1342 981 1418 1038 De
1448 984 1591 1039 horis
1614 985 1989 1056 peculiaribus.

929 1081 1200 1150 iraaterea
1225 1094 1417 1152 beatus
1438 1095 1597 1153 Pater
1616 1097 1959 1155 Adeiwoldus
1980 1099 2143 1156 horas
2169 1098 2448 1171 regulares

853 1196 908 1239 et
937 1184 1242 1255 peculiares
1288 1184 1389 1240 sibi
1417 1188 1484 1241 ad
1528 1188 1805 1259 singulare
1854 1189 2133 1244 servitium
2176 1189 2446 1255 instituit,

853 1292 991 1347 quas
1033 1276 1086 1331 in
1125 1278 1298 1333 tribus
1343 1279 1594 1334 cursibus
1630 1280 1945 1337 ordinavit:
1978 1281 2281 1338 humillima
2326 1282 2445 1337 dili-

853 1369 1037 1440 gentia
1069 1384 1316 1442 quosque
1350 1370 1621 1440 subjectos
1648 1373 1974 1439 admonens,
2005 1382 2065 1428 ut
2101 1374 2206 1429 hoc
2235 1383 2448 1430 secreto

854 1460 1118 1516 famulatu
1148 1463 1332 1533 ignitis
1366 1463 1585 1520 Satana:
1617 1466 1968 1521 tentamentis
1998 1467 2287 1538 vigilanter
2312 1468 2447 1524 resi-

852 1562 1080 1617 sterent,
1104 1564 1158 1609 et
1184 1571 1246 1610 ea
1275 1571 1373 1626 per
1399 1558 1492 1613 Dei
1515 1559 1746 1629 gratiam
1774 1558 2079 1614 resistendo
2103 1572 2443 1631 superarent,

836 1646 907 1702 ἰτι
935 1653 993 1699 ut
1024 1645 1156 1701 fides
1205 1662 1325 1717 quae
1356 1662 1453 1718 per
1492 1650 1662 1705 nostri
1694 1649 1970 1705 Creatoris
2007 1663 2061 1706 et
2083 1652 2312 1720 piissimi
2341 1653 2448 1709 Re-

857 1735 1153 1805 demptoris
1185 1736 1617 1794 incarnationem
1669 1738 1787 1795 luce
1832 1740 2032 1796 clarius
2084 1740 2308 1807 etiituit,
2363 1742 2443 1799 in-

854 1833 1031 1882 stante
1060 1827 1254 1883 futurre
1276 1830 1670 1900 persecutionis
1695 1839 1954 1903 tempore.
1978 1832 2229 1904 qurejam
2252 1834 2444 1891 vicinis

1930 442 1987 496 8.
2030 440 2489 499 ETHELWOLDI
2520 442 2818 503 WINTON.
2862 446 3073 504 EPISC.

2477 565 2524 623 Λ
2554 561 2870 619 Antichristi
2919 565 3248 636 temporibus
3293 566 3524 639 ingruit.
3572 566 3720 624 nullo
3755 565 3917 624 modo
3940 608 3955 635 ,
3988 569 4133 637 quod

4028 446 4131 503 £08

2554 654 2716 719 absit,
2753 655 3034 710 titubando
3075 657 3323 722 vacillet,
3370 659 3463 713 sed
3498 659 3584 713 his
3628 658 3827 714 divinis
3874 657 4134 713 roborata

2552 745 2839 814 pratconiis
2864 744 3071 817 integra
3089 745 3292 817 iugiter
3316 758 3371 804 et
3391 749 3646 804 inviolata
3671 757 4005 819 permaneat.
4040 748 4137 803 Est

2549 832 2692 886 enim
2723 834 2910 903 prima:
2938 834 3251 904 psalmodiae
3294 839 3559 894 cantilena
3605 840 3672 893 ad
3718 838 3933 894 laudem
3961 844 4141 894 beatae

2551 922 2646 978 Dei
2671 924 2951 995 genitricis
2980 942 3299 999 semperque
3342 931 3565 1002 virginis
3594 930 3775 985 Maria:
3812 942 4135 1002 procurata;

2549 1018 2785 1071 secunda
2832 1027 3014 1073 autem
3045 1020 3110 1074 ad
3142 1021 3401 1076 honorem
3430 1023 3711 1078 beatorum
3760 1023 4132 1092 apostolorum

2552 1107 2695 1162 Petri
2727 1117 2783 1163 et
2807 1107 2956 1163 Pauli
2986 1111 3335 1180 omniumque
3360 1112 3528 1167 nostri
3554 1110 3853 1166 Saivatoris
3881 1112 4135 1167 Immani-

2549 1200 2644 1275 tati
2674 1201 3088 1271 praesentialiter
3117 1202 3528 1269 famulantium;
3562 1206 3723 1259 tertia
3751 1219 3884 1259 vero
3922 1203 3987 1258 ad
4015 1210 4132 1259 sut-

2550 1288 2719 1359 fragia
2749 1291 2991 1345 omnium
3018 1300 3330 1348 sanctorum
3360 1293 3675 1363 postulanda
3695 1335 3710 1360 ,
3742 1306 3802 1349 ut
3828 1309 4016 1349 eorum
4043 1295 4133 1363 pia

2550 1382 2938 1438 intercessione
2960 1385 3215 1452 protecti,
3242 1384 3620 1441 multiformem
3642 1385 3945 1456 versipellis
3974 1384 4133 1439 Anti-

2549 1472 2744 1527 christi
2772 1482 2827 1527 et
2854 1474 3220 1529 membrorum
3265 1474 3381 1543 ejus
3411 1475 3678 1530 fallaciam
3709 1489 4049 1545 expugnare,
4076 1484 4135 1528 et

2547 1562 2766 1619 Christo
2793 1572 3177 1619 remunerante
3206 1564 3508 1620 caalestium
3530 1563 3873 1634 prmmiorum
3898 1563 4131 1633 palmam

2547 1669 2853 1711 mereamur
2875 1656 3141 1726 accipere.
3173 1657 3303 1724 Quae
3330 1658 3577 1713 videlicet
3598 1656 3744 1711 horae
3774 1655 4047 1725 plerisque
4077 1654 4131 1708 in

2546 1743 2681 1799 locis
2704 1744 2973 1801 habentur
2999 1747 3272 1819 ascriptae,
3300 1755 3355 1803 et
3383 1747 3501 1803 ideo
3522 1746 3573 1801 in
3600 1745 3701 1800 hoc
3722 1744 3984 1801 codicello
4006 1751 4133 1800 sunt

2544 1835 2940 1906 praetermissa).

2397 1948 2577 2019 Tropi.

1140 2054 1317 2111 Patris
1356 2056 1508 2111 adest
1540 2058 1716 2111 votiva
1753 2058 1897 2124 dies,
1939 2065 2221 2115 cantemus
2257 2067 2500 2115 ovantes.
2538 2060 2736 2115 Statuit
2769 2063 2836 2115 ei.

1137 2146 1456 2203 Pontificem
1497 2148 1698 2219 templo
1736 2149 1837 2203 sibi
1875 2164 2035 2219 quem
2075 2151 2313 2206 sacravit
2352 2151 2405 2205 in
2447 2150 2573 2206 isto.
2613 2151 2681 2205 Et
2715 2152 3022 2222 principem.

1138 2237 1285 2293 inter
1321 2239 1644 2308 apostolicos
1683 2239 1819 2295 stola
1855 2241 2170 2310 splendente
2205 2240 2541 2298 hierarchos.
2581 2241 2651 2296 Ut
2686 2243 2752 2297 sit
2792 2243 2892 2298 illi.

1134 2333 1462 2397 Adelwolde,
1488 2334 1575 2403 pia
1610 2348 1771 2405 prece
1808 2350 1907 2390 nos
1942 2334 2168 2392 defende
2205 2334 2462 2391 misellos.
2501 2334 2567 2389 In
2606 2345 2878 2390 internum.

1138 2424 1341 2481 Praesui
1377 2424 1721 2480 Adeiwoldns
1758 2424 1883 2494 quia
1925 2424 2075 2479 fulsit
2113 2425 2168 2478 in
2205 2424 2396 2480 ordine
2440 2439 2683 2495 magnus.
2722 2423 2921 2479 Statuit
2959 2426 3027 2480 ei.

1138 2516 1486 2580 Constituens
1520 2515 1669 2570 illum
1706 2515 1867 2570 hodie
1900 2530 2063 2585 super
2100 2515 2274 2569 tethra
2308 2513 2576 2585 polorum.
2616 2513 2683 2568 Et
2721 2516 3031 2584 principem.

1141 2608 1357 2674 Gloria,
1398 2607 1680 2677 splendor,
1720 2608 1923 2673 honor,
1962 2607 2125 2661 decus
2159 2614 2214 2661 et
2251 2606 2529 2661 veneratio
2564 2619 2779 2675 perpes.
2818 2604 2886 2658 In
2925 2615 3200 2660 wternum.

850 2774 2560 2800 δυ’-*Μ*

2562 2773 4115 2800 Ἥ

1198 2916 1782 3013 EPISTULA
1850 2915 2485 3036 WOLSTANI
2563 2914 3108 3009 MONACHI
3182 2914 3756 3009 WENTANI

1800 3111 1892 3167 AD
1934 3108 2261 3167 ELFEGUM
2303 3106 2711 3165 WENTANUM
2745 3102 3137 3162 EPISCOPUM

1190 3264 1384 3329 Libro
1427 3264 1500 3330 de
1528 3266 1669 3329 Vita
1703 3267 1770 3329 S.
1802 3260 2114 3329 Swithuni
2144 3261 2435 3340 prwﬁxa,
2469 3260 2535 3319 in
2570 3277 2692 3339 qua
2719 3258 2917 3319 multa
2944 3257 3017 3321 de
3050 3265 3263 3323 sancto
3308 3261 3777 3328 ETHELWOLDO.

2268 3416 2680 3439 ﬂ

1235 3546 1468 3627 Incipit
1509 3545 1586 3607 ad
1630 3546 1965 3609 dominum
2015 3541 2313 3624 specialis
2361 3542 2631 3623 epistola
2675 3543 2952 3615 Patrem,

1238 3649 1556 3727 Elfegum,
1601 3650 1838 3710 Wen‘ia
1879 3646 2117 3709 residet
2160 3645 2273 3725 qui
2318 3644 2548 3723 praisul
2593 3642 2659 3704 in
2707 3642 2893 3716 urbe,

1240 3754 1333 3813 De
1369 3750 1569 3813 sancti
1614 3747 1816 3810 Patris
1863 3744 2184 3807 Swithuni
2228 3743 2618 3823 insignibus,
2662 3748 2729 3805 et
2768 3740 2849 3805 de

1247 3852 1518 3915 Basilica
1561 3848 1757 3923 Petri,
1803 3853 2045 3911 reserat
2088 3843 2202 3925 qui
2249 3843 2446 3906 limen
2490 3840 2773 3921 Olympi.

844 4003 1072 4061 Domino
1092 3997 1359 4070 pontiﬁci,
1392 3993 1717 4049 Wentanam
1747 3991 1991 4062 principe
2019 3988 2237 4045 Christo

913 4098 1014 4167 Qui
1045 4095 1186 4166 regit
1210 4090 1510 4146 Eeciesiam
1532 4129 1547 4154 ,
1579 4100 1839 4158 prospera
1863 4093 2063 4141 cuncta
2091 4096 2284 4137 canam
2318 4098 2330 4110 ·

840 4189 1098 4247 Confe‘rat
1126 4183 1385 4253 jElfhego
1407 4180 1560 4251 regni
1588 4178 1827 4233 caelestis
1850 4177 2113 4232 honorem
2133 4214 2149 4239 ,

912 4278 1015 4346 Qui
1044 4276 1192 4332 dedit
1217 4275 1363 4328 hunc
1384 4270 1533 4327 omni
1561 4267 1880 4324 Pontificem
1908 4264 2125 4336 populo.

840 4371 958 4441 ipse
986 4369 1078 4423 tibi
1108 4382 1295 4438 pacem
1322 4363 1528 4419 tribuat
1559 4362 1677 4417 sine
1705 4360 1813 4415 fine
1837 4371 2131 4429 perennem
2150 4395 2165 4423 ,

915 4462 1009 4517 Est
1031 4460 1123 4532 qui
1153 4466 1466 4514 sanctorum
1498 4451 1671 4523 gloria
1704 4465 1809 4521 pax
1836 4457 1891 4505 et
1913 4448 2110 4503 honor.

839 4552 954 4607 Hoc
978 4550 1124 4622 cupit
1144 4564 1238 4605 ore
1266 4548 1376 4619 pio,
1407 4544 1557 4615 cupit
1588 4545 1690 4599 hoc
1716 4542 2007 4610 animoque
2031 4536 2286 4608 benigno.

912 4642 1141 4699 Ultimus
1162 4638 1457 4709 Anglorum
1479 4632 1729 4691 servulus
1740 4630 2115 4703 hymnicinum
2145 4629 2209 4699 (ἱ.
2232 4643 2280 4683 e.
2296 4641 2428 4682 can-

2183 4718 2407 4793 [torum)

840 4825 923 4883 Sit
951 4824 1079 4882 licet
1103 4838 1245 4898 aegra
1269 4823 1402 4878 mihi
1424 4822 1546 4879 sine
1572 4817 1844 4893 dogmatis
1869 4816 1990 4889 igne
2006 4814 2214 4885 loquela
2231 4855 2246 4881 ,

911 4914 1021 4969 Nec
1046 4915 1255 4970 valeam
1287 4920 1441 4968 tanto
1465 4911 1707 4967 scribere
1732 4909 1896 4979 digna
1918 4906 2035 4960 viro
2068 4921 2082 4958 :

839 5007 953 5063 iloc
986 5014 1164 5061 tamen
1194 5005 1446 5075 exiguum
1478 5001 1624 5073 quod
1657 4998 1843 5055 defero
1873 5010 2069 5051 munus
2103 4992 2329 5060 amoris,

907 5098 1301 5155 Commendare
1329 5096 1448 5163 tibi,
1483 5108 1681 5167 magne
1713 5092 1901 5155 Pater,
1928 5088 2143 5145 studui:

832 5191 891 5247 in
919 5205 1024 5260 quo
1052 5188 1344 5262 perstrinxi
1368 5204 1489 5259 quae
1514 5185 1646 5242 fecit
1676 5184 1885 5239 Rector
1908 5180 2121 5250 Olympi

906 5280 1172 5337 Swithuni
1202 5280 1412 5335 meritis
1435 5276 1624 5335 etelica
1662 5273 1817 5346 signa
1848 5270 2067 5326 Patris:

836 5374 939 5429 l'er
962 5387 1123 5444 quem
1151 5387 1344 5445 magna
1375 5371 1488 5428 suis
1516 5366 1779 5425 miracula
1812 5359 2245 5435 praebuitAnglis
2264 5398 2281 5427 ,

911 5466 1037 5478 IIIII.
1099 5465 1112 5478 1
1342 5474 1349 5477 4
1624 5476 1633 5477 κ
1666 5474 1699 5477 Α-
1738 5455 2049 5478 --ο-..ξΩΑΑσιΑ

2460 4002 2509 4064 Β
2537 3985 2650 4052 Qua
2681 3998 2786 4040 non
2814 3993 3125 4055 paupertas,
3150 3989 3246 4043 sed
3272 3996 3389 4042 erat
3413 3998 3637 4057 pensata
3665 3989 3935 4059 voluntas,
4034 3971 4037 3975 ⁴

2606 4075 2736 4141 Quae
2766 4076 2965 4130 victum
2995 4076 3199 4146 sprevit
3223 4084 3279 4132 et
3307 4092 3404 4132 sua
3431 4088 3628 4134 cuncta
3662 4081 3827 4136 dedit.

2536 4163 2664 4218 llaec
2705 4164 2868 4231 igitur
2894 4164 3215 4221 commendo
3238 4167 3332 4222 tibi
3362 4169 3679 4224 munuscula
3702 4169 3875 4237 Patri,

2604 4254 2735 4320 Quae
2764 4254 2885 4309 vovi
2914 4255 3141 4310 Domino
3166 4256 3389 4311 reddere
3413 4259 3576 4313 corde
3603 4259 3692 4329 pio
3724 4277 3738 4312 :

2536 4344 2606 4400 Ut
2638 4356 2727 4399 tua
2756 4345 3007 4414 dignetur
3030 4346 3145 4401 inec
3171 4347 3528 4402 corroborare
3558 4359 3829 4418 potestas,

2604 4435 2729 4491 Haec
2756 4444 2812 4491 et
2842 4436 2909 4491 ab
2937 4436 3148 4492 infestis
3176 4447 3459 4509 protegere
3480 4440 3691 4495 insidiis
3721 4458 3735 4496 :

2534 4528 2734 4599 Dignus
2759 4529 3053 4599 apostolica
3080 4530 3285 4585 resides
3305 4531 3395 4599 qui
3426 4531 3620 4602 praesul
3648 4533 3701 4587 in
3729 4534 3870 4601 aula,

2599 4621 2830 4675 instruis
2853 4630 2909 4676 et
2937 4622 3189 4692 populum
3224 4622 3474 4694 dogmate
3500 4624 3848 4681 catholicum.

2535 4713 2754 4782 ilocque
2782 4715 3172 4770 monasterium
3196 4716 3362 4770 variis
3392 4717 3676 4773 ornatibus
3703 4733 3888 4787 ornas,

2528 4858 2530 4861 ,
2600 4807 2750 4863 intus
2778 4815 2833 4862 et
2857 4808 3102 4863 exterius
3133 4808 3261 4864 illud
3288 4809 3488 4879 ubique
3516 4809 3720 4866 levans.

2527 4898 2683 4966 Quod
2712 4900 2983 4969 quondam
3009 4898 3288 4953 renovavit
3316 4913 3487 4954 ovans
3507 4900 3734 4957 antistes
3758 4901 4060 4974 Adelwold,

2603 4988 2920 5045 Sollicitudo
2942 4990 3028 5044 cui
3058 4999 3215 5045 nocte
3243 4990 3438 5060 dieque
3466 4990 3569 5045 fuit

2530 5091 2888 5148 Christicolas
2920 5107 3120 5163 augere
3150 5108 3362 5164 greges,
3391 5102 3554 5165 atque
3577 5112 3670 5153 ore
3690 5108 3917 5169 paterno

2602 5196 2711 5251 Hos
2738 5210 2859 5250 cum
2888 5195 3028 5251 lacte
3055 5196 3150 5251 soli
3182 5197 3321 5254 laete
3345 5199 3551 5255 nutrire
3581 5202 3711 5271 poli.

2531 5298 2633 5368 Qui
2660 5298 2861 5355 struxit
2892 5297 3063 5354 firmis
3089 5299 3204 5355 haec
3230 5310 3425 5355 cuncta
3455 5303 3762 5360 habitacula
3787 5309 3981 5376 muris,

2457 5376 2500 5437 (δ
2603 5402 2695 5458 ille
2721 5402 2884 5457 etiam
2921 5403 3077 5457 tectis
3102 5402 3236 5457 texit
3269 5413 3322 5459 et
3346 5404 3458 5473 ipsa
3487 5406 3660 5460 novis.
