4466 5578
835 456 927 520 m
1804 460 1868 513 's.
1918 444 2369 514 E'I‘IIELWOLDI
2415 456 2709 525 WINTO)’.
2752 460 3159 515 EPISC.\'IT.\.
3987 458 4084 512 us

828 574 1227 645 Cunsiduntqne
1251 574 1357 629 duo
1389 574 1639 629 concordi
1663 581 1880 641 pectore
1911 571 2105 623 fratres
2133 608 2146 631 ,

896 667 960 722 Et
997 666 1134 736 regit
1165 665 1508 735 alphabetum
1542 675 1721 720 rector
1760 672 1984 731 uterque
2016 675 2190 714 suum.

826 758 1071 826 Suntque
1092 765 1286 827 quater
1309 755 1460 811 denis
1484 754 1692 811 occulta
1728 754 1989 808 foramina
2023 751 2219 821 linguis
2243 790 2257 814 ,

893 849 1058 918 Inque
1088 863 1185 903 suo
1216 848 1411 902 retinet
1440 846 1629 902 ordine
1656 860 1881 916 quaeque
1918 845 2125 899 decem.

821 938 943 992 lluc
971 938 1091 993 alia:
1114 946 1372 1001 currunt,
1406 936 1528 991 illuc
1562 936 1788 1006 alimque
1822 941 2151 997 recurrunt;

898 1030 1190 1086 Servantes
1223 1028 1451 1084 modulis
1489 1027 1696 1099 singula
1728 1037 1925 1099 puncta
1950 1026 2084 1082 suis.

820 1123 886 1177 Et
926 1123 1125 1179 feriunt
1147 1122 1377 1194 jubilum‘
1404 1130 1610 1191 septem
1638 1118 1951 1175 discrimina
1982 1132 2173 1173 vocum
2208 1157 2223 1181 ,

898 1214 1164 1270 Permisto
1193 1211 1347 1285 lyrici
1383 1211 1625 1267 carmine
1651 1208 1899 1265 semitoni
1935 1226 1949 1261 :

821 1309 991 1380 Inque
1018 1305 1236 1363 modum
1269 1306 1502 1362 tonitrus
1526 1320 1627 1359 vox
1661 1302 1833 1359 ferrea
1851 1302 2102 1357 verberat
2125 1315 2306 1364 aures,

898 1401 1102 1455 Praeter
1131 1409 1189 1454 ut
1220 1399 1363 1454 hunc
1391 1396 1563 1454 soluat
1596 1396 1665 1451 nil
1690 1397 1868 1465 capiat
1895 1396 2152 1450 sonitum.

826 1490 1128 1560 Conerepat
1155 1489 1207 1543 in
1228 1497 1443 1543 tantum
1470 1502 1640 1541 sonus
1666 1486 1809 1550 hinc,
1837 1484 2090 1555 illincque
2114 1481 2402 1546 resultans,

896 1582 1134 1652 Quisque
1166 1594 1324 1634 manu
1355 1577 1566 1648 patulas
1597 1574 1815 1631 claudat
1838 1572 2203 1637 utauriculas,

831 1671 985 1727 Ilaud
1011 1686 1283 1742 quaquam
1313 1668 1538 1725 suﬂerre
1567 1665 2073 1738 valenspropiando
2102 1666 2333 1736 rugitum
2355 1702 2372 1731 ,

893 1763 1064 1830 Quem
1088 1761 1319 1816 reddunt
1346 1759 1484 1815 varii
1517 1755 1939 1827 concrepitando
1968 1754 2085 1811 soni
2118 1772 2129 1805 :

825 1855 1211 1925 Musarumque
1240 1852 1408 1911 melos
1447 1852 1663 1907 auditur
1691 1850 1890 1922 ubique
1916 1864 2015 1921 per
2038 1850 2261 1912 urbem,

896 1948 963 2004 Et
988 1957 1242 2019 peragrat
1274 1954 1438 2000 totam
1467 1943 1609 1999 fama
1640 1941 1831 1997 volans
1853 1941 2105 2012 patriam.

821 2040 936 2096 IIoc
965 2041 1128 2095 decus
1149 2037 1394 2094 ecclesia:
1417 2036 1565 2091 vovit
1591 2043 1682 2089 tua
1704 2049 1835 2089 cura
1866 2030 2120 2095 Tonanti,

892 2118 1160 2201 Clavigeri
1195 2129 1357 2200 inque
1383 2127 1522 2183 sacri
1551 2126 1751 2182 struxit
1780 2124 1986 2179 honore
2025 2119 2193 2176 Petri.

819 2220 1045 2291 Insuper
1071 2218 1345 2274 excelsum
1374 2216 1578 2273 fecistis
1606 2225 1660 2272 et
1696 2216 1894 2271 addere
1928 2212 2184 2284 templum

893 2314 1013 2382 Quo
1045 2312 1164 2367 sine
1187 2320 1348 2366 nocte
1379 2319 1563 2365 manet
1597 2309 1908 2364 continuata
1939 2307 2075 2361 dies.

822 2405 1011 2462 Turris
1038 2405 1106 2460 ab
1139 2418 1240 2459 axe
1265 2403 1451 2468 micat,
1482 2415 1588 2473 quo
1617 2400 1693 2456 sol
1720 2399 1944 2455 oriendo
1970 2403 2259 2459 coruscat,

889 2496 959 2552 Et
985 2503 1191 2566 spargit
1237 2493 1374 2549 lucis
1403 2490 1605 2562 spicula
1637 2489 1811 2559 prima
1842 2502 1969 2542 suae.

824 2587 1076 2658 Quinque
1106 2593 1252 2641 lenct
1279 2582 1479 2655 patulis
1507 2588 1785 2653 segmenta
1813 2578 2025 2633 oculata
2061 2574 2344 2638 fenestris,

890 2679 996 2736 Per
1024 2678 1367 2749 quadrasquc
1391 2674 1575 2747 plagas
1604 2671 1792 2744 pandit
1828 2671 2029 2740 ubique
2052 2671 2190 2724 vias.

822 2772 980 2826 Stant
1008 2769 1222 2825 excelsa
1254 2766 1417 2822 tholis
1448 2773 1680 2820 rostrata
1715 2762 1997 2817 cacumina
2017 2759 2227 2825 turris,

886 2858 1208 2915 Fornicibus
1234 2855 1399 2910 variis
1424 2862 1478 2909 et
1505 2853 1719 2907 sinuata
1750 2851 1973 2905 micant.

817 2950 948 3016 Qua:
982 2950 1062 3005 sic
1094 2946 1369 3019 ingenium
1402 2944 1583 3000 docuit
1613 2955 1841 2999 curvare
1871 2940 2102 3011 peritum
2136 2953 2151 2992 :

889 3042 1043 3111 Quod
1078 3038 1215 3096 solet
1241 3038 1293 3092 in
1322 3035 1561 3108 pulchris
1589 3034 1789 3088 addere
1813 3031 2037 3103 pulchra
2068 3029 2221 3084 locis.

818 3134 938 3189 Stat
968 3145 1131 3202 super
1152 3128 1359 3183 auratis
1384 3126 1549 3196 virga:
1580 3121 1865 3178 fabricatio
1900 3119 2081 3175 bullis.

886 3225 1098 3278 Aureus
1119 3230 1175 3276 et
1206 3229 1374 3275 totum
1401 3216 1658 3288 splendor
1688 3214 1918 3270 adornat
1941 3226 2075 3282 opus
2098 3252 2114 3277 ,

806 3317 966 3372 Luna
993 3320 1253 3369 coronato
1279 3310 1492 3381 quoties
1521 3304 1813 3361 radiaverit
1841 3314 1985 3368 ortu,

883 3408 1126 3463 Alterum
1154 3404 1222 3459 ab
1250 3402 1365 3457 rede
1394 3415 1547 3456 sacra
1580 3397 1754 3470 surgit
1780 3397 1847 3452 ad
1878 3404 2025 3451 astra
2050 3391 2213 3462 jubar
2247 3411 2259 3446 :

814 3502 870 3555 Si
916 3509 1075 3555 nocte
1108 3497 1361 3567 inspiciat
1382 3496 1527 3550 hunc
1552 3490 1932 3563 przetereundo
1972 3489 2147 3544 viator
2169 3530 2184 3553 ,

883 3594 946 3648 Et
980 3603 1179 3647 terram
1208 3588 1391 3644 stellas
1415 3586 1589 3641 c‘redit
1616 3583 1818 3638 habere
1843 3596 1991 3637 suas.

810 3683 1044 3741 Additur
1067 3682 1134 3736 ad
1155 3678 1434 3750 specimen
1464 3684 1573 3731 stat
1602 3675 1649 3729 ei
1674 3672 1815 3744 quod
1852 3671 2058 3726 vertice
2086 3671 2257 3742 gallus

886 3778 1097 3829 Aureus
1126 3779 1318 3826 ornatu
1345 3766 1565 3839 grandis
1591 3775 1646 3821 et
1683 3764 1901 3819 intuitu.

820 3865 1059 3937 Ite-spicit
1082 3877 1243 3919 onme
1265 3860 1460 3923 solum,
1487 3855 1697 3913 cunctis
1728 3854 2094 3925 supereminet
2122 3851 2270 3905 arvis

869 3958 1139 4031 Signiferi
1158 3964 1221 4011 'et
1249 3955 1437 4010 Boreae
1466 3951 1643 4007 sidera
1674 3949 1898 4020 pulchra
1924 3946 2149 4002 "videns.

812 4052 1027 4122 Imperii
1056 4050 1344 4119 Sceptrum
1374 4044 1600 4115 pedibus
1627 4051 1772 4097 tenet
1800 4040 1887 4095 ille
1910 4038 2181 4108 superbis,

886 4144 1004 4198 Stat
1030 4156 1191 4209 super
1221 4147 1276 4193 ct
1308 4145 1564 4193 cunctum
1593 4132 1887 4187 Wintoniae
1914 4126 2195 4202 populum.

814 4237 1048 4306 Imperat
1073 4230 1356 4288 etcunctis
1379 4237 1597 4283 evectus
1629 4226 1680 4280 in
1714 4238 1840 4279 aera
1868 4223 2042 4288 gallis.

886 4330 954 4383 Et
981 4327 1120 4398 regit
1146 4322 1430 4379 occiduum
1465 4319 1663 4375 nobilis
1691 4317 2001 4387 imperium.

811 4419 1045 4487 Impiger
1068 4414 1372 4471 imbriferos
1401 4412 1491 4482 qui
1517 4409 1743 4479 suscipit
1772 4407 2010 4475 undique
2042 4410 2233 4458 ventos
2259 4441 2274 4466 ,

885 4510 1064 4577 Seque
1095 4508 1322 4561 rotaudo
1353 4517 1506 4558 suam
1542 4502 1744 4571 praebet
1776 4498 1857 4553 eis
1882 4496 2098 4550 faciem.

824 4601 1079 4657 TUI’blIIlS
1101 4598 1416 4655 horrisonos
1442 4592 1739 4663 suﬂ‘ertque
1767 4589 1998 4644 viriliter
2027 4587 2189 4641 ictus.

886 4694 1193 4764 Intrepidus
1223 4699 1503 4761 perstans;
1532 4686 1724 4749 flabra,
1758 4682 1911 4737 nives
1945 4678 2206 4741 tolerans,

808 4786 1024 4842 Oceano
1046 4785 1213 4840 solem
1244 4783 1391 4837 solus
1418 4781 1551 4835 vidit
1576 4780 1690 4848 ipse
1714 4783 1960 4830 ruentem
2005 4789 2017 4825 :

888 4881 1110 4932 Aurorae
1140 4877 1374 4947 primunt
1401 4874 1576 4929 cernit
1603 4880 1659 4926 et
1694 4870 1781 4924 hic
1808 4866 2039 4921 radium.

810 4982 846 5024 ει.
887 4972 1039 5039 Iunge
1069 4969 1364 5023 adveniens
1391 4964 1547 5020 oculo
1573 4962 1784 5017 vicinus
1804 4959 2064 5019 adhaeret,

883 5061 1024 5130 Figit
1048 5070 1101 5114 et
1130 5069 1405 5130 aspectum
1428 5054 1759 5115 dissociante
1790 5050 1928 5103 loco.

811 5162 928 5223 Quo
963 5154 1140 5209 fessus
1166 5152 1369 5222 rapitur
1396 5148 1513 5202 visu
1540 5145 1778 5200 mirante
1809 5141 2009 5199 viator,

883 5246 951 5301 Et
980 5246 1115 5316 pede
1146 5241 1447 5310 disiunctus
1477 5235 1682 5291 lumine
1703 5232 1925 5302 junctus
1949 5227 2121 5281 adest.

812 5338 974 5393 Plura
1004 5335 1133 5405 quid
1160 5334 1247 5389 his
1276 5328 1516 5387 addam?
1547 5334 1658 5381 tota
1694 5324 1895 5376 virtute
1918 5318 2134 5372 laboras

2576 569 2761 622 Victor
2787 570 2990 624 honore
3016 580 3221 638 potens,
3254 568 3423 622 vietor
3456 569 3504 621 in
3535 584 3659 623 arce
3691 569 3867 622 nitens
3900 588 3909 619 :

2500 656 2644 712 Ante
2674 667 2926 727 retroque
2956 659 3194 721 micans,
3229 658 3410 711 habitu
3449 659 3789 712 venerandus
3811 668 3866 712 et
3896 667 4044 711 actu.

2575 746 2739 817 Cujus
2768 748 2835 802 ab
2864 748 3076 817 eloquio
3107 747 3285 802 dulcia
3322 746 3478 800 tnella
3505 745 3695 801 fluunt.

2504 835 2672 903 Quem
2708 836 2847 891 Dens
2870 853 2899 892 e
2926 837 3079 891 ctnlis
3109 846 3326 891 tueatur
3351 837 3546 905 ubique
3574 837 3826 906 supernis
3854 854 3867 891 :

2572 926 2869 997 Anglorum
2910 928 3118 997 populis
3159 936 3338 982 servet
3383 936 3437 980 ct
3499 926 3840 981 incolumem.

2505 1014 2658 1070 IIunc
2684 1016 2982 1071 Ailfstanus
3010 1032 3197 1080 ovans,
3232 1017 3367 1071 alter
3395 1016 3688 1070 comitatur
3711 1024 3766 1069 et
3796 1015 4026 1069 Elfstan.

2574 1105 2863 1163 Pontifices
2888 1110 3065 1174 ambo,
3095 1108 3286 1177 plenus
3322 1118 3549 1177 uterque
3576 1107 3707 1160 Deo.

2505 1198 2758 1253 Ailfheah
2781 1201 2950 1266 adest,
2968 1199 3295 1255 Ordbirbtus
3312 1199 3481 1263 adest,
3500 1198 3851 1254 Wilfsinuset
3870 1178 4089 1267 Eia-te,

2576 1290 2933 1360 Splendentes
2958 1290 3140 1346 cuncti
3165 1290 3289 1359 jure
3320 1289 3630 1345 sacerdotii.

2506 1378 2876 1450 Incipinntque
2898 1395 3086 1435 omnes
3116 1378 3385 1434 modulata
3417 1394 3545 1434 voce
3572 1388 3866 1435 canentes:

2575 1471 2683 1525 Pax
2713 1472 2783 1525 sit
2814 1472 2938 1526 huic
2967 1471 3173 1535 domui,
3198 1486 3302 1541 pax
3327 1470 3398 1525 sit
3424 1478 3478 1524 et
3508 1470 3597 1524 hic
3632 1470 3756 1524 fidei
3790 1488 3804 1523 :

2515 1560 2625 1614 Pax
2658 1561 2751 1614 fiat
2778 1560 3026 1626 intranti,
3052 1576 3154 1630 pax
3184 1571 3238 1615 et
3259 1559 3351 1614 fiat
3385 1560 3679 1630 egredienti
3717 1576 3732 1614 :

2577 1649 2799 1719 Semper
2828 1650 2879 1703 in
2907 1649 3115 1718 hocque
3143 1648 3278 1712 loco,
3309 1648 3423 1702 laus
3451 1649 3522 1702 sit
3550 1649 3830 1718 honorque
3858 1647 3989 1701 Deo.

2510 1742 2599 1796 Sic
2629 1742 2680 1795 in
2710 1741 2863 1795 laude
2893 1741 2983 1795 Dei
3022 1748 3276 1795 resonant
3300 1755 3435 1794 nova
3468 1740 3664 1793 muenia
3695 1739 3875 1808 templi
3910 1778 3925 1803 ,

2578 1830 2767 1886 Omnis
2795 1840 2848 1884 et
2891 1832 2943 1885 in
2978 1831 3207 1885 Domino
3237 1829 3413 1900 lingua
3440 1827 3665 1883 resultat
3695 1842 3883 1883 ovans.

2434 1921 2478 1979 Β
2509 1924 2643 1979 IIinc
2675 1926 2886 1979 adstant
2916 1940 3191 1995 proceres,
3223 1925 3375 1995 pueri
3400 1924 3527 1978 hinc
3549 1964 3562 1986 ,
3589 1922 3923 1993 juvenesque
3954 1962 3969 1986 ,
3996 1936 4083 1975 sc-

2578 2015 2646 2071 Et
2674 2015 2949 2071 celebrant
2974 2016 3144 2071 sancti
3175 2015 3368 2087 gaudia
3394 2015 3648 2069 cmnobii.
3832 2015 4083 2085 [neSque,

2507 2106 2599 2161 Sic
2637 2116 2819 2176 optata
2851 2106 2941 2161 diu
2968 2107 3087 2160 (lata
3131 2121 3271 2160 nunc
3317 2105 3663 2160 memoranda
3714 2116 3811 2173 per
3861 2117 4037 2156 mvum
4066 2139 4085 2165 ,

2578 2197 2731 2253 Votis
2752 2198 2917 2269 plena
2944 2198 3047 2268 piis
3078 2196 3226 2251 fulsit
3259 2198 3310 2251 in
3341 2196 3475 2250 urbe
3503 2196 3657 2259 dies;

2508 2293 2561 2346 In
2594 2306 2696 2362 qua
2725 2291 3022 2360 promeruit
3051 2304 3145 2342 sua
3178 2287 3371 2358 gaudia
3401 2300 3626 2340 cernere
3646 2284 3872 2349 Pastor,

2578 2381 2871 2451 Ollicioque
2899 2396 3057 2436 sacro
3089 2378 3319 2435 reddere
3338 2386 3459 2432 vota
3486 2378 3614 2431 Deo.

2508 2472 2642 2527 Ilinc
2675 2482 2724 2526 te
2753 2471 3043 2526 Pontiﬁces
3066 2470 3431 2531 circumdant,
3462 2468 3588 2521 inde
3622 2465 3876 2519 ministri.

2581 2561 2657 2617 Te
2688 2570 2858 2615 totum
2882 2562 3074 2627 cinxit,
3105 2561 3233 2614 hinc
3262 2560 3454 2621 honor,
3485 2556 3607 2610 inde
3632 2556 3806 2609 favor.

2507 2653 2573 2707 Et
2602 2653 2757 2707 simul
2784 2654 3101 2722 hymnisona
3131 2650 3357 2704 fratrum
3374 2656 3603 2703 coeunte
3632 2660 3835 2701 covona
3879 2661 3891 2696 :

2577 2747 2815 2814 Quisque
2840 2755 2988 2798 tuum
3017 2752 3223 2806 votum,
3254 2757 3359 2812 qua
3390 2740 3530 2794 valet
3562 2748 3698 2801 arte,
3724 2738 3893 2791 canit.

2506 2839 2815 2894 Cimhalieze
2844 2851 3002 2892 voces
3030 2834 3252 2890 calamis
3282 2834 3583 2887 miscentur
3610 2828 3804 2883 acutis.

2580 2929 3000 2999 Disparibusque
3030 2926 3200 2994 trepis
3234 2924 3386 2979 dulce
3410 2936 3657 2977 cammna
3688 2927 3865 2974 sonat.

2505 3018 2728 3088 Insuper
2753 3027 2808 3072 et
2842 3017 2971 3073 cleri
2992 3015 3187 3084 jubilat
3218 3013 3369 3084 plebs
3386 3014 3569 3067 omnis
3600 3022 3653 3066 et
3685 3010 3861 3065 infans
3890 3028 3901 3061 :

2578 3110 2643 3163 Et
2667 3108 2896 3163 Deitatis
2934 3121 3091 3177 opem
3131 3104 3380 3158 machina
3415 3104 3554 3156 trina
3583 3110 3753 3156 t0nat.

2505 3199 2730 3255 Latitiae
2760 3205 3106 3268 augmentum
3135 3194 3391 3264 quoniam
3417 3191 3727 3247 cumulatur
3756 3190 3811 3243 in
3850 3187 4000 3240 (ηιιηὶ

2578 3290 2739 3345 Istius
2763 3287 2972 3357 antiqui
3002 3297 3160 3357 parte
3190 3284 3525 3339 monasterii.

2507 3382 2887 3451 Laetanturqne
2918 3380 3055 3433 cibis
3083 3392 3272 3432 omnes
3295 3375 3578 3447 epulisque
3616 3373 3828 3437 refecti,

2552 3474 2800 3529 ~I'utibus
2824 3483 2877 3527 et
2905 3471 3070 3525 variis
3099 3470 3348 3524 omnibus
3377 3477 3538 3539 atque
3567 3466 3742 3521 bouis.

2504 3567 2598 3623 Sic
2628 3564 2784 3635 hujus
2808 3564 2979 3618 sancti
3011 3562 3172 3616 nituit
3196 3560 3491 3616 celebratio
3525 3558 3704 3628 templi
3737 3597 3752 3623 ,

2577 3656 2804 3711 Nomine
2834 3652 3132 3724 apostolico
3172 3651 3508 3705 sanctificata
3543 3647 3673 3702 Deo.
3759 3675 3765 3681 -

2507 3749 2634 3805 Iltec
2655 3759 2734 3804 est
2760 3745 2881 3801 aula
2910 3746 2981 3816 pii
3015 3743 3224 3814 fulgens
3255 3742 3307 3795 in
3331 3747 3589 3796 onomate
3610 3737 3782 3802 Petri,

2577 3842 2678 3909 Qui
2706 3840 2843 3895 solet
2870 3836 3115 3892 excelsos
3146 3835 3299 3889 clave
3323 3834 3489 3901 ligare
3516 3830 3667 3900 polos
3696 3846 3710 3883 :

2505 3932 2605 3999 Qui
2634 3938 2923 4000 praestante
2955 3927 3066 3980 Deo
3092 3925 3359 3994 solvitque
3389 3923 3642 3991 ligamina
3669 3920 3916 3987 mundo,

2578 4027 2645 4080 Et
2671 4032 2877 4079 reserat
2908 4021 3122 4077 cunctis
3150 4018 3337 4075 cazlica
3372 4031 3535 4087 regna
3567 4016 3687 4085 piis.

2506 4116 2632 4172 Ihec
2657 4128 2897 4185 quoque,
2935 4111 3118 4175 Paule,
3150 4109 3243 4164 tibi
3275 4106 3632 4164 committitur
3655 4145 3670 4170 ,
3704 4103 3825 4158 aula
3861 4102 4084 4168 tuenda,

2578 4206 2678 4273 Qui
2713 4204 2895 4258 mundi
2924 4210 3146 4257 cunctos
3172 4214 3265 4254 ore
3296 4200 3482 4253 domas
3510 4195 3757 4266 pepnlos.

2504 4298 2793 4355 Exsistatis
2821 4306 2879 4350 ut
2909 4296 2995 4350 hic
3017 4292 3275 4364 speciales
3304 4292 3462 4345 ambo
3490 4288 3705 4360 patroni
3744 4304 3758 4340 :

2579 4389 2673 4444 Est
2700 4386 2901 4457 quibus
2932 4401 3067 4439 unus
3094 4398 3251 4452 apex,
3283 4382 3448 4452 gloria
3477 4393 3682 4450 parque
3715 4376 3862 4446 polo.

2504 4478 2776 4536 Exaudire
2806 4476 2971 4531 Deum
3003 4471 3248 4543 rogitetis
3274 4480 3329 4525 et
3358 4470 3804 4538 omnipotentem,

2578 4572 2840 4643 Dignetur
2878 4567 3056 4638 populi
3085 4574 3207 4619 vota
3235 4576 3531 4635 precesque
3567 4560 3673 4614 sui.

2506 4661 2763 4731 Quisquis
2795 4666 2854 4713 ut
2887 4658 2987 4713 hoc
3015 4654 3270 4725 templum
3300 4652 3559 4708 beneficia
3588 4663 3815 4718 poscere
3840 4646 4057 4719 qumrit,

2576 4752 2829 4822 Impetret
2853 4766 2882 4804 a
2910 4750 3138 4804 Domino
3168 4746 3360 4817 gaudia
3396 4744 3549 4814 plena
3584 4743 3691 4813 pio.

2505 4844 2619 4911 Qua
2648 4843 2733 4898 vir
2758 4840 3083 4912 apostolicus
3106 4838 3251 4906 jacet
3278 4837 3452 4890 almus
3477 4843 3530 4888 et
3558 4832 3645 4888 ille
3671 4831 3888 4886 Birinus

2578 4934 2686 4989 llas
2715 4934 2929 4989 lavacro
2959 4940 3148 5003 gentes
3175 4928 3267 4997 qui
3296 4927 3425 4981 lavit
3452 4926 3727 4980 occiduas.

2508 5026 2854 5099 Signipotens
2902 5022 2954 5076 in
3003 5036 3066 5075 ea
3117 5027 3308 5089 pausat
3352 5031 3574 5086 quoque
3615 5014 3831 5069 demate
3876 5010 3935 5085 [Ι.
3968 5025 4089 5063 cor-

2649 5112 2803 5185 pore]
2833 5112 3079 5167 Swithun

2581 5207 2681 5274 Qui
2714 5203 2967 5275 precibus
2993 5208 3247 5255 cunctum
3273 5194 3517 5252 sublevat
3549 5195 3692 5249 hunc
3720 5192 3996 5263 populum.

2509 5300 2565 5354 In
2598 5299 2774 5354 medio
2806 5293 2987 5364 templi
3015 5291 3219 5362 fulgent
3248 5289 3588 5360 Byrnstanus
3618 5294 3673 5338 et
3702 5282 3983 5345 Elfheah,

2590 5389 2709 5424 lum
2735 5384 3020 5424 cannrﬂnlii
3051 5382 3225 5424 nnllnr
3256 5390 3485 5424 IIIRNIIIP.
3515 5377 3629 5424 “8i.
