4466 5578
409 388 509 445 I25

480 507 567 562 53.
609 508 683 563 De
713 524 875 564 manu
906 509 1144 581 Dyonisii
1174 511 1451 579 martyris.

479 616 566 671 34.
608 617 683 673 De
710 626 898 675 sancto
931 620 1155 674 martire
1188 621 1329 675 \‘ito.

479 730 565 785 35.
605 731 847 800 Qualiter
894 751 988 792 rex
1038 735 1321 793 Heinricus
1376 753 1567 793 novem
1618 756 1787 793 annos
1838 740 1982 808 pacis

414 822 676 878 habuerit.

479 937 566 993 36.
608 939 684 995 De
707 938 957 999 Redariis
987 944 1258 1013 quomodo
1286 944 1411 999 victi
1443 954 1585 999 sunt.

482 1044 569 1100 37.
607 1045 683 1104 De
711 1049 911 1120 nuptiis
942 1049 1036 1106 lilii
1068 1050 1225 1121 regis.

1444 400 1576 455 RES
1617 399 1865 454 GESTAE
1906 397 2293 452 SAXUNICJ‘I.
2338 428 2400 437 —
2444 397 2568 451 LIB.
2613 398 2649 450 I.

3564 396 3664 450 ιῖιϐ

2158 508 2245 561 38.
2289 508 2482 561 (Iuntio
2532 508 2691 576 regis,
2723 518 2774 562 et
2824 509 3092 577 quomodo
3143 508 3405 577 Iingarios
3451 507 3665 577 publico

2091 600 2229 653 bello
2261 600 2405 652 vicit.
3138 641 3168 651 -

2162 689 2248 744 59.
2291 690 2567 755 Quomodo
2600 691 2769 747 victor
2820 706 3068 747 reversus
3099 702 3182 747 est
3231 700 3285 746 et
3331 691 3397 746 de
3427 690 3665 747 moribus

2091 781 2227 850 ejus.

2163 873 2255 927 40.
2296 872 2577 939 Quomodo
2611 874 2789 929 Danos
2823 874 2967 928 vicit.

2164 965 2253 1019 41.
2294 964 2573 1031 Quomodo
2604 966 2792 1021 morbo
2835 976 3087 1038 gravatur
3118 974 3171 1021 ct
3201 966 3449 1030 moritur,
3479 971 3534 1018 ct
3580 964 3667 1020 ubi

2100 1055 2374 1125 sepelitur.

1710 1158 2026 1199 EXPLICIUNT
2066 1159 2352 1201 CAPITULA.

470 1415 870 1497 INCIPIT
933 1418 1231 1496 LIBER
1292 1420 1680 1499 PRIMUS
1746 1420 2087 1499 aenum
2166 1420 2717 1500 GESTARUM
2776 1409 3618 1501 SAXONICARUM’“.

484 1592 537 1647 I.
573 1592 704 1648 Post
754 1608 980 1663 operum
1050 1603 1358 1649 nostrorum
1418 1596 1708 1666 primordia
1735 1638 1747 1661 ,
1800 1596 1996 1666 quibus
2026 1602 2070 1660 Β
2098 1606 2152 1650 et
2181 1595 2364 1650 multis
2397 1595 2523 1649 hinc
2568 1595 2693 1649 inde
2733 1594 3069 1659 cadentibus,
3105 1595 3304 1665 placuit
3344 1600 3585 1668 utrisque
3613 1600 3674 1655 de

417 1688 612 1741 summi
667 1687 1015 1757 Imperatoris
1058 1687 1288 1741 militum
1343 1690 1642 1758 triumphos
1682 1690 1991 1757 declaravi,

418 1792 579 1832 nemo
608 1792 693 1832 me
722 1777 949 1832 miretur
978 1779 1295 1848 principum
1328 1789 1634 1833 nostrorum
1684 1796 1770 1837 res
1814 1790 1993 1851 gestas

419 1870 619 1925 litteris
645 1870 784 1925 velle
825 1872 1246 1935 commendare;
1280 1872 1403 1939 quia
1437 1872 1489 1926 in
1540 1872 1629 1928 illo
1661 1888 1824 1941 opere
1870 1889 1997 1943 pro-

420 1960 641 2015 fessioni
695 1976 847 2024 meae,
883 1970 941 2014 ut
988 1961 1156 2030 potui,
1194 1961 1337 2029 quod
1386 1960 1546 2015 debui
1601 1963 1799 2028 exolvi,
1837 1964 1995 2017 modo

420 2051 635 2121 generis
662 2052 947 2122 gentisque
975 2066 1109 2106 mete
1138 2051 1425 2118 devotioni,
1452 2060 1510 2106 ut
1534 2068 1692 2122 queo,
1720 2054 1997 2110 elaborare

421 2155 528 2195 non
556 2139 775 2218 eﬂ'ugip.
1319 2191 1327 2199 .

488 2230 621 2284 εει.
678 2231 745 2285 Et
800 2232 1034 2301 primum
1089 2233 1306 2302 quidem
1359 2234 1426 2289 de
1475 2236 1997 2306 origine.statuque

422 2323 599 2393 gentis
627 2338 797 2392 pauca
828 2326 1133 2395 expediam,
1168 2327 1335 2380 solam
1366 2343 1501 2397 pene
1533 2329 1730 2382 famam
1770 2345 1999 2398 sequens

424 2412 478 2467 in
512 2414 613 2467 hac
640 2424 815 2483 parte,
847 2415 1016 2469 nimia
1038 2425 1305 2471 vetustate
1330 2432 1544 2471 onmem
1579 2417 1690 2473 fere
1722 2420 2001 2473 certitudio

424 2519 547 2559 nem
575 2506 917 2560 obscurante.
952 2505 1083 2560 Nam
1111 2522 1274 2576 super
1300 2508 1401 2563 hac
1432 2524 1488 2563 re
1514 2509 1658 2563 varia
1688 2511 1870 2579 opinio
1894 2521 1999 2575 est,

426 2595 546 2650 aliis
582 2595 973 2663 arbitrantibus
1001 2597 1067 2652 de
1096 2597 1259 2652 Danis
1306 2597 1800 2669 Northmannisque
1822 2602 1865 2632 "
1893 2602 2001 2655 ori-

424 2685 603 2751 ginem
633 2685 852 2739 duxisse
900 2684 1163 2751 Saxones,
1191 2687 1313 2741 aliis
1359 2698 1539 2743 autem
1586 2691 1998 2756 aestimantibus,

423 2783 485 2828 ut
536 2775 649 2845 ipse
699 2776 1132 2831 adolescentulus
1182 2777 1361 2833 audivi
1411 2781 1677 2851 quendam
1708 2782 2002 2849 praedican—

424 2873 556 2929 tem,
588 2866 653 2919 de
679 2864 908 2931 Graecis,
941 2867 1065 2935 quia
1116 2867 1215 2936 ipsi
1266 2868 1529 2933 dicerent,
1584 2870 1827 2927 Saxones
1878 2872 2000 2927 reli-

2095 1701 2229 1757 pacc
2260 1694 2516 1749 tractare,
2539 1685 2713 1739 fmdus
2740 1684 2897 1750 inire;
2931 1694 3220 1755 actumque
3244 1687 3287 1717 ’⁷
3312 1697 3391 1741 est
3415 1688 3587 1743 fmdus
3613 1704 3677 1743 eo

2095 1786 2272 1846 pacto,
2307 1792 2413 1845 quo
2444 1776 2704 1829 haberent
2754 1773 2997 1829 Saxones
3044 1776 3309 1830 vendendi
3360 1779 3677 1847 emendiqnc

2096 1867 2326 1935 copiam,
2357 1875 2611 1920 caeterum
2658 1864 2725 1917 ab
2756 1866 2923 1936 agris,
2971 1881 2999 1918 a
3035 1866 3179 1921 cmde
3213 1867 3490 1922 hominum
3518 1877 3679 1938 atque

2099 1958 2284 2026 rapina
2313 1957 2675 2019 abstinerent;
2716 1956 2970 2024 stetitque
3005 1956 3131 2009 illud
3167 1957 3211 1989 ’⁸
3242 1956 3416 2013 fmdus
3452 1959 3677 2013 inviola-

2098 2047 2277 2102 biliter
2307 2048 2491 2101 multis
2520 2047 2727 2100 diebus.
2759 2046 3001 2116 Cumque
3047 2047 3352 2101 Saxonibus
3395 2047 3681 2103 defecisset

2098 2140 2343 2209 pecunia,
2377 2138 2504 2207 quid
2534 2138 2828 2192 venderent
2873 2146 2965 2190 aut
3012 2147 3256 2192 emerent
3299 2154 3402 2192 non
3437 2139 3680 2193 habenti-

2101 2232 2220 2295 bus,
2255 2231 2497 2285 inutilem
2528 2230 2627 2285 sibi
2658 2244 2842 2298 pacem
2873 2244 2993 2284 esse
3021 2229 3421 2283 arbitrabantur
3445 2231 3512 2282 ’9.

2171 2324 2224 2377 5.
2268 2323 2341 2375 Ea
2373 2322 2537 2391 igitur
2574 2329 2888 2389 tempestate
2926 2320 3151 2391 contigit
3198 2319 3591 2373 adolescentem
3637 2319 3679 2351 ³⁰

2101 2414 2370 2485 quendam
2395 2412 2576 2483 egredi
2606 2412 2671 2465 de
2694 2412 2922 2465 navibus
2951 2421 3235 2464 oneratum
3266 2412 3432 2466 multo
3456 2427 3587 2466 auro
3615 2412 3657 2443 ³¹

2104 2519 2293 2578 torque
2324 2522 2513 2571 aurea,
2546 2506 2809 2575 simulque
2848 2506 3077 2560 armillis
3117 2506 3335 2569 aureis;
3380 2506 3466 2560 cui
3495 2506 3681 2561 obvius

2102 2602 2320 2670 quidam
2353 2600 2753 2668 Thuringorum
2785 2616 2796 2650 ε
2827 2596 2966 2662 Quid
2997 2598 3093 2651 sibi
3127 2596 3252 2661 vult,
3284 2597 3545 2666 inquit",
3579 2607 3686 2650 tam

2103 2696 2282 2762 ingens
2332 2707 2520 2744 aurum
2582 2690 2718 2742 circa
2752 2700 2898 2742 tuum
2947 2689 3263 2757 famelicum-
3282 2688 3517 2742 collum?
3554 2689 3685 2742 Em-

2104 2794 2323 2853 νισι-ειη,
2358 2782 2552 2850 inquit,
2599 2797 2799 2849 qutcro,
2833 2780 2901 2833 ad
2934 2780 3094 2833 nichil
3127 2780 3273 2832 aliud
3305 2780 3445 2833 istud
3495 2796 3685 2832 aurum

2105 2891 2225 2944 gero
2286 2873 2481 2942 “,‘(iui
2531 2874 2666 2927 enim
2700 2872 2839 2939 fame
2890 2869 3175 2938 periclitor,
3207 2887 3308 2940 quo
3358 2887 3489 2923 auro
3542 2868 3684 2923 dele-

422 2953 578 3023 quias
601 2953 769 3009 fuisse
801 2954 1127 3010 Macedonici
1159 2957 1453 3021 exercitus,
1481 2960 1572 3028 qui
1622 2971 1842 3014 secutus
1890 2977 2001 3015 ma—
2030 2953 2072 3013 C
2106 2978 2212 3020 cter
2239 2966 2317 3018 ιιι
2345 2967 2411 3018 At
2443 2966 2528 3018 ille
2570 2964 2882 3033 qualitatem
2914 2964 3383 3033 quantitatemque
3411 2964 3566 3034 pretii
3599 2980 3687 3018 ro-

422 3060 584 3114 gnum
611 3044 980 3100 Alexandrum
1008 3048 1278 3100 inmatura
1308 3058 1481 3103 morte
1513 3050 1677 3113 ipsius
1708 3065 1805 3118 per
1832 3060 1997 3104 totum

422 3136 608 3191 orbem
634 3137 706 3191 sit
733 3136 1009 3207 dispersus
1032 3138 1163 3208 (83).
1191 3139 1455 3193 Caeterum
1487 3150 1696 3209 gentem
1726 3142 1999 3210 antiquam

422 3236 477 3281 et
527 3226 765 3282 nobilem
798 3226 963 3282 fuisse
997 3243 1104 3283 non
1155 3230 1477 3301 ambigitur;
1531 3232 1595 3285 de
1623 3232 1818 3300 quibus
1845 3241 1899 3286 et
1947 3234 1998 3286 in

420 3327 679 3372 contione
705 3319 954 3389 Agrippa:
989 3321 1055 3373 ad
1094 3319 1307 3387 Iudaeos
1343 3322 1395 3374 in
1426 3320 1658 3391 Joscplio
1682 3323 1726 3353 ³³
1756 3324 1932 3378 oratio
1954 3324 2002 3356 “

422 3410 736 3463 contexitur
788 3409 931 3481 (84),
984 3419 1040 3466 et
1091 3410 1287 3468 Lucani
1341 3422 1513 3484 poeta:
1560 3418 1826 3472 sententia
1878 3434 2002 3489 pro-

420 3498 744 3571 batur,(85).

492 3591 544 3645 3.
582 3592 688 3648 Pro
718 3602 866 3650 certo
894 3606 1075 3651 atttem
1114 3598 1363 3654 novimus
1418 3599 1659 3657 Saxones
1702 3603 1785 3658 his
1831 3604 2003 3675 regio-

422 3683 583 3739 nibus
614 3686 842 3741 navibus
872 3687 1126 3743 advectos
1153 3688 1287 3760 (86),
1320 3700 1374 3746 et
1409 3691 1528 3747 loco
1569 3693 1800 3761 primum
1833 3695 2004 3764 appli-

423 3776 676 3845 plicuiSse
727 3780 817 3848 qui
874 3796 1044 3851 usque
1112 3782 1273 3837 hodie
1342 3794 1682 3855 nuncupatur
1722 3787 1770 3817 ’⁵
1826 3786 2003 3842 Ilado-

424 3869 551 3924 laun
576 3871 622 3901 η
660 3872 791 3943 (87).

495 3961 550 4015 4.
592 3963 786 4018 Incolis
818 3980 946 4020 vero
983 3966 1272 4021 adventum
1323 3984 1509 4023 eormn
1560 3970 1797 4037 graviter
1827 3969 2004 4027 feren-

425 4050 593 4115 tibus,
622 4053 714 4121 qui
748 4053 1007 4125 Tburingi
1060 4059 1347 4111 traduntur
1398 4058 1578 4121 fuisse,
1615 4076 1764 4114 arma
1813 4072 2000 4115 contra

424 4153 521 4195 eos
553 4152 798 4209 movent;
834 4143 1139 4201 Saxonibus
1185 4162 1315 4202 vero
1360 4150 1559 4204 acriter
1607 4151 2001 4217 resistentibus,

425 4244 642 4306 portum
671 4237 935 4294 obtinent.
969 4239 1069 4294 Diu
1114 4240 1306 4296 deinde
1344 4241 1486 4297 inter
1514 4257 1570 4298 se
1600 4243 2002 4310 dimicantibus,

2101 3072 2212 3134 gat.
2264 3061 2507 3123 Nullum,
2558 3062 2753 3129 inquit,
2785 3061 2941 3112 michi
2985 3072 3057 3113 est
3084 3059 3148 3123 ³³,
3194 3058 3362 3122 Saxo,
3411 3059 3689 3112 discrimen

2102 3153 2156 3205 in
2204 3152 2401 3221 pretio;
2432 3150 2675 3219 quicquid
2728 3150 2878 3201 dabis
2906 3159 3111 3217 gratum
3163 3159 3331 3201 teneo.
3358 3148 3449 3201 Ille
3488 3163 3617 3203 vero
3642 3148 3689 3180 “

2102 3240 2386 3295 subridens
2431 3240 2873 3294 adolescentem:
2911 3239 3051 3303 Quid
3108 3240 3175 3302 si,
3221 3238 3416 3307 inquit,
3472 3239 3535 3293 de
3588 3239 3683 3291 istr

2102 3330 2309 3399 pulvere
2337 3332 2510 3383 sinum
2545 3330 2635 3383 tibi
2662 3330 2704 3361 ⁸⁷
2738 3328 2925 3398 impleo
2954 3330 2977 3382 ?
3011 3338 3129 3382 erat
3170 3329 3312 3382 enim
3348 3328 3400 3381 in
3433 3328 3685 3396 prtesenti

2103 3418 2219 3473 loco
2246 3432 2426 3490 egesta
2476 3419 2672 3473 ltumus
2717 3418 2967 3487 plurima.
3003 3416 3147 3471 Saxo
3197 3417 3361 3471 nichil
3406 3424 3685 3471 cunctatus

2106 3510 2282 3581 aperit
2309 3511 2489 3565 sinum
2512 3518 2566 3564 ct
2595 3509 2792 3579 accipit
2818 3508 2862 3539 ³⁸
2889 3509 3132 3573 humum,
3159 3508 3390 3577 ilicoque
3416 3507 3686 3577 Thuringo

2107 3602 2325 3657 tradidit
2384 3616 2607 3665 aurum;
2666 3600 2821 3655 laetus
2871 3610 3097 3670 uterque
3148 3600 3214 3654 ad
3264 3614 3391 3653 suos
3446 3598 3684 3668 repedat.

2105 3692 2367 3762 Thuringi
2400 3690 2737 3761 Thuringum
2770 3690 3017 3745 laudibus
3040 3690 3106 3744 ad
3130 3690 3327 3746 caelum
3356 3689 3569 3754 tollunt,
3599 3690 3687 3757 qui

2107 3784 2274 3840 nobili
2324 3783 2515 3837 fraude
2564 3781 2833 3836 Saxonem
2885 3783 3193 3852 deceperit,
3248 3783 3689 3850 fortunatumque

2104 3890 2227 3930 eum
2261 3876 2400 3929 inter
2428 3889 2616 3929 omnes
2648 3873 2905 3929 mortales
2933 3872 3115 3937 fuisse,
3142 3875 3233 3943 qui
3258 3874 3346 3928 vili
3377 3873 3548 3941 pretio
3580 3880 3689 3926 tam

2107 3969 2295 4038 ingens
2324 3982 2511 4019 aurum
2559 3966 2878 4035 possederit.
2913 3964 3178 4020 Caeterum
3232 3965 3362 4019 certi
3394 3964 3437 4000 ³⁸
3469 3965 3533 4019 de
3584 3964 3688 4017 vic-

2108 4057 2267 4121 toria,
2293 4058 2357 4112 de
2380 4055 2686 4111 Saxonibus
2709 4056 2819 4126 jam
2842 4056 2996 4125 quasi
3026 4054 3451 4125 triumphabant.
3480 4054 3689 4109 Interea

2110 4150 2257 4205 Saxo
2306 4149 2551 4218 privatus
2604 4164 2759 4213 auro,
2793 4157 3049 4203 oneratus
3097 4162 3228 4201 vero
3280 4145 3447 4200 multa
3502 4146 3686 4209 humo,

2108 4242 2392 4313 appropiat
2439 4241 2688 4298 navibus.
2733 4240 2908 4298 Sociis
2960 4240 3121 4312 igitur
3160 4241 3208 4295 ci
3255 4237 3687 4303 occurrentibus,

1673 4354 1903 4410 VARUE
1940 4353 2341 4412 LECTIONES.

500 4466 546 4498 ¹⁰
587 4464 713 4521 Hice
756 4469 943 4521 desunt
971 4467 1026 4521 2.
1053 4468 1108 4522 3.

425 4539 473 4571 ”
515 4535 968 4606 Nortmannisque
989 4539 1040 4592 3.
1066 4538 1132 4593 Α.
1210 4538 1254 4568 ’³
1287 4539 1440 4607 josep

428 4609 474 4639 "
517 4608 789 4676 ictumque
816 4610 881 4669 ὃς
926 4608 1228 4678 initmnque
1255 4608 1317 4661 Α.
1349 4608 1400 4661 6.
1498 4610 1543 4641 ⁸⁸
1582 4612 1720 4663 deest
1757 4611 1803 4663 I.

426 4680 474 4711 ³³
512 4679 696 4780 inquid
728 4680 773 4730 1.
807 4688 852 4732 et
880 4679 953 4730 ita
977 4682 1204 4747 sa’pius;
1233 4678 1354 4741 sibi,
1388 4678 1579 4747 inquit.
1612 4680 1722 4733 vult
1750 4682 1812 4733 A.

426 4750 449 4780 Ι
558 4748 577 4780 ³
643 4748 734 4780 lilii
764 4750 939 4780 εἷιιιηη
963 4750 996 4780 Q
1095 4749 1139 4780 88
1182 4748 1381 4780 unnnnil
1414 4750 1445 4780 2
1546 4750 1589 4780 89
1613 4752 1775 4780 ηηιη..;

426 4750 477 4806 I.
558 4748 602 4780 ³⁷
643 4748 737 4803 tibi
764 4750 940 4803 sinum
963 4750 1016 4802 2.
1095 4749 1139 4781 ³⁸
1180 4748 1388 4817 accepit
1413 4750 1466 4803 3.
1546 4750 1589 4783 "
1612 4752 1776 4805 ceteri
1807 4751 1871 4805 Α.

1446 4555 1511 4607 po
1566 4540 1616 4593 I.

1901 4612 1945 4644 ¹⁹
1985 4612 2322 4664 arbitrantur
2353 4609 2406 4661 5.

1895 4682 1939 4713 ⁸³
1966 4682 2081 4736 fero
2109 4681 2162 4734 2.
2239 4680 2285 4711 "‘
2312 4680 2551 4737 delector
2582 4680 2628 4733 I.

1204 4468 1248 4540 ξξ
1294 4466 1392 4540 Hic
1421 4484 1535 4536 cap.
1566 4468 1620 4522 2.
1653 4485 1925 4523 numerum
1972 4471 2144 4540 posui,
2177 4480 2224 4522 et
2282 4484 2525 4521 numeros
2575 4477 2839 4537 sequentes
2893 4485 3053 4539 usque
3092 4478 3348 4540 octavum
3398 4468 3687 4540 emendari.

1729 4542 1775 4570 ”
1808 4542 1947 4595 deest
1991 4542 2054 4594 A.

2162 4541 2207 4570 ’⁵
2263 4548 2489 4592 vocatur
2554 4539 2634 4589 vel
2690 4550 3028 4607 nuncupatur
3080 4539 3135 4591 2.
3232 4540 3278 4570 “
3340 4539 3586 4594 hadolam
3636 4540 3686 4594 I.

2486 4608 2531 4639 ³ο
2569 4608 3028 4661 adolescentulum
3057 4610 3111 4663 2.
3188 4609 3229 4639 ³¹
3268 4626 3401 4663 auro
3438 4608 3605 4662 multo
3632 4608 3684 4661 2.

2710 4678 2755 4708 ³⁵
2790 4694 2920 4733 saxo
2948 4680 3110 4734 michi
3144 4689 3226 4734 est
3249 4680 3301 4734 2.
3338 4680 3391 4734 0.
3466 4676 3512 4710 ³⁸
3548 4679 3688 4732 deest

1976 4867 2205 4925 NOTAS.

497 4981 613 5051 (83)
652 4980 917 5036 Fabulosa
947 4980 1221 5035 Saxonum
1256 4982 1427 5052 origo,
1453 4982 1594 5051 quia
1626 4978 2009 5053 Macedonibus
2042 4994 2087 5053 υ
2115 4981 2493 5053 codicmnﬁde
2526 4979 2868 5053 confirmata,
2905 4980 3209 5053 Suessones.

422 5067 601 5125 usque
627 5062 999 5125 arcessuntur,
1022 5062 1282 5125 quantum
1314 5063 1531 5125 constat
1555 5052 1787 5120 primunt
1822 5052 2009 5107 habuit

422 5121 760 5181 assertorem
776 5121 1161 5176 Widukindum
1192 5132 1454 5177 nostrum.
1486 5122 1723 5176 Maleoa.

495 5194 613 5265 (84)
637 5191 809 5265 Locus
837 5191 1048 5263 Iosephi
1079 5202 1257 5265 exstat
1285 5193 1376 5247 lib.
1410 5210 1470 5259 II,
1492 5209 1621 5265 cap.
1655 5191 1743 5265 16,
1774 5192 1837 5245 de
1866 5189 2011 5265 bello

418 5261 679 5323 Iudaico,
710 5261 795 5315 ubi
829 5261 1003 5318 tamen
1035 5278 1140 5317 non
1173 5262 1446 5317 Saxonum
1479 5264 1535 5318 lit
1564 5261 1790 5325 mentio,
1821 5264 1915 5317 sed
1953 5272 2009 5327 in

418 5349 629 5418 genere
679 5332 1339 5418 gentlertnanis'dieitur.
1375 5336 1605 5418 memon.
1644 5330 2010 5418 Hegesippum

419 5401 473 5460 in
509 5405 648 5460 bist.
679 5401 802 5456 belli
839 5403 1039 5457 Iudaici
1074 5404 1363 5471 Josephum
1405 5407 1469 5459 de
1517 5401 1823 5461 Saxonibus
1853 5420 2008 5472 ,per-

415 5484 681 5547 orantem
716 5472 991 5548 inducere,
1015 5475 1107 5529 alii
1134 5475 1485 5542 aduotarunt;
1518 5488 1696 5531 nonne
1723 5485 1903 5529 noster
1934 5491 2011 5547 dc

2187 5051 2396 5120 (86)(212
2422 5050 2745 5107 Ruodulhttn
2766 5051 2833 5105 de
2857 5052 3043 5105 transl.
3069 5050 3125 5102 ὃ.
3152 5048 3442 5104 Alexandri
3465 5047 3609 5106 Mon.
3635 5048 3698 5110 lI,

2115 5137 2169 5191 p.
2205 5122 2330 5185 674,
2364 5127 2456 5192 qui
2487 5121 2651 5183 addit,
2685 5123 2752 5175 ab
2775 5122 2962 5191 Anglis
2990 5123 3279 5176 Britanniae
3308 5120 3492 5193 incolis
3518 5136 3705 5193 egres-

2117 5190 2207 5248 sps
2234 5206 2351 5248 esse
2386 5190 2676 5253 Saxones;
2712 5193 2765 5245 id
2813 5190 2956 5261 quod
3007 5204 3189 5248 noster
3218 5192 3432 5246 minime
3478 5190 3709 5245 itniuere

2116 5264 2469 5340 videturLCl‘.
2521 5263 2888 5340 Lappenberg
2926 5262 3068 5340 Ilist.
3118 5261 3274 5340 All‘ol.
3312 5262 3368 5340 λ,
3424 5263 3713 5340 p._87.—-—

2120 5332 2324 5407 l‘iosterr
2350 5333 2599 5396 Saxones
2646 5333 2732 5387 his
2761 5332 3095 5407 regionibus
3115 5332 3277 5407 ,i.’e.
3311 5332 3566 5407 Saxonia:
3595 5345 3716 5398 qua:

2122 5403 2561 5486 l‘iordalbingiam
2601 5402 3005 5486 compleciitur,
3036 5406 3262 5460 navibus
3301 5404 3571 5486 advectos
3609 5410 3716 5486 trur-

2122 5478 2272 5537 tlens,
2301 5491 2393 5532 eos
2417 5470 2493 5541 Ex
2519 5470 2993 5542 regione—quadam
3026 5485 3227 5532 remota
3254 5486 3311 5529 ut
3334 5470 3633 5548 Irtttodolfus
3650 5485 3717 5547 ex
