4466 5578
796 460 898 518 i2?

1835 456 2208 513 'WlDUIiINDI
2251 453 2698 511 CORBEIENSIS
2739 451 3042 509 .\l0X.-\(‘.lll

3978 450 4074 506 128

792 582 844 623 et
877 567 1003 637 quid
1033 576 1220 638 ageret
1267 567 1685 634 admirantibus,
1715 569 1803 622 alii
1831 586 1956 624 eutn
2007 571 2236 625 irridere
2271 584 2384 623 ete—
2415 573 2462 630 Α
2493 569 2646 624 siano
2682 569 2922 638 principe
2943 568 3052 636 jam
3084 569 3210 622 olim
3247 569 3387 624 inter
3420 567 3726 638 provincias
3768 565 3983 621 redacta
4024 577 4078 620 et

796 668 992 729 p-runt
1040 659 1435 722 amicorum“,
1488 659 1578 714 alii
1632 674 1890 730 arguere,
1945 675 2134 715 omnes
2184 660 2389 730 pariter

793 760 1066 805 amentem
1115 767 1239 806 cum
1277 751 1651 806 crediderunt.
1684 753 1751 806 At
1785 752 1874 807 ille
1907 751 2180 821 postulato
2225 753 2389 806 silen-

798 844 871 894 tio
901 862 913 895 ι
952 842 1266 914 Sequimini,
1299 844 1493 913 inquit,
1517 861 1618 908 me,
1651 845 1829 913 optimi
1857 845 2117 906 Saxones,
2143 856 2186 897 et
2221 861 2387 897 nteant

794 936 933 989 rubis
969 937 1253 989 amentiam
1286 938 1574 1002 probabitis
1609 937 1806 992 utilem.
1841 937 1909 990 At
1937 936 2035 998 illi,
2068 935 2193 992 licet
2216 937 2385 1002 dubii,

795 1029 1153 1094 srqttlltllllt'“
1187 1036 1364 1081 tanien
1390 1029 1596 1082 ducem.
1620 1027 1714 1082 Ille
1746 1037 1926 1082 autem
1949 1040 2163 1098 sumpta
2199 1029 2386 1095 bunto,

799 1132 896 1182 per
932 1115 1142 1171 vicinos
1174 1136 1334 1189 agtos
1360 1135 1524 1188 quant
1567 1120 1742 1188 potuit
1777 1120 2050 1176 subtiliter
2079 1121 2301 1191 sparsit,
2335 1130 2386 1176 et

795 1217 1099 1262 castrorum
1128 1209 1242 1263 loca
1273 1212 1575 1279 tiCtzttanil.

861 1301 914 1353 6.
961 1299 1030 1355 Ut.
1075 1314 1255 1354 autem
1308 1303 1627 1356 inierunt”
1669 1306 1930 1376 'l'liuringi
1987 1316 2165 1362 castra
2217 1308 2389 1362 Saxo-

791 1409 941 1446 num.
977 1394 1336 1448 intolerabilis
1387 1411 1476 1450 res
1523 1398 1604 1452 eis
1636 1398 1745 1448 \iéu
1783 1401 1817 1426 "‘-
1851 1413 1956 1452 est.
1990 1410 2044 1454 et
2091 1401 2271 1455 IniSsis
2317 1401 2388 1455 le-

793 1487 932 1550 galis
980 1489 1260 1551 conquesti
1320 1500 1448 1542 sunt
1494 1491 1561 1543 de
1609 1503 1765 1558 nullo
1815 1493 2020 1546 findere
2077 1508 2139 1546 ac
2191 1495 2388 1546 violato

797 1586 954 1639 tizttltl
1011 1591 1074 1629 ex
1130 1588 1282 1646 parte
1335 1582 1632 1633 Saxonum.
1672 1583 1916 1636 Saxones
1968 1585 2289 1652 respondent
2328 1602 2388 1639 se

790 1666 1054 1720 hactenus
1085 1665 1262 1721 [indas
1297 1669 1683 1725 inviolabiliter
1709 1689 1992 1739 servasse;
2031 1685 2232 1728 terram
2262 1691 2386 1745 pro-

794 1761 916 1824 pio
943 1774 1076 1813 auro
1105 1776 1470 1829 comparatam
1495 1779 1618 1818 cmn
1663 1780 1796 1834 pace
1833 1767 1960 1821 velle
1992 1768 2260 1834 obtinere,
2293 1778 2385 1823 ant

789 1859 942 1903 certe
994 1853 1163 1904 armis
1220 1852 1534 1908 defendere.
1594 1854 1688 1910 llis
1744 1858 1980 1917 auditis.
2035 1859 2225 1913 incubo
2269 1860 2381 1931 jam

2492 662 2595 717 sub
2645 662 2890 718 clientela
2940 660 3311 716 Romanorum
3372 659 3540 714 multo
3593 671 3831 728 tempore
3878 658 4078 712 utiliter

2493 757 2711 822 degens,
2769 771 2798 810 a
2844 755 3037 810 vicinis
3087 754 3397 808 nationibus
3442 753 3790 822 inpugnatnr.
3841 767 3904 805 eo
3937 751 4077 820 quod

2494 847 2701 902 auxilio
2751 847 3120 903 llonianortttn
3178 847 3437 900 destituta
3495 845 3789 899 videretur.
3845 843 4077 913 Populus

2494 954 2728 1009 namque
2766 939 3062 1003 Romanus,
3116 937 3344 992 Martiali
3384 938 3710 1008 imperatore
3759 953 3784 988 a
3821 936 4078 989 militibus

2494 1033 2778 1088 inter-feeto
2829 1032 2963 1102 (89),
3015 1033 3256 1086 externis
3305 1029 3460 1085 bellis
3507 1029 3742 1100 graviter
3797 1027 4074 1098 fatigatus,

2493 1144 2599 1181 non
2637 1125 2937 1182 snllieiebat
2984 1124 3139 1180 solita
3191 1122 3390 1178 auxilia
3439 1122 3820 1176 administrare
3867 1119 4073 1174 amb-is.

2495 1220 2785 1274 Exstruclo
2813 1228 2990 1272 tamen
3022 1218 3224 1289 ingenti
3258 1231 3420 1286 opere
3449 1217 3513 1270 ad
3544 1216 3814 1270 munimen
3848 1214 4076 1283 regionis

2494 1310 2636 1364 inter
2674 1309 2907 1364 conﬁnia
2948 1324 2978 1362 a
3021 1311 3154 1363 mari
3206 1325 3378 1376 usque
3416 1310 3480 1361 .‘td
3528 1325 3696 1368 lllillL‘,
3739 1307 3823 1359 tibi
3868 1311 4074 1376 inpetus

2495 1402 2727 1456 bnstimn
2770 1401 3051 1453 videbatur
3078 1399 3211 1465 fore,
3250 1400 3626 1470 relinquebant
3667 1400 3938 1470 regionem
3971 1396 4072 1451 Ro-

2495 1494 2661 1546 mani.
2692 1491 2797 1547 Sed
2829 1491 2970 1545 hosti
3014 1490 3212 1550 acriori
3261 1500 3314 1543 ct
3362 1491 3428 1542 ad
3471 1490 3778 1542 bellandum
3806 1499 4070 1558 pronqito,

2493 1585 2581 1637 ubi
2624 1599 2757 1655 gens
2805 1582 2976 1638 mollis
3003 1592 3056 1638 et
3089 1582 3238 1653 pigta
3268 1581 3391 1636 belli
3429 1583 3647 1640 resistit,
3685 1582 3826 1634 nulla
3855 1581 4074 1634 tliliittsl-

2494 1685 2575 1730 tas
2603 1677 2653 1730 in
2685 1677 3012 1730 destruendo
3033 1688 3194 1744 opere
3217 1673 3334 1727 fuit.
3369 1673 3535 1744 Igitur
3561 1672 3699 1726 fama
3729 1673 3985 1741 prodente
4009 1671 4072 1725 de

2492 1770 2651 1824 rebus
2679 1784 2709 1822 a
2738 1767 3043 1822 Saxonibus
3087 1780 3345 1836 prospere
3391 1765 3578 1835 gestis,
3622 1763 3915 1833 supplicem
3947 1763 4070 1816 mit-

2494 1869 2613 1913 tunt
2659 1858 2983 1931 legationem
3010 1857 3077 1912 ad
3107 1872 3294 1911 eorum
3344 1855 3663 1925 postulanda
3711 1854 3906 1906 auxilia
3936 1852 4070 1922 (9H).

789 1938 1396 1997 maleiiceliantaurum
1428 1944 1784 2014 Saxonicnm,
1806 1957 1859 2002 et
1886 1965 2044 2018 quem
2074 1949 2234 2019 paulo
2261 1960 2385 2004 ante
2423 1941 2464 1998 Β
2497 1950 2557 2003 Et
2592 1949 2945 2020 procedentes
2992 1949 3150 2019 legati
3183 1965 3194 2001 :
3230 1947 3442 2017 Optimi.
3500 1947 3766 2014 inquiunt.
3816 1943 4069 2003 Saxones,

792 2034 999 2086 lolii-em
1047 2049 1169 2091 esse
1215 2037 1582 2105 praedicabant
1606 2041 1676 2097 δ”.
1733 2049 2009 2095 auctorem
2063 2043 2383 2112 perditionis

790 2141 901 2177 sua:
931 2124 973 2157 ³⁵
1001 2141 1221 2196 sumque
1257 2127 1491 2199 regionis
1521 2129 1781 2186 fatentur.
1811 2131 1893 2186 Ira
1926 2133 2118 2187 deinde
2145 2135 2380 2199 accensi,

790 2230 934 2266 ea:th
965 2228 1135 2271 marte
1165 2219 1284 2272 sine
1328 2221 1522 2277 ordine
1566 2231 1621 2276 et
1669 2224 1785 2278 sine
1817 2225 2044 2280 consilio
2093 2227 2384 2282 irruutitin

791 2315 1004 2366 castra;
1042 2310 1285 2366 Saxones
1316 2327 1442 2366 vero
1488 2314 1661 2382 parati
1694 2317 1879 2370 hostes
1925 2317 2201 2386 excipiunt
2245 2328 2383 2372 ster-

799 2414 1063 2473 nuntque,
1099 2416 1152 2460 et
1186 2405 1346 2461 rebus
1375 2423 1634 2478 prospere
1661 2409 1849 2479 gestis,
1878 2411 2123 2480 proxima
2155 2413 2384 2467 circum-

797 2509 942 2546 circa
979 2497 1092 2550 loca
1114 2493 1239 2560 jure
1270 2497 1395 2551 belli
1426 2499 1692 2553 obtinent.
1739 2499 1840 2554 Diti
1872 2502 2053 2571 itaque
2082 2503 2384 2572 crebroque

791 2602 913 2638 cum
973 2589 1040 2643 ab
1089 2589 1373 2644 alterutris
1426 2603 1720 2662 pugnatum
1782 2595 1958 2658 foret,
2018 2605 2072 2650 et
2123 2595 2383 2667 'l'lturingi

794 2683 1036 2734 Saxones
1066 2681 1168 2734 sibi
1199 2699 1506 2750 superiores
1560 2685 1674 2739 fore
1720 2697 2033 2753 pensarent.
2085 2704 2180 2758 per
2220 2689 2384 2743 inter-

796 2769 1017 2822 nuntios
1052 2773 1348 2839 postulant,
1405 2789 1663 2838 utrosque
1711 2777 1947 2830 inermes
1996 2779 2306 2842 convenire,
2335 2789 2389 2833 el.

794 2859 859 2912 de
909 2874 1040 2926 pace
1090 2862 1284 2916 iterum
1361 2877 1634 2930 tractare,
1687 2868 1938 2921 condicto
2005 2869 2120 2923 loco
2171 2870 2384 2938 dieque.

795 2949 1036 3004 Saxones
1072 2954 1354 3017 postulatis
1383 2969 1440 3007 se.
1466 2957 1711 3011 oboedire
1751 2957 1836 2990 “’-‘
1887 2962 2230 3028 respondent.
2258 2961 2388 3016 Erat

798 3048 976 3093 autem
1004 3039 1049 3071 ‘“
1103 3041 1210 3096 illis
1242 3043 1432 3099 diebus
1463 3046 1768 3102 Saxonibus
1797 3065 2113 3119 magnorum
2147 3052 2388 3106 cultello-

794 3146 912 3179 ιιηιιι
940 3146 1086 3191 usus,
1113 3134 1313 3201 quibus
1341 3151 1511 3206 usque
1538 3139 1694 3193 hodie
1719 3140 1874 3210 Angli
1901 3151 2147 3207 utuntur,
2177 3159 2383 3198 morem

795 3221 973 3287 gentis
1025 3233 1262 3292 antiqua:
1312 3235 1604 3280 sectantes.
1639 3227 1845 3294 Quibus
1891 3232 2088 3285 armati
2141 3231 2384 3288 Saxones

2489 2043 2667 2095 miseri
2693 2039 2859 2095 Bretti
2886 2041 2930 2073 ⁵¹
2966 2041 3159 2094 crebris
3185 2041 3412 2092 nostinnt
3444 2037 3831 2091 tttt‘ttrsionibtts
3866 2035 4072 2105 fatigati

2487 2143 2531 2187 et
2562 2133 2846 2186 admodum
2873 2134 3104 2194 contriti,
3141 2132 3335 2182 mittitis
3376 2131 3606 2182 victoriis
3639 2148 3667 2179 η
3704 2132 3837 2181 vobis
3875 2129 4066 2195 magni-

2487 2225 2583 2292 ﬁce
2611 2225 2856 2294 patratis,
2903 2227 3150 2278 miserunt
3185 2242 3273 2274 nos
3302 2236 3366 2274 at!
3407 2241 3506 2284 res.
3547 2221 3895 2284 Supplicumcs
3930 2232 3980 2272 nt
4009 2221 4068 2271 ab

2486 2321 2558 2372 eis
2590 2328 2755 2374 vestra
2783 2321 2986 2374 auxilia
3014 2321 3061 2352 ⁸³
3087 2336 3190 2371 non
3221 2318 3566 2371 subtrat’iatis.
3605 2315 3814 2368 Terram
3840 2317 3999 2367 latam
4025 2325 4068 2366 ct

2486 2415 2773 2479 spatiosum
2803 2424 2849 2466 et
2879 2412 3112 2466 omnium
3173 2429 3345 2464 rerum
3404 2426 3550 2476 coina
3604 2415 3845 2475 relertam
3899 2417 4072 2460 vestra:

2488 2507 2740 2558 mandant
2791 2505 2980 2559 ditioni
3034 2520 3236 2571 parere.
3287 2499 3396 2555 Sub
3431 2499 3784 2553 Romanorum
3824 2500 4071 2551 hactenus

2487 2595 2728 2649 clientela
2756 2612 2817 2648 ac
2855 2595 3015 2647 tutela
3047 2593 3334 2645 liberaliter
3368 2592 3626 2652 ruimus;
3664 2603 3774 2656 post
3803 2586 4068 2640 Romanos

2488 2689 2627 2743 vobis
2676 2687 2913 2740 meliores
2960 2687 3304 2756 ignoramus:
3359 2687 3476 2739 ideo
3521 2685 3615 2738 sub
3653 2698 3833 2739 t'estrie
3873 2682 4074 2734 rit-tutis

2487 2781 2603 2834 alus
2656 2781 2836 2852 fugere
2888 2782 3194 2851 qua‘rimus.
3256 2780 3441 2834 Vestra
3471 2784 3677 2845 virtute,
3709 2782 3888 2833 restris
3915 2776 4072 2830 armis

2487 2873 2724 2926 hostibus
2770 2882 2970 2926 tantum
3018 2873 3311 2940 superiores
3363 2875 3707 2932 inreniamur.
3754 2883 3799 2924 et
3829 2869 4072 2939 quicquid

2486 2963 2736 3032 inponitis
2759 2963 2981 3027 servitii,
3010 2962 3228 3015 libenter
3267 2965 3600 3016 snsineinus.
3648 2963 3838 3016 Pati-es
3869 2960 3932 3014 ad
3964 2960 4074 3013 btec

2488 3068 2656 3122 pauca
2716 3052 3087 3121 respondent:
3118 3051 3299 3107 Certos
3358 3056 3554 3107 amicos
3604 3052 3795 3106 Breuis
3840 3050 4072 3105 Saxones

2488 3145 2688 3209 sciatis,
2721 3153 2768 3197 et
2799 3161 2978 3196 eorum
3007 3145 3398 3198 necessitatibus
3430 3158 3582 3214 atque
3611 3144 3896 3197 commodis
3931 3158 4072 3210 aulae

2488 3253 2687 3304 semper
2710 3237 2993 3305 aﬁ'uturos.
3022 3235 3206 3306 Legati
3237 3237 3341 3291 buli
3375 3237 3651 3291 redierunt
3677 3237 3728 3290 in
3751 3236 3981 3304 patriam
4003 3241 4010 3258 ‘
4030 3235 4069 3294 ³,

795 3312 894 3363 sub
948 3312 1091 3382 sagis
1156 3315 1307 3378 suis,
1359 3318 1660 3383 procedunt
1721 3322 1917 3375 castris
1980 3333 2382 3393 occurruntqne
2414 3305 2453 3364 (λ
2490 3335 2746 3398 exoptato
2793 3327 2983 3381 nuntio
3030 3305 3205 3381 socios
3257 3327 3488 3381 laetiores
3536 3327 3838 3381 reddentes.
3875 3324 4074 3378 Deinde

799 3398 1092 3472 Tlioringis
1143 3407 1394 3460 condicto
1439 3409 1580 3462 loco.
1612 3409 1856 3480 Cumque
1902 3413 2151 3468 viderent
2199 3416 2384 3471 hostes

798 3493 900 3545 inet
919 3507 1049 3555 mes,
1081 3503 1137 3550 et
1161 3510 1353 3552 omnes
1401 3500 1673 3570 principes
1721 3501 2124 3575 Tliuringorum
2167 3506 2380 3570 adesse,

799 3598 1010 3656 tempus
1037 3591 1136 3645 rati
1188 3592 1352 3648 totius
1384 3595 1620 3664 regionis
1642 3596 1969 3663 obtinendze,
2000 3598 2230 3654 cultellis
2261 3600 2384 3656 abs-

798 3680 1025 3746 tractis,
1079 3697 1243 3753 super
1296 3684 1533 3741 inermes
1585 3698 1640 3742 et
1688 3689 1993 3760 ittprO¥iSOS
2064 3691 2275 3746 irrunnt
2329 3703 2384 3749 et

797 3787 986 3825 omnes
1017 3772 1268 3839 fundunt,
1304 3778 1376 3832 ita
1408 3789 1465 3833 ιιι
1494 3795 1564 3834 ne
1590 3796 1730 3837 unus
1757 3783 1975 3852 quidem
2001 3798 2066 3839 ex
2095 3785 2175 3840 eis
2203 3802 2388 3856 super-

799 3866 980 3916 taerit.
1027 3863 1273 3921 Saxones
1301 3868 1435 3923 clari
1483 3872 1740 3936 existere,
1770 3883 1826 3928 ct
1862 3875 2086 3929 nimium
2125 3887 2384 3932 terrorem

799 3955 992 4010 "i'lt'ltliS
1021 3959 1272 4028 gentibus
1301 3961 1547 4018 incutere
1576 3976 1882 4034 eruperunt.

877 4047 928 4099 ‘7.
973 4046 1215 4104 Fuerunt
1253 4063 1432 4107 autem
1463 4065 1517 4109 et
1541 4057 1630 4124 qui
1661 4057 1759 4111 hoe
1791 4059 2031 4115 facinore
2056 4077 2250 4117 nomen
2282 4063 2385 4117 illis

803 4137 1033 4192 inditum
1075 4142 1294 4198 tradant
1317 4144 1382 4198 ⁸⁷.
1415 4143 1627 4202 Cultelli
1657 4149 1800 4204 enim
1831 4163 2015 4206 nostra
2049 4153 2226 4223 lingua
2260 4157 2386 4210 salis

801 4237 913 4303 (ὃὸ)
955 4236 1223 4303 dicuntur,
1277 4240 1502 4310 ide0que
1556 4243 1797 4301 Saxones
1850 4259 2217 4317 nuncupatos,
2261 4251 2384 4320 quia

800 4325 1030 4383 cultellis
1062 4337 1264 4384 tantam
1295 4333 1690 4390 multitudinem
1729 4337 2010 4394 fndis‘sent.
2066 4364 2067 4367 η
2334 4338 2341 4344 ’

873 4418 924 4470 8.
971 4419 1104 4473 llum
1135 4437 1196 4476 ea
1225 4437 1488 4492 geruntur
1521 4432 1565 4460 ⁸⁵
1602 4431 1741 4497 apud
1774 4431 2065 4486 Saxoniam
2097 4437 2139 4473 ιε
2162 4449 2283 4503 qua:
2312 4435 2384 4488 ita

803 4510 961 4565 modo
1005 4513 1272 4570 vocitatur
1320 4521 1616 4587 regionem,
1669 4521 1964 4577 Ui'ittaitttia
2003 4525 2068 4587 ⁸⁸,
2107 4539 2134 4576 8
2185 4524 2385 4594 Vespa-

2493 3420 2792 3490 promissus
2825 3420 2876 3474 in
2908 3419 3268 3474 Brittanniam
3321 3420 3364 3450 '“
3413 3419 3645 3474 mittitur
3688 3418 3982 3482 exercitus,
4021 3433 4076 3470 et

2491 3524 2770 3586 gratanter
2807 3515 2875 3570 ab
2923 3515 3114 3571 amicis
3158 3525 3463 3586 susceptus,
3501 3515 3555 3568 iti
3592 3515 3737 3569 brevi
3763 3512 3959 3568 liberat
3993 3526 4074 3565 rc-

2492 3606 2706 3673 gionem
2738 3621 2767 3659 a
2798 3604 3116 3667 latronibus,
3153 3608 3440 3660 restituens
3470 3605 3700 3674 patriam
3730 3602 3938 3658 incolis.
3972 3599 4074 3656 Ne-

2493 3713 2597 3766 que
2625 3697 2768 3752 enim
2795 3698 2846 3751 iti
2875 3697 2932 3752 id
2961 3697 3168 3768 agendo
3198 3697 3419 3752 multum
3470 3697 3672 3752 laboris
3711 3695 3832 3759 fuit,
3877 3695 4074 3766 quippe

2491 3791 2580 3860 qni
2602 3790 2712 3860 jam
2751 3789 2880 3844 olim
2923 3789 3105 3842 audita
3155 3789 3295 3843 fama
3328 3790 3601 3845 Saxonum
3634 3787 3863 3860 perculsi
3895 3799 4069 3841 terre-

2493 3885 2711 3946 bantur,
2755 3883 3044 3937 dummodo
3089 3888 3374 3952 prtescntia
3427 3898 3613 3938 eorum
3647 3883 3831 3953 procul
3864 3882 4066 3951 pellun-

2495 3987 2596 4030 tur.
2629 3975 2796 4029 Erant
2824 3977 2967 4029 enim
3012 3977 3092 4029 lue
3134 3986 3320 4044 gentes
3365 3977 3563 4032 Brettis
3613 3975 3870 4038 adversm,
3902 3973 4071 4028 Sentti

2491 4079 2545 4121 et
2575 4067 2724 4122 Pebti
2753 4069 2823 4129 ³⁵,
2852 4069 3116 4123 adversus
3145 4084 3281 4139 quos
3313 4069 3605 4123 militantes
3637 4067 3894 4123 Saxones.
3935 4067 4075 4120 aet-i-

2495 4159 2764 4227 piebanta
2794 4159 2991 4214 Breuis
3020 4160 3198 4212 omnia
3251 4159 3316 4211 ad
3367 4175 3520 4212 usuin
3571 4159 3893 4213 necessaria.
3933 4155 4072 4208 Man-

2496 4262 2682 4307 sciunt
2713 4254 2891 4322 itaque
2921 4253 3077 4306 inilla
3103 4255 3322 4323 regione
3350 4253 3628 4321 aliquanto
3653 4260 3910 4319 tempore,
3932 4249 4077 4303 vic:i~

2496 4345 2571 4396 ria
2609 4344 2912 4398 Brettorum
2939 4345 3073 4398 bene
3103 4346 3182 4398 usi
3215 4343 3474 4396 amicitia.
3507 4342 3573 4397 [ξι
3611 4353 3790 4394 autem
3827 4340 4077 4392 viderunt

2495 4437 3270 4504 print-ipcscxercitusterram
3294 4435 3454 4488 latam
3481 4435 3782 4488 acl'ertilem
3803 4442 3851 4485 et
3885 4430 4016 4484 inrol
4061 4462 4077 4469 .-

2497 4545 2613 4581 rtnn
2640 4544 2830 4583 matius
2847 4528 2912 4583 ad
2937 4528 3241 4583 bellandum
3261 4531 3456 4598 t‘iigras,
3473 4543 3530 4582 se
3555 4543 3679 4581 vero
3705 4541 3766 4580 ac
3787 4525 4071 4581 niaximoo

2113 4708 2344 4763 VARle
2383 4708 2786 4766 LECTIONES.

909 4851 913 4861 '
953 4849 1229 4908 cmpernnt
1275 4843 1571 4896 amicorum
1623 4845 1711 4898 alii
1744 4844 1796 4897 5.

802 4911 1051 4962 i'3t'niiztttl
1089 4926 1206 4965 esse
1229 4912 1284 4975 9.,
1361 4915 1408 4944 ³⁵
1443 4917 1580 4967 deest
1611 4916 1662 4969 ὖ.

957 4980 1002 5011 ⁵⁸
1042 4980 1310 5036 brilannia
1339 4986 1372 5039 5
1406 5003 1625 5050 semper,

802 5052 1028 5109 patriam
1059 5053 1331 5108 redierunt
1354 5056 1418 5109 Δ.

799 5134 908 5185 ριν-ι
960 5123 1147 5187 scotti;
1201 5127 1358 5181 scotti
1414 5138 1466 5182 et
1511 5128 1677 5196 pelitti
1726 5130 1804 5186 A:
1842 5128 2015 5182 scboti
2052 5129 2215 5198 peliiti
2245 5127 2297 5181 5.

1742 4915 1837 4946 δ”*
1880 4914 1965 4969 Ita
2006 4932 2071 4970 ea:
2117 4917 2135 4968 l
2171 4919 2356 4985 recepi.

1895 4846 1936 4875 “
1980 4854 2237 4900 secuntur
2261 4847 2324 4899 A.
2356 4863 2577 4912 semper.

2461 4918 2478 4942 ⁸
2508 4918 2644 4969 deest
2670 4917 2723 4970 5.

1727 4988 1770 5017 δ’
1807 4987 1955 5040 britti
1982 4989 2045 5040 A.
2074 4999 2247 5044 postea
2300 5004 2414 5039 rero
2462 4989 2537 5040 br.
2564 4989 2652 5044 tri;
2682 4989 2715 5043 5
2741 5006 2942 5055 semper
2969 4991 3155 5045 braeti.

1497 5058 1540 5086 ⁵³
1576 5057 1886 5130 brittaniam
1926 5059 1968 5111 Ι.
2007 5128 2014 5130 _
2048 5058 2094 5088 ⁵⁵
2121 5060 2291 5130 seiitbi
2325 5068 2378 5112 et
2408 5060 2584 5127 pecliti
2619 5060 2664 5124 l,
2693 5073 2872 5127 postea
2902 5079 3016 5115 vero
3053 5063 3210 5117 scotti
3241 5075 3293 5116 et
3332 5063 3511 5130 peltti:
3543 5063 3674 5116 scoti
3711 5071 3764 5113 et
3797 5059 3961 5128 pelliti
3999 5056 4031 5108 2
4063 5099 4073 5118 ,

3136 4848 3179 4880 ⁵⁸
3223 4867 3307 4904 res
3339 4851 3447 4904 visa
3483 4861 3559 4903 est
3593 4850 3670 4904 eis
3698 4852 3728 4904 Ξ
3850 4847 3894 4876 δ”
3936 4861 4072 4912 pra:-

3195 4923 3241 4953 ³⁸
3271 4923 3395 4972 (ΠΜ.
3425 4933 3541 4989 qua:
3569 4920 3618 4972 ‘3.
3699 4934 3715 4952 ⁸
3767 4919 4074 4989 εεὶκοιιῄμιμιι

3265 4993 3308 5021 ⁵³
3350 4987 3547 5045 auxilia
3577 5001 3749 5045 vestra
3782 4989 3830 5042 '2.
3934 4987 3981 5019 ”
4022 4987 4069 5036 in

2682 4848 2726 4876 ³³
2768 4847 2951 4902 videre
2979 4850 3030 4904 3.

2799 4919 2843 4950 "7
2884 4919 3022 4974 deest
3054 4923 3117 4973 Α.

2340 5261 2475 5316 ΝΟΤ
2484 5262 2545 5314 .~li
2559 5303 2570 5314 .

878 5369 1107 5447 t88l__{3f.
1142 5368 1423 5447 ﬁculnum
1456 5371 1592 5447 llist.
1628 5373 1835 5428 Briton.
1874 5391 1992 5446 cap.
2022 5376 2110 5430 48.
2155 5375 2388 5428 Scliaten
2424 5375 2470 5434 D
2500 5386 2747 5442 peratore
2781 5379 2831 5447 in
2861 5375 3139 5431 Britannia
3180 5379 3370 5431 electo.
3408 5379 3565 5445 paulo
3601 5389 3712 5447 post
3750 5393 3876 5430 vero
3908 5381 4046 5431 inter

805 5443 940 5515 ibit.
978 5441 1274 5515 Westphal.
1337 5443 1445 5515 (ed.
1482 5441 1566 5510 ll).
1619 5459 1738 5514 pag.
1774 5447 1876 5501 119
1904 5465 1915 5498 :
1944 5441 1968 5496 ’‹
2000 5448 2158 5508 Usus,
2195 5447 2386 5515 inquit,

807 5513 961 5570 lt-aitts
1015 5513 1161 5566 vocis
1210 5512 1496 5567 bodiedum
1551 5515 1602 5567 iii
1651 5512 2386 5578 Saterlandiaobtineta'pud

2501 5448 2531 5498 t1
2555 5460 2640 5499 cto
2673 5450 2764 5508 (ei.
2799 5446 3046 5502 Zosimus
3072 5465 3144 5510 γι,
3177 5448 3232 5515 2)
3263 5451 3528 5516 cogitasse
3558 5446 3848 5502 verisimile
3873 5465 3974 5503 est.
4009 5481 4059 5489 —

2497 5520 2629 5570 (lunt
2663 5520 2749 5573 ltic
2789 5520 2855 5573 de
2897 5519 3273 5573 traditionibus
3315 5529 3524 5578 agatur.
3559 5519 3812 5572 Marciani
3848 5521 4047 5578 impera
