4466 5578
843 460 938 517 131

1867 448 2236 516 WIDUKINDI
2277 445 2717 505 CORBEIENSIS
2753 445 3058 500 MONACIH

3992 451 4092 505 15?.

842 575 1038 638 cnnda;
1067 573 1222 627 tertia
1249 586 1376 627 vero
1396 571 1485 625 die
1519 571 1690 623 victus
1718 567 2055 622 lrmiufridus
2077 566 2238 621 cessit
2260 563 2422 617 Thia-
2451 568 2495 624 Α
2526 562 2571 613 ei
2604 569 2783 613 essent
2813 561 2864 613 in
2903 561 2970 591 ¹⁰⁵
2998 561 3198 613 auxilio
3229 580 3238 613 :
3273 562 3314 614 si
3351 562 3566 631 quidem
3594 564 3876 619 vincerent
3900 565 4093 621 lrniino

843 667 1030 726 drico,
1084 673 1140 718 et
1191 663 1400 731 fugiens
1433 663 1645 715 tandem
1686 674 1742 713 se
1786 659 1994 727 recepit
2043 672 2164 711 cum
2213 654 2421 721 reliquo

843 756 1099 809 comitatu
1132 754 1183 806 in
1216 753 1350 806 urbe
1374 752 1418 783 "
1452 766 1570 819 qum
1594 750 1640 780 ⁸⁸
1670 750 1865 802 dicitur
1907 746 2172 815 Scithiugi
2198 743 2242 775 ⁸⁸
2274 742 2419 811 (99),

843 848 946 901 sila
980 860 1140 914 super
1167 842 1386 896 ﬂuvium
1418 841 1557 909 quod
1584 839 1629 871 ’°
1657 839 1853 891 dicitur
1878 836 2145 891 Unstrode
2166 834 2235 888 ⁹¹.
2263 835 2424 888 Thia-

844 936 1026 989 dricns
1057 942 1261 994 autem,
1294 930 1633 1000 congregatis
1674 926 1900 981 ducibus
1926 941 1989 979 ac
2018 925 2247 978 militum
2276 928 2424 994 prin-

844 1024 1055 1093 cipibus
1078 1064 1090 1088 ,
1120 1022 1389 1076 exercitus
1437 1020 1517 1072 sui
1551 1026 1701 1087 rogat
1733 1016 2054 1069 sententiam
2074 1055 2088 1081 ,
2113 1024 2421 1069 utrumnam

845 1123 1133 1168 censerent
1174 1110 1535 1165 lrmiul‘ridum
1574 1108 2038 1178 persequendum,
2087 1122 2152 1159 an
2195 1107 2421 1175 patriam

846 1203 1220 1257 remeandum.
1276 1200 1419 1254 luter
1465 1210 1599 1267 quos
1652 1196 1959 1250 Waldricus
1997 1197 2041 1228 "
2101 1195 2419 1249 consultus:

846 1292 1040 1344 Censeo
1072 1331 1087 1355 ,
1122 1289 1326 1357 inquit,
1373 1304 1531 1340 causa
1566 1301 1725 1340 ca'sos
1766 1284 2081 1354 sepeliendi,
2131 1284 2424 1337 vulneratos

849 1383 1381 1450 rnrandi,majorem
1434 1381 1714 1433 exercitum
1765 1378 2149 1447 congregandi,
2201 1378 2423 1445 patriam

849 1473 1220 1533 remeandum;
1271 1485 1432 1538 neque
1475 1468 1607 1521 enim
1663 1467 1925 1530 arbitror,
1980 1466 2159 1518 multis
2214 1467 2424 1519 milibus

849 1572 1055 1612 tuorum
1100 1561 1329 1623 amissis,
1379 1559 1608 1628 suﬁicere
1654 1573 1748 1610 nos
1775 1573 1923 1625 posse
1964 1558 2032 1609 ad
2076 1558 2424 1626 peragendum

847 1668 1073 1721 prtesens
1102 1652 1313 1705 bellant.
1364 1649 1425 1703 Si
1456 1651 1592 1703 enim
1616 1649 1852 1702 barbara:
1874 1648 2113 1701 nationes
2138 1649 2425 1701 innumera:

847 1745 899 1795 in
928 1758 1022 1796 nos
1067 1752 1384 1810 consurgunt
1418 1740 1483 1805 ⁸³,
1528 1741 1708 1792 multis
1760 1748 2055 1791 nostrorum
2107 1737 2421 1801 debilitatis,

847 1850 938 1902 per
966 1849 1093 1903 quos
1126 1833 1285 1885 vincis
1308 1831 1393 1883 “7
1423 1830 1553 1883 Erat
1580 1837 1760 1883 autem
1792 1828 2082 1883 Thiadrico
2110 1842 2299 1882 servus
2334 1842 2423 1882 sa-

2526 650 2721 703 l'ridum
2754 650 3048 719 urbemque
3073 660 3350 719 caperent,
3389 663 3588 707 terram
3617 656 3694 707 eis
3717 656 3767 707 in
3798 658 4093 724 possessio-

2525 758 2646 796 nem
2670 752 2926 796 {sternam
2960 744 3215 796 traderet.
3249 743 3491 798 Saxones
3514 746 3683 798 nichil
3710 748 3967 811 cunctati,
3999 764 4094 800 no-

2525 850 2644 889 vem
2678 836 2838 889 duces
2868 850 2992 888 cum
3038 834 3261 904 singulis
3308 835 3521 889 milibus
3551 836 3777 889 militum
3823 839 4094 893 destinare

2527 942 2629 979 non
2654 926 2918 979 dubitant.
2952 926 3015 979 Et
3040 927 3447 997 ingressiduces
3471 928 3522 981 in
3551 937 3727 982 castra
3758 930 3947 997 singuli
3971 947 4092 984 cum

2526 1017 2771 1071 centenis
2800 1017 3090 1081 militibus,
3121 1017 3325 1086 reliqua
3370 1019 3706 1071 multitudine
3735 1028 3889 1072 extra
3917 1031 4093 1075 castra

2526 1106 2787 1169 dimissa,
2861 1106 3097 1159 salutant
3175 1108 3518 1160 Thiadricum
3582 1108 3763 1163 verbis
3830 1110 4093 1178 pacificis.

2525 1196 2679 1264 Quod
2702 1197 2769 1229 ¹⁰⁶
2795 1213 2915 1252 cum
2935 1198 3252 1254 Thiadricus
3279 1201 3501 1255 hilarior
3522 1203 3868 1271 suscepisset,
3892 1204 4098 1257 dextris

2527 1289 2667 1341 datis
2697 1298 2749 1342 et
2776 1292 3046 1358 acceptis,
3092 1292 3301 1360 copiam
3328 1292 3455 1345 viris
3500 1290 3646 1345 fandi
3690 1294 3979 1347 concessit.
4030 1298 4100 1347 At

2530 1376 2599 1428 illi
2627 1391 2641 1428 :
2676 1374 2929 1446 Populus,
2958 1379 3135 1437 aiunt.
3165 1379 3434 1433 Saxonum
3460 1382 3551 1433 tibi
3568 1382 3782 1433 devotus
3809 1392 3855 1435 et
3884 1384 3984 1436 tuis
4006 1401 4099 1451 pa-

2528 1482 2645 1518 rens
2675 1466 2923 1533 imperiis,
2953 1468 3093 1521 misit
3119 1485 3210 1521 nos
3238 1470 3307 1521 ad
3329 1479 3409 1535 te;
3440 1480 3486 1522 et
3510 1487 3623 1523 ecce
3645 1488 3907 1536 assumus,
3925 1474 4099 1541 parati

2527 1557 2596 1608 ad
2626 1572 2776 1609 omne
2803 1557 3160 1625 quodcumque
3188 1559 3251 1589 ¹⁰⁷
3285 1560 3378 1612 tibi
3402 1559 3470 1591 ¹⁰⁸
3494 1562 3730 1613 voluntas
3753 1564 4059 1631 suggesserit
4081 1603 4095 1625 ,

2526 1647 2729 1714 parati,
2774 1657 2827 1698 ut
2856 1658 2944 1699 aut
2969 1648 3137 1702 hostes
3163 1658 3277 1702 tuos
3302 1651 3596 1713 vincamus,
3637 1661 3727 1703 aut
3752 1692 3765 1716 ,
3799 1654 3843 1705 si
3884 1652 4098 1721 fortuna

2528 1738 2673 1789 aliud
2691 1737 2929 1805 jusserit,
2956 1756 3049 1805 pro
3079 1750 3126 1792 te
3157 1742 3477 1805 moriamur;
3506 1742 3666 1793 aliam
3706 1744 3839 1795 enim
3886 1760 4099 1796 causam

2529 1828 2725 1879 nullam
2754 1826 3048 1882 Saxonibus
3077 1846 3186 1883 esse
3210 1846 3367 1894 scias,
3393 1833 3493 1885 nisi
3525 1833 3590 1863 ¹⁰⁹
3613 1834 3813 1885 vincere
3840 1833 3987 1896 velle,
4010 1844 4098 1885 aut

850 1923 920 1975 tis
947 1922 1284 1991 ingeniosus,
1334 1920 1490 1989 cujus
1512 1918 1798 1973 consilium
1838 1928 2091 1986 expertus
2120 1928 2203 1972 est
2229 1918 2425 1987 smpius
2460 1908 2500 1967 Β
2530 1928 2663 1971 certe
2694 1920 2859 1971 vivere
2890 1919 3062 1983 nolle;
3094 1937 3255 1990 neque
3277 1924 3411 1973 enim
3443 1923 3663 1991 gratiam
3696 1922 3946 1990 majorem
3970 1924 4102 1974 ami-

849 2010 1113 2079 probum,
1161 2011 1319 2079 eique
1375 2018 1662 2079 propterea
1703 2008 1933 2076 quadam
1980 2007 2351 2061 familiaritate
2380 2007 2426 2037 "

849 2100 1189 2169 conjunctus.
1222 2098 1319 2154 llic
1358 2110 1578 2170 rogatus
1606 2099 1930 2153 sententiam
1955 2099 2086 2152 dare
2112 2116 2127 2151 :
2161 2099 2225 2151 In
2255 2099 2424 2161 rebus,

852 2192 1057 2262 inquit,
1110 2193 1339 2244 honestis
1389 2191 1793 2258 pulcherrimam
1841 2205 2038 2257 semper
2067 2206 2175 2242 esse
2203 2190 2428 2241 arbitror

848 2278 1285 2346 perseverantiam
1308 2316 1322 2340 ,
1366 2293 1523 2346 quam
1559 2277 1632 2327 ita
1662 2275 1931 2326 coluerunt
1977 2275 2201 2343 majores
2232 2276 2425 2338 nostri,

852 2379 908 2419 ut
936 2370 1158 2437 acceptis
1184 2368 1231 2400 ⁹⁸
1258 2368 1473 2436 negotiis
1500 2382 1620 2417 raro
1649 2364 1724 2418 vel
1750 2380 2033 2432 numquam
2056 2364 2329 2431 deﬁcerent
2359 2366 2427 2427 9";

852 2474 943 2510 nec
965 2467 1139 2511 tamen
1166 2458 1369 2511 labores
1394 2468 1595 2510 nostros
1619 2472 1797 2510 eorum
1817 2454 2100 2524 a’quandos
2115 2454 2427 2523 putaverim,

852 2553 942 2621 qui
989 2553 1163 2621 parvis
1194 2553 1355 2621 copiis
1405 2558 1636 2621 ingentes
1679 2552 1908 2621 gentium
1940 2552 2116 2619 capias
2156 2564 2430 2617 superave-

858 2650 981 2694 runt
1008 2641 1073 2693 ’⁸.
1107 2640 1262 2694 Nunc
1291 2652 1427 2694 terra
1451 2644 1503 2693 in
1526 2652 1702 2695 nostra
1724 2652 1796 2695 est
1817 2643 1859 2673 ⁹⁹
1884 2651 2153 2710 potestate,
2175 2650 2221 2691 et
2248 2640 2433 2691 disces-

852 2733 998 2786 sione
1028 2745 1206 2786 nostra
1245 2735 1388 2788 victis
1414 2736 1737 2787 occasionem
1769 2736 2002 2789 vincendi
2034 2733 2433 2803 prwstabfmus?

854 2821 1201 2892 Amplecterer
1224 2832 1273 2876 et
1300 2826 1407 2892 ipse
1434 2826 1662 2892 patriant
1694 2825 1881 2884 redire,
1918 2823 2235 2892 familiarem
2260 2840 2432 2876 neces-

850 2913 1129 2966 situdinem
1158 2914 1348 2978 videre,
1394 2916 1436 2966 si
1465 2915 1661 2967 hostem
1692 2925 1926 2967 nostrum
1962 2931 2020 2967 eo
2046 2917 2215 2984 spatio
2242 2915 2429 2967 scirem

854 3006 959 3056 otio
992 3020 1197 3057 vacare.
1231 3003 1333 3058 Sed
1366 3007 1624 3059 vulnerati
1651 3009 1815 3059 nostri
1842 3007 2063 3074 forsitan
2092 3008 2189 3059 hac
2219 3024 2272 3060 re
2295 3006 2430 3059 indi—

854 3102 990 3161 gent.
1018 3092 1321 3146 Castrorum
1355 3105 1460 3147 esto
1488 3095 1657 3159 labor;
1688 3096 1903 3163 inpigris
1928 3096 2137 3159 animis,
2168 3112 2303 3160 reor,
2338 3113 2430 3162 pro

852 3185 1083 3237 maxima
1101 3184 1356 3253 voluptate
1379 3197 1473 3238 est.
1500 3184 1639 3255 Ergo
1663 3203 1796 3240 ca’sa
1822 3187 2153 3239 multitudine
2176 3189 2430 3240 exercitus

855 3284 930 3328 est
984 3275 1306 3329 vehementer
1357 3286 1674 3330 attenuatus.
1736 3278 1987 3331 Hostesne
2037 3294 2210 3330 omnes
2254 3295 2427 3331 evase-

855 3374 974 3416 runt
1003 3364 1109 3416 '°°?
1155 3374 1289 3417 certe
1338 3368 1637 3419 rarissimus
1667 3366 1768 3430 m;
1820 3367 1926 3435 ipse
1977 3383 2196 3436 namque
2242 3369 2350 3419 dux
2374 3378 2428 3419 ut

849 3453 1090 3521 qutedam
1125 3453 1336 3506 bestiola
1360 3471 1455 3506 suo
1486 3456 1720 3507 munitur
1741 3455 1963 3508 latibulo
1988 3496 2002 3519 ,
2032 3457 2173 3509 urbis
2207 3458 2429 3508 circum-

850 3548 1011 3597 datur
1037 3545 1267 3598 claustro
1286 3585 1300 3609 ,
1340 3562 1431 3597 nec
1463 3547 1631 3613 ipsum
1664 3546 1850 3599 caelum
1874 3563 2052 3599 secure
2079 3548 2231 3599 audet
2263 3549 2424 3615 inspi-

852 3652 987 3700 cere,
1020 3650 1193 3688 nostro
1223 3645 1436 3703 cogente
1461 3637 1667 3689 timore.
1710 3638 1815 3689 Sed
1856 3653 1957 3689 non
1981 3637 2164 3690 desunt
2193 3638 2238 3689 ei
2273 3652 2426 3705 pecu-

852 3728 973 3787 niw,
1006 3727 1192 3795 quibus
1216 3724 1580 3777 conducuntur
1608 3726 1844 3779 nationes
1871 3726 2131 3791 barbarie;
2161 3743 2261 3779 non
2286 3727 2426 3778 deest

852 3817 1073 3869 militum
1108 3834 1293 3869 manus
1314 3858 1328 3880 ,
1357 3817 1472 3870 licet
1502 3818 1663 3870 lassa.
1690 3818 1820 3882 Qua:
1842 3828 2014 3872 tamen
2040 3820 2217 3873 omnia
2238 3820 2304 3849 ¹⁰¹
2336 3836 2424 3872 n0-

853 3920 963 3962 stra
991 3910 1222 3962 absentia
1247 3910 1683 3979 redintegrantur.
1710 3909 2024 3963 Inderorum
2047 3921 2117 3963 est
2135 3912 2427 3975 victoribus,

853 4002 998 4053 victis
1024 4002 1261 4054 vincendi
1286 4001 1455 4053 locum
1480 4002 1625 4053 dare.
1675 4001 1817 4054 Num
1845 4003 2063 4071 singulis
2090 4004 2299 4058 urbibus
2329 4006 2429 4057 ad-

854 4090 1205 4141 ministranda
1252 4092 1532 4159 suﬂicimus
1564 4090 1628 4119 ¹⁰³
1678 4091 1964 4159 pra'sidia?
2020 4090 2084 4142 Et
2126 4108 2211 4145 eas
2254 4108 2429 4145 omnes

850 4180 1137 4248 perdimus,
1165 4181 1287 4232 dum
1313 4182 1449 4233 intus
1470 4192 1517 4234 et
1542 4182 1789 4235 redimus.
1819 4182 1943 4237 lltec
1965 4197 2029 4237 eo
2052 4194 2429 4252 prosequente,

856 4275 1059 4343 placuit
1089 4274 1375 4330 'l‘hiadrico
1403 4277 1757 4346 omnibusque
1778 4279 1942 4347 gloria
1963 4279 2030 4311 ¹⁰³
2060 4281 2295 4336 victoria?
2326 4284 2433 4335 avi-

856 4366 972 4428 dis,
1020 4380 1239 4420 manere
1268 4367 1319 4420 in
1357 4368 1555 4422 castris
1584 4380 1638 4423 et
1682 4350 1894 4425 mittere
1926 4372 1990 4425 ad
2039 4371 2306 4437 Saxones,
2339 4378 2429 4444 qui

848 4455 960 4525 jam
993 4458 1121 4512 olim
1143 4467 1297 4513 erant
1320 4458 1614 4530 Thuringis
1637 4464 1885 4519 acerrimi
1917 4464 2100 4520 hostes
2121 4506 2136 4530 ,
2175 4469 2431 4537 quatinus

2528 2007 2601 2059 cis
2634 2008 2872 2061 exhibere
2895 2024 3190 2076 possumus,
3223 2026 3378 2078 quam
3432 2020 3485 2062 ut
3512 2027 3603 2079 pro
3632 2010 3701 2062 eis
3732 2020 3947 2063 mortem
3973 2026 4097 2062 con-

2529 2106 2877 2165 tempnamus;
2921 2109 2968 2151 et
3016 2108 3070 2150 ut
3101 2100 3196 2151 hoc
3247 2102 3595 2167 experimento
3628 2100 3833 2162 discas,
3887 2103 4099 2153 omnino

2529 2190 2905 2243 desideramus.
2971 2190 3079 2245 lllis
3124 2192 3237 2245 lucc
3302 2192 3682 2260 loquentibus,
3740 2191 3921 2245 mirati
3975 2202 4104 2246 sunt

2530 2279 2724 2334 Franci
2771 2290 3089 2348 praastantes
3125 2296 3348 2351 corpore
3379 2292 3433 2337 et
3476 2284 3658 2336 animo
3705 2282 3881 2347 viros;
3920 2283 4102 2337 mirati

2531 2380 2655 2423 sunt
2685 2373 2699 2389 ‘
2734 2379 2788 2424 et
2818 2387 3016 2427 novum
3065 2373 3303 2426 habitum
3330 2412 3344 2436 ,
3376 2387 3523 2425 arma
3550 2386 3761 2440 quoque
3788 2381 3842 2426 et
3881 2370 4103 2426 diffusos

2532 2461 2778 2530 scapulas
2829 2462 3051 2516 caesarie
3079 2462 3167 2525 “°,
3211 2472 3265 2515 et
3291 2463 3353 2493 ¹¹¹
3399 2477 3555 2531 supra
3605 2462 3785 2515 omnia
3833 2463 4100 2532 ingentem

2533 2552 2695 2605 animi
2727 2552 3105 2606 constantiam.
3142 2551 3274 2604 Nam
3307 2552 3484 2605 vestiti
3516 2550 3873 2620 erantsagis,
3916 2561 3972 2603 et
4015 2565 4104 2603 ar-

2532 2638 2667 2694 m'ati
2698 2641 2873 2710 longis
2900 2642 3123 2704 lanceis,
3154 2651 3203 2693 et
3230 2642 3440 2695 subnixi
3465 2640 3679 2693 stabant
3705 2640 3886 2709 parvis
3914 2640 4100 2702 scutis,

2535 2732 2793 2786 habentes
2837 2733 2902 2785 ad
2951 2748 3107 2786 renes
3135 2732 3379 2786 cultellos
3423 2747 3665 2802 magnos.
3719 2731 3888 2784 Erant
3938 2733 4104 2785 etiam

2534 2821 2623 2889 qui
2657 2822 2897 2875 dicerent
2951 2824 3213 2875 tantis-ac
3246 2822 3438 2875 talibus
3480 2822 3667 2875 amicis
3715 2821 3953 2876 Francos
4000 2836 4105 2875 non

2535 2912 2799 2979 indigere;
2854 2912 3168 2965 indomitum
3221 2926 3388 2979 genus
3433 2913 3707 2965 hominum
3754 2911 3899 2975 fore,
3957 2921 4011 2965 et
4060 2914 4103 2965 si

2536 3012 2847 3068 praesentem
2882 3011 3079 3055 terram
3132 3001 3531 3065 inhabitarent,
3578 3016 3671 3053 eos
3717 3002 3903 3068 procul
3943 3002 4105 3055 duluo

2533 3106 2670 3153 esse,
2705 3092 2791 3157 qui
2823 3090 3151 3143 Francorum
3182 3092 3464 3159 imperium
3497 3092 3822 3159 quandoque
3854 3093 4103 3145 destrue-

2540 3190 2676 3234 rent.
2706 3180 3025 3234 Thiatlricus
3061 3196 3223 3245 vero,
3269 3183 3498 3250 pr0priis
3538 3183 3857 3236 utilitatibus
3912 3198 4106 3236 consu—

2459 3253 2501 3311 (Σ
2536 3270 2669 3332 lens,
2700 3271 2933 3338 suscepit
2959 3270 3010 3321 in
3060 3271 3163 3323 lide
3194 3272 3355 3334 viros,
3389 3272 3718 3325 demandans
3742 3285 3799 3324 ut
3838 3274 3903 3325 ad
3933 3275 4104 3342 obpu-

2533 3361 2797 3425 gnandum
2822 3360 3005 3413 urbem
3032 3369 3395 3429 prmparentur
3419 3363 3501 3412 ¹¹².
3540 3360 3614 3413 Illi
3645 3377 3673 3413 a
3700 3376 3823 3431 rege
3854 3365 4103 3431 regressi,

2532 3459 2709 3503 castra
2742 3450 2925 3502 ntetati
2966 3459 3091 3503 sunt
3127 3451 3193 3502 ad
3232 3450 3577 3503 meridianam
3623 3452 3828 3520 plagam
3858 3452 3924 3481 ¹¹³
3960 3454 4106 3506 urbis

2533 3542 2583 3594 in
2614 3542 2779 3609 pratis
2810 3542 2969 3595 ﬂuvio
3004 3542 3296 3611 contiguis;
3329 3552 3380 3595 et
3404 3558 3615 3610 pOStera
3649 3546 3732 3597 die
3778 3545 3950 3613 prima
3988 3546 4106 3598 lucc

2532 3635 3069 3703 surgentes,sumptis
3084 3634 3267 3697 armis,
3282 3635 3592 3703 obpugnant
3608 3635 3937 3704 “‘oppidum
3958 3638 4104 3706 (100)

2535 3725 2951 3793 incenduntque.
2990 3725 3157 3794 Capto
3184 3727 3377 3794 Oppido
3406 3736 3459 3779 et
3482 3727 3729 3789 incenso,
3757 3729 3925 3781 aciem
3955 3729 4103 3782 ordi-

2534 3827 2662 3870 nant
2689 3831 2753 3870 ex
2800 3818 3026 3870 adverso
3066 3826 3232 3886 porta:
3258 3819 3324 3847 ¹¹³
3365 3818 3660 3871 orientalis.
3713 3818 3891 3871 Clausi
3940 3821 4107 3872 nutris

2534 3911 2658 3961 dum
2692 3908 2836 3961 acies
2866 3908 3046 3960 vident
3071 3909 3376 3972 ordinatas,
3424 3924 3485 3962 ac
3515 3925 3572 3963 se
3603 3910 3653 3962 in
3687 3911 3886 3963 ultimis
3915 3911 3980 3941 ¹¹⁶
4012 3926 4107 3963 ne-

2533 4000 2880 4053 cessitatibus
2920 4000 3273 4061 constitutos,
3321 4001 3579 4053 audacter
3611 4010 3901 4069 erumpunt
3938 3993 4107 4068 portis

2534 4108 2781 4163 caecoque
2808 4092 2989 4147 furore
3018 4094 3227 4145 irruunt
3254 4093 3304 4144 in
3330 4092 3685 4154 adversarios,
3721 4104 3775 4145 et
3806 4093 3923 4144 telis
3944 4094 4107 4145 cmis~

2536 4185 2629 4249 sis,
2660 4185 2851 4252 gladiis
2874 4185 3097 4253 proinde
3124 4197 3207 4236 res
3236 4183 3431 4250 agitur.
3455 4180 3696 4249 Cumque
3716 4198 3877 4250 grave
3908 4183 4105 4235 bellum

2534 4277 2791 4341 oriretur,
2815 4274 2994 4344 plures
3016 4274 3159 4335 hinc,
3184 4273 3363 4342 plures
3386 4273 3508 4327 inde
3539 4285 3870 4337 sternuntur;
3899 4276 4015 4329 istis
4038 4276 4102 4305 ¹¹⁷

2537 4382 2634 4436 pro
2664 4368 2859 4436 patria,
2893 4381 2988 4435 pro
3012 4367 3271 4420 uxoribus
3300 4381 3362 4420 ac
3390 4366 3456 4395 ¹¹⁸
3487 4369 3627 4420 natis
3648 4407 3661 4431 ,
3705 4378 3977 4435 postremo
4008 4387 4107 4440 pro

2537 4460 2650 4527 ipsa
2689 4458 2797 4510 vita
2829 4457 3206 4526 pugnantibus,
3238 4455 3541 4511 Saxonibus
3570 4472 3692 4512 vero
3717 4471 3814 4528 pro
3858 4459 4028 4527 gloria
4053 4471 4109 4515 et

2213 4623 2448 4681 VARle
2488 4619 2892 4681 LECTIONES.

920 4731 965 4763 ⁸⁷
998 4730 1185 4785 urbem
1224 4731 1277 4784 5.

856 4804 939 4857 die
969 4802 1017 4855 1.
1068 4804 1286 4855 unstrod
1314 4801 1367 4854 2.
1418 4803 1677 4857 nnstruod
1724 4805 1776 4858 5.

853 4874 1149 4927 innumerae
1183 4871 1236 4924 2.
1334 4871 1383 4905 ⁸³
1422 4874 1604 4927 vinces
1640 4874 1691 4926 5.

851 4944 903 4995 1.
946 4956 1264 5009 superavere
1299 4943 1352 4996 5.
1455 4944 1500 4973 θ’
1530 4945 1688 4997 estin
1724 4957 1905 4999 nostra
1935 4947 1987 4998 2.

854 5013 924 5044 ὀδ
964 5012 1145 5079 glorite
1185 5011 1253 5084 5._
1281 5081 1292 5084 _
1326 5012 1396 5042 ’θ’
1433 5014 1571 5066 deest
1596 5014 1648 5066 5.
1728 5015 1795 5044 ¹⁰⁶
1850 5032 1986 5084 Quos
2040 5018 2109 5071 Α.

855 5091 910 5134 et
935 5097 1128 5133 novum
1172 5081 1410 5134 habitum
1451 5084 1627 5136 mirati
1668 5085 1865 5138 sunt2.

850 5153 1073 5204 caesarie
1096 5152 1160 5203 A.
1180 5150 1448 5222 idiﬂnsam
1479 5154 1710 5222 scapulis
1738 5158 2013 5210 cmsariem
2045 5158 2097 5211 6.

852 5230 1130 5290 pungnant
1170 5221 1220 5273 1.
1302 5223 1369 5253 ¹⁸⁵
1408 5238 1473 5276 ex
1514 5226 1740 5279 adversa
1782 5238 1933 5295 parte
1970 5229 2034 5280 A.

1851 4806 1895 4837 ⁹²
1925 4808 2244 4863 waldericus
2279 4811 2333 4862 2.
2357 4806 2420 4864 ’5.

1355 4732 1400 4764 ⁸⁸
1429 4733 1517 4801 qui
1558 4735 1609 4787 1.
1664 4734 1977 4809 _'°_scidiugi
2014 4737 2096 4809 A;
2144 4739 2415 4809 scithinge
2446 4741 2500 4794 5.
2537 4737 2840 4808 schidingin
2875 4734 2928 4787 2.
2962 4734 3237 4809 schidinga
3280 4732 3330 4787 6.
3364 4804 3373 4809 _
3404 4734 3449 4767 ὀ
3478 4736 3564 4809 qui
3596 4736 3648 4787 2.
3685 4734 3735 4788 5.

1768 4876 1815 4908 "
1853 4879 2084 4948 Quadam
2127 4879 2255 4932 lam.
2296 4890 2579 4948 propterea
2620 4878 2673 4931 2.

2074 4948 2142 4979 ¹⁰⁰
2170 4965 2392 5003 evasere
2414 4951 2464 5002 5.

2186 5018 2253 5050 “’7
2291 5021 2430 5088 quod
2470 5020 2522 5071 2.

1943 5088 2009 5118 “°
2042 5088 2121 5141 Ita
2155 5090 2205 5142 1.
2244 5084 2325 5157 ρι’.
2368 5106 2528 5141 manu
2568 5099 2613 5139 et
2655 5087 2706 5139 5.
2751 5085 2970 5138 dill'usas
3010 5085 3059 5136 1.
3097 5099 3200 5135 sec.
3240 5099 3399 5135 manu
3435 5095 3478 5135 et
3518 5084 3571 5136 2.
3610 5085 3833 5139 diffusos
3870 5088 4106 5155 scapulis

1943 5174 2013 5209 3m
2045 5158 2097 5209 6.
2181 5159 2245 5190 ¹¹¹
2289 5168 2344 5209 et
2382 5172 2439 5209 ιιι
2479 5174 2524 5209 s.
2572 5159 2620 5209 1.
2702 5159 2766 5187 ¹¹²
2804 5166 2855 5207 et
2890 5163 3258 5209 praeparentur
3289 5152 3340 5205 2.
3378 5157 3438 5205 Α.
3519 5157 3584 5185 ’⁸³
3618 5158 3755 5209 deest
3781 5156 3833 5208 5.
3916 5157 3979 5187 ἰδ
4010 5174 4106 5209 οι)-

2382 5175 2439 5211 Ill.
2479 5175 2524 5211 S.
2572 5175 2620 5211 1.

2181 5168 2245 5190 ¹¹¹
2289 5168 2344 5212 et
2382 5172 2439 5211 ut
2479 5174 2524 5211 s.
2572 5168 2620 5211 1.
2702 5168 2766 5187 ¹¹¹
2804 5168 2855 5207 et
2889 5169 3165 5223 przeparen

2114 5230 2181 5261 ¹¹⁶
2220 5230 2497 5283 ordinatos
2530 5244 2593 5282 ac
2632 5242 2689 5282 se
2728 5225 3081 5280 multitudinis
3123 5224 3169 5275 1.

3815 4736 3857 4768 ⁹¹
3894 4744 4108 4792 unstre-

2518 4811 2565 4844 ⁸³
2608 4804 2936 4876 consurgant
2970 4808 3033 4858 Α.
3072 4805 3125 4877 2.
3258 4804 3511 4877 inatioues
3554 4807 3602 4857 in
3644 4821 3737 4858 nos
3777 4822 4107 4877 consurgant

2751 4872 2864 4929 “'a
2895 4874 3098 4942 ceptis?
3148 4872 3210 4944 7”
3237 4873 3487 4927 deﬁceret
3514 4878 3559 4928 1.
3642 4878 3688 4908 ⁸⁸
3730 4872 4106 4944 superaverint

3118 4943 3183 4973 ¹⁰²
3225 4944 3363 4995 deest
3408 4945 3455 4996 1.
3534 4946 3601 4978 ¹⁰³
3642 4943 4012 5001 suliiceremus
4050 4950 4101 5002 1.

3254 5013 3320 5045 ¹⁰⁰
3355 5014 3405 5066 ni
3446 5015 3509 5066 Α.
3583 5020 3599 5037 ’
3643 5033 3711 5068 m.
3754 5032 3801 5069 s.
3835 5019 4020 5070 desunt
4049 5019 4103 5071 5.

2546 4950 2609 4980 ¹⁰¹
2654 4949 2949 5000 rarismnus
2990 4946 3041 4997 1.

2600 5018 2666 5048 ²⁰⁸
2706 5017 2952 5069 voluntas
2992 5013 3084 5066 tibi
3124 5014 3176 5065 ὅ.

2702 5159 2766 5187 ¹¹²
2804 5166 2855 5207 et
2889 5163 3258 5223 praeparentur
3289 5152 3340 5205 2.
3378 5157 3438 5205 Α.
3519 5157 3584 5185 ’⁸³
3618 5158 3755 5209 deest
3781 5156 3833 5208 5.

3916 5157 3979 5187 in
4010 5174 4106 5227 ορ,

3250 5224 3314 5253 ¹¹⁷
3356 5224 3458 5277 illis
3492 5224 3544 5277 2.
3589 5226 3640 5279 6.

3732 5224 3799 5256 ¹¹⁸
3835 5235 3888 5279 et
3923 5227 3974 5279 2.

2342 5404 2572 5461 ΝΟΤκΕ.

861 5523 969 5554 ..ςιιη
1026 5521 1155 5554 has-4|
1187 5527 1236 5554 al
1267 5518 1484 5554 ιιῖηειῖιιῖιι
1526 5521 1592 5554 λιι
1624 5519 1942 5554 ηηηιυιινιηιη

1973 5521 2114 5554 inlnr
2144 5522 2420 5554 mnu-:rnnm
2457 5538 2499 5554 ἡ
2533 5522 2713 5554 δην-ἴλη
2745 5535 2870 5554 nunc
2900 5521 3066 5554 vit-Iino
3098 5536 3265 5554 alanna
3296 5521 3358 5554 nil
3385 5520 3622 5554 ῐῖιιοινηιιι
3652 5522 3867 5554 "nido-nm
3896 5523 4081 5554 Γ-ιηιιΙΛη
