4466 5578
348 414 447 473 153

1370 416 1498 470 RES
1537 412 1784 469 CESTI
1826 410 2209 466 SAXONICA‘I.
2256 448 2313 453 η
2352 413 2472 469 LIB.
2517 415 2556 469 l.

3481 420 3581 476 133

345 546 442 600 pro
491 540 633 583 terra
686 529 1012 599 adqulrends
1070 528 1418 585 certantibus.
1480 527 1750 582 Attollitur
1800 524 1905 579 ela-
1936 545 1980 603 Α
2012 534 2243 591 oporteat
2275 527 2381 578 sine
2422 527 2558 578 ludis
2590 542 2738 594 agere
2795 526 3119 595 Quapropter
3152 532 3401 585 consulite
3444 537 3519 587 rot
3537 537 3581 587 is

347 635 462 674 mor
492 619 560 651 ¹¹⁹
588 620 822 673 virorum
864 622 1091 674 invicem
1138 621 1568 681 esliortantium,
1606 619 1785 686 fragor
1824 633 1907 671 ara

346 726 553 765 morum
596 719 651 763 et
678 711 907 781 gemitus
941 711 1282 764 morientium
1307 750 1321 773 ,
1363 711 1560 777 talique
1602 708 1909 776 spectaculo

344 811 453 855 tota
506 803 621 856 dies
656 804 743 855 illa
794 802 1043 855 trahitur.
1094 802 1337 871 Cumque
1382 801 1579 869 ubique
1612 799 1681 829 ¹¹⁰
1733 799 1913 851 [ierint

346 893 550 958 credes,
599 894 795 963 ubique
845 893 1077 947 ululatus
1133 901 1187 946 et
1234 901 1421 946 neuter
1446 892 1511 921 "‘
1557 904 1745 959 agmen
1794 888 1911 941 loco

345 984 619 1047 cessisset,
642 983 754 1051 jam
783 984 987 1037 tardior
1025 985 1154 1037 liora
1198 982 1436 1052 praelium
1464 982 1695 1035 diremit.
1732 980 1806 1034 Eo
1827 980 1914 1034 die

346 1088 412 1128 ex
445 1073 736 1144 Thuringis
760 1073 909 1127 multi
942 1072 1233 1136 interfecti,
1262 1071 1413 1126 multi
1439 1071 1686 1133 sauciati;
1720 1070 1784 1124 de
1816 1068 1914 1124 Sa-

344 1166 578 1221 xonibus
608 1179 738 1220 vero
769 1166 1036 1219 numerati
1064 1164 1128 1193 ¹⁸¹
1154 1175 1279 1218 sunt
1309 1178 1399 1217 sex
1431 1163 1574 1216 milia
1615 1177 1772 1216 ca-sa.

413 1325 504 1381 10.
561 1325 792 1380 Mittitur
820 1324 979 1393 igitur
1005 1321 1149 1391 lring
1194 1321 1260 1376 ab
1304 1318 1607 1374 lrminfrido
1637 1333 1757 1372 cum
1790 1330 1916 1385 sup-

342 1421 465 1489 plici
492 1418 761 1488 legatione
787 1426 841 1471 et
865 1416 1114 1470 omnibus
1143 1416 1253 1470 suis
1278 1406 1542 1469 thesauris
1571 1414 1636 1467 ad
1670 1412 1914 1466 Thiadri-

343 1526 465 1566 cum
497 1524 595 1580 pro
627 1522 755 1578 pace
793 1522 857 1560 ac
886 1516 1183 1576 spontanca
1225 1505 1511 1559 deditione.
1546 1503 1611 1556 Et
1655 1502 1915 1555 accedens

344 1600 484 1667 lring
530 1599 643 1652 haec
672 1597 785 1649 ait:
820 1594 961 1649 Misit
993 1594 1083 1646 tibi
1104 1594 1366 1663 quondam
1405 1604 1523 1645 tuus
1566 1594 1911 1660 propinquus,

343 1689 496 1741 modo
526 1702 725 1751 servus,
755 1696 807 1738 ut
838 1685 905 1716 ¹¹³
927 1684 971 1737 si
998 1700 1099 1737 non
1128 1685 1209 1737 sui
1237 1683 1552 1745 miserearis,
1594 1684 1793 1734 ntisera’
1814 1678 1916 1733 sal-

342 1786 437 1828 tem
462 1784 567 1828 tua:
593 1775 656 1805 ηδ
674 1775 867 1828 sororis
894 1773 1208 1835 miserearis,
1239 1783 1475 1841 nepotum
1490 1787 1688 1841 quoque
1707 1781 1915 1822 tuorum

2012 615 2166 681 ipsis,
2195 624 2241 667 et
2267 615 2388 684 fuga
2414 615 2631 667 salutem
2660 619 2897 683 qua’rite.
2946 617 3089 671 Saxo
3120 621 3299 672 statim
3329 623 3581 675 amittens

2013 703 2355 768 accipitrem,
2398 703 2559 756 sociis
2608 703 2877 757 rctulit'”
2909 719 3026 772 qua:
3058 708 3281 760 audivit.
3330 708 3405 761 Illi
3449 712 3582 763 satis

2012 792 2283 855 commoti,
2308 792 2360 845 in
2390 802 2637 862 promptu
2663 793 2730 824 ¹⁶⁰
2758 808 2861 848 non
2888 793 3229 849 inveniebant
3251 798 3377 867 quid
3423 814 3582 869 super

2013 882 2114 936 lioc
2150 897 2307 951 agere
2330 883 2661 937 debuissent.

2084 975 2170 1028 11.
2204 975 2331 1029 Erat
2358 984 2536 1029 autem
2568 985 2694 1032 tunc
2736 978 2787 1031 in
2815 979 3010 1033 castris
3035 980 3251 1048 quidam
3276 980 3340 1035 de
3372 989 3582 1036 vetera-

2014 1064 2099 1116 nis
2126 1062 2385 1120 militibus
2412 1066 2477 1096 '“
2506 1066 2617 1135 jam
2642 1068 2843 1132 senior,
2875 1070 2967 1124 sed
2996 1071 3154 1123 viridi
3184 1080 3463 1127 senectute
3493 1075 3584 1126 ad-

2016 1160 2125 1214 huc
2155 1162 2356 1230 vigens.
2387 1161 2475 1229 qui
2507 1162 2701 1215 merito
2736 1162 2996 1217 bonarum
3026 1165 3285 1218 virtutum
3309 1177 3461 1234 pater
3491 1182 3584 1234 pa-

2014 1259 2154 1305 trum
2178 1252 2473 1315 dicebatur,
2492 1253 2985 1323 nomincllathagat
3007 1255 3178 1325 (101).
3198 1254 3294 1310 ilic
3322 1257 3586 1326 arripiens

2015 1342 2225 1409 signum
2267 1344 2409 1410 quod
2462 1343 2602 1411 apud
2654 1358 2747 1397 eos
2777 1343 3074 1397 habebatur
3118 1359 3360 1407 sacrum,
3419 1346 3586 1400 leonis

2016 1442 2176 1500 atque
2237 1433 2486 1486 draconis
2537 1443 2590 1485 et
2648 1436 2880 1502 desuper
2934 1436 3127 1504 aquila!
3176 1437 3402 1491 volantis
3460 1438 3588 1490 insi-

2014 1524 2219 1591 gnitum
2276 1524 2449 1594 etligie
2478 1524 2581 1589 ³⁵⁸⁸,
2637 1541 2744 1595 quo
2795 1536 3096 1581 ostentaret
3136 1526 3464 1581 fortitudinis
3504 1536 3587 1581 at-

2015 1630 2119 1684 que
2158 1616 2454 1683 prudentia:
2502 1626 2554 1669 et
2594 1632 2778 1669 carum
2831 1632 3010 1671 rerum
3059 1617 3377 1680 eiiicatiam,
3415 1628 3470 1672 et
3519 1618 3588 1649 ⁸⁵³

2017 1714 2161 1757 motu
2247 1707 2491 1773 corporis
2574 1707 2735 1760 animi
2819 1709 3176 1761 constantiam
3262 1709 3587 1773 declarans,

2016 1798 2134 1848 ait:
2178 1794 2294 1849 Huc
2344 1812 2504 1864 usque
2548 1798 2681 1849 inter
2721 1798 2938 1865 optimos
2982 1796 3213 1851 Saxones
3263 1800 3389 1861 vixi,
3446 1810 3491 1853 et
3519 1801 3588 1853 ad

340 1870 395 1920 in
428 1866 617 1919 ultima
643 1866 941 1918 necessitate
972 1865 1391 1955 constitutorum.
1438 1862 1571 1916 Dum
1614 1864 1725 1916 hate
1758 1861 1913 1915 Iaeri-
1943 1893 1985 1951 Β
2014 1886 2146 1937 hanc
2179 1883 2286 1951 fere
2314 1861 2552 1937 “Inquam
2591 1861 2900 1939 “nedum”!
2930 1896 3057 1939 (mu
3088 1904 3167 1941 me
3213 1889 3487 1955 perduxit,
3540 1900 3590 1943 η

341 1972 499 2011 maus
522 1957 591 1988 ¹¹³
612 1956 868 2019 dixisset,
902 1954 1261 2023 interpellatio
1292 1954 1593 2023 principum
1626 1968 1758 2006 auro
1787 1967 1908 2005 eor-

342 2055 621 2116 ruptnrnm
645 2045 861 2114 adjecit,
886 2044 1010 2113 quia
1036 2046 1232 2101 decens
1252 2046 1387 2100 foret
1411 2045 1701 2099 clementia
1726 2044 1911 2115 regali,

342 2153 448 2206 quo
482 2137 638 2192 talem
684 2135 1129 2205 supplicationem
1165 2151 1269 2188 non
1319 2144 1632 2205 Sperneret,
1671 2148 1912 2187 commu-

340 2230 489 2282 nium
519 2241 732 2297 quoque
762 2236 1177 2281 naturae-rerum
1207 2240 1310 2280 non
1345 2225 1772 2287 oblivisceretur,
1811 2223 1913 2275 uti-

341 2320 552 2388 liusque
582 2327 729 2373 esset
756 2318 843 2381 "°,
876 2332 998 2372 eum
1047 2317 1099 2370 in
1135 2316 1239 2370 ﬁde
1267 2316 1573 2384 suscipere,
1618 2328 1775 2384 quem
1802 2311 1910 2379 jam

340 2418 653 2479 superatum
695 2408 919 2462 haberet
950 2417 1167 2476 tamque
1196 2407 1259 2436 ¹¹⁷
1290 2406 1582 2461 contritum
1604 2443 1617 2467 ,
1663 2411 1721 2456 ut
1758 2418 1912 2455 num-

342 2514 504 2569 quam
537 2513 596 2553 se
624 2507 815 2552 contra
841 2512 962 2551 eum
994 2497 1163 2568 possit
1190 2496 1388 2561 levare,
1406 2511 1566 2566 quam
1594 2494 1718 2549 illud
1746 2508 1913 2561 genus

341 2590 617 2643 hominum
651 2586 977 2641 indomabile
1014 2596 1068 2640 et
1099 2588 1165 2641 ad
1193 2601 1406 2640 omnem
1450 2584 1685 2638 laborem
1716 2583 1912 2653 perdu-

346 2681 537 2744 rabile,
571 2694 599 2732 a
624 2694 732 2748 quo
755 2678 920 2733 nichil
943 2687 1250 2747 expectaret
1277 2678 1604 2732 Francorum
1632 2675 1911 2744 imperium

339 2771 442 2825 nisi
479 2771 653 2825 solum
695 2770 1008 2840 periculum.
1056 2770 1113 2823 ln
1157 2779 1375 2838 peracto
1405 2769 1472 2799 ’³³
1522 2784 1735 2837 quoque
1776 2766 1913 2821 bello

337 2864 683 2918 considerare
710 2873 908 2934 posset,
933 2877 1091 2931 quam
1116 2862 1234 2915 duri
1261 2861 1326 2891 “9
1351 2869 1405 2915 et
1435 2859 1825 2928 insuperabiles
1842 2857 1911 2890 ¹³⁰

338 2954 634 3008 existerent
656 2952 927 3018 Saxones,
968 2953 1192 3022 ideoque
1222 2952 1412 3007 melius
1441 2967 1560 3007 esse
1582 2992 1598 3016 ,
1640 2959 1698 3004 ut
1727 2964 1910 3004 susce-

336 3044 443 3112 ptis
464 3042 755 3113 Tlmringis
778 3043 978 3111 pariter
1000 3056 1092 3096 eos
1113 3042 1369 3112 ejicerent
1392 3043 1457 3097 de
1481 3042 1674 3096 ﬁnibus
1695 3040 1806 3094 suis
1825 3040 1911 3093 ¹³¹.

337 3133 434 3189 llis
462 3135 641 3199 dictis,
666 3134 791 3189 licet
821 3134 1041 3197 invitus,
1085 3132 1318 3188 ﬂectitur
1359 3143 1536 3188 tamen
1569 3133 1908 3195 'l'liiadricus,

2016 1992 2278 2043 nunquam
2308 1974 2542 2029 Saxones
2584 1993 2723 2030 meos
2750 1978 2816 2008 ‘“
2857 1977 3034 2047 fugere
3061 1979 3203 2042 vidi;
3245 1990 3292 2032 et
3332 1983 3589 2049 quomodo

2015 2082 2149 2117 nunc
2183 2065 2247 2097 ¹⁸⁵
2290 2081 2446 2134 cogor
2467 2082 2618 2135 agere
2652 2068 2789 2134 quod
2838 2083 3099 2134 nunquam
3132 2068 3333 2121 didici?
3380 2068 3590 2123 Certare

2014 2159 2140 2220 scio,
2166 2158 2342 2226 fugere
2366 2158 2569 2226 ignoro,
2598 2174 2688 2209 nec
2715 2157 2887 2221 valeo;
2914 2159 2957 2211 si
2985 2159 3094 2225 fata
3121 2175 3222 2211 non
3247 2160 3425 2213 sinunt
3450 2160 3591 2213 ultra

2014 2246 2198 2307 vivere,
2256 2245 2405 2298 liceat
2457 2248 2659 2306 saltem,
2699 2246 2837 2314 quod
2884 2246 3039 2298 michi
3087 2248 3446 2301 dulcissimum
3491 2262 3585 2309 est,

2016 2350 2134 2387 eum
2185 2337 2366 2389 amicis
2418 2334 2737 2388 occumbere.
2772 2332 3009 2404 Exempli
3052 2337 3120 2371 Μ
3161 2338 3315 2389 michi
3363 2348 3590 2406 paterna:

2015 2426 2214 2478 virtutis
2240 2427 2304 2456 "‘7
2338 2435 2455 2478 sunt
2484 2426 2772 2477 amicorum
2796 2442 3011 2495 corpora
3035 2426 3172 2479 circa
3197 2443 3287 2479 nos
3307 2437 3587 2496 prostrata,

2012 2514 2100 2582 qui
2137 2514 2430 2568 maluerunt
2460 2515 2527 2547 “9
2556 2514 2688 2567 mori
2732 2530 2889 2584 quam
2918 2515 3071 2579 vinci,
3118 2516 3349 2585 inpigras
3388 2519 3590 2571 animas

2014 2605 2246 2657 amittere
2291 2620 2447 2672 quam
2489 2620 2665 2657 coram
2716 2605 2937 2657 inimicis
2982 2604 3093 2657 loco
3145 2608 3340 2659 cedere.
3391 2606 3495 2661 Sed
3521 2607 3589 2642 ’δ’

2012 2695 2136 2761 quid
2182 2711 2382 2748 necesse
2426 2696 2589 2748 habeo
2650 2695 3061 2749 exhortationem
3120 2700 3421 2766 protrahere
3468 2709 3588 2752 tan-

2014 2788 2173 2854 tisper
2214 2786 2277 2838 de
2303 2796 2593 2853 contemptu
2623 2784 2801 2838 mortis
2827 2786 2850 2837 ?
2875 2786 3006 2839 Ecce
3047 2788 3114 2838 ad
3139 2804 3345 2841 securos
3379 2789 3589 2851 ib'mus,

2014 2874 2082 2925 ad
2113 2874 2303 2926 eadem
2346 2883 2572 2938 tantum,
2625 2891 2729 2927 non
2780 2874 2848 2925 ad
2900 2892 3161 2944 pugnam;
3214 2894 3334 2929 nam
3374 2878 3437 2931 de
3472 2895 3595 2947 pro-

2014 2961 2172 3014 missa
2211 2978 2336 3030 pace
2367 2978 2428 3014 ac
2454 2972 2628 3019 nostro
2651 2963 2793 3031 gravi
2834 2962 3043 3015 vulnere
3074 2964 3231 3016 nichil
3262 2967 3595 3033 suspicantur

2014 3054 2215 3108 adversi
2241 3070 2257 3117 ;
2292 3054 2540 3106 hodierno
2575 3070 2777 3122 quoque
2798 3053 2976 3122 prwlio
2998 3052 3230 3123 fatigati,
3259 3057 3590 3125 quemadmo-

2014 3144 2137 3196 dum
2183 3152 2302 3197 sunt
2351 3143 2461 3195 sine
2494 3152 2650 3205 metu,
2697 3143 2806 3195 sine
2853 3143 3042 3211 vigiliis
3084 3154 3130 3196 et
3173 3145 3326 3198 solita
3356 3146 3594 3198 custodia

336 3225 693 3294 promisitque
716 3232 928 3293 postera
970 3222 1056 3277 die
1091 3237 1347 3293 generum
1373 3238 1528 3279 suum
1554 3238 1613 3278 se
1637 3224 1704 3254 ‘“
1730 3237 1908 3278 susce-
1938 3229 1980 3290 C
2013 3250 2096 3285 ma

1824 3229 1980 3290 ce'C
2013 3242 2241 3285 manent.
2300 3231 2577 3286 Irruamus
2626 3232 2693 3263 "°
2750 3234 2914 3302 igitur
2968 3250 3123 3301 super
3180 3235 3484 3302 improvisos
3539 3246 3586 3289 et

335 3324 556 3383 plurum
588 3313 939 3381 Saxonesque
969 3311 1324 3381 abjecturum.
1370 3312 1464 3367 llis
1495 3314 1722 3378 auditis,
1769 3312 1911 3383 lring

336 3403 579 3472 vestigiis
607 3403 967 3473 prosternitur
998 3403 1139 3472 regis
1159 3442 1173 3467 ,
1216 3402 1559 3471 laudavitque
1587 3403 1909 3457 sententiam

334 3493 637 3548 clementiae
665 3492 964 3562 imperialis
985 3534 998 3557 ,
1035 3502 1088 3547 et
1113 3494 1278 3549 misso
1311 3493 1375 3547 ad
1418 3495 1694 3549 dominum
1724 3503 1909 3566 Optato

336 3586 562 3651 nuntio,
610 3585 791 3639 laetum
825 3600 947 3640 cum
995 3600 1319 3655 omnemque
1363 3587 1551 3641 urbem
1584 3588 1911 3643 securiorem

338 3675 603 3740 reddidit,
645 3676 953 3744 mansitque
984 3675 1099 3745 ipse
1123 3674 1190 3706 ³³³
1222 3676 1273 3729 in
1305 3676 1532 3739 castris,
1565 3691 1631 3730 ne
1665 3677 1791 3745 quid
1820 3677 1911 3731 ad-

339 3768 482 3823 versi
514 3784 622 3823 nox
650 3769 765 3838 ipsa
791 3767 1089 3821 moliretur.
1132 3766 1341 3821 Interea
1371 3770 1501 3821 urbe
1542 3782 1606 3822 ex
1632 3782 1765 3837 pace
1792 3782 1915 3837 pro-

339 3859 506 3915 missa
541 3859 817 3915 securiore
858 3858 1100 3922 reddita,
1148 3872 1396 3927 egressus
1426 3866 1508 3912 est
1550 3858 1765 3927 quidam
1792 3872 1914 3912 cum

341 3949 624 4019 accipitre,
649 3950 852 4003 victum
878 3949 1170 4017 quaeritans
1208 3963 1367 4018 supra
1399 3948 1526 4002 litus
1555 3947 1698 4001 ﬂuvii
1727 3962 1916 4018 supra-

340 4040 493 4093 dicti.
524 4039 734 4093 Emisso
754 4037 823 4070 m
855 4051 986 4091 vero
1014 4037 1253 4103 volucre,
1278 4037 1496 4107 quidam
1523 4052 1589 4092 ex
1614 4036 1916 4091 Saxonibus

339 4129 396 4186 in
418 4130 671 4185 ulteriore
693 4129 807 4200 ripa
832 4120 957 4185 ilico
983 4144 1103 4183 eum
1125 4129 1194 4161 ’³⁸
1208 4128 1914 4201 suscepit.Quorogante‘“,

342 4231 401 4272 ut
432 4220 820 4282 remitteretur,
849 4217 993 4271 Saxo
1020 4217 1149 4273 dare
1176 4218 1410 4288 negavit.
1444 4216 1532 4271 Ille
1557 4227 1737 4271 autem
1762 4233 1775 4270 :
1807 4216 1915 4283 Da,

342 4309 545 4379 inquit,
591 4320 639 4362 et
690 4318 945 4363 secretum
992 4309 1084 4361 tibi
1127 4308 1381 4378 sociisque
1406 4307 1471 4339 ¹³⁷
1509 4308 1635 4361 utile
1679 4308 1917 4377 prodam.

342 4399 484 4455 Saxo
513 4410 735 4456 econtra
763 4416 775 4453 :
810 4398 910 4453 Dic
929 4439 943 4465 ,
972 4407 1028 4452 ut
1062 4400 1285 4467 accipias
1314 4399 1450 4468 quod
1476 4400 1687 4467 quieris.
1734 4398 1917 4469 Reges,

341 4492 515 4563 inquit
538 4532 552 4552 .
605 4494 744 4545 inter
767 4507 822 4545 se
847 4507 975 4560 pace
999 4490 1139 4560 facta
1181 4491 1442 4544 decretum
1478 4500 1684 4555 tenent,
1729 4491 1776 4546 si
1805 4508 1920 4544 cras

2012 3341 2193 3378 somno
2226 3324 2488 3395 sepultos;
2544 3341 2730 3394 parum
2778 3325 2972 3379 laboris
3028 3326 3138 3379 est.’
3177 3326 3466 3396 Sequimini
3514 3345 3596 3382 me

2012 3414 2217 3477 ducem,
2251 3422 2299 3466 et
2328 3415 2424 3467 hoc
2454 3430 2643 3467 canum
2672 3426 2823 3483 caput
2854 3433 3021 3470 meum
3048 3419 3190 3471 nobis
3215 3419 3390 3482 trado,
3420 3420 3465 3472 si
3494 3437 3593 3473 non

2016 3505 2239 3558 evenerit
2279 3504 2417 3574 quod
2447 3504 2582 3558 dico.
2614 3503 2937 3576 llliusigitur
2964 3507 3180 3575 optimis
3200 3508 3377 3561 verbis
3407 3511 3592 3572 erecti,

2014 3596 2157 3664 quod
2198 3604 2477 3665 supererat
2524 3596 2627 3649 diei
2680 3595 2732 3650 in
2777 3597 3080 3652 reﬁciendis
3125 3599 3235 3652 suis
3282 3599 3595 3667 corporibus

2015 3686 2416 3754 sxpendebant;
2440 3685 2632 3739 deinde
2656 3686 2825 3756 prima
2860 3688 3038 3757 vigilia
3070 3688 3241 3742 noctis
3267 3689 3391 3742 dato
3415 3689 3592 3755 signo,

2014 3790 2118 3845 qua
2149 3776 2283 3830 solet
2318 3791 2479 3845 sopor
2510 3778 2727 3846 gravior
2749 3791 3013 3846 occupare
3044 3778 3298 3832 mortales
3318 3819 3331 3842 ,
3362 3778 3590 3846 sumptis

2016 3866 2200 3931 armis,
2230 3867 2569 3935 praecedente
2597 3866 2755 3932 duce,
2786 3867 2997 3920 irruunt
3020 3882 3180 3936 super
3209 3883 3409 3931 muros,
3442 3868 3592 3921 inve-

2014 3958 2327 4027 nientesque
2342 3959 2461 4012 sine
2488 3959 2687 4028 vigiliis
2708 3975 2769 4013 ac
2791 3960 3071 4025 custodiis,
3098 3962 3322 4031 ingrcssi
3356 3970 3477 4015 sunt
3495 3977 3583 4013 ur-

2015 4049 2136 4103 bem
2182 4064 2303 4104 cum
2345 4050 2586 4104 clamore
2624 4051 2821 4104 valido.
2859 4050 2975 4116 Quo
3020 4052 3239 4105 excitati
3280 4051 3594 4113 adversarii,

2016 4140 2104 4193 alii
2162 4140 2284 4211 fuga
2325 4140 2556 4195 salutem
2602 4142 2953 4210 qumsierunt,
2998 4142 3085 4195 alii
3144 4158 3239 4212 per
3292 4143 3493 4210 plateas
3543 4150 3597 4193 ct

2016 4246 2198 4285 muros
2242 4231 2391 4286 urbis
2436 4240 2494 4284 ut
2546 4230 2684 4284 ebrii
2723 4240 3075 4295 erraverunt,
3124 4231 3212 4283 alii
3245 4231 3297 4283 in
3331 4231 3594 4294 Saxones,

2017 4322 2162 4376 cives
2187 4337 2312 4377 suos
2339 4330 2610 4392 putantes,
2642 4321 2965 4375 inciderunt.
3002 4320 3077 4373 llli
3108 4334 3237 4374 vero
3261 4334 3449 4374 omnes
3476 4334 3598 4388 per-

2021 4410 2176 4467 fectte
2225 4413 2402 4467 aetatis
2449 4413 2609 4467 morti
2638 4411 2997 4475 tradiderunt,
3050 4410 3355 4479 impuberes
3406 4410 3597 4479 praeda:

2021 4511 2376 4556 servaverunt
2408 4503 2497 4556 “".
2532 4503 2769 4571 Eratque
2792 4515 2896 4554 nox
2924 4500 3012 4553 illa
3054 4500 3207 4569 plena
3249 4499 3594 4562 clamoribus,

340 4584 675 4639 inveniamini
712 4584 768 4636 in
799 4583 1019 4647 castris,
1059 4582 1372 4653 capiamini,
1412 4592 1503 4636 aut
1548 4594 1683 4636 certe
1708 4584 1916 4637 occida-
1946 4572 1993 4630 D
2020 4592 2167 4646 unde
2210 4600 2370 4661 atque
2419 4592 2631 4661 rapina,
2678 4590 2961 4659 nullusque
3012 4589 3160 4644 locns
3199 4589 3249 4643 in
3295 4588 3440 4643 omni
3469 4588 3602 4643 urbe

340 4675 487 4729 mini.
511 4674 595 4729 Ad
620 4674 736 4730 hinc
758 4672 848 4727 ille
874 4690 886 4725 :
908 4672 1121 4726 Serione
1146 4672 1370 4726 m""ha’c
1388 4689 1455 4726 an
1477 4672 1602 4726 ludo
1626 4672 1696 4705 ³⁸⁸
1713 4673 1791 4727 ais
1812 4673 1910 4725 2-

338 4767 589 4823 Secunda
614 4766 744 4819 hora
764 4806 778 4832 ,
809 4765 916 4831 ait,
948 4765 1203 4835 sequentis
1231 4763 1336 4818 diei
1368 4764 1636 4834 probabit,
1674 4765 1799 4835 quia
1829 4781 1916 4819 vos

2022 4681 2237 4750 quietus
2264 4721 2278 4746 ,
2333 4681 2504 4737 donec
2540 4696 2738 4735 aurora
2784 4681 3011 4734 rutilans
3040 4679 3229 4747 surgit,
3258 4687 3311 4733 et
3347 4678 3601 4731 incruen-

2026 4780 2133 4826 tam
2160 4771 2401 4827 declarat
2436 4773 2737 4827 victoriam.
2785 4770 3030 4841 Cumque
3078 4784 3243 4839 penes
3283 4782 3489 4839 regem,
3518 4768 3603 4821 vi-

1629 4894 1867 4955 VARIIE
1901 4900 2312 4960 LECTIONES.

826 5005 894 5039 ¹¹⁰
934 5006 1002 5062 ibi
1039 5006 1093 5061 2.
1171 5006 1239 5038 m
1280 5013 1529 5060 neutrum
1566 5004 1620 5058 2.
1661 5006 1715 5059 5.
1757 5006 1810 5061 6.

856 5078 924 5109 ¹¹⁶
945 5093 1063 5131 eum
1096 5084 1245 5133 esset
1266 5076 1316 5127 1.
1339 5090 1459 5130 esse
1484 5078 1550 5130 A.
1579 5078 1632 5129 2.
1658 5076 1712 5130 5.

407 5014 479 5047 ¹¹⁹
519 5012 662 5066 deest
695 5011 751 5065 5.

339 5088 411 5119 ¹⁸⁵
451 5082 696 5139 lacrimis
729 5082 780 5135 1.

1888 5010 1957 5043 ¹²¹
1998 5022 2280 5067 numerata
2318 5010 2375 5064 5.
2417 5013 2484 5068 1?
2518 5011 2569 5068 6.

1790 5079 1856 5111 ¹¹⁷
1890 5089 2161 5153 tamquam
2187 5084 2251 5136 A.

2989 5011 3059 5046 ηδ
3095 5012 3298 5068 sororis
3333 5020 3436 5066 tua:
3464 5010 3524 5067 τὶ.
3555 5011 3609 5066 6.

3372 5084 3617 5150 quandut

2646 5009 2716 5043 ¹¹³
2754 5020 2810 5068 et
2848 5013 2912 5067 A.

2331 5082 2399 5114 ¹²⁸
2442 5086 2682 5153 inperato
2711 5083 2763 5135 1.
2801 5087 3092 5154 imperacto
3128 5082 3198 5137 A.
3271 5082 3340 5115 ¹¹⁹

336 5159 391 5211 1,
430 5167 602 5226 quam
642 5151 729 5227 diu
767 5150 821 5203 5.
899 5147 963 5179 ¹⁸⁰
1002 5144 1338 5227 superabiles
1374 5148 1438 5200 Α.
1517 5146 1583 5178 ¹³¹
1621 5148 1647 5201 1
1687 5146 1775 5227 hic
1812 5166 1967 5218 caput
2007 5144 2094 5208 1'1.
2134 5152 2346 5227 incipit,
2402 5144 2539 5227 quod
2592 5168 2706 5227 cum
2758 5144 2928 5227 iudice
2975 5144 3436 5227 prtemissouhau—d
3487 5168 3615 5227 con—

334 5216 515 5289 veni't;
557 5222 854 5287 scriptorem
911 5216 1109 5272 errasse
1161 5216 1285 5289 ind_e
1321 5228 1574 5289 apparet,
1624 5219 1760 5289 quod
1800 5216 1977 5286 postea
2026 5239 2072 5276 c.
2131 5216 2345 5275 17.'bis
2389 5216 2696 5279 numeravit.

1940 5295 2057 5361 Quo
2086 5305 2179 5357 rog
2216 5291 2268 5343 in
2305 5292 2373 5346 A.
2422 5294 2645 5351 secunda
2678 5308 2840 5349 manu
2876 5296 2992 5349 aliis
3031 5294 3201 5347 erasis
3239 5293 3431 5359 scripta
3455 5301 3621 5361 Asunt.

1467 5362 1537 5393 ⁸³⁸
1567 5375 1633 5413 an
1673 5356 1797 5413 ludo
1832 5356 2034 5418 traice}.

622 5285 689 5320 “"
716 5292 910 5344 emissa
982 5289 1049 5322 ¹³⁵
1075 5302 1201 5345 eam
1242 5285 1293 5338 5.
1371 5285 1438 5319 ³⁷³⁸
1479 5291 1529 5343 in
1574 5285 1918 5342 ulteriore—

336 5299 453 5365 ipse
480 5294 538 5347 5.
622 5294 910 5370 ⁸³’,ειιιιδειι
982 5294 1049 5322 ¹³⁵
1075 5302 1201 5369 eam
1242 5294 1293 5338 5.
1371 5294 1385 5318 ι

336 5368 402 5400 ⁸⁸⁷
447 5362 586 5416 add.
632 5368 737 5413 tuis
769 5360 833 5413 Α.
908 5359 1007 5397 ’³⁷⁸⁸
1043 5372 1191 5416 serto
1229 5355 1293 5408 Α.
1336 5356 1389 5411 6,

336 5360 402 5400 ⁸⁵⁷
447 5362 586 5418 add.
632 5360 737 5413 tuis
769 5360 833 5413 Α.

2791 5226 2857 5256 ’³⁸
2912 5226 3048 5277 deest
3085 5222 3139 5274 2.
3232 5223 3298 5255 ¹³³
3337 5222 3389 5275 in
3420 5222 3623 5277 castris

2117 5361 2185 5393 ³³⁸
2224 5366 2443 5422 rettulit
2480 5369 2527 5421 1.
2623 5360 2687 5392 “°
2728 5381 2835 5420 non
2887 5369 2993 5420 inu.
3048 5363 3097 5414 in
3151 5358 3400 5422 promptu
3448 5358 3509 5412 2.
3560 5361 3627 5416 Δ.
