4466 5578
796 479 897 535 159

1809 464 2183 522 WlDUKlNDl
2218 460 2666 519 GORBEIENSIS
2706 458 3014 515 MONACHI

3961 450 4063 505 ΗΟ

864 591 950 646 17.
985 589 1149 642 Natus
1184 594 1269 640 est
1296 594 1475 639 autem
1501 584 1552 637 ei
1576 582 1718 635 ﬁlius
1745 588 1857 632 toto
1880 578 1949 607 '°°
1968 576 2166 630 mundo
2191 588 2379 629 neces—
2405 576 2455 634 Α
2482 579 2779 640 stupentes,
2804 570 3053 624 admirati
3077 570 3170 634 ηδ,
3195 567 3425 639 primum
3442 565 3660 637 quidem
3681 579 3712 619 a
3742 564 3888 619 cede
3908 574 4069 635 atque

795 683 992 745 sarius,
1046 693 1233 748 regum
1291 676 1560 731 maximus
1635 672 1889 741 optimus,
1945 664 2376 735 Heinricus,qni

794 773 1002 845 primus
1030 768 1193 823 libera
1238 774 1504 837 potestate
1558 763 1802 831 regnavit
1850 762 1901 814 in
1945 757 2182 813 Saxonia
2207 755 2376 826 (120).

795 863 897 931 Qui
933 874 1055 917 cum
1074 859 1327 930 primmva
1353 864 1515 911 antate
1532 854 1678 909 omni
1703 865 1901 920 genere
1922 849 2183 904 virtutum
2215 848 2379 900 vitam

795 968 951 1010 suam
974 958 1214 1014 ornaret,
1249 948 1317 1004 de
1345 947 1433 1001 die
1463 946 1518 1000 in
1541 944 1683 999 diem
1716 940 2033 1014 proﬁciebat
2058 936 2382 1008 praecellenti
2426 997 2437 1011 ν

794 1043 1080 1116 prudentia
1111 1050 1168 1097 et
1206 1039 1450 1096 omnium
1495 1039 1757 1093 bonorum
1794 1044 2015 1089 actuum
2066 1032 2130 1062 ²⁰¹
2174 1030 2381 1101 gloria;

796 1150 922 1190 nam
968 1132 1262 1188 maximum
1294 1130 1342 1184 ei
1395 1129 1463 1184 ab
1514 1124 1879 1182 adolescentia
1919 1122 2153 1177 studium
2182 1128 2300 1175 erat
2330 1119 2385 1173 in

796 1221 1147 1298 gloriﬁcando
1174 1229 1391 1291 gentem
1437 1232 1591 1274 suam
1618 1224 1674 1271 et
1700 1229 1889 1286 pacem
1932 1209 2301 1267 continuando
2332 1208 2386 1262 in

796 1316 943 1372 omni
976 1322 1245 1385 potestate
1272 1324 1388 1365 sua.
1424 1308 1588 1362 Pater
1616 1313 1795 1360 autem
1826 1304 2015 1358 videns
2045 1299 2385 1371 prudentiam

796 1405 1158 1464 adolescentis
1188 1412 1243 1458 et
1271 1399 1486 1457 consilii
1523 1396 1972 1468 magnitudinem,
1997 1392 2212 1462 reliquit
2236 1390 2386 1444 "’"ei

798 1496 1097 1556 exercitum
1114 1502 1168 1549 et
1186 1491 1431 1548 militiam
1448 1489 1708 1544 adversus
1722 1483 2116 1540 Dalamantiam
2131 1481 2199 1513 ’θ’
2217 1479 2387 1551 (121),

799 1600 988 1647 contra
1020 1601 1160 1657 quos
1188 1585 1278 1640 diu
1330 1585 1446 1653 ipse
1500 1580 1770 1635 militavit.
1819 1574 2132 1633 Dalamanci
2165 1572 2236 1606 ³³⁸
2262 1587 2390 1627 vero

800 1682 1043 1752 inpetum
1091 1676 1163 1708 '°'
1192 1675 1333 1730 illius
1384 1672 1530 1728 ferre
1581 1685 1687 1725 non
1717 1667 1983 1731 valentes,
2017 1664 2391 1721 conduxerunt

799 1773 1061 1828 adversus
1090 1783 1212 1824 eum
1260 1767 1484 1828 Avares,
1533 1776 1670 1832 quos
1715 1761 1878 1815 modo
1909 1758 2178 1828 Ungarios
2204 1756 2276 1789 ¹¹⁰⁶
2299 1770 2391 1808 vo-

799 1878 1005 1925 camus,
1034 1870 1250 1933 gentem
1273 1856 1399 1913 belli
1432 1854 1498 1886 ²⁰⁷
1533 1854 1884 1924 asperrimam
1913 1845 2263 1920 (DCCCCVI).

2486 663 2673 732 rapina
2709 663 3106 726 abstinuerunt,
3133 662 3227 715 sed
3257 661 3472 716 nemine
3500 660 3805 721 resistente,
3838 657 4067 713 humana

2485 752 2612 808 tacti
2635 752 2884 821 cupidine
2909 754 3003 818 ³⁸⁸,
3032 751 3197 806 multa
3250 750 3397 806 caede
3440 749 3716 804 hominum
3748 747 3910 813 facta,
3941 748 4072 803 nulli

2484 845 2564 903 rei
2607 844 2831 915 proinde
2885 844 3209 915 parcebant;
3237 851 3293 897 et
3331 851 3487 911 capta
3535 840 3715 910 praeda
3760 854 3976 908 magna,
4004 838 4072 893 ad

2485 936 2643 992 sedes
2664 951 2790 991 suas
2848 935 3049 990 reversi
3097 943 3242 989 sunt.
3277 930 3534 986 Videntcs
3581 939 3781 991 autem,
3815 930 3940 999 quia
3986 944 4073 985 res

2485 1030 2565 1084 eis
2593 1043 2749 1083 secus
2771 1028 3048 1089 cederent,
3079 1040 3199 1079 cum
3246 1023 3506 1078 uxoribus
3553 1036 3615 1075 ac
3663 1020 3783 1075 ﬁliis
3828 1029 3883 1074 et
3928 1018 4074 1073 omni

2488 1120 2685 1192 agresti
2710 1119 2778 1151 ⁸⁸⁷
2812 1116 3163 1188 suppellectili
3190 1116 3385 1170 iterum
3405 1114 3702 1177 venientes,
3728 1121 3782 1165 et
3824 1110 4076 1165 ﬁnitimas

2489 1222 2676 1285 gentes
2714 1212 3141 1280 circumquaque
3168 1216 3465 1271 vastantes,
3499 1205 3831 1260 Pannoniam
3872 1210 4076 1272 postre-

2489 1318 2578 1359 mo
2600 1302 2901 1357 inhabitare
2927 1309 3227 1371 cmperunt.

2562 1394 2647 1452 l9.
2708 1393 2843 1448 Victi
2901 1401 3081 1447 autem
3113 1408 3143 1446 a
3186 1404 3381 1461 magno
3409 1387 3608 1445 Karolo
3639 1387 3707 1421 ³¹⁸
3740 1396 3797 1441 et
3831 1386 3898 1422 ἰ’
3930 1394 4081 1439 trans

2492 1487 2792 1542 Danubium
2820 1486 2959 1558 pulsi
2987 1500 3052 1541 ac
3078 1484 3277 1556 ingenti
3301 1482 3437 1537 vallo
3458 1477 3885 1537 circumclusim
3907 1477 4076 1546 (I25),

2491 1579 2745 1650 prohibiti
2790 1588 2916 1634 sunt
2958 1593 2987 1631 a
3037 1586 3293 1633 consueta
3346 1576 3585 1645 gentium
3637 1570 4075 1643 depopulatione.

2491 1671 2796 1741 lmperante
2841 1678 3023 1724 autem
3053 1666 3303 1733 Arnulfo,
3330 1667 3667 1721 destructum
3707 1669 3789 1718 est
3827 1676 3984 1731 opus,
4028 1665 4083 1713 et

2492 1761 2581 1815 via
2609 1762 2689 1816 eis
2721 1760 2947 1815 nocendi
3004 1758 3293 1828 patefacta,
3336 1772 3400 1812 eo
3439 1755 3581 1823 quod
3608 1757 3778 1808 iratus
3807 1761 3951 1807 esset
3977 1751 4079 1805 im—

2495 1858 2714 1921 perator
2739 1848 3111 1919 Centupulcho
3150 1848 3215 1881 ⁹¹¹
3277 1846 3387 1915 regi
3414 1847 3483 1879 ’“
3514 1844 3783 1898 Marorum
3810 1843 3880 1875 m
3908 1839 4079 1912 (124).

872 1953 956 2008 18.
977 1954 1184 2006 Avarcs
1200 1960 1402 2013 autem,
1423 1956 1482 2001 ut
1503 1934 1723 2017 quidam
1742 1949 1956 2014 putant,
1975 1939 2216 2009 reliquiae
2230 1944 2388 1992 erant
2417 1935 2462 1995 Β
2490 1940 2697 1997 Deinde
2724 1949 2984 2009 quantam
3016 1951 3259 2009 stragem
3287 1945 3655 2006 quantamque
3695 1935 3947 2005 injuriam
3989 1934 4085 1987 im.

802 2046 1085 2101 llunorum
1134 2042 1225 2095 ’°".
1291 2038 1430 2093 lluui
1472 2036 1676 2108 egressi
1727 2042 1852 2089 sunt
1875 2032 1943 2087 de
1983 2030 2196 2093 Gothis,
2230 2026 2394 2083 Gothi

801 2146 981 2189 autem
1012 2135 1077 2188 de
1108 2131 1301 2193 insula,
1327 2139 1384 2183 ut
1405 2125 1742 2184 Iordanis".
1770 2132 1956 2178 narrat
1981 2121 2149 2192 (l22),
2176 2120 2395 2174 nomine

802 2225 965 2281 Sulza
991 2224 1190 2295 egressi
1236 2232 1383 2276 sunt.
1410 2220 1455 2273 A
1496 2217 1715 2288 proprio
1747 2224 1925 2269 autem
1963 2214 2122 2277 duce,
2175 2210 2393 2265 nomine

802 2319 978 2375 Gotlia
1009 2317 1101 2381 “°,
1151 2314 1316 2371 Gothi
1374 2310 1628 2383 appellati
1669 2315 1813 2363 sunt.
1861 2306 2057 2362 Coram
2103 2317 2211 2372 quo
2271 2314 2395 2355 cum

804 2410 1052 2482 quanlam
1090 2405 1347 2460 mulieres
1402 2403 1458 2456 in
1511 2400 1755 2456 exercitu
1790 2412 1888 2451 suo
1924 2409 2103 2450 rerum
2135 2389 2396 2446 veneﬁca-

804 2480 924 2556 rum
952 2504 1333 2566 arguerentur,
1388 2491 1662 2560 requisitae
1703 2496 1830 2543 sunt
1858 2494 1913 2541 et
1950 2486 2180 2539 inventae
2216 2480 2395 2551 culpa-

802 2593 961 2647 biles.
992 2590 1231 2657 Quarum
1261 2601 1383 2639 cum
1411 2592 1557 2637 esset
1578 2579 1883 2642 multitudo,
1908 2592 1938 2629 a
1968 2575 2159 2629 merita
2179 2571 2397 2643 quidem

805 2700 963 2755 paena
1020 2679 1304 2744 abstinuit,
1348 2678 1415 2731 ab
1463 2674 1706 2730 exercitu
1763 2680 1942 2725 tamen
1982 2681 2171 2722 omnes
2219 2663 2393 2732 eiecit.

808 2775 1003 2843 Iijeelae
1042 2779 1223 2825 autem
1266 2767 1457 2823 silvam
1508 2765 1811 2833 proximam
1847 2761 1912 2791 ²¹¹
1951 2759 2250 2828 petierunt;
2279 2769 2400 2823 quae

808 2884 929 2918 t‘lllll
962 2864 1095 2918 mari
1129 2862 1435 2929 cingeretur
1460 2865 1530 2896 ω
1566 2865 1619 2911 et
1646 2853 1890 2911 Meoticis
1920 2850 2219 2921 paludibus,
2277 2847 2401 2901 inde

806 2954 1039 3009 exottndi
1070 2952 1250 3007 aditus
1302 2964 1408 3004 non
1453 2946 1691 3018 patebat.
1724 2944 2072 3013 Praegnantcs
2099 2947 2280 2993 autem
2331 2939 2401 2977 ²¹³

803 3047 915 3116 jam
945 3043 1191 3115 qumdam
1221 3040 1291 3079 ἰδ
1317 3056 1384 3095 ex
1421 3037 1527 3093 illis
1554 3036 1755 3091 ibidem
1784 3043 1997 3104 partum
2024 3030 2328 3085 ediderunt.
2355 3028 2399 3080 A

809 3138 1006 3209 quibus
1054 3150 1176 3188 cum
1234 3132 1321 3186 alii
1351 3140 1515 3199 atque
1546 3127 1637 3182 alii
1690 3133 2070 3186 nascerentur,
2130 3120 2273 3175 facta
2319 3127 2402 3174 est

809 3246 942 3301 gens
970 3227 1179 3290 valida;
1230 3224 1575 3291 lerarumque
1622 3233 1775 3275 more
1806 3216 2073 3278 viventes,
2135 3212 2322 3267 inculti
2347 3219 2402 3264 et

2496 2033 2649 2103 perio
2671 2032 3007 2086 Francorum
3038 2030 3286 2092 fecerint.
3315 2028 3476 2082 nrbes
3524 2043 3588 2082 ac
3636 2040 3882 2098 regiones
3908 2025 4084 2080 adhuc

2497 2123 2750 2179 desolata:
2798 2130 3083 2177 testantur.
3117 2120 3241 2176 Haec
3277 2122 3397 2175 ideo
3428 2120 3494 2174 de
3548 2120 3647 2173 hac
3696 2126 3857 2189 gente
3905 2116 4087 2170 dicere

2497 2213 2748 2268 arbitrati
2771 2228 2977 2275 sumus,
3002 2206 3062 2265 ut
3085 2211 3251 2283 possit
3276 2219 3362 2264 tua
3376 2208 3597 2264 claritas
3621 2218 3933 2277 agnoscere,
3960 2217 4083 2257 cum

2497 2302 2750 2372 qualibus
2781 2317 2882 2355 avo
2905 2311 2997 2355 tuo
3020 2301 3267 2369 patrique
3293 2298 3607 2353 certandum
3638 2294 3820 2359 fuerit,
3846 2292 3928 2348 vel
3953 2307 3983 2345 a
4012 2290 4086 2324 ’³⁸

2496 2393 2693 2463 quibus
2716 2391 2958 2447 hostibus
2984 2405 3079 2460 per
3105 2405 3293 2459 eorum
3335 2386 3685 2459 providentia:
3718 2386 3970 2437 virtutem
4020 2389 4077 2435 et

2501 2497 2780 2538 armorum
2828 2480 3057 2549 insignia
3093 2488 3202 2533 tota
3228 2479 3341 2549 jam
3374 2476 3487 2532 fere
3516 2476 3586 2507 ’³⁸
3616 2474 3827 2543 Europa
3858 2471 4086 2528 liberata

2570 2663 2663 2720 20.
2689 2662 2989 2718 Prwdictus
3020 2661 3183 2732 igitur
3197 2660 3471 2715 exercitus
3501 2656 3862 2730 Ungariorum
3899 2671 3930 2710 a
3959 2654 4080 2710 Sla-

2500 2757 2585 2810 vis
2619 2756 2689 2798 ’³⁸
2720 2754 3040 2817 conductus,
3077 2751 3242 2815 multa
3279 2759 3461 2820 strage
3489 2751 3542 2804 in
3570 2748 3807 2803 Saxonia
3843 2749 4004 2809 facta,
4036 2754 4090 2800 et

2503 2846 2715 2902 inﬁnita
2747 2854 2905 2913 capta
2934 2843 3137 2913 pra3da,
3166 2843 3562 2897 Dalamantiam
3610 2842 3677 2873 ¹¹⁷
3726 2840 3952 2904 reversi,
3991 2840 4089 2893 ob-

2502 2938 2648 2992 vium
2682 2938 3005 2991 invenerunt
3033 2934 3197 2988 alium
3247 2934 3544 2989 exercitum
3591 2932 3973 3002 Ungariorum,
3999 2932 4092 3002 qui

2503 3029 2815 3089 comminati
2879 3036 3006 3083 sunt
3045 3026 3243 3081 bellum
3291 3026 3493 3080 inferre
3550 3026 3741 3079 amicis
3785 3040 3997 3089 eorum,
4030 3040 4094 3079 eo

2504 3122 2649 3193 quod
2676 3120 2876 3175 auxilia
2904 3135 3093 3180 eorum
3112 3120 3466 3189 sprevissent,
3491 3120 3618 3174 dum
3643 3118 3761 3173 illos
3788 3118 3854 3172 ad
3887 3127 4092 3170 tantam

2506 3214 2744 3286 praedam
2800 3212 3099 3267 duxissent.
3136 3210 3286 3265 Unde
3330 3210 3528 3285 factum
3581 3221 3684 3274 est,
3746 3218 3804 3262 ut
3859 3207 4096 3262 secundo

811 3322 1079 3383 indomiti,
1110 3319 1235 3373 facti
1274 3324 1400 3372 sunt
1437 3323 1723 3369 venatores
1769 3309 2043 3365 acerrimi.
2075 3308 2201 3362 Post
2233 3304 2399 3360 multa
2429 3296 2474 3359 C
2505 3312 2815 3361 vastaretur
2854 3302 3091 3357 Saxonia
3129 3301 3199 3333 ¹¹⁸
3228 3300 3296 3355 ab
3334 3300 3605 3371 Ungariis,
3638 3309 3693 3354 et
3743 3298 3909 3368 priori
3934 3312 4094 3351 exer-

809 3430 940 3470 vcro
968 3412 1185 3475 saecula,
1215 3424 1338 3464 cum
1370 3407 1534 3461 aliam
1579 3402 1763 3457 mundi
1794 3409 2004 3472 partem
2033 3398 2142 3453 illic
2168 3411 2404 3452 commo-

811 3518 996 3564 rantes
1044 3504 1259 3576 penitus
1297 3502 1636 3572 ignorarent,
1688 3493 1917 3564 contigit
1955 3506 2171 3548 cervam
2202 3497 2403 3543 venatu

814 3595 1042 3655 inveniri
1076 3605 1307 3661 eamque
1352 3586 1628 3660 persequi,
1661 3585 1833 3640 donec
1883 3583 1997 3653 ipsa
2044 3580 2404 3651 praecedente,

811 3690 1064 3745 omnibus
1106 3697 1250 3739 retro
1276 3680 1597 3737 mortalibus
1624 3673 2407 3732 intrausmeabilemhactenus

817 3782 959 3835 viam
1000 3792 1095 3849 per
1144 3773 1407 3829 Meeticas
1460 3770 1685 3841 paludes
1747 3773 2179 3829 transmearent;
2223 3763 2405 3832 ibique

815 3875 978 3928 urbes
1021 3878 1077 3925 et
1109 3868 1305 3938 oppida
1336 3874 1391 3919 et
1444 3863 1676 3918 invisum
1724 3869 1883 3914 antea
1912 3873 2081 3929 genus
2126 3857 2403 3911 hominum

814 3964 1082 4025 videntes,
1122 3958 1309 4013 eadem
1351 3955 1437 4008 via
1486 3952 1689 4008 reversi
1734 3958 1881 4015 sunt,
1922 3947 2088 4004 sociis
2117 3947 2242 4000 talia
2274 3945 2409 4001 refe-

817 4064 1019 4110 rentes.
1052 4051 1129 4106 llli
1152 4058 1332 4103 autem
1363 4044 1694 4100 curiositatis
1718 4056 1885 4097 causa
1920 4056 2042 4095 cum
2069 4038 2410 4092 multitudine

819 4150 1182 4219 perrexerunt
1224 4140 1406 4195 audita
1444 4135 1693 4206 probare.
1733 4132 1999 4187 Finitima:
2042 4139 2219 4185 autem
2248 4130 2410 4183 urbes

816 4249 874 4298 et
896 4240 1113 4311 Oppida,
1169 4250 1291 4291 cum
1345 4234 1583 4305 ignotam
1636 4228 2033 4283 multitudinem
2078 4236 2134 4280 et
2185 4238 2411 4294 corpora

818 4335 965 4392 cultu
996 4331 1288 4399 habituque
1341 4324 1608 4381 horrenda
1655 4323 1935 4387 vidissent,
1986 4319 2248 4375 daemonia
2294 4332 2413 4372 esse

2507 3396 2617 3451 citu
2647 3395 2699 3449 iu
2723 3392 3061 3448 Dalamantia
3108 3392 3403 3447 secundum
3436 3400 3775 3461 expectante,
3825 3390 3933 3459 ipsa
3965 3402 4100 3458 quo-

2509 3503 2615 3560 que
2658 3488 2712 3542 in
2740 3494 2944 3540 tantam
2976 3484 3215 3556 penuriae
3241 3484 3516 3538 miseriam
3552 3483 3715 3538 ducta
3765 3482 3854 3545 sit,
3896 3490 3951 3534 ut
3981 3478 4101 3533 aliis

2510 3578 2823 3636 nationibus
2850 3592 2917 3632 eo
2953 3592 3117 3640 anno.
3151 3572 3341 3629 relicto
3385 3575 3606 3645 proprio
3636 3574 3770 3639 solo,
3805 3587 3901 3643 pro
3931 3586 4100 3626 anno—

2511 3689 2580 3729 na
2609 3673 2900 3729 servirent.
3438 3671 3447 3687 '

2583 3766 2672 3821 21.
2707 3763 3087 3835 (DCCGCXII).
3145 3764 3314 3836 Igitur
3371 3774 3527 3835 patre
3573 3766 3762 3836 patria:
3804 3776 3857 3820 et
3907 3779 4102 3833 magno

2515 3860 2652 3915 duce
2679 3857 2901 3913 Oddone
2978 3856 3253 3922 defuncto,
3298 3858 3491 3912 illustri
3537 3872 3590 3912 et
3663 3860 3947 3925 magmticti
3996 3856 4102 3911 ﬁlio

2518 3952 2771 4008 Heinrico
2826 3954 2989 4008 totius
3046 3951 3297 4009 Samnite
3349 3953 3417 3987 “’
3476 3953 3694 4024 reliquit
3729 3954 3798 3987 ’³ο
3825 3954 4099 4007 ducatum.

2517 4047 2649 4101 Cum
2683 4056 2863 4102 autem
2888 4048 2937 4102 ei
2960 4054 3141 4102 essent
3168 4056 3222 4102 et
3249 4047 3339 4101 alii
3391 4047 3513 4108 ﬁlii.
3551 4047 3924 4100 Thancmarus
3954 4044 4019 4077 "'
4051 4053 4105 4097 et

2516 4138 2820 4202 Liudull'us,
2847 4148 2973 4193 ante
3008 4147 3217 4209 patrem
3246 4154 3402 4193 suum
3451 4138 3722 4193 obierunt.
3767 4138 3881 4191 Rex
3924 4148 4102 4190 autem

2515 4232 2796 4289 Conradus
2843 4248 2963 4287 cum
3008 4248 3150 4302 saepe
3197 4242 3455 4304 expertus
3501 4242 3648 4289 esset
3677 4232 3931 4286 virtutem
3982 4230 4104 4285 novi

2519 4323 2690 4385 ducis,
2721 4325 2929 4378 veritus
2956 4332 3041 4377 est
3067 4324 3115 4378 ei
3151 4323 3365 4379 tradere
3393 4338 3607 4378 omnem
3663 4331 3982 4393 potestatem
4013 4336 4107 4391 pa-

819 4429 1125 4491 credeutes,
1152 4422 1449 4494 fugiebant.
1495 4418 1575 4473 Illi
1598 4431 1727 4473 vero
1754 4415 1821 4470 ad
1852 4428 2020 4469 novas
2043 4426 2223 4467 rerum
2248 4409 2416 4465 facies
2446 4405 2494 4464 D
2522 4413 2621 4466 tris
2652 4412 2823 4483 (125).
2855 4412 2972 4480 Quo
3002 4412 3203 4469 factum
3235 4422 3338 4477 est,
3375 4420 3434 4468 ut
3470 4412 3893 4483 indignationem
3919 4411 4104 4466 incur-

2169 4543 2405 4600 VARIAE
2448 4546 2829 4603 LECTIONES

894 4693 965 4727 ’σο
1016 4690 1115 4747 toti
1158 4688 1214 4743 5.
1267 4686 1407 4741 deest
1457 4683 1513 4737 2.
1610 4680 1680 4720 ⁸⁸⁸
1720 4681 1989 4736 bonarum
2051 4680 2248 4733 artium
2296 4679 2363 4733 A.

826 4850 1030 4893 nonum
1082 4832 1133 4885 l.

894 4693 965 4727 '°°
1016 4690 1115 4747 toti
1158 4688 1214 4743 ’5.
1267 4686 1407 4767 deest
1457 4683 1513 4737 2.
1610 4680 1680 4720 ’⁸⁸
1718 4681 1989 4763 bonarum
2051 4680 2248 4733 artium
2296 4680 2363 4733 A.
2452 4680 2521 4711 ’θ’
2582 4682 2808 4752 reliquid
2850 4684 2900 4736 1.

826 4765 967 4821 lanci
998 4763 1051 4817 1.
1090 4759 1385 4815 dalamantt
1411 4754 1479 4810 A.
1510 4751 1751 4809 dalmatn
1774 4749 1829 4804 2.
1864 4748 2194 4821 Dalmatae?»
2272 4750 2345 4791 ὀι
2382 4751 2595 4821 ξηρθιιιε
2626 4754 2680 4806 2,
2758 4753 2829 4790 ιοο
2867 4754 2900 4807 5

1210 4829 1280 4867 ’θ’
1318 4825 1590 4881 Jordanus
1615 4824 1668 4878 5.
1745 4821 1815 4855 ⁸³⁸
1853 4820 2033 4876 Gotllo
2061 4820 2113 4874 5.
2193 4820 2259 4853 ⁸¹¹
2302 4820 2451 4875 άεεεΙ
2487 4823 2539 4875 2.

827 4888 936 4965 i'aiii
952 4888 1012 4959 2.
1088 4902 1160 4939 ¹¹⁸
1197 4896 1457 4954 admirari
1480 4896 1536 4949 2.
1615 4893 1686 4925 ³⁸⁸
1723 4893 1819 4965 sed
1842 4890 2185 4965 —gupid_i_ne
2226 4890 2412 4965 desunt
2437 4891 2491 4965 2.
2534 4888 2537 4891 ’
2570 4894 2637 4925 ἰτ
2679 4888 2917 4965 aggresti
2950 4895 3001 4965 1.

2758 4683 2808 4736 id
2850 4684 2900 4736 1.
3007 4683 3078 4714 ⁸⁸³
3116 4683 3170 4737 2.
3222 4700 3424 4752 semper
3452 4684 3786 4739 dalmatiam.
3885 4684 3959 4718 ⁸⁸⁸
4016 4686 4110 4740 da-

2758 4753 2829 4790 10⁸
2868 4754 2901 4790 ῗι
2952 4769 3147 4790 ιοηηιον
3172 4753 3414 4790 lina-nunc
3512 4756 3583 4790 107
3623 4757 3757 4790 Ana-1
3784 4761 3818 4790 ο
3916 4754 3986 4787 ὀς
4013 4757 4110 4790 Im-

2637 4754 2680 4806 2.
2758 4753 2829 4790 ’θ’
2867 4754 2919 4807 5.
2948 4769 3147 4823 semper
3172 4753 3435 4825 Ungaros.
3512 4756 3583 4790 ’θ’
3622 4757 3757 4810 dees/
3784 4761 3839 4815 2.
3916 4754 3986 4787 ’°'
4013 4757 4111 4809 hu-

2637 4824 2708 4861 ²¹²
2747 4824 3098 4893 cingerentur
3120 4824 3177 4878 2.
3218 4826 3273 4878 5.
3351 4825 3421 4859 ¹¹³
3460 4827 3598 4881 deest
3625 4829 3675 4881 1.
3753 4828 3825 4865 ἰι
3863 4828 4107 4893 quaedam

3080 4840 3177 4878 rz.
3218 4840 3273 4878 o.
3352 4840 3421 4859 ιι·
3460 4840 3598 4881 aeest
3625 4840 3675 4881 ι.
3754 4840 3825 4865 ιιι
3863 4840 4107 4896 quaedam

3080 4895 3150 4932 ’³⁸
3190 4893 3379 4949 karolo
3421 4911 3615 4952 magno
3634 4898 3689 4951 2.
3767 4896 3836 4933 ἰ’
3873 4898 4014 4949 deest
4042 4896 4105 4949 A.

856 4960 900 5010 λθ
926 4970 1241 5046 circumfusi
1266 4969 1320 5024 5.
1399 4964 1893 5046 “‘Gentupulchro
1927 4961 1981 5015 5.
2059 4962 2128 4993 “'
2152 4960 2291 5046 deos!
2313 4962 2367 5015 5.
2447 4963 2525 5004 “1
2548 4960 2860 5019 maurorum
2884 4965 2938 5018 2.
2965 4964 3307 5021 Moravorum
3340 4966 3393 5020 '5.
3472 4960 3546 5000 πῖ
3566 4968 3706 5021 deest
3732 4967 3785 5019 2.
3861 4967 3930 5000 "5
3970 4967 4111 5020 deest

831 5051 884 5103 ί,
940 5030 1031 5079 πο
1070 5044 1123 5099 ι,
1153 5042 1454 5113 plerumque
1483 5036 1639 5113 elavi,
1666 5030 2131 5113 'nonnnnquantc.
2164 5030 3038 5113 litterqnsuperscriptauimodo
3057 5036 3221 5113 slavi,
3245 5038 3403 5092 modo
3429 5037 3617 5092 sclavi.
3657 5039 3721 5093 Α.
3750 5048 3796 5091 ct
3825 5038 3878 5091 5.
3922 5036 4108 5092 sclavi.

829 5101 902 5154 δί’
926 5118 981 5173 in
1005 5101 1326 5170 Dalmatiam
1349 5101 1405 5164 5.
1481 5105 1552 5139 ’⁸⁸
1574 5112 1852 5161 vastarent
1876 5101 2159 5158 saxoniam
2194 5103 2245 5157 1.

2326 5103 2393 5135 “9
2435 5103 2563 5160 add.
2592 5123 2605 5159 :
2632 5103 2749 5177 ipse
2774 5105 2827 5160 5.
2862 5107 2930 5160 l?
3006 5106 3077 5148 ’³ο
3100 5105 3329 5177 reliquid
3354 5110 3407 5163 1ο

3485 5108 3554 5141 ¹³¹
3582 5109 3937 5180 thangmarus
3960 5110 4022 5163 A.
4050 5106 4108 5160 2.

2369 5240 2601 5302 ΝΟΤΕ.

1006 5368 1044 5374 -.
1090 5364 1136 5374 ,ο
1334 5362 1349 5374 ο
1564 5359 1597 5374 ιο
1660 5356 1786 5374 ‘11.!
1828 5356 1977 5374 I',I'
2012 5355 2119 5374 I---
2165 5355 2200 5374 l,
2260 5370 2276 5374 -
2334 5356 2421 5374 Πολ

2602 5358 2742 5374 ΙΙΑΑι
2780 5358 2801 5374 1
2890 5359 2903 5374 I
3080 5357 3111 5374 η
3182 5372 3199 5373 ν.
3246 5358 3258 5369 θ
3303 5357 3317 5371 ο
3369 5372 3375 5373 κ
3428 5357 3463 5374 Ι.
3574 5358 3607 5374 Π
3658 5372 3661 5373 ν
