4466 5578
448 246 550 302 149

446 375 551 428 quc
582 362 849 429 obtinuit.
896 378 955 423 ut
1001 374 1208 431 reddito
1242 385 1457 451 captivo
1496 406 1615 445 cum
1667 395 1787 451 aliis
1827 415 2019 455 unme-

446 452 613 520 ribus,
646 458 711 510 ad
749 474 937 517 novem
971 481 1139 523 annos
1168 487 1268 541 pax
1312 476 1616 540 ﬁrmaretur
1646 486 1732 542 ³³⁸.

510 549 597 602 55.
644 550 866 617 Quando
895 557 964 589 '"
993 576 1121 614 vero
1152 582 1241 622 rex
1275 569 1477 628 Renum
1522 584 1809 639 transierat
1834 587 1899 641 ad
1940 589 2021 644 di-

441 640 714 696 lataudum
739 660 903 716 super
936 648 1225 713 Lotharios
1264 662 1543 733 imperium
1572 687 1748 740 suum,
1779 683 2018 735 occurrit

439 734 486 786 ci
514 734 717 808 legatus
736 741 934 812 Caroli,
966 760 1017 804 et
1040 753 1271 811 salutato
1292 774 1355 815 eo
1372 762 1438 795 ³⁸³
1462 768 1637 823 verbis
1665 770 1977 829 humillimis
2002 792 2014 829 :

442 824 693 885 Dominus
736 850 911 900 utens,
972 840 1181 910 inquit,
1226 846 1497 921 Karolns,
1555 862 1697 930 regia
1751 867 2015 934 quondam

434 931 685 988 potestate
705 931 981 997 prteditus,
1010 938 1164 991 modo
1190 942 1445 1013 privatus,
1470 952 1608 1006 misit
1632 972 1712 1009 me
1745 959 1814 1011 ad
1849 970 1897 1014 te
1920 963 2012 1016 de-

431 1015 690 1073 manduns
736 1024 859 1091 quia
888 1025 1049 1081 nichil
1095 1034 1144 1086 ei
1182 1034 1245 1087 ab
1292 1038 1517 1097 inimicis
1556 1047 1903 1108 circumvento
1925 1056 2014 1126 jo-

429 1108 671 1176 cundius,
724 1113 884 1168 nichil
936 1119 1143 1175 dulcius
1189 1143 1297 1181 esse
1352 1135 1553 1199 possit,
1616 1156 1771 1209 quam
1821 1144 1885 1198 de
1925 1108 2011 1201 iui

425 1201 692 1269 magniﬁci
714 1206 979 1276 profectus
1008 1213 1177 1282 gloria
1200 1220 1400 1291 aliquid
1421 1201 1638 1292 audire;
1671 1233 1817 1301 fama
1849 1240 2011 1291 uirtu-

422 1296 532 1342 tum
572 1301 781 1350 tuarum
826 1303 1106 1360 consolari.
1155 1309 1219 1363 It't
1261 1314 1358 1368 hoc
1407 1318 1497 1372 tibi
1544 1322 1749 1392 signum
1792 1329 1917 1395 ﬁdei
1960 1342 2007 1385 et

419 1378 650 1435 ueritatis
695 1392 1018 1458 transmisit;
1049 1400 1374 1471 protulitque
1405 1408 1468 1461 de
1493 1378 1616 1464 sinu
1644 1430 1858 1473 manum
1886 1434 2008 1488 pre-

417 1466 540 1523 tiosi
573 1474 811 1532 martiris
858 1480 1108 1555 Dyonysii
1149 1488 1237 1555 ²⁶²,
1270 1466 1402 1549 auro
1454 1503 1789 1575 gemmisque
1830 1466 2000 1565 inclu-

414 1572 551 1614 sam.
583 1561 728 1633 Hoc,
762 1568 956 1641 inquit,
986 1576 1172 1633 habeto
1211 1584 1397 1654 pignus
1438 1561 1647 1658 traderis
1680 1561 2000 1667 perpetui—et

413 1653 610 1707 amoris
639 1657 836 1714 vicarii.
875 1660 1023 1720 lianc
1053 1682 1251 1737 partem
1290 1677 1431 1731 unici
1458 1681 1635 1736 solatii
1664 1684 1996 1747 Francorum

410 1735 641 1797 Calliam
663 1735 1085 1825 inhabitantium,
1112 1772 1383 1832 postquam
1410 1785 1502 1823 nos
1528 1772 1752 1831 deseruit
1779 1780 2001 1851 insignis
2032 1776 2080 1834 B

408 1836 598 1888 martir
654 1837 805 1896 Vitas
873 1846 943 1899 ad
998 1864 1251 1911 ,nostram
1312 1863 1621 1929 perniciem,
1676 1880 1999 1945 vestramque

402 1937 702 1993 perpetuam
757 1952 933 2003 pacem
982 1940 1272 2001 Saxoniam
1321 1953 1562 2022 uisitauit,
1613 1969 1996 2025 communicare

401 2022 572 2069 tecum
608 2021 814 2077 maluit.
851 2024 1032 2099 Neque
1073 2036 1207 2088 enim
1252 2052 1525 2112 postquam
1571 2052 1887 2109 translatum
1917 2068 1993 2113 est

400 2120 588 2175 corpus
616 2111 731 2179 ejus
760 2114 831 2147 ³⁸⁸
856 2136 887 2172 a
912 2122 1058 2178 nobis
1076 2164 1091 2191 ,
1122 2127 1295 2184 civilia
1346 2134 1423 2187 vel
1468 2148 1683 2196 externa
1730 2161 1993 2205 cessavere

398 2194 568 2263 bella;
599 2203 779 2256 eodem
816 2210 1004 2281 quippe
1058 2233 1197 2271 anno
1243 2220 1380 2276 Dani
1430 2237 1479 2280 et
1524 2194 1877 2292 Nortlmianni
1918 2240 1989 2273 '“

397 2288 660 2356 regionem
711 2308 943 2354 nostram
979 2303 1280 2364 invaserunt
1310 2315 1475 2385 (159).
1509 2318 1623 2376 Rex
1660 2335 1838 2381 autem
1874 2345 1988 2384 mu-

392 2390 495 2431 nus
524 2379 765 2438 divinum
821 2404 941 2443 cum
1000 2396 1145 2450 omni
1202 2404 1497 2470 gratiarum
1552 2414 1767 2472 actione
1813 2423 1985 2476 susci-

388 2468 563 2535 piens,
600 2480 968 2541 prosternitur
1013 2486 1255 2556 reliquiis
1305 2500 1532 2567 sanctis,
1562 2512 1617 2558 et
1664 2506 1981 2571 deosculans

386 2572 505 2625 eas,
537 2578 746 2621 summa
772 2576 1116 2635 veneratione
1144 2598 1432 2646 veneratus
1452 2603 1553 2648 εει.

457 2651 546 2706 54.
582 2654 801 2714 lnclitus
829 2677 956 2719 vero
978 2672 1184 2738 martir,
1208 2676 1272 2731 de
1297 2693 1404 2747 quo
1428 2681 1635 2756 legatus
1660 2690 1836 2750 Caroli
1868 2696 1978 2751 dis-

382 2745 578 2813 seruit,
607 2762 726 2806 erat
755 2754 808 2808 in
834 2754 981 2813 Licia
1013 2760 1083 2795 ³⁸⁸⁵
1112 2768 1388 2834 provincia
1425 2776 1584 2833 nobili
1617 2790 1777 2840 natus
1823 2787 1976 2843 fami-

380 2834 478 2903 lia,
511 2842 605 2896 sed
627 2858 832 2915 pagana
865 2849 1031 2923 (160).
1066 2855 1233 2923 Quem
1259 2874 1413 2931 pater
1432 2834 1971 2945 praesidi

382 2927 674 2989 Valeriano
701 2946 1081 3014 praesentavit,
1132 2927 1365 3024 eumque
1415 2927 1528 3029 ipse
1564 2962 1636 2996 ³⁸⁸
1673 2927 1872 3036 praeses
1900 2977 1970 3031 ad

376 3018 751 3084 inmolandum
803 3033 1105 3095 simulacris
1153 3048 1365 3117 coegit;
1392 3038 1484 3108 sed
1516 3054 1585 3087 ³⁸⁷
1610 3058 1817 3118 interea
1854 3083 1973 3122 ma-

374 3128 508 3168 num
540 3120 796 3188 perdidit,
827 3134 883 3180 et
903 3132 1149 3189 oratione
1172 3136 1340 3206 ipsius
1365 3142 1557 3201 iterum
1595 3165 1783 3209 sanam
1816 3173 1967 3215 rece-
1993 3137 2041 3200 ο

369 3208 476 3278 pit.
507 3210 737 3270 Brachia
762 3222 1056 3280 tortoribus
1092 3242 1371 3301 aruerunt,
1405 3239 1498 3293 sed
1529 3245 1739 3301 meritis
1774 3252 1963 3307 marti-

368 3298 449 3352 ris
478 3303 725 3362 restituta
755 3306 827 3344 ³⁸⁸
857 3323 983 3368 sunt
1010 3317 1109 3372 eis.
1161 3298 1366 3380 Videas
1400 3338 1580 3386 autem
1627 3344 1802 3405 pater,
1836 3344 1963 3412 quia

367 3400 643 3451 tormenta
676 3399 866 3471 irrisit,
897 3406 1112 3466 domum
1158 3416 1405 3484 reduxit,
1436 3424 1683 3483 cubiculo
1710 3434 1962 3493 onmibus

366 3484 583 3543 deliciis
609 3488 842 3549 aﬂuenti
893 3499 1128 3558 reclusit.
1175 3504 1249 3562 lbi
1276 3525 1398 3567 cum
1446 3516 1679 3574 archana
1710 3526 1958 3592 quaedam

570 3578 638 3592 ..ι
789 3584 799 3592 -
954 3590 963 3592 ~

362 3571 537 3645 Hylas
568 3578 639 3610 "'
667 3611 736 3622 —
756 3584 837 3640 sic
878 3590 1022 3644 enim
1070 3598 1367 3655 vocabatur
1391 3615 1547 3673 pater
1575 3610 1693 3679 ejus
1715 3571 1799 3654 Ὶ-
1828 3632 1959 3673 con-

360 3666 627 3736 spiceret,
656 3687 832 3732 cacus
853 3678 1105 3740 efﬁcitur.
1155 3688 1223 3744 Et
1258 3666 1479 3751 coacius
1509 3666 1662 3757 idolis
1696 3704 1959 3764 abrenun-

359 3756 556 3823 ciavit,
589 3759 864 3823 Christum
915 3774 1193 3834 confessus
1238 3792 1339 3838 est.
1392 3786 1729 3851 lllumiuatus
1775 3812 1954 3856 autem

355 3861 457 3917 per
487 3853 685 3909 merita
714 3855 808 3913 lilii
839 3862 921 3916 sui
962 3864 1082 3931 Viti,
1115 3868 1391 3931 Christum
1431 3884 1667 3950 negavit,
1702 3896 1755 3941 et
1785 3889 1953 3948 ﬁlium

353 3942 674 4005 interﬁcere
720 3955 984 4022 quaesivit.
1036 3960 1238 4021 Monitu
1289 3973 1532 4042 angelico
1576 3990 1737 4051 atque
1790 3984 1954 4043 ductu

352 4032 656 4106 Modestus,
702 4040 817 4113 jam
861 4050 1076 4118 gravior
1115 4032 1465 4133 pedagogits,
1498 4032 1722 4137 puerum
1748 4079 1944 4145 sumit,

351 4138 512 4182 mare
565 4133 782 4204 navigat
823 4137 919 4205 "',
948 4144 1015 4198 ad
1042 4144 1183 4204 Siler
1212 4150 1429 4210 ﬂuvium
1454 4133 1722 4227 pervenit.
1744 4133 1950 4226 Ibisub

348 4219 561 4275 arbore
589 4227 821 4291 quadam
860 4234 1297 4309 requiescentes,
1345 4219 1541 4306 vacant
1586 4258 1946 4330 orationibus,

347 4313 557 4382 aquilis
584 4316 782 4375 victum
811 4326 1138 4385 cotidianum
1171 4334 1241 4367 ³⁷¹
1261 4338 1695 4405 ministrantibus
1716 4351 1807 4409 ³⁷³.
1835 4313 1947 4412 ΡοΣ

345 4402 491 4470 pulis
544 4420 668 4461 eum
697 4409 770 4443 ³⁷³
797 4413 1143 4478 visitantibus
1179 4440 1313 4494 puer
1348 4431 1609 4500 pmdicat
1641 4402 1944 4514 Christum,

341 4491 537 4561 plures
585 4504 871 4573 convertit,
902 4507 1085 4579 plures
1124 4491 1449 4587 baptismum
1485 4529 1763 4601 suscipere
1791 4491 1939 4593 fecit:

1401 271 1532 328 RES
1576 272 1827 336 GESTIE
1868 283 2254 350 SAXONICE.
2299 325 2368 338 --
2409 298 2744 362 MONITUM.

3616 322 3712 377 l50

2051 413 2102 469 Α
2129 407 2251 466 Post
2284 412 2396 467 iure
2426 434 2449 468 a
2482 420 2813 479 Diocletiano
2836 442 3037 483 tuesare
3076 441 3293 487 vocatus
3324 434 3547 491 Ruinam
3580 456 3709 509 pro.

2122 505 2411 576 ficiscitur,
2441 522 2492 567 et
2530 514 2639 570 ﬁlio
2678 520 3018 589 imperatoris
3051 540 3145 594 per
3170 528 3468 584 orationem
3500 530 3567 563 ³⁷⁸
3601 530 3708 589 Viti

2120 614 2149 652 a
2192 602 2456 660 tltetttonio
2503 620 2756 681 purgato,
2801 616 2955 670 thura
3000 617 3071 649 ³⁷⁸
3101 618 3207 674 diis
3244 618 3440 675 oll‘errc
3469 625 3702 693 cogitur.

2120 690 2197 747 Illi
2234 696 2301 729 ³⁷⁸
2325 714 2452 757 vero
2475 704 2661 759 durius
2677 707 2746 746 ’τ’
2773 708 3085 780 imperatori
3116 716 3495 785 respomlente,
3518 716 3707 773 bestiis

2120 788 2417 859 projicitur,
2451 812 2551 852 nec
2603 799 2827 856 laeditur.
2878 801 3077 861 Deinde
3123 806 3177 861 in
3222 808 3456 863 medium
3505 805 3703 863 clibani

2120 880 2363 939 ardentis
2402 884 2675 957 jactutur,
2731 902 2782 949 et
2813 893 2887 929 ³⁷⁸
2909 896 3098 967 angelo
3145 895 3387 955 ﬂammas
3444 902 3701 963 sedantc.

2122 971 2318 1029 illmsus
2360 980 2653 1048 egreditur.
2714 985 3061 1043 Vinculorum
3115 988 3315 1059 ingenti
3366 990 3510 1046 ferro
3566 1007 3699 1047 one-

2119 1075 2269 1122 ratus
2300 1072 2506 1126 carceri
2541 1077 2789 1142 traditur,
2821 1080 2913 1134 sed
2944 1080 3014 1134 ibi
3043 1095 3073 1133 a
3109 1080 3335 1136 Domino
3365 1090 3419 1137 et
3460 1081 3701 1137 multitu-

2119 1158 2301 1214 tudinc
2358 1164 2670 1232 angelorum
2732 1170 2999 1226 visitatur.
3077 1172 3358 1229 Postremo
3407 1184 3699 1230 'tormento

2114 1250 2255 1316 quod
2284 1263 2488 1309 catasta
2519 1256 2716 1312 dicitur
2746 1275 2865 1314 cum
2914 1262 3154 1319 Modesto
3188 1274 3243 1321 et
3269 1265 3502 1337 quadam
3532 1265 3695 1320 nobili

2115 1341 2309 1400 femina
2335 1346 2643 1405 Crescentia
2684 1353 2882 1423 ﬁgitur,
2927 1365 2983 1410 et
3032 1356 3215 1414 fractis
3245 1361 3497 1416 omnibus
3528 1378 3697 1415 mem-

2112 1433 2329 1489 brorum
2355 1442 2587 1496 motibus
2607 1485 2619 1503 ,
2656 1462 2684 1498 a
2710 1447 2925 1501 Christo
2951 1450 3280 1504 consolatur.
3309 1449 3439 1507 Nam
3474 1452 3696 1508 fulmine

2109 1527 2233 1580 εωιί
2268 1538 2500 1587 tortores
2524 1538 2647 1589 lacti
2677 1548 2730 1591 et
2761 1541 2960 1593 tonitru
2990 1540 3058 1572 ³⁷⁸
3084 1542 3282 1612 ingenti
3310 1545 3601 1613 perterriti,
3626 1546 3693 1600 ab

2106 1631 2172 1669 eo
2211 1616 2497 1688 fugantur,-
2548 1626 2833 1697 subitoque
2874 1641 3118 1699 repertus
3146 1643 3228 1688 est
3270 1632 3340 1667 ³⁸⁸
3373 1634 3423 1688 in
3456 1634 3573 1689 loco
3600 1634 3693 1698 ⁸⁸⁸.

2107 1706 2195 1761 ιιΙή
2225 1709 2374 1776 prius
2423 1714 2656 1768 orationi
2689 1719 2933 1782 vacabat,
2965 1723 3156 1791 angelo
3196 1724 3407 1779 Domini
3462 1725 3532 1781 ibi
3568 1742 3691 1779 eum

2108 1801 2447 1868 restituente,
2496 1816 2549 1860 ct
2602 1809 2783 1862 ultima
2833 1814 3079 1869 oratione
3127 1816 3428 1883 celebrata,
3482 1820 3691 1874 animas

2105 1890 2241 1946 caelo
2272 1894 2625 1952 tradiderunt.
2670 1899 2906 1971 Corpora
2951 1918 3080 1960 vero
3126 1905 3397 1962 Florentia
3441 1910 3687 1977 quaedam

2103 1980 2329 2038 illustris
2378 1985 2572 2041 l'cmina
2620 2000 2777 2047 terrae
2829 1996 3125 2052 tradiditin
3173 2000 3363 2056 eodem
3414 2000 3553 2066 loco,
3595 2003 3689 2072 qui

2100 2069 2296 2126 dicitur
2326 2072 2618 2132 Marianus.
2649 2079 2775 2147 Ejus
2818 2083 3059 2139 ultimam
3103 2090 3401 2144 orationem
3435 2102 3538 2146 tua:
3572 2092 3685 2162 glo-

2100 2162 2193 2216 riae
2232 2163 2537 2229 signiﬁcare
2581 2173 2792 2239 curavi,
2836 2183 2893 2229 ut
2937 2176 3062 2232 inde
3106 2195 3288 2235 sumas
3314 2181 3405 2246 ³⁸¹,
3433 2199 3540 2253 quo
3567 2184 3683 2256 ejus

2094 2268 2279 2309 amore
2323 2259 2533 2325 ardens,
2589 2270 2643 2316 et
2663 2264 2855 2319 ardore
2898 2267 3065 2335 ipsius
3118 2272 3321 2328 amoris
3360 2284 3680 2345 perpetuum

2090 2343 2209 2414 ejus
2255 2350 2608 2417 patrocinium
2658 2357 2939 2412 merearis.
3005 2358 3257 2429 Domine,
3298 2364 3501 2435 inquit,
3549 2365 3680 2423 Iesu

2091 2434 2295 2492 Christe
2353 2439 2441 2503 ³³³,
2469 2442 2547 2510 ﬁli
2596 2444 2693 2499 Dei
2740 2448 2866 2511 vivi,
2916 2453 3106 2522 perfice
3148 2434 3464 2511 desiderium
3505 2461 3679 2517 cordis

2086 2544 2267 2582 eorum
2308 2531 2397 2595 “",
2449 2545 2497 2587 et
2545 2536 2709 2590 libera
2754 2556 2841 2595 eos
2897 2547 2961 2595 ab
3020 2547 3258 2601 omnibus
3313 2550 3676 2620 inpedimentis

2084 2619 2240 2689 hujus
2266 2623 2465 2688 stecnli,
2498 2635 2544 2678 et
2574 2628 2769 2695 perduc
2798 2647 2883 2685 eos
2911 2633 2979 2686 ad
3009 2634 3231 2702 gloriam
3262 2619 3431 2702 tuam.
3463 2645 3552 2712 qui
3578 2661 3672 2713 pro

2082 2728 2166 2765 me
2200 2713 2497 2782 gloriﬁcent
2532 2728 2597 2783 te,
2638 2730 2685 2773 et
2732 2722 2906 2777 uolunt
2943 2726 3160 2793 gloriari
3202 2731 3267 2783 de
3314 2734 3414 2786 mei
3446 2735 3673 2788 martirii

2079 2805 2318 2871 passione
2342 2806 2428 2860 ³⁸⁵.
2454 2807 2603 2864 Hauc
2630 2826 2813 2867 vocem
2844 2816 3129 2871 subsecuta
3159 2829 3242 2875 est
3277 2822 3497 2891 sponsio
3524 2825 3664 2878 divi-

2079 2907 2162 2947 na:
2209 2897 2582 2963 promissionis
2612 2901 2703 2965 ³⁸⁸,
2734 2913 2847 2957 rata
2904 2914 2956 2959 et
3007 2905 3156 2961 ﬁrma
3188 2924 3305 2965 esse
3338 2914 3517 2967 omnia
3549 2930 3669 2984 qua:

2074 2998 2335 3057 rogasset.
2386 2989 2513 3045 Post
2570 2994 2735 3049 multa
2764 3011 2894 3052 vero
2940 2999 3088 3071 (161)
3137 3012 3377 3072 tempora
3440 3004 3665 3061 Romam

2074 3081 2297 3135 veniens
2337 3083 2554 3152 quidam
2579 3128 2591 3147 ,
2628 3086 2890 3144 Fulradus
2929 3090 2998 3123 ⁸⁸⁷
3039 3094 3287 3160 nomine,
3316 3105 3370 3151 et
3411 3097 3479 3151 ibi
3512 3110 3662 3169 gesta

2079 3170 2262 3242 legens
2298 3177 2524 3243 pretiosi
2583 3180 2863 3246 martiris,
2903 3185 3109 3239 notavit
3164 3186 3336 3242 locum
3384 3190 3658 3260 sepulcri,

2078 3268 2407 3338 veniensque
2434 3269 2629 3327 levavit
2656 3273 2909 3345 reliquias
2946 3292 3132 3333 sacras
3153 3320 3167 3344 ,
3197 3288 3251 3334 et
3286 3280 3565 3337 collocavit
3591 3284 3661 3318 ³⁸⁸

2076 3374 2169 3414 cas
2194 3359 2245 3414 in
2272 3376 2408 3432 pago
2429 3361 2722 3421 Parisiaco.
2754 3366 2883 3424 lude
2909 3382 3167 3441 regnante
3196 3371 3533 3432 Hluthuwico
3556 3379 3657 3432 im-

2074 3461 2340 3517 peratore.
2378 3453 2649 3511 translata:
2673 3466 2797 3512 sunt
2823 3459 2874 3513 in
2905 3460 3221 3530 Sa'xouiam,
3262 3475 3319 3520 et
3354 3475 3411 3522 ut
3449 3467 3658 3539 legatus

2074 3539 2252 3595 Karoli
2282 3541 2558 3599 confessus
2588 3556 2693 3611 est,
2738 3563 2804 3603 es
2845 3549 2949 3606 hoc
2978 3567 3065 3608 res
3103 3550 3433 3611 Francorum
3478 3574 3655 3629 cmpe—

2072 3641 2198 3685 runt
2224 3633 2414 3697 minui,
2448 3633 2722 3692 Saxonum
2767 3654 2895 3696 vero
2915 3656 3191 3710 crescere,
3217 3647 3387 3703 donec
3417 3649 3487 3684 ³⁸⁸
3514 3650 3651 3705 dila-

2068 3728 2194 3773 tatzn
2231 3720 2343 3791 ipsa
2375 3739 2471 3778 sua
2506 3725 2617 3795 jam
2654 3726 2725 3759 ”°
2760 3730 3128 3800 magnitudine
3170 3733 3441 3804 laborant,
3480 3749 3537 3793 ut
3567 3741 3650 3794 vi-

2064 3809 2256 3865 demus
2299 3814 2351 3867 in
2394 3829 2578 3871 amore
2608 3820 2790 3874 mundi
2817 3831 2874 3877 et
2898 3823 3062 3879 totius
3089 3826 3235 3881 orbis
3268 3829 3470 3899 capite,
3497 3840 3652 3900 patre

2064 3910 2181 3968 tuo,
2212 3904 2365 3973 cujus
2396 3909 2651 3976 potentiae
2692 3912 3025 3982 maiestatem
3076 3934 3180 3973 non
3219 3919 3391 3975 solum
3420 3920 3649 3978 Germa-

2062 3994 2175 4060 nia,
2208 3994 2357 4052 ltalia
2396 4009 2558 4069 atque
2596 4002 2785 4071 Gallia,
2838 4008 2931 4063 sed
2972 4017 3079 4063 tota
3123 4011 3234 4065 fere
3282 4013 3490 4083 Europa
3540 4031 3646 4070 non

2054 4087 2308 4150 sustinet.
2364 4090 2539 4147 Colito
2586 4095 2767 4167 itaque
2808 4108 3017 4155 tantum
3065 4101 3130 4136 “‘
3180 4114 3486 4173 patronum,
3536 4122 3648 4177 quo

2055 4178 2407 4247 adveniente,
2438 4182 2672 4243 Saxonia
2721 4203 2784 4243 ex
2837 4205 2993 4246 serva
3042 4192 3182 4249 facta
3237 4204 3316 4250 est
3367 4196 3534 4253 libera
3588 4210 3646 4254 et

2053 4282 2120 4323 ex
2174 4270 2459 4329 tributaria
2532 4277 2821 4334 multarum
2869 4283 3109 4351 gentium
3164 4285 3401 4341 domina.
3456 4285 3642 4359 Neque

1970 4383 2030 4445 D
2054 4362 2198 4416 enim
2228 4364 2349 4421 talis
2373 4382 2436 4422 ac
2468 4375 2648 4427 tantus
2677 4374 2870 4428 summi
2895 4374 2988 4430 Dei
3016 4376 3085 4410 ⁸⁸⁸
3113 4379 3320 4433 amicus
3355 4381 3429 4434 tui
3461 4384 3635 4452 gratia

2056 4451 2279 4524 indiget,
2310 4472 2406 4511 nos
2440 4474 2572 4516 vero
2602 4461 2782 4518 famuli
2814 4463 2983 4535 ipsius
3013 4464 3331 4540 indigemus.
3375 4451 3529 4528 Unde
3580 4484 3642 4529 ut

2054 4556 2179 4598 eum
2232 4549 2408 4617 possis
2456 4550 2659 4610 habere
2706 4555 3121 4616 intercessorem
3168 4563 3307 4633 apud
3358 4564 3638 4623 ctelestem

1619 4690 1850 4754 VARLE
1908 4700 2314 4769 LECTIONES.

410 4799 482 4831 ³⁸⁸
507 4803 933 4893 confirmaretur
962 4812 1014 4867 3.
1090 4815 1171 4893 "fg
1186 4822 1440 4893 quoniam
1462 4825 1529 4882 Δ.
1606 4827 1674 4862 ⁸⁸⁸
1696 4831 1841 4888 deest
1864 4837 1915 4893 1.
1935 4836 1951 4856 ‘

336 4868 848 4973 :“lt'l.(l)l'lﬂ;alm.lqé.
881 4880 1171 4973 Normandi
1553 4898 1607 4953 2.
1642 4868 1948 4973 lycii:

333 4940 359 4994 1
417 4940 574 4997 llilas
601 4946 654 4999 5.
735 4947 805 4981 ⁸⁷⁸
837 4940 1178 5012 navigavitl.

334 5027 518 5067 manu.
600 5014 671 5055 ⁸⁷⁸
697 5026 811 5074 tura
834 5021 883 5075 1.

334 5078 401 5110 ³³³
435 5094 493 5137 ut
520 5085 649 5139 inde
673 5102 859 5147 sumas
892 5078 1162 5153 demoti.

333 5157 585 5234 martyrii
611 5160 885 5251 ’βαδίξεηεὶ
915 5166 988 5251 2._
1042 5168 1117 5251 1“
1154 5157 1505 5251 e_t__volunt_~
1532 5158 1785 5251 passidne

330 5224 589 5293 cavitque
609 5224 664 5282 3.
744 5230 811 5264 ⁸⁸⁸
849 5235 1008 5291 deest.
1042 5239 1092 5293 2.
1172 5224 1729 5318 =°°'i§§5'jam233"li'f

1997 4840 2312 4925 "Ldionisii
2335 4849 2720 4925 alibitiyonisii
2748 4857 2797 4911 1.
2828 4856 3062 4925 dionysii
3088 4861 3152 4916 Α.
3179 4861 3232 4918 3.
3310 4864 3380 4897 ³⁸⁸
3405 4866 3547 4922 deest
3575 4865 3632 4925 3.

2026 4906 2114 5001 ἴθ’·
2125 4932 2323 5001 praeses
2337 4920 2467 5001 pse'
2477 4906 2543 5001 δέ
2567 4906 2585 4910 ⁷
2598 4906 2850 5001 ξᾷιᾟ

1934 4962 1945 4965 -
2165 4962 2351 4973 ...νυν
2394 4962 2453 4976 ..υ
2477 4962 2529 4976 ν.
2706 4962 2784 4982 σοι
2809 4962 2850 4980 ι.

1257 4962 1704 5054 ’τξτςίζιμίἁῇθηειῖη
1731 4974 1821 5054 2_.__
1864 4962 1937 5054 f7"
1970 4962 2475 5054 administrantibus
2500 4992 2554 5047 2.
2631 4994 2705 5029 ⁸⁷⁸
2726 4998 2867 5053 enim
2894 5001 2942 5054 Ι.

2163 5026 2247 5043 Iv.-
2261 5026 2475 5047 ηιιιιυιιο
2503 5026 2554 5047 ﬂ.
2636 5026 2668 5029 "
2687 5026 2703 5029 '
2838 5026 2867 5051 ΙΙ
2930 5039 2942 5053 ο

984 5026 1030 5058 ⁷⁸
1057 5027 1146 5126 illi.)
1173 5030 1225 5085 5.
1240 5034 1673 5126 m":‘diu’t‘iius.2:
1735 5026 1822 5126 vf"
1839 5026 2208 5126 deest-im?"
2239 5059 2476 5118 tonitruo
2495 5062 2551 5118 2.
2628 5065 2699 5101 ³³⁸
2726 5026 2967 5126 Elegia}.

2928 4928 3342 5011 "‘_resti_tuti_l.
3403 4937 3493 5011 ff’
3516 4938 3636 5011 ylas

3009 5004 3082 5036 ³⁷³
3112 5005 3235 5059 add.
3276 5006 3415 5061 beati
3446 5006 3498 5062 1.
3519 5004 3637 5066 ὶεε.

3055 5075 3120 5108 ³⁸⁸
3153 5077 3337 5131 inloco
3358 5078 3638 5139 ἄκακε-1.

2499 5102 2551 5118 ιη
2726 5102 2887 5126 unus.
2954 5112 2967 5124 .
3056 5102 3120 5108 ""
3223 5102 3233 5129 I
3273 5102 3337 5130 (Συ
3358 5102 3563 5133 acaum.
3580 5102 3605 5135 Ἰ
3621 5123 3638 5139 .

1240 5102 1311 5135 ⁸⁸³
1335 5103 1457 5161 Jesu
1484 5108 1716 5180 Christe,
1752 5102 2057 5242 inguini.“
2084 5126 2162 5162 ³⁸⁸
2189 5102 2529 5202 aiiT'liu‘i"in
2560 5144 2655 5194 tuo
2682 5141 2899 5196 nomine
2918 5102 3124 5199 Δί’νοιηηι
3153 5102 3381 5217 Ιῧᾶτίθτί
3432 5150 3500 5202 de
3532 5156 3649 5212 met

1240 5174 1505 5259 volunt—
1532 5184 1785 5272 passipne
1811 5203 2002 5272 “esum
2028 5196 2108 5272 2.»
2162 5197 2364 5272 "{div.
2396 5220 2479 5272 sp.
2506 5219 2689 5272 prom.
2715 5213 2771 5267 2.
2847 5212 2915 5244 ³⁸⁷
2941 5212 3183 5271 folradus
3204 5220 3265 5272 A.
3371 5218 3442 5250 ³⁸⁸
3466 5220 3648 5272 collo.

1811 5196 2002 5249 desunt
2028 5196 2081 5251 2.
2162 5197 2234 5232 ³⁸⁸
2254 5196 2384 5257 div:
2396 5220 2479 5277 sp.
2506 5219 2689 5275 prom.
2715 5213 2771 5267 2.
2847 5212 2915 5244 ³⁸⁷
2941 5196 3265 5272 foli-aliusue“.

1809 5258 1876 5294 ³⁹¹
1907 5263 2052 5324 deest
2080 5270 2151 5340 Δ,
2226 5267 2297 5306 ⁸⁹⁹
2324 5272 2412 5333 dei
2437 5283 2643 5337 summi
2662 5284 2719 5339 2.

3371 5218 3442 5250 ³⁸⁸
3466 5220 3613 5280 collo
3625 5256 3648 5269 .

2035 5531 2150 5575 sec.
2196 5534 2248 5574 νι
2295 5533 2388 5578 al"
2425 5541 2501 5578 VII
2535 5531 2739 5578 SCI‘inla
2791 5528 2983 5578 hausit-
3042 5551 3203 5578 tltmm
3236 5538 3351 5578 villo
3394 5535 3445 5578 in
3484 5538 3660 5578 Ann-
