4466 5578
362 432 464 489 155

1413 446 1545 502 RES
1583 450 1831 507 GESTAE
1873 453 2256 516 SAXONICAZ.
2298 492 2365 503 -—
2404 464 2529 520 LIB.
2576 467 2613 520 Ι.

3526 481 3547 531 -1
3562 478 3628 531 54

361 550 679 606 merabilem
737 552 1176 623 multitudinem,
1224 566 1278 611 et
1336 572 1596 617 nocturna
1650 564 1827 634 pluvia
1887 570 2391 641 iuALiudulftnn,
2453 580 2627 633 virum
2682 595 2973 650 magnum,
3026 584 3328 654 meritoque
3376 590 3626 643 omnibus

364 652 575 697 tantum
627 644 959 714 inpeditam,
1007 658 1067 703 ut
1111 650 1201 704 vix
1234 652 1303 683 m
1333 652 1400 707 ab
1451 656 1721 725 equitibus
1769 661 1941 715 coacti

360 736 426 789 ad
455 752 688 807 pugnam
720 742 1101 809 procederent.
1132 743 1300 811 Igitur
1342 746 1453 802 sole
1496 750 1718 804 cadente
1754 752 1807 805 in
1841 753 1941 806 hu-

366 828 507 882 mida
561 831 884 887 vestimenta
937 833 1327 902 barbarorum,
1383 840 1585 896 fumum
1639 847 1931 903 ascendere

364 918 493 973 fecit
523 936 693 989 usque
739 924 789 976 in
824 924 1051 991 etelum,
1085 943 1233 998 spem
1280 930 1638 1004 fiduciamque
1682 948 1942 1004 praestans

314 1078 317 1079 ν
366 1007 458 1061 Dei
488 1010 682 1079 pepulo
709 1010 801 1077 “',
835 1012 985 1083 cujus
1017 1015 1171 1071 faciei
1216 1019 1434 1077 claritas
1474 1035 1634 1094 atque
1677 1029 1943 1085 serenitas

313 1093 318 1097 ’
365 1100 725 1156 circumfulsit
755 1104 891 1159 illos.
933 1106 1094 1177 Igitur
1135 1111 1259 1165 dato
1294 1113 1480 1182 signo,
1522 1093 1575 1169 et
1614 1117 1935 1174 exhortante

364 1190 601 1262 legiones
652 1195 861 1266 legato,
919 1215 1040 1254 cum
1095 1202 1332 1260 clamore
1385 1207 1563 1262 valido
1618 1210 1832 1265 irruunt
1880 1214 1936 1268 in

307 1278 317 1299 ‘
358 1282 567 1336 hostes.
603 1284 846 1356 Cumque
876 1289 1041 1343 nimia
1071 1292 1341 1350 densitate
1371 1296 1475 1352 iter
1514 1302 1931 1368 pertranseuntli

363 1373 546 1429 hostes
576 1391 681 1430 non
713 1389 951 1447 pateret,
980 1382 1168 1438 dextra
1204 1386 1444 1459 laevaque
1477 1389 1621 1447 ferro
1649 1409 1940 1465 erumpen-

361 1473 473 1527 tes,
516 1482 889 1539 quoscumque
919 1488 947 1526 a
979 1474 1141 1530 sociis
1182 1481 1537 1536 secernehant
1570 1483 1657 1549 ³³⁸,
1693 1488 1811 1541 neci
1844 1488 1939 1541 da-

357 1551 504 1608 bant.
562 1556 807 1628 Cumque
859 1560 930 1592 ⁸³⁸
972 1562 1085 1629 jam
1130 1566 1327 1623 bellum
1374 1584 1695 1642 gravaretur
1745 1577 1836 1641 ⁸⁸⁸,
1886 1588 1943 1632 et

359 1643 515 1697 multi
549 1645 673 1701 hinc
711 1658 873 1719 atque
915 1653 1039 1709 inde
1076 1658 1364 1725 caderent,
1411 1673 1464 1717 et
1509 1666 1682 1721 adhuc
1725 1668 1940 1723 barbari

356 1733 580 1828 ordines
624 1746 902 1807 tenerent,
949 1743 1157 1815 legatus
1202 1750 1501 1821 collegam,
1546 1766 1602 1809 ut
1642 1757 1941 1828 legionibus

352 1822 562 1877 auxilio
590 1839 768 1893 esset,
799 1836 1125 1900 expostulat.
1157 1838 1249 1894 llle
1293 1858 1419 1896 vero
1466 1822 1775 1915 praelectum
1816 1866 1937 1906 cum

2047 669 2260 739 populis
2313 685 2535 735 carum,
2594 672 2757 727 tiliam
2813 689 3025 744 quoque
3084 678 3300 732 nomine
3368 678 3629 750 Liudgare

2047 762 2169 815 dam
2202 762 2291 826 ⁸³⁸,
2324 778 2443 831 qua:
2474 771 2730 832 nupserat
2758 762 3005 818 Conrado
3036 765 3367 822 Francorum
3399 770 3541 823 duci.
3632 754 3635 755 ν

2116 854 2205 908 58.
2246 855 2358 908 Rex
2406 866 2584 910 autem
2628 872 2747 911 cum
2787 856 2898 926 jam
2946 860 3169 915 militem
3213 862 3439 916 haberet
3462 878 3623 934 equo-

2046 946 2142 999 stri
2190 946 2383 1014 proelio
2431 947 2748 1015 probatum,
2794 960 2982 1003 contra
3028 951 3277 1019 antiquos
3306 953 3518 1019 hostes,
3548 930 3669 1009 vi-l'

2047 1036 2243 1090 delicet
2294 1036 2586 1107 ngarios,
2641 1042 2983 1109 praesumpsit
3031 1043 3167 1096 inire
3210 1053 3505 1099 certamen.
3562 1046 3629 1101 Et

2048 1128 2505 1201 (DCCCCXXXII)
2534 1143 2829 1187 convocato
2855 1133 2926 1165 "°
2954 1135 3098 1188 omni
3120 1135 3337 1205 populo,
3378 1137 3465 1191 tali
3500 1154 3624 1192 ora-

2048 1222 2193 1275 tione
2222 1222 2286 1252 ⁵⁵⁸
2315 1237 2410 1275 eos
2436 1232 2519 1277 est
2546 1224 2615 1255 ‘5'
2642 1222 2835 1277 allatus
2865 1243 2875 1275 :
2911 1224 3049 1277 Olim
3076 1242 3140 1278 ea:
3167 1227 3307 1278 omni
3335 1238 3480 1295 parte
3507 1244 3628 1280 con-

2047 1314 2223 1383 fusum
2253 1334 2282 1368 a
2311 1316 2520 1385 quantis
2542 1318 2783 1385 periculis
2810 1318 3084 1384 imperium
3109 1316 3178 1350 ⁸⁸³
3206 1328 3430 1371 vestrum
3472 1320 3627 1371 modo

2045 1407 2107 1459 sit
2139 1408 2378 1471 liberant,
2398 1423 2483 1460 vos
2512 1408 2608 1475 ipsi
2636 1408 2820 1461 melius
2850 1409 3033 1471 nostis,
3058 1409 3147 1477 qui
3167 1407 3406 1461 civilibus
3428 1408 3628 1460 discor-

2046 1499 2146 1551 diis
2189 1509 2234 1552 et
2288 1499 2513 1552 externis
2568 1498 2713 1552 bellis
2758 1500 2943 1552 totiens
2974 1500 3141 1552 attriti
3175 1498 3520 1550 laborabatis.
3557 1498 3622 1550 At

2047 1603 2203 1651 nunc,
2232 1586 2453 1655 propitia
2493 1587 2638 1641 nobis
2669 1604 2872 1641 summa
2904 1588 3175 1641 divinitate
3206 1586 3297 1649 ³⁵⁸,
3328 1597 3505 1640 nostro
3546 1586 3625 1639 la-

2046 1680 2198 1741 bore,
2230 1689 2398 1733 vestra
2433 1680 2501 1709 ⁵⁸⁵
2538 1682 2745 1744 virtute,
2790 1692 3033 1749 pacatum
3085 1682 3458 1749 collectumque
3507 1696 3622 1733 cer-

2046 1771 2189 1834 nitis,
2219 1771 2468 1825 barbaros
2504 1782 2777 1840 superatos
2806 1783 2850 1826 et
2883 1774 3118 1826 servituti
3145 1774 3421 1841 subjectos.
3460 1771 3613 1837 Quod

2044 1873 2306 1931 superest,
2364 1879 2564 1917 ηρεεεδε
2627 1864 2907 1929 habemus,
2969 1876 3021 1917 ill
3080 1875 3261 1917 εοηινα
3322 1880 3623 1917 communes

353 1916 748 1989 quinquaginta
800 1929 1026 1984 armatis
1075 1930 1228 1986 lateri
1262 1934 1327 1965 “7
1362 1936 1544 1993 hostili
1596 1941 1837 2008 inmisit,
1886 1953 1939 1998 et
1969 1946 2016 2006 B
2044 1916 2117 2008 lio:

1886 1953 1939 1998 ει
1969 1946 2016 2006 Β
2044 1956 2213 2009 hostes
2235 1957 2427 2009 Avares
2454 1957 2653 2025 pariter
2674 1957 2743 1997 ⁸³·
2771 1974 3167 2027 consurgamns.
3208 1955 3310 2011 Vos
3337 1958 3623 2027 hucusque,

353 2008 575 2065 ordines
602 2016 984 2083 conturbavit;
1018 2036 1081 2075 ex
1125 2023 1227 2079 hoc
1270 2027 1403 2082 caedi
1434 2028 1503 2059 ⁸³⁸
1536 2030 1783 2103 fugteque
1823 2044 1934 2090 tota

349 2096 434 2152 die
482 2100 665 2159 hostes
714 2107 989 2175 patebant.
1044 2111 1176 2167 Cum
1226 2132 1353 2187 ergo
1396 2134 1493 2186 per
1538 2096 1725 2177 omnes
1774 2141 1935 2195 agros

350 2192 742 2261 caederentur,
795 2202 861 2253 ad
912 2204 1097 2257 urbem
1165 2208 1395 2263 vicinam
1447 2211 1635 2281 fugere
1700 2192 1933 2289 tempta-

346 2280 498 2337 bant.
526 2284 738 2358 Collega
769 2299 947 2346 autem
979 2294 1083 2349 hoc
1112 2298 1189 2352 eis
1217 2315 1558 2369 prcecavente
1581 2347 1595 2370 ,
1627 2280 1933 2375 proximum

346 2387 498 2428 mare
542 2375 692 2449 (170)
746 2382 972 2453 ingressi
1026 2399 1184 2455 sunt,
1229 2401 1283 2445 et
1332 2394 1405 2447 ita
1461 2397 1662 2451 factum
1710 2410 1825 2465 est,
1876 2413 1936 2458 ut

348 2465 525 2521 omnis
553 2466 645 2523 illa
676 2471 842 2527 nimia
884 2478 1170 2535 multitudo
1198 2494 1291 2538 aut
1321 2487 1499 2556 gladio
1525 2506 1937 2549 consumeretur

348 2564 442 2655 aut
484 2555 539 2610 in
580 2562 718 2615 mari
759 2578 1114 2633 mergeretur.
1158 2571 1267 2627 Nec
1296 2555 1534 2645 peditum
1565 2582 1703 2637 ullus
1746 2601 1939 2655 super-

350 2642 485 2709 fuit,
515 2650 760 2718 equitum
790 2657 1135 2726 rarissimus,
1170 2664 1563 2740 tleponiturqne
1589 2673 1784 2729 bellum
1812 2692 1934 2731 eum

347 2749 478 2791 casu
506 2742 748 2797 omnium
791 2747 1247 2809 adversariorum.
1296 2757 1488 2829 Ingens
1516 2762 1726 2818 interea
1760 2768 1936 2821 oritur

346 2829 532 2887 ltetitia
561 2850 627 2890 ex
657 2842 863 2894 recenti
900 2842 968 2875 ⁸³⁵
1000 2846 1228 2903 victoria
1252 2891 1266 2916 ,
1316 2852 1445 2907 dum
1488 2870 1675 2911 omnes
1718 2858 1938 2914 laudant

346 2923 534 2991 duces,
562 2933 942 3002 unusquisque
966 2952 1093 2993 vero
1115 2941 1346 2998 militum
1368 2948 1627 3013 praedicat
1649 2948 1814 3005 alium
1839 2950 1932 3016 “°,

352 3014 606 3086 ignavum
638 3036 889 3093 quoque,
926 3036 985 3081 ut
1012 3030 1065 3083 in
1100 3031 1191 3085 tali
1224 3032 1443 3090 fortuna
1483 3038 1622 3093 solet
1662 3040 1801 3095 ﬁeri.
1834 3014 1935 3097 Po;

346 3114 491 3161 stera
519 3108 587 3141 “‘
631 3122 810 3168 autem
860 3116 980 3174 luce
1026 3132 1244 3178 movent
1295 3126 1447 3195 signa
1495 3130 1613 3184 urbi
1664 3131 1933 3201 praefatae,

344 3197 539 3254 urbani
580 3218 709 3258 vero
752 3221 904 3261 arma
948 3210 1259 3280 deponunt,
1290 3216 1520 3273 salutem
1561 3197 1934 3277 tantummodo

2037 2046 2174 2114 ﬁlios
2203 2045 2445 2117 ﬁliasque
2496 2058 2693 2101 vestras
2743 2048 3031 2117 expc/invi,
3074 2058 3119 2103 et
3168 2050 3415 2103 carnrium
3443 2065 3626 2102 eorum

2039 2136 2275 2205 repleri;
2339 2155 2475 2190 nunc
2536 2138 2727 2206 templa
2790 2138 3202 2207 templorumque
3262 2140 3528 2191 ministros
3566 2148 3623 2190 ut

1988 2258 1995 2265 ~
2038 2226 2294 2293 expoliem
2325 2244 2501 2297 cogor,
2537 2229 2729 2297 absque
2760 2230 2912 2281 nudis
2944 2230 3246 2297 corporibus
3292 2228 3436 2282 nulla
3478 2229 3624 2282 nobis

2043 2316 2151 2368 alia
2188 2327 2483 2371 remanente
2514 2320 2754 2387 pecunia.
2792 2318 3059 2372 Consulite
3094 2320 3253 2387 igitur
3292 2321 3427 2372 vobis
3465 2320 3622 2386 ipsis,

2039 2416 2085 2459 et
2141 2407 2267 2474 quid
2317 2424 2473 2475 super
2524 2409 2622 2459 hac
2676 2426 2727 2460 re
2773 2408 2919 2461 nobis
2960 2410 3023 2461 sit
3062 2408 3361 2476 faciendum
3391 2450 3403 2470 ,
3431 2409 3622 2477 eligite.

2043 2493 2365 2547 Thesanrum
2396 2496 2584 2548 divinis
2617 2497 2793 2565 ofﬁciis
2830 2498 3217 2565 sanctiﬁcatum
3247 2496 3496 2550 tollanme
3527 2498 3621 2561 "7,

2039 2594 2086 2639 et
2135 2586 2272 2639 dabo
2320 2603 2413 2654 pro
2462 2598 2640 2640 nostra
2687 2590 3037 2659 redemptione
3092 2589 3186 2643 Dei
3231 2591 3508 2643 inimicis?
3552 2606 3621 2643 an

2039 2685 2175 2727 certe
2213 2675 2405 2728 addam
2449 2676 2614 2730 cultui
2650 2678 2825 2732 divino
2864 2682 3101 2749 pecunia:
3141 2680 3210 2711 ⁸⁸⁸
3250 2682 3527 2745 honorem,
3567 2690 3623 2732 ut

2040 2765 2103 2817 ab
2138 2763 2204 2799 "’
2244 2766 2355 2833 ipso
2394 2768 2567 2835 potius
2608 2770 2953 2829 redimantur,
2993 2773 3081 2839 qui
3124 2788 3237 2823 rere
3277 2781 3448 2823 noster
3483 2779 3622 2822 extat

2040 2864 2246 2906 creator
2293 2856 2494 2922 pariter
2544 2867 2590 2909 et
2638 2857 2709 2887 “°
2751 2860 3191 2929 redemptor?Ad
3241 2861 3351 2915 hcce
3397 2860 3623 2929 populus

2039 2943 2501 3001 levavitvocesin
2534 2948 2763 3013 cmhun,
2819 2951 3107 3018 inquiens,
3154 2967 3211 3005 se
3263 2970 3290 3005 a
3344 2954 3452 3006 Deo
3499 2954 3622 3007 vivo

2038 3044 2093 3088 et
2118 3048 2246 3089 vero
2277 3035 2466 3090 redimi
2495 3038 2818 3093 omnimodis
2847 3040 3188 3105 desiderare,
3218 3043 3341 3111 quia
3373 3041 3544 3096 lidelis
3569 3052 3623 3096 et

2033 3125 2213 3193 justus
2242 3128 2313 3183 sit
2342 3129 2394 3181 in
2425 3131 2677 3185 omnibus
2705 3132 2803 3185 viis
2839 3134 2953 3186 suis
2994 3143 3047 3186 ct
3084 3142 3305 3188 sanctus
3348 3136 3399 3188 in
3444 3135 3621 3191 Olllll'

2042 3217 2141 3272 bus
2170 3218 2423 3287 operibus
2452 3220 2583 3274 suis.
2615 3220 2848 3291 Operam
2892 3238 3046 3276 suam
3077 3222 3271 3278 deinde
3298 3224 3622 3293 promittens

344 3288 646 3361 deposcunt
686 3313 749 3353 ac
792 3310 1088 3357 merentur.
1135 3304 1377 3361 lnermes
1422 3309 1588 3378 igitur
1614 3312 1747 3367 urbe
1778 3328 1931 3382 egre-
1958 3295 2005 3360 Ο
2038 3310 2151 3380 regi
2188 3310 2255 3348 ⁸⁶¹
2298 3321 2484 3366 contra
2531 3321 2747 3382 gentem
2802 3316 3125 3370 acerrimam
3173 3316 3265 3380 m,
3317 3318 3521 3371 dextris
3565 3316 3619 3370 in

344 3384 397 3439 di
432 3385 708 3459 “'jussi;
749 3395 962 3451 servilis
1008 3407 1189 3455 autem
1234 3402 1473 3457 conditio
1517 3412 1573 3459 et
1614 3406 1792 3461 omnis
1839 3422 1931 3476 pe-

344 3480 508 3535 cunia
553 3497 677 3538 cum
724 3488 987 3544 uxoribus
1024 3499 1079 3546 et
1124 3492 1248 3548 tiliis
1286 3503 1341 3549 et
1380 3497 1527 3550 omni
1575 3497 1929 3567 suppellectili

342 3570 703 3632 barbarorum
760 3580 907 3651 regis
948 3581 1020 3614 “'
1070 3586 1439 3656 captivitatem
1496 3588 1768 3643 subibant.
1828 3588 1929 3645 Ce-

342 3661 594 3719 ciderunt
622 3667 789 3723 etiam
819 3684 886 3725 ex
913 3674 1115 3728 nostris
1148 3675 1199 3729 in
1229 3674 1319 3730 illo
1347 3676 1541 3746 proelio
1572 3678 1677 3734 duo
1702 3676 1774 3709 διδ
1799 3678 1928 3734 Liu-

342 3752 608 3837 thariif'"
638 3757 785 3829 (171)
815 3769 871 3815 et
914 3762 1005 3817 alii
1050 3765 1259 3821 nobiles
1304 3766 1407 3822 viri
1452 3770 1720 3824 nonnulli.
1766 3770 1933 3841 Igitur

343 3842 554 3916 legatus
584 3864 707 3904 cum
748 3851 959 3923 collega
998 3864 1052 3910 et
1088 3856 1210 3912 aliis
1250 3860 1587 3930 principibus
1632 3861 1924 3919 Saxoniam

343 3937 582 3996 victores
621 3944 868 4010 reversi,
915 3947 1214 4004 honoriﬁce
1266 3964 1296 4002 a
1344 3965 1470 4021 rege
1519 3961 1645 4007 sunt
1690 3955 1921 4025 suscepti

344 4030 589 4100 satisque
634 4032 877 4101 laudati,
911 4039 1003 4107 qui
1034 4041 1221 4109 parvis
1246 4042 1449 4113 copiis,
1491 4044 1670 4099 divina
1712 4045 1929 4102 favente

342 4118 631 4177 clementia
661 4162 677 4190 ,
735 4127 1079 4196 magniﬁcam
1134 4132 1567 4201 perpetraverint
1614 4134 1919 4206 victoriam.

343 4207 478 4265 Nam
503 4210 654 4268 fuere
682 4215 775 4285 qui
818 4216 1063 4274 dicereut
1088 4260 1101 4285 ,
1130 4220 1488 4277 barbarorum
1515 4224 1747 4280 ducenta
1778 4228 1923 4282 milia

342 4313 509 4355 ωδε.
554 4300 769 4374 Captivi
819 4303 892 4337 ⁵⁸⁸
954 4322 1145 4365 onmes
1184 4320 1400 4381 postera
1449 4312 1537 4368 die
1586 4314 1679 4382 ⁸⁸⁷,
1711 4324 1769 4370 ut
1812 4332 1935 4388 prn-

342 4390 573 4447 missum
618 4393 929 4463 habebant,
980 4399 1311 4456 obtruncati.

415 4482 505 4537 57.
550 4482 737 4556 Itaque
790 4490 1026 4545 recentis
1077 4491 1321 4549 victoriae
1370 4495 1614 4551 laetitiam
1664 4501 1936 4568 augebant

338 4577 546 4645 nuptim
576 4578 786 4649 regales
805 4620 819 4643 ,
850 4595 972 4651 quae.
996 4597 1061 4637 eo
1094 4592 1334 4657 tempore
1363 4590 1646 4657 magnifica
1676 4591 1924 4664 largitate

333 4664 766 4724 celebrabantur
799 4650 890 4726 “'7.
925 4671 1058 4728 Nam
1099 4650 1383 4732 rex-dedit
1426 4650 1533 4736 lilio
1577 4698 1675 4736 suo
1714 4650 1921 4739 Oddoni
1956 4650 2002 4709 ο

334 4758 627 4830 conjugem
679 4761 845 4816 filiam
886 4763 1178 4823 Ethmundi
1223 4769 1369 4842 (172)
1416 4774 1555 4843 regis
1600 4774 1921 4846 Anglorum,

332 4863 584 4905 sererein
638 4851 957 4923 Adalstani,
1004 4875 1124 4928 qua:
1153 4860 1359 4931 {genuit
1402 4862 1449 4917 ei
1499 4862 1665 4918 lilium
1712 4868 1928 4923 nomine

2037 3402 2232 3456 cadum
2262 3403 2488 3457 elevatis
2508 3444 2522 3469 ,
2566 3415 2783 3474 pactum
2816 3408 3069 3461 ﬁrmavit.
3102 3408 3216 3461 Tali
3246 3409 3427 3477 itaque
3456 3416 3617 3477 pacto

2037 3507 2158 3548 cum
2214 3493 2411 3563 populo
2469 3506 2725 3563 peracto,
2788 3496 2993 3552 dimisit
3041 3515 3136 3554 rex
3199 3499 3618 3552 multitudinem.

2035 3583 2167 3640 Post
2211 3585 2326 3639 haec
2375 3585 2536 3657 legati
2583 3585 2949 3657 Ungariorum
2998 3589 3249 3643 adierunt
3294 3603 3475 3659 regem
3522 3603 3621 3658 pro

2035 3675 2209 3731 solitis
2259 3677 2615 3744 muneribus;
2671 3682 2765 3734 sed
2820 3681 2889 3735 ab
2940 3696 3005 3735 eo
3054 3682 3253 3752 spreti,
3312 3682 3363 3735 in
3420 3689 3620 3735 terram

2037 3787 2190 3827 suam
2227 3774 2381 3828 vacui
2411 3784 2538 3829 sunt
2572 3774 2640 3806 “'
2673 3777 2896 3831 reversi.
2926 3776 3053 3832 Hcce
3077 3778 3359 3833 audientes
3388 3776 3458 3808 ⁸⁸⁸
3483 3774 3623 3829 Ava-

2026 3882 2152 3931 res,
2207 3868 2374 3922 nichil
2427 3870 2623 3924 morati
2652 3869 2721 3901 ⁸⁸⁵
2752 3886 2873 3925 cum
2915 3871 3063 3941 gravi
3113 3870 3406 3940 hostilique
3455 3880 3620 3921 manu

2036 3958 2297 4013 festinant
2327 3960 2532 4015 intrare
2561 3960 2875 4016 Saxoniam.
2910 3961 2979 4015 Et
3017 3961 3120 4016 iter
3165 3971 3387 4030 agentes
3429 3976 3523 4029 per
3549 3954 3622 3987 ’⁵⁸⁸

2041 4049 2441 4104 llalamantiam
2470 4092 2483 4115 ,
2515 4054 2582 4106 ab
2609 4054 2849 4122 antiquis
2877 4067 3031 4122 opem
3060 4060 3255 4122 petunt
3283 4054 3493 4109 amicis.
3537 4056 3618 4111 llli

2038 4157 2165 4198 vero
2196 4144 2458 4206 scientes,
2492 4159 2586 4199 eos
2621 4146 2876 4200 festinare
2905 4146 2970 4199 ad
2998 4144 3288 4198 Saxoniam
3308 4187 3320 4207 ,
3353 4145 3623 4202 Saxones-

2038 4248 2141 4302 que
2169 4232 2236 4264 ⁸⁸⁷
2265 4236 2330 4287 ad
2364 4235 2705 4304 pugnandum
2737 4251 2858 4290 cum
2891 4236 2971 4290 eis
2998 4234 3066 4265 ’⁸⁵⁸
3098 4245 3343 4304 paratos,
3381 4238 3623 4306 pinguis-

2037 4324 2235 4378 simum
2268 4340 2365 4393 pro
2398 4341 2617 4379 munere
2647 4328 2727 4381 eis
2752 4324 2822 4357 “’
2852 4326 3144 4396 projiciuut
3173 4342 3385 4381 canem.
3413 4329 3621 4383 Etcum

2038 4433 2143 4473 non
2187 4427 2330 4473 esset
2374 4419 2628 4490 iniuriam
2673 4421 2978 4476 vindicandi
3025 4422 3175 4477 locus
3220 4424 3285 4476 ad
3329 4421 3489 4476 aliam
3519 4440 3620 4493 pu—

2038 4525 2198 4579 gnam
2230 4508 2647 4575 festinantibus,
2678 4527 2798 4566 cum
2842 4512 3130 4569 ridiculosa
3176 4514 3308 4568 satis
3350 4515 3621 4569 vocifera-

2042 4601 2186 4654 tione
2210 4600 2419 4670 longius
2442 4605 3038 4675 prosecuntueamicos.
3064 4604 3230 4675 Igitur
3255 4622 3413 4673 quam
3440 4616 3625 4676 potue-

2037 4700 2163 4744 runt
2190 4693 2469 4761 repentino
2500 4692 2979 4765 (DCCCCXXXIII)
3013 4696 3193 4763 inpetu
3244 4697 3449 4749 intrant
3484 4698 3620 4751 lines

2037 4782 2455 4854 Thuringorum,
2479 4785 2621 4838 illam
2643 4795 2807 4839 totam
2825 4795 3022 4840 terrain
3043 4788 3309 4841 Ιιοδιὰιίυῖι⁸
3326 4805 3625 4857 pervagan-

2037 4874 2221 4935 tcsm,
2244 4874 2420 4943 ibique
2443 4874 2631 4930 divisis
2656 4876 2841 4941 sociis,
2866 4876 2955 4931 alii
2980 4878 3046 4931 ad
3073 4876 3411 4932 occidentem
3439 4893 3626 4947 perge-

1667 4984 1902 5043 VARUE
1942 4988 2348 5046 LECTIONES.

408 5065 657 5146 f“_d_eest
678 5058 755 5146 5.‘
785 5071 881 5146 Α⁸³³
908 5075 1108 5146 populo
1131 5076 1213 5129 dei
1242 5075 1295 5131 2.

1375 5077 1445 5116 ι³⁸
1475 5095 1532 5133 se
1560 5080 1880 5136 sternebant
1908 5084 1960 5138 5.

2039 5081 2109 5114 ’⁵³⁵
2140 5083 2340 5156 cunt2.
2417 5082 2488 5156 ‘3‘
2514 5082 2703 5156 dextra
2730 5083 2973 5154 laevaque
3000 5090 3070 5125 —-‘
3092 5093 3412 5156 gravaretur
3446 5088 3629 5141 desunt

340 5138 364 5189 Ι
388 5137 421 5190 2
440 5209 451 5219 .
494 5140 565 5228 ‘f'
590 5141 758 5228 laetari
779 5141 833 5196 2.
908 5137 1150 5228 infe-mlle
1181 5148 1269 5199 Α.,
1346 5148 1392 5228 ³¹ξ
1411 5151 1674 5228 crescenti
1702 5151 1750 5203 l.
1811 5149 1884 5228 ‘_‘°
2061 5137 2403 5228 evangelium
2507 5226 2513 5228 _
2546 5137 2823 5228 “lpqstea
2950 5137 3041 5189 ’⁸⁵⁸
3069 5137 3287 5228 (regredi
3431 5157 3501 5228 ⁸9
3528 5166 3635 5228 post

339 5209 485 5277 regis
513 5210 638 5265 Let
662 5211 726 5266 A.
750 5228 998 5281 punctum
1018 5215 1301 5270 collocant.
1381 5218 1453 5251 ⁸³⁸
1478 5221 1618 5274 deest
1649 5223 1698 5275 1.

332 5289 557 5349 postera
596 5282 654 5335 2.
728 5282 800 5315 W'
830 5286 1176 5342 celebrantur
1200 5288 1263 5341 A.
1295 5291 1346 5344 5.

1774 5227 1796 5259 ‘
1824 5221 1845 5252 ⁵
1879 5225 2122 5281 luitliarii
2155 5221 2460 5282 2.'lutharii
2491 5226 2558 5279 A.

1427 5289 1494 5321 ’⁸³³
1534 5290 1854 5363 liutgardatn
1900 5301 1949 5353 1.
1980 5295 2037 5350 2.

3461 5227 3525 5259 ’⁵⁸⁵⁷
3559 5226 3644 5280 die

2635 5226 2709 5259 ’⁸⁵⁸
2733 5226 2930 5296 captivi
2960 5245 3095 5283 corr.
3127 5224 3290 5293 capiti
3322 5225 3368 5276 l.
3461 5227 3525 5259 ⁸⁸⁵⁷
3559 5226 3621 5277 dit

2635 5321 2638 5330 -
2674 5296 2883 5349 ratione
2912 5298 2978 5349 Α.
3005 5300 3060 5349 2.
3092 5299 3145 5349 5.
3227 5293 3296 5325 “'
3326 5304 3419 5349 est
3456 5313 3551 5349 eos
3580 5295 3621 5348 Α

3326 5308 3419 5349 ρει
3456 5313 3551 5353 80$
3580 5308 3646 5351 Α.

2117 5299 2189 5333 δυο
2220 5307 2412 5350 vocatu
2441 5297 2489 5350 l.
2571 5298 2638 5332 ιιι
2674 5296 2883 5352 ratione
2912 5298 2978 5353 Α.
3005 5300 3060 5353 ‘2.
3092 5299 3145 5353 5.

834 5356 1008 5444 divina
1169 5355 1248 5444 f"
1276 5369 1565 5444 vestraque
1588 5347 1663 5417 5."
1717 5362 1786 5443 δξθ
1811 5347 2142 5444 addis—intui
2169 5370 2217 5425 5.
2262 5347 2276 5350 ν
2297 5347 2583 5444 ul"ito—llam
2609 5347 2689 5428 2.-
2709 5347 3215 5444 ῖξξδ-ᾗεὲῦιιῖᾆιῆίὶλ
3240 5347 3573 5444 pecunia

342 5420 414 5444 LI.
444 5420 579 5444 ιιι--.
