4466 5578
772 422 876 479 159

1814 425 2189 484 WIDUKINDI
2229 428 2680 487 CORBEIENSIS
2719 427 3021 489 MONACHI

3936 428 4040 486 I60

1670 616 2069 697 INCIPIT
2132 619 2429 697 LIBER
2496 618 3022 697 SECUNDUS
3096 605 3164 637 m

847 792 897 845 1.
930 790 1193 846 Detuncto
1220 792 1403 863 itaque
1433 800 1584 863 patre
1613 794 1800 863 patrim
1828 804 1882 849 et
1914 810 2097 866 regum
2126 796 2362 850 maximo
2389 802 2438 861 Α
2471 794 2656 865 tigium
2688 793 3093 862 promeruisset.
3124 790 3222 847 Hic
3272 800 3390 846 erat
3415 791 3499 846 vir
3525 791 3677 847 mira
3704 794 4045 859 sanctitatis,

774 885 980 953 optimo
1005 884 1073 918 "’
1100 884 1353 940 Heinrico
1385 883 1891 956 (DCCCCXXXVI),
1925 887 2102 941 omnis
2128 887 2355 957 populus

776 976 1108 1031 Francorum
1154 986 1315 1046 atque
1370 976 1647 1031 Saxonum
1678 976 1789 1047 jam
1843 978 1969 1032 olim
2017 978 2353 1048 designatum

777 1086 956 1142 regem
1000 1086 1028 1125 a
1056 1080 1231 1142 patre,
1264 1069 1429 1125 filium
1460 1071 1578 1141 ejus
1613 1068 1922 1137 Oddonem,
1948 1071 2107 1143 elegit
2150 1072 2249 1127 sibi
2301 1071 2353 1125 in

722 1149 726 1154 ’
776 1163 1109 1234 principem;
1149 1162 1576 1232 universalisque
1598 1162 1879 1217 electionis
1905 1171 2152 1217 notantes
2181 1163 2354 1217 locum

773 1255 1050 1325 jusserunt
1085 1268 1204 1309 esse
1230 1254 1298 1291 ⁵³⁰
1330 1254 1397 1308 ad
1441 1254 1777 1325 Aquasgrani
1807 1254 1989 1325 palatii
2022 1254 2110 1310 ⁸³⁸.
2141 1255 2232 1309 Est
2257 1271 2356 1309 au-

777 1354 886 1398 tem
930 1344 1080 1400 locus
1121 1344 1209 1399 ille
1257 1345 1537 1413 proximus
1588 1342 1709 1399 Julo
1763 1345 1935 1413 (180),
1997 1360 2026 1397 a
2081 1345 2357 1399 conditore

776 1433 917 1489 Julio
965 1435 1178 1491 Caesare
1248 1434 1644 1504 cognominato.
1705 1436 1944 1504 Cumque
1993 1436 2083 1489 illo
2138 1446 2357 1490 ventum

776 1536 961 1591 esset,
992 1528 1156 1582 duces
1194 1540 1255 1580 ac
1297 1525 1671 1595 praefectorum
1710 1526 1778 1557 ⁸³⁸
1806 1526 2074 1596 principes
2105 1542 2226 1581 cum
2257 1542 2360 1583 ca:-

776 1630 894 1675 tera
938 1620 1242 1690 principum
1282 1619 1350 1650 ⁵³³
1380 1619 1609 1673 militum
1650 1619 1720 1651 ⁸³⁸
1752 1634 1911 1673 manu
1949 1621 2255 1689 congregati
2306 1620 2357 1672 in

776 1711 917 1766 sixto
965 1711 1037 1749 ⁵³⁸
1086 1711 1231 1781 (181)
1260 1752 1273 1775 ,
1305 1710 1543 1766 basilica:
1579 1712 1755 1782 magni
1805 1711 1985 1766 Karoli
2045 1712 2357 1776 cohmrenti,

776 1800 1110 1857 collocarunt
1135 1816 1327 1855 novum
1350 1803 1539 1855 ducem
1564 1802 1615 1855 in
1639 1802 1774 1856 solio
1801 1803 1997 1856 ibidem
2026 1811 2359 1865 constructo,

775 1908 971 1948 manus
1000 1893 1047 1945 ci
1076 1892 1148 1932 ³³⁸
1175 1893 1367 1947 dantes
1387 1933 1399 1956 ,
1438 1907 1499 1947 ac
1545 1892 1701 1947 fidem
1734 1892 2047 1963 pollicentes
2070 1934 2083 1956 ,
2115 1908 2363 1963 Operam-

774 2000 880 2054 que
926 1998 1079 2038 suam
1130 1993 1318 2038 contra
1365 1983 1431 2013 ³³⁷
1477 1998 1664 2037 omnes
1710 1983 1957 2039 inimicos
1997 1984 2360 2053 spondentes,

774 2090 925 2130 more
969 2090 1066 2129 suo
1114 2075 1361 2129 fecerunt
1385 2090 1506 2128 eum
1545 2089 1747 2143 regem.
1781 2074 1916 2128 Dum
1951 2090 2015 2128 ea
2044 2083 2303 2145 geruntur
2334 2090 2364 2126 a

780 2167 1007 2221 ducibus
1060 2180 1123 2220 ac
1171 2175 1365 2221 etetero
1416 2166 1755 2236 magistratu,
1799 2165 2045 2234 pontifex
2097 2166 2365 2220 maximus
2398 2143 2444 2202 Β

780 2273 901 2311 eum
930 2258 1180 2311 universo
1212 2257 1534 2312 sacerdotali
1564 2257 1753 2311 ordine
1781 2266 1834 2311 et
1862 2259 2007 2313 omni
2041 2257 2195 2327 plebe
2226 2256 2365 2310 intra

776 2349 829 2402 in
853 2347 1075 2402 basilica
1100 2347 1171 2387 ³³⁸
1197 2346 1615 2417 praestolabatur
1636 2346 2034 2415 processionem
2061 2347 2180 2400 novi
2205 2346 2364 2415 regis.

772 2440 892 2507 Quo
920 2441 1245 2511 procedente
1271 2481 1283 2504 ,
1318 2440 1559 2508 pontifex
1603 2440 1794 2494 obvius
1835 2439 1961 2493 lzeva
1994 2456 2089 2493 sua
2124 2440 2368 2494 dextram

776 2534 944 2604 tangit
966 2533 1133 2603 regis,
1167 2547 1373 2601 suaque
1402 2532 1591 2585 dextra
1628 2531 1695 2563 ⁸⁸³
1728 2532 1914 2585 lituum
1957 2541 2196 2600 gestans.
2231 2532 2370 2586 linea

776 2625 994 2679 indutus
1021 2664 1034 2686 ,
1065 2622 1203 2676 stola
1241 2622 1570 2693 planctaque
1598 2623 1665 2654 “°
1696 2623 1955 2677 infulatus
1984 2663 1999 2688 ,
2028 2639 2371 2692 progressus-

773 2729 879 2783 que
908 2713 962 2769 in
994 2713 1230 2768 medium
1265 2729 1434 2784 usque
1480 2714 1585 2768 fani
1627 2715 1872 2769 subsistit
1899 2716 2002 2780 ⁸”¹;
2033 2726 2084 2770 et
2122 2732 2370 2771 reversus

775 2808 841 2863 a.l
883 2806 1136 2877 populum
1164 2849 1177 2871 ,
1211 2807 1301 2876 qui
1343 2807 1729 2862 circumstabat
1756 2809 1826 2839 δ”
1849 2840 1916 2847 —
1950 2824 2071 2862 nam
2118 2808 2186 2839 ⁸³³
2217 2818 2371 2862 erant

776 2900 1205 2954 deambulatoria
1250 2898 1388 2953 infra
1423 2914 1693 2969 supraque
1721 2900 1774 2954 in
1807 2900 1892 2953 illa
1941 2900 2159 2954 basilica
2193 2901 2245 2953 in
2289 2915 2371 2953 ro-

780 2992 1004 3045 tundum
1056 2990 1195 3045 facta
1228 2990 1375 3061 (182)
1410 3007 1609 3060 —quo
1653 2992 1721 3045 ab
1772 2992 1917 3046 Omni
1973 2992 2171 3061 populo
2223 2991 2367 3045 cerni

778 3094 961 3154 posset
988 3085 1057 3115 ⁵⁸⁵
1090 3104 1101 3138 ;
1138 3084 1219 3138 En
1249 3127 1262 3142 .
1294 3085 1489 3154 inquit,
1524 3085 1728 3139 adduco
1759 3085 1901 3139 vobis
1932 3103 1962 3137 a
1996 3084 2101 3138 Deo
2129 3084 2368 3151 electum,

777 3188 825 3231 et
854 3195 884 3230 a
917 3178 1128 3231 domino
1161 3194 1333 3231 rerum
1382 3176 1631 3230 IIeinrico
1668 3177 1790 3230 olim
1839 3177 2164 3247 designatum
2191 3218 2204 3241 ,
2235 3194 2371 3231 nunc

778 3286 895 3325 vero
941 3288 971 3323 a
1014 3271 1215 3324 cunctis
1261 3271 1582 3340 principibus
1616 3286 1782 3339 regem
1815 3271 2010 3339 factum
2056 3270 2369 3333 Oddonem;

777 3361 822 3412 si
849 3360 991 3414 vobis
1022 3361 1122 3413 ista
1159 3360 1340 3413 electio
1382 3360 1606 3428 placeat,
1642 3360 1838 3413 dextris
1881 3360 1932 3412 in
1964 3359 2145 3412 cazlum
2192 3360 2371 3413 levatis

779 3449 1090 3520 signiﬁcate.
1118 3450 1195 3504 Ad
1228 3452 1343 3505 htec
1382 3450 1560 3505 omnis
1603 3450 1832 3519 populus
1860 3451 2076 3505 dextras
2110 3450 2158 3503 in
2195 3447 2372 3503 excel-

2464 895 2517 940 et
2543 896 2737 956 praeter
2764 884 3064 940 naturalem
3088 883 3252 937 animi
3276 883 3618 953 sapientiam,
3647 884 3950 940 litterarum
3974 884 4045 918 ⁸⁸⁸

2466 978 2658 1031 studiis
2687 977 2818 1031 satis
2843 975 3037 1030 clarus.
3067 976 3167 1041 Qui
3194 976 3337 1029 inter
3363 984 3555 1030 caetera
3585 977 3881 1046 gratiarum
3907 977 4047 1031 dona
4115 983 4121 996 '

2467 1071 2715 1142 spiritum
2760 1070 3054 1141 prophetiae
3097 1068 3372 1139 accepisse
3418 1068 3764 1138 praedicatur.
3812 1069 3879 1124 Et
3924 1083 4048 1124 cum

2467 1164 2692 1234 quaestio
2718 1173 2862 1217 esset
2897 1162 3209 1232 pontiﬁcum
3244 1162 3296 1216 in
3324 1160 3693 1217 consecrando
3722 1176 3849 1233 rege
3872 1202 3886 1227 ,
3920 1161 4050 1217 Tre-

2466 1255 2709 1309 verensis
2762 1252 2908 1323 (185)
2958 1252 3206 1309 videlicet
3261 1262 3317 1308 et
3374 1253 3598 1310 colonia:
3651 1254 4051 1325 Agrippina:—

2469 1344 2608 1398 illius
2636 1385 2648 1407 ,
2690 1344 2814 1413 quia
2867 1343 3140 1413 antiquior
3183 1343 3339 1399 sedes
3380 1352 3561 1409 esset,
3606 1352 3661 1398 et
3711 1353 3986 1415 tamquam
4019 1359 4052 1400 a

2468 1436 2624 1490 beato
2656 1434 2813 1489 Petro
2855 1434 3098 1504 apostolo
3124 1433 3193 1473 ⁸³⁸
3220 1435 3473 1499 fundata;
3508 1435 3665 1490 istius
3719 1450 3848 1491 vero
3874 1477 3888 1501 ,
3925 1436 4052 1506 quia

2470 1526 2536 1579 ad
2564 1526 2631 1558 ⁸⁸³
2663 1525 2778 1593 ejus
2807 1525 3063 1581 diocesim
3102 1528 3395 1597 pertineret
3421 1527 3603 1593 locus;
3652 1537 3706 1582 et
3744 1530 3814 1583 ob
3856 1529 3908 1583 id
3948 1527 4053 1584 sibi

2470 1616 2759 1670 convenire
2797 1616 3045 1669 arbitrati
3075 1628 3199 1671 sunt
3233 1616 3390 1685 hujus
3432 1618 3856 1672 consecrationis
3886 1619 4055 1673 bono.

2471 1722 2587 1761 rem
2648 1736 2717 1745 —
2767 1706 2929 1760 cessit
2982 1716 3159 1761 tamen
3217 1717 3443 1777 uterque
3492 1723 3678 1763 eorum
3731 1709 4055 1765 Hildiberthi

2472 1798 2680 1852 cunctis
2712 1808 2851 1851 nota:
2886 1797 3131 1852 almitati.
3172 1800 3286 1869 Ipse
3326 1809 3506 1854 autem
3558 1801 3822 1856 accedens
3869 1803 3933 1854 ad
3986 1800 4059 1855 al-

2477 1900 2613 1958 tare,
2641 1902 2696 1945 et
2741 1900 2953 1960 smnpto
2984 1893 3106 1947 inde
3152 1894 3328 1963 gladio
3360 1910 3481 1949 eum
3518 1895 3693 1951 balteo
3719 1937 3732 1959 ,
3767 1911 4060 1953 conversus

2476 1981 2542 2035 ad
2566 1997 2745 2051 regem
2771 1982 2847 2035 ait
2880 1999 2893 2035 ς
2924 1984 3138 2052 Accipe,
3175 1984 3366 2053 inquit,
3400 1985 3537 2038 hunc
3562 1986 3631 2018 ⁸⁸⁸
3672 1986 3927 2056 gladium,
3956 2004 4060 2057 quo

2477 2069 2654 2138 ejicias
2695 2087 2871 2124 omnes
2913 2070 3108 2124 Christi
3133 2074 3459 2127 adversarios
3478 2114 3490 2137 ,
3534 2073 3783 2129 barbaros
3814 2086 3861 2129 et
3892 2076 4060 2130 malos

2472 2162 2803 2224 christianos,
2838 2163 3149 2216 auctoritate
3197 2165 3373 2218 divina
3413 2166 3506 2218 tibi
3545 2167 3771 2230 tradita,
3801 2167 3942 2220 omni
3970 2184 4063 2237 po-

2472 2259 2830 2310 testatetotius
2856 2258 3059 2325 imperii
3098 2256 3452 2322 Francorum,
3483 2263 3553 2311 ad
3578 2259 3936 2327 ﬁrmissimam
3961 2278 4061 2330 pa-

2472 2371 2578 2407 cem
2620 2356 2851 2408 omnium
2894 2356 3320 2409 cluistianorum.
3373 2354 3573 2409 Deinde
3620 2354 3851 2422 sumptis
3877 2352 3944 2383 ⁸⁵⁷
3976 2367 4064 2405 ar-

2472 2445 2634 2499 millis
2660 2461 2722 2499 ac
2752 2445 3007 2511 clamide,
3041 2447 3213 2500 induit
3238 2461 3359 2500 eum
3393 2464 3405 2499 :
3442 2444 3541 2498 llis
3566 2445 3831 2509 cornibus,
3864 2444 4058 2512 inquit,

2472 2539 2768 2591 lmmitenus
2806 2539 2876 2570 ⁵⁸⁸
2906 2540 3146 2592 demissis
3194 2539 3261 2571 ⁸⁸⁸
3312 2538 3571 2591 moneuris
3600 2576 3613 2599 ,
3644 2553 3746 2605 quo
3795 2535 3904 2589 zelo
3935 2533 4064 2602 ﬁdei

2474 2631 2696 2699 ferveas,
2719 2641 2765 2684 et
2791 2632 2843 2684 in
2869 2649 2996 2700 pace
3021 2631 3213 2684 tuenda
3237 2630 3523 2700 perdurare
3543 2627 3613 2659 ⁸⁶⁰
3640 2644 3802 2697 usque
3828 2628 3881 2680 in
3905 2626 4063 2693 ﬁnem

2473 2722 2674 2775 debere.
2709 2722 2913 2777 Exinde
2957 2732 3171 2792 sumpto
3217 2730 3433 2790 sceptro
3476 2719 3777 2788 baculoque
3815 2737 3825 2771 :
3871 2715 3966 2771 llis
3990 2716 4067 2770 sia

2474 2818 2607 2884 guis,
2643 2814 2839 2886 inquit,
2867 2816 3095 2868 monitus
3118 2856 3131 2879 ,
3164 2825 3382 2883 paterna
3428 2813 3773 2881 castigatione
3808 2810 4064 2878 subjectos

2475 2906 2747 2972 corripias,
2778 2906 3104 2974 primumque
3130 2904 3225 2957 Dei
3257 2903 3542 2966 ministris,
3572 2901 3739 2955 viduis
3762 2917 3823 2953 ac
3852 2897 4066 2969 pupillis

2475 3010 2687 3047 manum
2713 2994 3083 3047 misericordiw
3104 2995 3376 3063 porrigas;
3405 3006 3793 3060 numquamque
3814 2990 3877 3042 de
3899 2988 4065 3057 capite

2476 3098 2563 3140 tuo
2597 3086 2766 3141 oleum
2814 3088 3163 3140 miserationis
3202 3086 3445 3154 de/iciat,
3479 3093 3534 3137 ut
3567 3084 3620 3136 in
3667 3082 3911 3151 prwsenli
3938 3087 3984 3132 et
4012 3080 4067 3131 in

2477 3178 2655 3245 futuro
2705 3178 3015 3247 sempiterno
3081 3177 3297 3246 pra’mio
3367 3173 3651 3228 coroneris.
3706 3171 4069 3239 Perfususque

2478 3268 2605 3322 ilico
2633 3269 2697 3299 ⁵⁸¹
2728 3269 2848 3323 oleo
2901 3277 3088 3321 sancto
3131 3275 3185 3321 et
3230 3275 3521 3321 coronatus
3557 3264 3858 3319 diademate
3904 3275 4069 3317 aureo

2478 3361 2546 3414 ab
2577 3360 2706 3429 ipsis
2728 3358 3073 3428 pontificibus
3096 3357 3432 3411 Hildiberhto
3451 3366 3506 3410 et
3528 3355 3793 3410 Wicfrido
3808 3350 4066 3423 “’(184).

2483 3466 2547 3505 ac
2575 3452 2722 3506 omni
2769 3450 3007 3520 legitima
3065 3449 3473 3504 consecratione
3518 3447 3783 3517 completa
3812 3487 3827 3511 ,
3868 3446 3935 3500 ab
3964 3445 4071 3498 eis-

781 3559 900 3598 smn
927 3542 997 3574 W'
1027 3542 1242 3603 levans,
1278 3558 1401 3598 cum
1432 3542 1673 3598 clamore
1720 3541 1897 3596 valido
1939 3543 2219 3612 in‘prccati
2251 3551 2376 3597 sunt
2405 3512 2449 3576 Ο
2481 3542 2601 3597 dem
2654 3542 2997 3613 pontificibus
3045 3540 3257 3594 ducitur
3310 3540 3376 3593 ad
3427 3538 3641 3602 solium,
3685 3537 3751 3591 ad
3806 3535 3947 3605 quod
3974 3547 4073 3603 per

781 3648 1038 3703 prospera
1064 3632 1201 3687 noro
1224 3633 1292 3665 ⁸⁸⁸
1316 3634 1461 3688 duci.
1489 3633 1721 3689 Proinde
1744 3634 2007 3703 processit
2038 3634 2105 3665 δδτ
2134 3634 2374 3703 pontifex

783 3740 904 3779 cum
932 3740 1077 3794 rege,
1109 3724 1293 3779 tunica
1319 3724 1513 3779 stricta
1537 3739 1686 3779 more
1705 3723 2040 3779 Francorum
2071 3725 2258 3779 induto
2285 3724 2373 3789 ⁸⁸⁸,

784 3833 923 3887 pone
961 3816 1031 3847 “9
1061 3816 1231 3872 altare
1255 3856 1270 3883 ,
1313 3830 1475 3886 super
1503 3817 1645 3886 quod
1682 3816 1909 3887 insignia
1956 3816 2159 3888 regalia
2203 3817 2379 3886 posita

784 3919 959 3972 erant,
995 3910 1204 3981 gladius
1240 3926 1363 3964 cum
1400 3909 1601 3973 balteo,
1635 3909 1825 3964 clamis
1855 3925 1975 3964 cum
2003 3909 2249 3973 armillis,
2282 3910 2380 3963 ba—

785 4000 938 4055 culus
967 4015 1087 4054 cum
1127 4010 1341 4072 sceptro
1372 4016 1436 4056 ac
1464 4000 1714 4055 diadema
1759 4000 1846 4053 “5°.
1878 4001 1953 4055 Eo
1995 4001 2193 4071 quippe
2241 4009 2374 4054 tem-

786 4109 916 4162 pore
945 4103 1063 4148 erat
1092 4110 1335 4149 summus
1374 4093 1617 4164 pontifex
1644 4094 1862 4149 nomine
1885 4092 2255 4149 Hildiberhtus
2282 4094 2372 4157 m,

785 4184 999 4241 Franco
1025 4201 1245 4258 genere,
1274 4188 1572 4241 monachus
1596 4185 1936 4256 professione
1965 4227 1979 4250 ,
2008 4185 2244 4239 nutritus
2294 4183 2377 4239 vel

788 4277 978 4334 doctus
1008 4281 1059 4333 in
1093 4279 1265 4335 Vuldo
1291 4280 1644 4346 monasterio,
1673 4290 1729 4334 et
1762 4280 1829 4333 ad
1862 4278 1914 4333 id
1942 4280 2163 4334 honoris
2188 4278 2379 4334 merito

789 4370 1177 4440 progrediens,
1217 4380 1275 4426 ut
1305 4379 1461 4441 pater
1503 4370 1740 4439 ejusdem
1773 4370 1873 4424 loci
1924 4370 2376 4434 constitueretur,

792 4462 986 4518 deinde
1011 4463 1207 4518 summi
1243 4464 1592 4535 pontificatus
1618 4462 1971 4534 Mogontiacae
2007 4462 2074 4493 ⁸⁵¹
2106 4462 2250 4517 sedis
2278 4461 2382 4516 fas-

2481 3632 2692 3688 cocleas
2728 3632 3157 3686 adscendebatur
3181 3672 3193 3693 ,
3225 3638 3278 3682 et
3315 3638 3440 3685 erat
3473 3630 3614 3684 inter
3664 3628 3800 3682 duas
3830 3638 4071 3681 marmo-

2482 3739 2602 3780 reas
2635 3726 2785 3780 mirae
2831 3723 3249 3795 pulchritudinis
3297 3722 3613 3791 columpnas
3656 3728 4072 3785 constructum,

2484 3819 2627 3873 unde
2656 3820 2768 3889 ipse
2798 3833 2983 3873 omnes
3022 3817 3207 3871 videre
3240 3825 3294 3871 et
3338 3816 3404 3871 ab
3439 3815 3691 3872 omnibus
3743 3814 3858 3885 ipse
3898 3810 4072 3867 videri

2484 3921 2684 3983 posset.
4028 3956 4031 3959 .

2552 4003 2606 4056 Ξ.
2638 4001 2826 4055 Divina
2852 4001 3045 4056 deinde
3066 4001 3223 4056 laude
3241 4001 3407 4065 dicta,
3444 3998 3823 4068 sacrificioque
3861 3996 4047 4053 sollcm

2486 4094 2666 4162 pniter
2708 4092 2997 4158 celebrato,
3028 4091 3386 4147 descendebat
3437 4106 3531 4145 rex
3581 4090 3648 4145 ad
3695 4089 3978 4159 palatium,
4020 4094 4076 4142 et

2487 4185 2751 4240 accedens
2793 4184 2857 4239 ad
2910 4200 3149 4239 mensam
3197 4198 3557 4238 marmoream
3617 4183 3764 4252 regio
3813 4187 4075 4251 apparatu

2487 4285 2734 4332 ornatam
2764 4316 2778 4341 ,
2810 4276 3013 4330 resedit
3045 4291 3165 4329 cum
3205 4276 3552 4346 pontificibus
3579 4283 3634 4330 et
3661 4274 3807 4330 omni
3838 4272 4071 4344 populo;

2490 4373 2657 4428 duces
2688 4387 2818 4426 vero
2850 4371 3250 4426 ministrabant.
3282 4370 3667 4426 Lothariorum
3690 4369 3796 4424 dux
3819 4367 4078 4424 lsilberh-

2492 4472 2600 4529 tus,
2624 4463 2690 4518 ad
2715 4463 2871 4533 cujus
2900 4472 3221 4534 potestatem
3248 4462 3399 4519 locus
3428 4462 3517 4518 ille
3542 4461 3871 4534 pertinebat,
3893 4458 4078 4516 omnia

2090 4574 2178 4628 VA
2189 4574 2323 4629 RUE
2365 4574 2769 4634 LECTIONES.

866 4687 1086 4762 "'7ch
1108 4690 1324 4762 unusI.
1403 4690 1471 4721 ⁵⁸³
1503 4691 1708 4762 optimo
1738 4690 1976 4762 maximo
2000 4688 2055 4762 5.

791 4775 911 4813 rum
942 4761 991 4813 1.
1025 4760 1286 4814 scribendi
1312 4777 1507 4816 errore.
1540 4760 1551 4762 ’
1586 4762 1656 4795 ⁸³³
1696 4762 1837 4814 deest
1863 4761 1917 4814 2.

793 4830 859 4861 ⁸³⁷
891 4831 1029 4884 deest
1090 4832 1137 4884 1.
1217 4831 1285 4863 ⁸³⁸
1316 4830 1458 4886 infra
1486 4828 1764 4887 basilicam
1795 4832 1850 4884 2.
1880 4832 1932 4884 7.

794 4902 979 4969 recepi.
1060 4901 1481 4956 “‘substititA.
1558 4904 1628 4935 ⁸³³
1660 4900 2153 4956 circumstabant].

794 4970 860 5001 “7
898 4971 1143 5040 procedit
1171 4973 1236 5026 Α.
1271 4973 1323 5025 2.
1354 4973 1406 5026 5.
1486 4972 1555 5004 ⁵³⁸
1584 4975 1772 5028 induta
1820 4973 1875 5027 2.
1953 4971 2020 5007 ⁸η
2064 4983 2227 5038 penes
2270 4969 2319 5022 1.

793 5040 1033 5097 (libertus
1073 5043 1127 5096 2.
1178 5043 1230 5096 5.
1265 5053 1311 5095 et
1339 5045 1411 5096 ita
1450 5044 1612 5110 infra.

794 5111 865 5182 ’δξ
895 5114 1136 5182 apostolo
1166 5123 1319 5182 petro
1358 5116 1420 5167 Α.

792 5179 863 5216 ⁵³⁸
889 5179 1130 5240 dimissis
1164 5179 1216 5239 5.

2009 4829 2078 4864 ³³³
2117 4829 2255 4881 deest
2289 4826 2342 4880 2.

1502 5117 1568 5151 ³⁵⁵
1598 5115 1714 5182 ejus
1755 5115 1820 5167 ad
1864 5114 1926 5165 A.
1956 5114 2008 5165 ι).
2041 5112 2092 5182 5.

1298 5186 1364 5216 ⁵⁸³
1394 5188 1691 5256 perducere
1717 5187 1768 5239 5.

2136 4686 2205 4717 ⁸³⁰
2233 4686 2373 4740 deest
2398 4686 2451 4739 5.
2478 4687 2655 4741 locum
2684 4687 2957 4742 duxerunt
2984 4686 3144 4741 etiam
3169 4686 3223 4741 2.

1996 4758 2068 4790 5“
2103 4758 2441 4826 militumque
2470 4756 2534 4810 Α.
2567 4772 2630 4811 ac
2662 4758 2891 4812 militum
2922 4759 2976 4811 7.

2009 4829 2078 4857 nl}
2120 4829 2255 4857 ιιι-..ρ’
2289 4826 2322 4857 ο
2421 4826 2488 4857 M0
2515 4827 2805 4857 ηΙηιιιηι-..ιι
2837 4830 2867 4857 ‘1
2945 4828 2976 4857 Ε

2230 4898 2300 4935 ⁸⁸³
2317 4898 2456 4951 deest
2476 4900 2525 4951 1.

2396 4968 2466 4999 ⁸⁸⁰
2515 4969 2821 5023 diademate
2869 4970 2922 5023 5.

1693 5045 1762 5074 ⁶⁵²
1815 5043 2165 5112 mogantiacae
2201 5041 2245 5091 1.
2283 5039 2637 5110 megnntiacre
2663 5040 2715 5094 2.
2745 5040 3110 5110 magunciacze
3139 5040 3203 5093 Α.
3235 5038 3595 5111 Mogonciaca:
3633 5039 3687 5092 5.

1693 5132 1714 5163 ς
1755 5115 1820 5163 ad
1864 5114 1926 5163 A.
1956 5114 2008 5163 ι).
2041 5112 2092 5163 5.
2172 5109 2242 5139 ⁸⁵⁸
2275 5110 2375 5163 hoc
2406 5111 2456 5163 1.
2536 5111 2603 5141 ⁵⁸⁷
2636 5110 2935 5163 desumntis
2978 5112 3140 5163 (deest
3175 5110 3389 5163 deindel
3421 5110 3473 5163 1.
3550 5109 3622 5141 ⁸⁵⁸
3666 5108 3687 5163 1

2199 5125 2242 5139 “”⁹
2276 5125 2375 5164 IIOC
2406 5125 2430 5163 ‘l
2443 5150 2456 5163 .

1848 5183 1914 5215 ⁵⁶¹
1945 5181 2197 5253 perfusus
2221 5180 2403 5250 itaque
2435 5180 2488 5234 5.

3302 4686 3369 4757 ⁸⁸ί¹
3404 4686 3661 4757 palatium
3693 4686 3748 4757 ἓ.
3824 4683 3905 4757 ΨΑ
3924 4691 3978 4739 et
4001 4691 4079 4757 to-

3054 4758 3123 4790 ⁸³⁸
3153 4766 3306 4812 sexto
3336 4753 3418 4811 2f
3441 4758 3663 4812 sistorio
3704 4755 3757 4809 5.
3838 4754 3909 4788 ⁸³⁸
3936 4763 3992 4810 et
4018 4753 4072 4808 1.

2515 4827 2805 4897 plantaque
2837 4830 2887 4881 5.
2938 4828 3022 4882 Ea:
3048 4828 3201 4881 codd.
3228 4830 3364 4881 hanc
3390 4828 3659 4882 verborum
3686 4826 4077 4897 distinctionem

2603 4899 2674 4929 Μ
2707 4895 2875 4961 possit
2904 4900 2951 4952 1.
3030 4899 3103 4929 ⁵³⁸
3132 4901 3182 4952 in
3214 4898 3410 4953 caelum
3433 4898 3495 4952 A.
3523 4899 3575 4952 7.
3652 4896 3723 4930 ⁸⁸⁸
3742 4910 3989 4963 novoque
4018 4895 4073 4963 1.

3000 4970 3067 5001 ⁸⁸¹
3105 4969 3406 5024 hilberhtus
3452 4969 3504 5021 1.
3538 4962 3937 5024 hildeberht'A.
3978 4962 4081 5018 bil-

3766 5037 3836 5068 ⁵⁵⁸
3860 5036 4000 5089 deest
4023 5032 4077 5086 ἓ.

2536 5111 2603 5141 ⁵⁸⁷
2636 5103 2935 5181 desumptis
2978 5112 3140 5179 (deest
3175 5103 3389 5181 deinde)
3421 5110 3473 5164 1.
3550 5109 3622 5141 ⁸⁵⁸
3666 5108 3993 5163 humetenus
4026 5103 4078 5159 5.

2569 5180 2635 5212 ⁸⁶¹
2670 5180 2956 5235 wichfrido
2984 5181 3037 5235 2.
3079 5182 3131 5236 5.

2340 5293 2550 5350 NOTAE

811 5484 826 5514 1
868 5412 1016 5484 (180)
1055 5412 1253 5514 Ιῑιιίριιὶξ
1306 5412 1740 5514 vnlgo‘freditur
1772 5426 1800 5463 a
1840 5408 1982 5465 Julio
2012 5406 2224 5464 Caesare
2256 5422 2386 5461 con-

834 5484 966 5514 2|...“
1001 5494 1047 5514 nl
1083 5501 1215 5514 lin-nn
1264 5495 1405 5514 se...“
1520 5500 1603 5514 non
1720 5504 1723 5507 -

796 5484 966 5514 1‘:.IIO\\
1001 5494 1047 5514 nl
1083 5484 1419 5514 anuunnAI-c-s:
1467 5484 1603 5514 “non
1720 5504 1723 5507 -

1001 5501 1047 5514 nl
1083 5501 1199 5514 an“.

2494 5418 2638 5463 Vala.
2671 5407 2737 5462 P.

2567 5480 2715 5514 μου
2747 5479 3034 5514 Ωηιιιωιιηα
3087 5509 3150 5514 __
3174 5478 3502 5514 ιῗηοιυηιίιιηη
3525 5494 3551 5514 σι
3576 5478 3614 5514 Ω
3664 5477 3826 5514 Βοὴ-Λ
3851 5476 4076 5514 miccnm

4114 5260 4137 5285 λ
