4466 5578
414 301 506 357 161

412 526 511 566 nus
542 510 611 542 ⁸⁸³
644 510 854 564 France
887 508 1162 580 pincernis
1197 508 1288 573 ⁸⁸⁸,
1319 508 1579 562 Arnulfus
1624 507 1864 577 equestri
1907 521 2000 562 or-

412 603 519 658 dini
557 613 612 658 et
641 601 906 671 eligendis
939 601 1291 672 locandisque
1331 601 1526 657 castris
1569 608 1822 671 praeerat.
1856 597 1999 670 Sigi-

409 693 583 749 fridus
609 692 681 724 "'
712 707 841 748 vero
863 733 877 756 ,
917 692 1195 747 Saxonum
1244 694 1482 762 optimus
1505 699 1560 746 et
1587 705 1618 744 a
1655 704 1782 762 rege
1807 704 2001 745 secun-

411 787 508 840 dus
535 826 549 851 ,
579 801 745 857 gener
776 785 1048 854 quondam
1095 786 1234 855 regis
1256 825 1269 848 ,
1314 795 1444 840 tunc
1485 797 1614 837 vero
1643 781 1902 837 atﬁttitate
1931 780 2000 814 ⁸⁸⁵

409 879 727 950 conjunctus
780 877 968 950 (185),
1031 893 1097 933 eo
1151 886 1390 948 tempore
1443 876 1771 947 procurabat
1823 874 1998 932 Saxo-

410 974 553 1027 niam
587 972 757 1042 (183),
799 988 864 1026 ne
896 987 999 1042 qua
1033 973 1267 1028 hostium
1319 971 1537 1025 interim
1582 971 1809 1041 irruptio
1855 971 1998 1025 acci-

407 1065 574 1119 disset
600 1105 613 1127 ,
646 1066 1006 1135 nutriensque
1043 1063 1316 1133 juniorem
1365 1064 1677 1120 lleinricum
1709 1079 1892 1120 secum
1927 1073 1999 1118 te-

406 1159 539 1212 nuit.
569 1158 685 1213 Rex
725 1168 904 1212 autem
939 1167 1061 1229 post
1087 1158 1202 1212 ha‘e
1229 1172 1667 1228 unumquemque
1692 1157 1998 1228 principum

398 1250 548 1320 juxta
579 1253 1003 1307 muniliccutiam
1033 1250 1268 1322 regalem
1292 1251 1613 1322 congruenti
1638 1251 1741 1305 sibi
1773 1264 2000 1304 munere

406 1343 702 1408 honorans,
728 1359 851 1398 cum
875 1344 1022 1397 omni
1051 1343 1326 1399 hilaritate
1349 1343 1555 1398 dimisit
1576 1342 1994 1396 multitudinem.

471 1433 522 1486 5.
557 1432 764 1488 Interea
789 1433 1004 1486 barbari
1031 1432 1175 1503 (187)
1199 1432 1264 1487 ad
1283 1446 1450 1487 novas
1472 1447 1560 1486 res
1581 1431 1879 1486 moliendas
1907 1433 1999 1487 de-

402 1523 650 1588 s:eviunt,
669 1523 1042 1592 percussitque
1068 1521 1304 1576 Bolizlav
1323 1521 1391 1554 ⁸⁸⁷
1408 1519 1634 1576 fratrem
1649 1538 1808 1577 suum
1825 1521 1994 1593 (188),

403 1615 578 1670 virum
614 1615 973 1670 christianum
1004 1624 1097 1678 et,
1152 1622 1209 1668 nl
1236 1613 1418 1670 ferunt
1441 1657 1454 1679 ,
1485 1613 1582 1670 Dei
1629 1615 1839 1670 cultura
1875 1615 2001 1670 reli-

401 1710 768 1779 giosisstmum
791 1749 804 1772 ,
840 1709 1146 1780 timensque
1178 1709 1280 1764 sibi
1330 1709 1570 1764 vicinum
1601 1708 1951 1779 subregulum
1981 1750 1995 1772 ,

1441 298 1572 355 RES
1611 297 1860 355 GESTA‘S
1901 296 2290 354 SAXONICIE.
2331 327 2397 339 -—
2439 300 2562 357 ΕΔΒ.
2606 303 2668 358 Il.

410 414 737 487 procumbat
762 457 775 479 ,
806 413 1154 471 Evurarhdus
1177 427 1382 468 mcnsze
1412 423 1642 484 prteerat
1666 453 1680 475 .
1713 411 1998 468 lleriman-
2029 416 2077 472 Α
2105 427 2210 480 que
2242 424 2450 482 partem
2495 435 2560 470 ex
2613 418 2690 472 eis
2740 418 2908 474 armis
2959 419 3097 475 fudit
3124 421 3212 486 5’“,
3240 431 3465 480 caeteros
3511 423 3700 498 fugere

2107 505 2371 574 conpulit,
2404 506 2685 574 victorque
2730 512 2796 566 ad
2837 522 3015 566 castra
3049 527 3298 566 reversus
3319 525 3420 569 est.
3453 517 3517 571 Et
3569 535 3692 573 cttttt

2106 595 2412 665 ignorasset
2442 599 2508 654 de
2529 602 2771 656 exercitu
2804 605 2894 674 qui
2927 604 3204 660 insecutus
3243 605 3418 660 fuerat
3453 609 3690 666 Thurin-

2103 703 2214 758 gos.
2248 691 2427 748 minus
2470 703 2631 748 caute
2663 709 2793 749 usus
2840 707 2924 750 est
2954 697 3177 752 victoria
3229 706 3561 768 perpetrata.
3591 700 3692 754 Bo-

2103 780 2262 837 lizlav
2291 795 2471 840 autem
2522 786 2714 843 videns
2741 788 3042 842 exercitum
3084 798 3328 844 nostrum
3357 790 3690 859 dispersum,

2105 883 2161 928 et
2187 874 2324 930 alios
2352 877 2404 931 itt
2434 879 2784 936 extrahendis
2815 879 3002 951 spoliis
3030 897 3315 949 caesorum,
3341 885 3477 940 alios
3499 885 3553 940 in
3578 886 3694 944 suis

2104 969 2424 1038 corporibus
2450 971 2776 1036 reﬁciendis,
2815 973 2950 1028 alios
2991 973 3042 1027 in
3071 973 3238 1044 paleis
3266 992 3526 1047 equorum
3557 995 3694 1035 con-

2103 1062 2392 1131 gregandis
2447 1076 2781 1134 occupatos,
2855 1066 3098 1139 fugatum
3167 1083 3552 1144 reversumque
3616 1073 3691 1111 ⁸⁸³

2104 1155 2418 1211 coadunans
2468 1159 2789 1223 exercitum,
2829 1176 2993 1230 super
3027 1162 3353 1232 improvisos
3394 1179 3458 1219 ac
3489 1168 3692 1224 recenti

2105 1244 2330 1300 victoria
2358 1261 2583 1303 securos
2613 1248 2684 1285 ⁸⁸³
2729 1249 2906 1304 subito
2935 1253 3114 1319 irruit,
3156 1263 3211 1308 et
3243 1255 3434 1310 ducem
3467 1256 3534 1288 ⁵⁸³
3568 1273 3692 1312 cum

2101 1340 2245 1393 omni
2273 1350 2461 1396 nostro
2487 1341 2554 1382 ⁵³³
2581 1342 2823 1396 exercitu
2851 1342 3068 1398 delevit.
3105 1345 3449 1417 l’ergensque
3478 1349 3604 1404 inde
3627 1350 3693 1404 ad

2102 1432 2291 1486 urbem
2317 1433 2592 1503 subreguli
2631 1435 2805 1506 (191),
2844 1436 3020 1505 primo
3041 1451 3162 1490 eam
3205 1438 3407 1508 impetu
3439 1441 3602 1509 cepit,
3638 1453 3694 1498 et

2102 1538 2272 1592 usque
2297 1527 2348 1578 in
2387 1527 2706 1582 hodiernum
2741 1529 2882 1583 diem
2916 1529 3265 1585 solitudinem
3306 1531 3435 1587 fecit
3486 1533 3690 1588 Perdu-

2103 1617 2350 1687 ravitque
2379 1619 2504 1672 illud
2557 1619 2754 1674 bellum
2799 1636 2969 1690 usque
3002 1622 3067 1676 ad
3115 1635 3370 1691 quartum
3422 1624 3690 1680 decimum

2103 1710 2251 1778 regis
2291 1709 2503 1779 imperii
2544 1715 2615 1749 ⁸⁸⁸
2667 1725 2867 1766 annum
2897 1712 3076 1783 (192);
3129 1729 3191 1767 ex
3234 1729 3299 1768 eo
3353 1715 3465 1785 regi
3519 1716 3692 1772 lidelis

400 1819 465 1859 eo
509 1805 654 1873 quod
707 1803 978 1875 paruisset
1031 1802 1273 1872 imperiis
1329 1801 1644 1867 Saxonum,
1698 1803 1891 1856 indixit
1947 1802 1997 1858 ei
2026 1782 2076 1843 Β
2105 1815 2294 1856 servus
2322 1811 2374 1856 et
2412 1802 2557 1856 utilis
2591 1801 2658 1832 ⁸³⁷
2683 1782 3008 1871 permansit.

399 1895 619 1950 hcllum.
653 1895 751 1962 Qui
791 1894 937 1950 misit
971 1894 1024 1948 in
1055 1893 1350 1950 Saxoniam
1378 1896 1443 1949 ad
1473 1884 1864 1964 expostulanda
1891 1895 1994 1950 sibi

400 1987 600 2041 auxilia
661 1986 893 2041 Mittitur
926 1995 1106 2040 autent
1150 1986 1219 2018 ⁵⁸⁸
1261 1987 1308 2040 ei
1358 1987 1485 2042 Asic
1513 1987 1582 2029 ⁸⁸⁸
1616 2003 1736 2041 cum
1786 1987 1996 2058 legione

400 2077 832 2132 Mesabnriorum
903 2077 971 2108 "’°
1045 2088 1097 2132 et
1175 2078 1351 2132 valida
1429 2096 1590 2133 manu
1664 2079 1995 2149 llassigauo-

402 2185 522 2223 rum
556 2168 621 2199 ⁸⁷¹
651 2167 823 2236 (189).
849 2167 1172 2238 additurque
1194 2169 1242 2222 ei
1264 2169 1540 2224 exercitus
1571 2169 1991 2240 Thuringorum.

399 2261 528 2318 Erat
572 2276 801 2330 natuqu‘
838 2259 924 2314 tlla
971 2261 1107 2332 legio
1138 2260 1346 2316 collect;
1413 2278 1476 2316 ex
1526 2264 1848 2318 latronibus.
1880 2263 1993 2316 Rex

397 2355 580 2424 tllltllpt
629 2351 914 2408 lleitnicus
943 2369 1065 2407 cum
1095 2363 1238 2408 esset
1269 2354 1404 2409 satis
1435 2369 1663 2408 severus
1694 2357 1992 2419 extraneis,

399 2447 453 2502 in
487 2445 732 2500 Jmnihns
757 2459 936 2499 causis
969 2455 1086 2499 erat
1112 2445 1349 2500 clemens
1371 2447 1614 2511 civibus;
1648 2449 1789 2504 unde
1808 2465 1995 2518 quem-

399 2551 627 2604 e-runqne
661 2534 874 2589 για-ειμι
911 2532 1087 2588 furum
1119 2546 1211 2590 aut
1245 2535 1514 2592 latronum
1545 2537 1615 2568 ’τ’
1653 2539 1796 2608 (190)
1831 2555 1992 2596 manu

403 2638 596 2679 :rrtea:
624 2638 677 2679 et
725 2625 878 2680 hellis
917 2636 1120 2694 aptum,
1149 2643 1176 2679 a
1223 2627 1402 2681 dmita
1438 2643 1596 2697 parua
1621 2630 1668 2684 ei
1695 2631 1990 2700 parcebat,

399 2719 671 2774 collocatis
732 2717 782 2771 in
837 2719 1149 2773 SIIIHII‘IMIIO
1192 2718 1262 2749 ⁵⁷³
1322 2719 1752 2777 Mesaburiorunt
1787 2764 1800 2786 ,
1855 2725 1994 2779 datis

399 2811 543 2883 agris
572 2822 734 2881 atque
779 2811 947 2866 armis
973 2852 986 2875 ,
1021 2811 1183 2880 jussit
1226 2811 1436 2867 civibus
1467 2813 1686 2883 quidem
1729 2829 1953 2884 parcere
1980 2856 1992 2880 ,

401 2904 456 2959 in
497 2903 759 2959 barbaros
787 2912 994 2965 autem,
1030 2902 1082 2955 in
1121 2901 1192 2934 ⁵⁷⁵
1221 2913 1482 2972 quantum
1517 2905 1799 2971 auderent,
1833 2906 1999 2963 latro-

399 2997 543 3051 cinia
583 3006 925 3051 exercerent.
963 2993 1343 3063 Ilnjusecmodi
1391 3012 1521 3069 ergo
1554 2998 1834 3053 hominum
1881 3000 1994 3054 col-

399 3087 541 3144 lecta
590 3087 878 3142 multitudo
930 3086 1140 3157 plenam
1196 3089 1246 3142 itt
1298 3089 1695 3158 expeditionem
1743 3091 1998 3160 produxit

400 3178 685 3251 legionem.
717 3177 948 3234 ltolizlav
976 3188 1156 3232 autem
1193 3179 1420 3234 audiens
1448 3181 1512 3234 de
1554 3182 1795 3236 exercitu
1825 3183 1996 3238 Saxo-

401 3270 542 3330 nico,
573 3281 625 3324 et
657 3270 778 3338 quia
812 3271 1056 3322 Saxones
1086 3285 1329 3323 seorsum
1351 3310 1364 3329 ,
1397 3280 1449 3324 et
1480 3272 1549 3312 ⁵⁷⁵
1581 3287 1824 3326 seorsum
1849 3274 1992 3328 Thu-

399 3361 537 3433 ringi
567 3361 707 3415 irent
733 3371 920 3414 contra
951 3378 1026 3422 se,
1055 3361 1239 3415 divisis
1264 3370 1317 3415 et
1345 3361 1457 3430 ipse
1484 3362 1666 3426 sociis,
1692 3363 1848 3419 sicuti
1875 3375 1994 3420 erat

398 3455 701 3510 acerrimus
729 3454 800 3485 ⁵⁷⁸
825 3455 1054 3510 consilio
1079 3495 1091 3516 ,
1131 3465 1360 3524 utroque
1404 3457 1473 3494 ⁵⁷⁷
1503 3456 1765 3512 exercitui
1795 3459 1866 3499 ⁸⁷⁸
1896 3475 1990 3514 oc-

398 3561 622 3602 currere
665 3547 948 3617 disposuit.
984 3547 1052 3600 At
1091 3545 1355 3616 Thuringi
1407 3557 1464 3601 ttt
1496 3547 1681 3603 hostes
1720 3549 1990 3619 inprovise

396 3641 503 3696 sibi
535 3641 602 3672 ³⁷³
628 3643 961 3696 occursitare
991 3641 1260 3704 viderunt,
1292 3640 1415 3719 fuga
1451 3641 1755 3710 periculum
1789 3645 1995 3700 devita-

396 3739 614 3789 verunt.
655 3735 779 3788 Asic
814 3733 884 3764 ⁸⁸⁰
918 3743 1096 3786 autem
1152 3748 1273 3785 cum
1323 3732 1627 3790 Saxonibus
1675 3745 1731 3789 et
1781 3739 1993 3792 caeteris

398 3825 705 3880 auxiliariis
733 3825 896 3880 nichil
929 3832 1211 3878 cunctatus
1239 3825 1289 3877 in
1315 3823 1500 3879 hostes
1524 3823 1649 3888 ruit,
1678 3828 1995 3882 maximam-

2171 1893 2225 1946 ι1.
2271 1894 2383 1947 liex
2422 1903 2626 1960 autem,
2677 1894 2866 1949 audito
2919 1893 3294 1963 hujuscemodi
3336 1896 3555 1959 nuntio,
3591 1898 3691 1951 mi-

2102 1987 2245 2039 nime
2269 1987 2535 2052 turbatur,
2563 1987 2656 2041 sed
2687 1987 2870 2042 divina
2894 1988 3096 2044 virtute
3119 1989 3407 2044 roboratus
3440 1989 3532 2054 ⁸⁸³,
3566 2004 3691 2045 cum

2100 2078 2246 2130 omni
2285 2079 2528 2131 exercitu
2560 2087 2726 2132 intrat
2752 2079 3014 2133 terminos
3049 2079 3406 2134 barbarorum
3440 2081 3589 2153 (195)
3620 2082 3689 2136 ad

2101 2167 2480 2224 refrenandam
2513 2169 2728 2224 illorum
2778 2169 3062 2224 saevitiam.
3099 2171 3292 2241 Datum
3340 2173 3542 2243 quippe
3569 2181 3691 2228 erat

2102 2259 2208 2312 illis
2249 2269 2302 2313 et
2327 2268 2488 2313 antea
2517 2276 2545 2313 a
2571 2270 2726 2329 patre
2752 2276 2851 2315 suo
2879 2261 3101 2328 bellum,
3134 2278 3200 2318 eo
3221 2264 3362 2332 quod
3396 2264 3693 2321 violassent

2099 2347 2306 2418 legatos
2346 2349 2676 2404 Thancmari
2715 2351 2810 2406 ﬁlii
2859 2353 2964 2418 sui,
3011 2352 3080 2407 de
3111 2369 3219 2424 quo
3249 2355 3302 2408 in
3341 2357 3695 2426 sequentibus

2098 2442 2315 2512 plenius
2347 2443 2414 2473 5"”
2455 2441 2701 2498 dicturos
2725 2443 3078 2499 arbitramur.
3107 2445 3318 2500 Placuit
3349 2445 3515 2517 igitur
3550 2463 3693 2503 novo

2100 2532 2211 2602 regi
2239 2548 2435 2587 novum
2466 2534 2766 2605 principem
2791 2535 3002 2591 militiae
3027 2537 3387 2600 constituere;
3421 2537 3694 2609 elegitqtte

2103 2626 2169 2676 ad
2215 2626 2314 2677 hoc
2347 2621 2582 2678 ollieium
2614 2624 2791 2678 virum
2845 2625 3080 2680 nobilem
3136 2636 3192 2681 et
3245 2628 3573 2683 industrium
3600 2645 3690 2684 sa-

2101 2715 2280 2783 tisque
2303 2715 2646 2783 prudentem,
2666 2715 2884 2770 ιιοιιιίιιε
2907 2715 3319 2772 Hcrimannum.
3347 2718 3464 2786 Quo
3489 2720 3694 2777 honore

2099 2823 2206 2861 non
2237 2805 2409 2860 solum
2443 2817 2766 2862 cteterorum
2797 2808 3125 2878 principum,
3157 2810 3252 2865 sed
3281 2818 3337 2864 et
3386 2811 3572 2866 fratris
3607 2813 3692 2866 sui

2100 2899 2446 2956 Wichmanni
2481 2906 2552 2939 ιό
2579 2899 2726 2970 (194)
2759 2897 2983 2955 oll'eudit
3016 2901 3296 2956 invidiam.
3347 2901 3695 2974 Quapropter

2100 3000 2154 3045 et
2184 2991 2436 3044 simulata
2469 2991 2810 3053 inﬁrmitate,
2837 2992 3041 3046 amovit
3083 3008 3141 3048 se
3172 2995 3241 3047 ab
3271 2995 3536 3050 exercitu.
3562 2995 3696 3050 Erat

2103 3097 2338 3152 namque
2370 3080 2765 3136 Wichtnannus
2811 3082 2879 3122 ⁸³³
2926 3083 3009 3137 vir
3050 3092 3242 3154 potens
3282 3094 3337 3140 et
3369 3085 3545 3149 fortis,
3579 3101 3694 3140 ma-

2103 3171 2415 3239 gnanimus,
2446 3171 2570 3226 belli
2598 3187 2801 3240 gnarus
2825 3184 2880 3227 et
2921 3181 3086 3229 tanta:
3134 3175 3396 3240 scientiae,
3429 3185 3533 3230 uta
3559 3177 3690 3232 sub-

2097 3267 2259 3336 jectis
2298 3283 2462 3338 supra
2521 3268 2792 3322 hominem
2844 3268 2998 3339 plura
3068 3287 3228 3327 nosse
3277 3273 3691 3341 praedicaretur.

2103 3361 2467 3417 llerimanntts
2516 3369 2694 3415 autem
2721 3376 2845 3415 cum
2876 3372 3021 3417 esset
3069 3363 3122 3416 in
3153 3363 3322 3433 prima
3356 3365 3492 3430 acie,
3525 3365 3577 3418 in
3610 3365 3692 3419 in-

2102 3456 2267 3511 troitu
2316 3454 2550 3525 regionis
2580 3454 2631 3507 in
2681 3454 2918 3508 hostium
2951 3470 3182 3526 pugnam
3220 3456 3428 3520 incidit,
3480 3471 3688 3526 eosque

2102 3550 2318 3604 fortiter
2367 3548 2513 3612 vicit,
2544 3556 2599 3600 et
2637 3547 2705 3601 oh
2730 3547 2833 3602 hoc
2867 3546 3057 3614 majori
3096 3548 3295 3602 invidia
3331 3549 3579 3602 inimicos
3603 3564 3692 3604 ac-

2104 3643 2287 3699 cendit
2314 3641 2405 3701 ‘9’,
2440 3641 2583 3694 inter
2608 3655 2744 3709 quos
2795 3639 3082 3695 Ehkardus
3121 3649 3213 3704 m,
3261 3640 3402 3694 tilius
3433 3639 3689 3704 Liudulli,

2102 3737 2194 3805 qui
2229 3736 2277 3789 in
2305 3742 2512 3788 tantum
2541 3749 2683 3801 aegre
2712 3747 2908 3802 passus
2933 3743 3017 3786 est
3049 3736 3320 3787 fortunam
3353 3733 3666 3787 Ilerimanui

2106 3837 2161 3881 nl
2207 3842 2320 3882 sese
2372 3824 2720 3895 promitteret
2773 3822 2977 3891 majora
3029 3822 3324 3889 facturum,
3373 3835 3465 3879 aut
3510 3827 3692 3881 vivere

1715 3965 1952 4022 VAHIA'J
1995 3961 2404 4029 LECTIONES.

470 4081 540 4114 ⁸⁸³
579 4080 642 4133 Δ.
684 4093 886 4147 semper
919 4077 1270 4147 hermannus.
1344 4075 1413 4147 ‘5“
1439 4075 1694 4147 pincerna
1724 4077 1776 4128 '2.

398 4156 468 4188 ⁸⁸⁸
513 4152 559 4206 ci
608 4146 881 4204 autem?“
969 4147 1036 4179 ⁵⁸⁵
1064 4147 1209 4201 aesic
1249 4146 1312 4198 Α.
1358 4146 1411 4198 5.

395 4234 490 4277 aut
539 4223 804 4276 latronem
853 4220 908 4273 5.
1011 4217 1080 4248 ⁵7³
1141 4216 1400 4270 suhurbio
1457 4218 1507 4270 1.

394 4294 464 4328 ⁸⁷⁷
502 4295 734 4358 utrique
767 4291 822 4344 9..
877 4289 930 4341 5.
981 4289 1033 4341 7.
1125 4288 1192 4318 1‘"
1240 4287 1490 4358 exercitu
1532 4287 1580 4338 1.

395 4355 593 4434 susque
647 4355 702 4417 Ξ.
810 4361 880 4392 ⁸⁸⁵³
915 4360 1053 4434 deest
1111 4361 1159 4410 1.
1263 4356 1337 4394 ³⁸⁸
1388 4357 1513 4434 add.
1563 4371 1686 4434 eum
1720 4359 1774 4412 ‘2.

398 4427 576 4489 bulum
605 4447 799 4487 servus
829 4435 884 4483 in
909 4431 930 4483 1
967 4445 1178 4482 erasum
1223 4437 1318 4481 est.
1398 4427 1468 4458 ⁸⁸⁸
1498 4428 1887 4485 corroboratus
1917 4433 1950 4483 5

396 4507 606 4577 plenius
637 4519 736 4559 nos
779 4502 834 4577 2:

397 4572 780 4640 itnictnannus,
810 4572 847 4626 2
871 4572 1246 4642 υολίειιιιιιιιιιιε.

1619 4216 1689 4248 ⁸⁷⁵
1718 4223 1854 4272 deest
1909 4220 1964 4274 2.

1857 4078 1928 4109 ⁸⁸⁸
1956 4079 2180 4135 sifrit'lus
2203 4078 2268 4130 Α.
2300 4073 2353 4128 5.

1509 4145 1579 4185 ³⁷⁸
1613 4145 2065 4205 Mersaburiorum
2110 4153 2166 4205 5.
2254 4146 2320 4178 ⁶⁷¹
2374 4145 2470 4198 Has

1619 4216 1689 4248 m
1718 4223 1854 4271 deest
1909 4220 1964 4271 2.
2074 4222 2142 4253 "5
2198 4227 2250 4271 et
2309 4231 2336 4268 τι
2403 4215 2470 4267 1"

2081 4233 2142 4253 ’⁷⁵
2198 4233 2250 4270 ει
2309 4233 2336 4268 il
2403 4233 2408 4245 ’

1676 4291 1747 4326 ³⁷⁸
1797 4292 1936 4344 deest
1984 4291 2034 4344 1.

1889 4361 1962 4394 8.5

1999 4361 2138 4416 deest
2190 4360 2232 4412 1.
2288 4358 2341 4410 7.
2438 4358 2508 4392 ⁵⁸⁸
2562 4358 2702 4406 deest
2757 4358 2806 4403 1.
2908 4358 2976 4384 ⁵⁵⁷
3031 4358 3202 4406 lidelis
3242 4358 3403 4405 etuhs
3446 4358 3501 4404 Ξ.
3538 4367 3687 4406 voca-

2066 4431 2140 4464 ⁸⁸⁸
2163 4438 2284 4484 ante
2309 4427 2518 4498 plenius
2541 4426 2596 4476 in
2621 4423 2645 4476 1
2677 4420 2984 4498 vocabulum
3020 4436 3118 4476 nos
3140 4423 3547 4498 superscriptum
3571 4431 3687 4498 est;

936 4500 1025 4564 5",
1057 4499 1122 4531 ⁸⁹¹
1156 4500 1268 4552 hoc
1299 4498 1411 4572 loco
1455 4514 1630 4572 omnes
1677 4497 1740 4572 (Α
1787 4517 1970 4572 .empe.-
2029 4501 2146 4570 fere
2188 4519 2198 4552 :

1329 4569 1397 4600 ‘9’
1423 4569 1686 4623 maiorem
1726 4569 1982 4627 invidiam
2013 4569 2262 4628 accendit
2289 4569 2342 4622 2.

2436 4071 2503 4102 ⁸⁸⁸
2543 4069 2785 4123 alinitate
2823 4069 2871 4121 1.
2949 4069 3017 4100 “7
3050 4068 3272 4124 holizlaf
3291 4069 3346 4123 Ξ.
3381 4069 3434 4122 5.
3470 4085 3689 4139 semper.

2254 4146 2320 4178 ⁶⁷¹
2374 4141 2767 4212 Hasiganorum
2805 4140 2860 4194 '5.
2902 4140 3345 4211 hassigavorum?
3421 4139 3490 4178 ⁸⁷³
3517 4140 3691 4196 furem

2309 4231 2336 4265 a
2403 4215 2470 4265 1"
2543 4211 2628 4265 1⁸⁷⁸
2684 4211 2848 4264 sociis
2883 4211 3043 4265 sicuti
3087 4218 3266 4265 erant.
3303 4211 3603 4265 acerrimus
3633 4211 3688 4265 5.

2555 4220 2628 4252 ⁸⁷⁵
2684 4225 2848 4264 SOCIIS
2883 4220 3043 4265 SlCUll
3087 4220 3266 4265 erant.
3303 4220 3603 4265 acerrimus
3633 4220 3688 4265 5.

2451 4220 2470 4249 ’ν
2543 4215 2628 4280 1⁸⁷⁸
2684 4215 2848 4264 sociis
2883 4215 3043 4265 sicuti
3087 4218 3266 4271 erant,
3303 4215 3603 4266 acerrimus
3633 4215 3688 4265 5.

2449 4285 2512 4336 Α.
2553 4281 2606 4335 5.
2706 4281 2773 4316 δθί
2815 4281 2954 4333 fudit
3009 4281 3176 4334 armis
3231 4282 3292 4334 Λ.
3397 4281 3466 4318 ⁵⁸⁸
3513 4296 3692 4336 rever-

2438 4353 2508 4392 σοθ
2562 4353 2702 4406 deest
2757 4351 2806 4403 1.
2908 4350 2976 4384 ³⁵⁷
3031 4350 3202 4406 ﬁdelis
3242 4350 3403 4405 etuhs
3446 4350 3501 4404 2.
3538 4367 3694 4406 voea-

2142 4290 2210 4324 θεν
2251 4287 2393 4340 aesic

2235 4491 2632 4556 :viehtuannus,
2665 4504 2709 4546 et
2735 4494 2811 4545 ita
2843 4491 3030 4562 ubique
3054 4491 3279 4562 scripsi;
3311 4491 3611 4561 plerttmqtte
3640 4493 3691 4546 1.

2424 4567 2492 4597 “3
2525 4563 2806 4618 Ecltardus
2857 4562 2921 4628 A,
2956 4563 3296 4618 ekkehardus
3321 4562 3374 4627 9.,
3407 4563 3458 4617 '5.

1929 4685 2166 4746 NGTE.

467 4788 613 4860 (185)
651 4785 725 4840 cr.
756 4800 807 4838 e.
842 4785 892 4836 n.

467 4879 618 4949 (186)
649 4877 694 4932 1.
722 4891 773 4932 e.
793 4874 944 4949 regis
985 4871 1226 4949 absentis
1256 4871 1375 4949 loco
1412 4868 1699 4949 imperium
1732 4869 1785 4923 in
1828 4867 2000 4949 Saga.

403 4940 482 5009 ...εέ
512 4940 757 5008 tenebat.
790 4940 973 4999 De'his
998 4941 1311 4997 Widukindi
1345 4941 1523 4995 verbis
1548 4941 1655 4995 alio
1680 4940 1797 4994 loco
1829 4941 2000 5009 (lahr—

401 5023 601 5078 hucher
631 5020 672 5075 I.
717 5018 772 5071 1.
820 5032 873 5086 p.
917 5015 1040 5082 159)
1070 5012 1377 5086 accuratius
1407 5011 1518 5066 dixi
1550 5012 1643 5082 (cf.
1692 5011 1752 5064 1|.
1785 5009 1873 5066 26.
1906 5013 1996 5070 5-1.

400 5092 601 5148 111.25.
638 5083 834 5143 urbem
864 5100 1156 5156 procurare
1194 5085 1254 5138 ll.
1297 5083 1406 5152 15).

462 5183 616 5256 (πεῖ)
647 5179 922 5256 Barbaros
970 5175 1158 5256 Slavos
1201 5190 1335 5256 esse
1352 5175 1581 5256 gentiles
1611 5171 1703 5256 (cf.
1741 5171 1800 5226 Il.
1830 5189 1877 5227 c.
1911 5176 2000 5256 19,

389 5245 478 5311 20.
523 5245 612 5309 ΙΙΙ.
651 5251 783 5314 48),
825 5263 1001 5316 neque
1032 5247 1262 5301 Buemos
1291 5247 1616 5301 christianos
1645 5245 1747 5316 hoc
1782 5247 2007 5306 nomine

386 5323 656 5387 indicari,
688 5313 874 5389 Kopke
898 5313 1030 5372 satis
1052 5313 1695 5390 prohaviulahrbiieh._l.
1806 5331 1855 5390 p.

382 5429 454 5440 —
484 5395 600 5451 Sed
642 5386 814 5446 ’hau—d
863 5403 1050 5443 omnes
1095 5388 1317 5444 Bohenti
1371 5399 1493 5442 tunc.
1542 5387 1824 5443 christiani
1878 5386 2003 5444 fue-

380 5477 537 5527 runt.
591 5463 662 5520 P.

460 5561 616 5578 ιιηηι
657 5554 1040 5578 117-..-,.-1,..-..“
1072 5555 1144 5578 ,Ι;-
1179 5555 1249 5578 Ωιι)
1281 5554 1406 5578 Ωιιηι

1456 5557 1557 5578 Ληιδ
1593 5553 1825 5578 .--Αἶα-..ι-
1859 5567 1966 5578 .\-_..

2023 4787 2074 4847 D
2177 4778 2324 4850 (189)
2372 4771 2717 4850 lneolreApagi
2745 4771 3041 4844 llasgowe,
3075 4771 3129 4828 in
3159 4784 3265 4840 qua
3309 4777 3365 4825 et
3402 4767 3518 4838 ipsa
3569 4770 3701 4825 urbs

2106 4844 2386 4918 Me't'shurg
2417 4847 2521 4918 sita
2556 4844 2674 4899 fuit.

2180 4922 2328 4989 (190)
2356 4908 2445 4974 Cf.
2481 4915 2808 4989 (lou1.__Reg.
2839 4931 2889 4968 a.
2918 4914 3022 4989 920
3048 4911 3246 4989 :_Multi
3270 4911 3414 4989 enim
3437 4908 3551 4964 illis
3577 4924 3707 4966 tent-

2110 4983 2320 5060 poribus
2345 4990 2504 5044 etiam
2528 4983 3042 5060 nobilesfatrocinit's
3069 4983 3404 5060 insudobant.

3598 311 3703 369 162

2182 5063 2329 5134 (191)
2364 5063 2450 5134 pe
2483 5057 2668 5134 regqu
2689 5057 2930 5134 ejusque
2960 5057 3092 5110 urbe
3121 5054 3248 5134 quid
3283 5051 3597 5134 cogitarit“
3627 5069 3724 5134 atro

2114 5121 2323 5196 nalistae
2363 5121 2622 5194 Boemici,
2653 5121 2773 5182 vide
2816 5121 3232 5184 Debuerum'ad
3286 5121 3616 5189 Hageeiutn
3641 5122 3733 5187 111,

2131 5223 2165 5258 ι.
2193 5207 2315 5262 1558.

2191 5276 2337 5348 (192)
2377 5271 2459 5328 Cf.
2506 5273 2591 5340 Ill,
2621 5287 2671 5326 c.
2702 5271 2755 5326 8.
2792 5268 2955 5326 Anno
2990 5268 3097 5325 950
3123 5267 3325 5346 bellum
3343 5271 3748 5330 compositum

2119 5359 2219 5404 651..

2193 5419 2340 5492 (195)
2388 5414 2502 5492 Non
2552 5422 2739 5472 contra
2770 5411 3041 5492 Boemos‘,
3068 5411 3210 5492 quod
3240 5406 3399 5476 vulgo
3429 5414 3754 5492 statuitur,

2122 5475 2213 5548 sed
2249 5475 2405 5572 ali-am
2436 5489 2720 5572 Slavorum
2746 5492 2966 5578 gcpttem
2990 5475 3118 5540 Otto
3146 5483 3285 5578 Ita-nc
3311 5475 3762 5578 (gillﬁiiiiottclll

3141 5562 3289 5578 --.s..-
3329 5545 3580 5578 Ωίιιδιιηικ
3631 5558 3645 5578 2

3715 5569 3739 5578 Α
