4466 5578
353 437 455 492 165

1330 432 1462 488 RES
1498 432 1746 489 GESTAE
1792 428 2175 484 δᾹΧΟΝΙΩίΕ.
2231 459 2288 469 -
2329 430 2452 484 LIB.
2502 432 2561 485 ll.

3498 432 3602 493 166

353 550 443 609 sis,
498 544 805 607 homicidia,
849 542 1106 613 perjuria,
1136 542 1594 612 depopulationes,
1643 542 1917 606 incendia;
1946 551 1994 605 Α
2026 538 2397 594 Tltancmarus
2430 552 2607 595 autem
2643 542 2774 611 fugit
2801 542 2851 595 in
2876 541 3174 597 :erclesiam
3202 562 3228 595 a
3260 542 3439 600 Leone
3463 561 3598 617 papa

351 652 561 704 :eqtttln
588 648 940 704 pravumque,
963 641 1206 685 sanctum
1242 632 1645 701 pcrjuriumque
1678 630 1782 685 illis
1812 632 1923 685 dic-

352 728 449 779 hus
478 742 663 795 parum
701 723 1081 792 procedebant.

424 819 507 871 ll.
531 816 760 870 Juuctus
785 826 865 869 est
899 823 1080 868 autem
1104 820 1159 867 et
1183 812 1558 868 Thancmarus
1585 813 1922 878 Evurhardo,

352 908 682 974 collectaque
716 904 885 956 valida
942 918 1124 966 manu,
1168 912 1443 974 oppugnat
1492 903 1558 935 ⁸⁸⁷
1617 903 1925 973 ρι’ωδίιιὶυιιι

353 997 489 1065 quod
523 994 722 1047 dicitur
742 990 967 1045 Badiliki
994 990 1253 1061 “'(20l),
1286 991 1338 1045 in
1367 1006 1473 1062 quo
1501 1001 1618 1045 erat
1642 990 1926 1046 llcinricus

353 1093 547 1159 iunior,
607 1090 837 1155 dataque
877 1087 1055 1156 praeda
1106 1085 1257 1141 urbis
1303 1087 1416 1141 suis
1446 1086 1923 1150 commilitonibus,

351 1181 502 1241 abiit,
527 1194 709 1233 secum
730 1176 999 1229 adducens
1026 1176 1092 1206 "’
1119 1174 1427 1228 lleinricum
1450 1175 1604 1243 quasi
1633 1175 1734 1228 vile
1759 1174 1928 1244 quod-

356 1276 473 1326 ;lam
525 1271 849 1340 mancipium
906 1268 998 1321 "°.
1036 1268 1353 1323 Interfectus
1379 1278 1460 1323 est
1489 1278 1665 1321 autem
1700 1268 1771 1321 illi
1826 1266 1927 1322 Ge-

356 1363 625 1417 vel.ardu5
670 1361 762 1424 5",
808 1360 1009 1415 Udouis
1057 1362 1199 1414 filius
1238 1359 1329 1434 στ’,
1386 1358 1567 1413 fratris
1615 1358 1925 1414 Heritnanni

351 1456 525 1517 ducis,
560 1454 629 1507 ob
664 1452 820 1520 cujus
854 1469 1063 1516 necent,
1092 1453 1202 1506 Deo
1232 1453 1411 1506 omnia
1437 1453 1740 1516 ordinante,
1765 1452 1928 1505 duces

353 1548 680 1602 Francorum
729 1546 869 1598 inter
900 1562 953 1597 se
988 1556 1111 1598 sunt
1139 1545 1208 1575 ⁸³³
1238 1546 1390 1599 divisi
1417 1544 1586 1615 (202).
1615 1544 1800 1597 Tantis
1830 1544 1929 1614 igi-

352 1648 437 1691 tur
482 1637 669 1705 spoliis
705 1636 1035 1689 Thancmari
1088 1637 1290 1689 milites
1340 1636 1411 1673 ⁸³⁸
1471 1636 1648 1701 ditati,
1701 1632 1812 1702 jam
1862 1634 1929 1687 ad

349 1729 529 1781 omnia
582 1729 932 1794 parabantur.
985 1726 1110 1779 Post
1145 1728 1254 1779 luec
1302 1728 1443 1795 cepit
1470 1727 1653 1779 urbem
1693 1741 1810 1794 qua:
1848 1725 1928 1778 tli-

354 1824 495 1877 eitur
538 1823 847 1889 Ilet‘esbttrg
887 1820 978 1881 ⁸³⁵.
1022 1830 1076 1873 et
1104 1820 1329 1873 collecta
1361 1820 1531 1873 valida
1562 1819 1925 1882 multitudine,

2025 630 2181 684 beato
2240 630 2397 685 Petro
2451 632 2691 702 apostolo
2741 632 3039 686 dedicatam
3087 634 3253 702 (206).
3315 634 3604 694 Exercitui

2028 732 2206 775 autem
2236 732 2550 790 persecutus
2579 735 2661 778 est
2700 740 2820 777 eum
2872 740 3040 793 usque
3092 725 3141 777 in
3197 726 3450 795 templum
3483 768 3495 791 ,
3544 736 3605 786 et

2027 814 2259 869 maxime
2315 814 2569 868 satellites
2617 816 2889 879 lleim-iei,
2940 816 3183 870 dolentes
3217 834 3278 871 ae
3325 820 3601 877 vindicare

2028 903 2415 958 contendentes
2444 905 2691 972 iujutiatn
2724 906 2924 958 domini
2962 908 3075 969 sui;
3106 922 3202 959 ner
3229 908 3381 961 veriti
3408 909 3604 976 januas

2027 992 2173 1047 ferro
2225 995 2499 1058 incidere,
2548 1014 2669 1050 eum
2721 998 2887 1050 armis
2948 998 3172 1065 ingressi
3222 1008 3350 1051 sunt
3394 1015 3603 1054 sacrant

2029 1084 2194 1139 aedem
2235 1084 2323 1137 “’.
2378 1086 2748 1139 'l'hauemarus
2778 1098 2956 1140 autent
3008 1090 3184 1142 stabat
3211 1089 3363 1158 juxta
3410 1091 3604 1156 altare,

2030 1174 2283 1243 depOsitis
2319 1178 2546 1244 desuper
2572 1177 2737 1229 armis
2778 1193 2897 1229 rutn
2931 1187 3117 1246 torque
3148 1195 3331 1233 aurea.
3365 1178 3608 1250 Cumque

2030 1279 2096 1318 ex
2126 1268 2350 1319 adverso
2374 1267 2492 1319 telis
2523 1276 2824 1335 urgeretur.
2855 1266 3217 1321 Tltiadholdns
3246 1268 3313 1306 ⁸³⁸
3341 1271 3559 1338 quidam
3586 1309 3601 1335 ,

2032 1359 2227 1412 nothus
2254 1358 2554 1419 Cobhouis.
2604 1376 2723 1411 eum
2755 1360 3013 1413 eunvit'iis
3052 1360 3243 1415 vulnus
3279 1364 3325 1415 ei
3374 1364 3563 1418 inflixit
3589 1405 3601 1427 ,

2033 1450 2261 1518 ilicoque
2293 1452 2360 1503 ab
2390 1468 2453 1504 eo
2484 1454 2703 1520 recepit,
2736 1469 2839 1521 quo
2863 1456 2968 1506 vita
2992 1472 3112 1508 eunt
3148 1458 3371 1511 terribili
3400 1460 3605 1515 insania

2031 1541 2083 1594 in
2130 1541 2277 1594 brevi
2322 1542 2605 1595 caruisset.
2638 1545 2863 1608 Quidam
2918 1555 3095 1599 autem
3132 1548 3382 1611 militum,
3433 1549 3603 1604 Maiu-

2032 1631 2113 1685 cia
2158 1630 2225 1661 “’
2275 1632 2570 1694 vocabulo,
2616 1649 2709 1701 per
2752 1633 3044 1687 fenestram
3092 1636 3249 1690 altari
3299 1644 3607 1710 contiguam

2032 1723 2216 1776 lancea
2245 1737 2273 1774 a
2328 1733 2476 1791 tergo
2528 1724 2831 1791 perfossum
2880 1725 2949 1777 ibi
2984 1742 3137 1779 secus
3181 1743 3329 1780 aram
3375 1732 3609 1785 extinxit

2035 1810 2451 1867 Tltancmarum.
2485 1815 2601 1883 lpse
2626 1824 2803 1868 autem
2839 1816 3086 1870 fraterna:
3117 1820 3290 1872 fautor
3310 1820 3377 1851 "°
3407 1822 3612 1876 discor-

350 1914 489 1968 sedit
539 1913 608 1943 "‘
652 1914 702 1965 in
756 1928 841 1974 ea,
894 1911 1058 1965 multa
1118 1913 1240 1964 inde
1293 1926 1553 1965 exercens
1623 1910 1923 1965 latrocinia.
1958 1919 2003 1977 Β
2032 1906 2151 1969 diae,
2196 1907 2246 1959 in
2291 1906 2595 1962 Biertanieo
2624 1919 2810 1976 postea
2843 1909 2981 1962 bello
3012 1912 3172 1963 vitam
3225 1929 3345 1967 cum
3378 1930 3511 1969 auro
3538 1917 3609 1972 ab

350 2005 696 2058 Evnrltardus
745 2012 924 2055 autent
988 2018 1167 2054 secum
1232 2004 1403 2054 tenuit
1457 2000 1789 2055 lleiuricutn.
1850 2000 1927 2056 Eo

350 2113 563 2165 quoque
594 2106 831 2163 tempore
857 2094 1069 2147 occisus
1116 2104 1197 2145 est
1235 2094 1362 2145 Dedi
1392 2094 1458 2132 ⁸³⁷
1486 2102 1607 2145 ante
1636 2102 1818 2161 portas
1841 2108 1930 2144 nr-

351 2187 430 2239 bis
454 2202 573 2255 qua:
596 2186 792 2239 dicitur
821 2185 996 2237 Larun
1032 2183 1101 2212 ⁸³⁸
1128 2184 1295 2251 (205),
1323 2186 1372 2235 in
1405 2199 1506 2250 qua
1546 2192 1701 2235 erant
1730 2183 1931 2237 milites

350 2276 676 2329 Evurhardi.
706 2275 1095 2328 Wiehmannus
1120 2285 1323 2336 autem,
1356 2276 1443 2341 qui
1476 2289 1531 2328 se
1555 2274 1929 2342 primumalie-

353 2370 499 2421 navit
530 2386 557 2420 a
595 2384 738 2437 rege,
771 2368 993 2419 audiens
1044 2375 1247 2417 tantum
1287 2365 1495 2416 facinus
1528 2364 1928 2427 seditiosorum,

351 2474 645 2513 conversus
679 2458 745 2490 ⁵³⁸
778 2472 965 2525 pacem
1019 2457 1148 2509 fecit
1194 2472 1314 2509 eum
1366 2471 1510 2524 rege,
1540 2455 1663 2522 quia
1696 2456 1931 2524 pruden-

354 2550 595 2601 tissimus
622 2558 759 2610 erat,
788 2556 840 2599 et
892 2546 1036 2599 utilis
1075 2562 1137 2600 ac
1183 2546 1352 2600 fidelis
1384 2560 1551 2613 usque
1590 2545 1659 2574 “°
1686 2546 1737 2597 in
1772 2544 1931 2598 finem

355 2640 650 2709 permansit
690 2638 857 2708 (204).
895 2636 1272 2691 Thauemarus
1299 2646 1502 2701 autem,
1530 2638 1668 2689 filius
1700 2634 1935 2689 Heinrici

358 2734 518 2800 regis,
551 2742 709 2783 natus
731 2738 843 2783 erat
893 2745 957 2781 ex
987 2740 1157 2782 tuattc
1188 2729 1352 2783 nobili
1376 2729 1545 2798 (205),
1580 2744 1736 2781 manu
1760 2743 1935 2796 prom-

357 2832 501 2890 ptus,
527 2836 653 2874 acer
686 2820 922 2890 ingenio,
956 2819 1184 2872 bellandi
1223 2820 1445 2887 pet-itus,
1482 2818 1571 2871 sed
1621 2820 1761 2872 inter
1786 2832 1936 2870 arma

356 2914 575 2966 honesta
629 2913 804 2964 minus
856 2912 1107 2979 μυίης-Μία
1158 2927 1303 2965 usus.
1370 2912 1497 2964 Erat
1537 2921 1714 2964 autem
1764 2920 1937 2963 mater

358 3007 472 3075 ejus
522 3005 743 3057 multum
797 3004 998 3056 habens
1042 3005 1439 3071 possessionem
1486 3001 1578 3066 ⁸η,
1631 3002 1723 3071 qui
1761 3001 1939 3054 liceta

360 3108 509 3166 patre
539 3096 641 3147 alia
677 3095 829 3163 plura
864 3092 931 3124 “‘
978 3095 1051 3147 sit
1090 3095 1311 3155 ditatus,
1362 3106 1602 3147 materna
1654 3101 1830 3144 tamen
1881 3106 1939 3145 se

362 3190 659 3243 hereditate
692 3186 761 3216 ⁸³³
801 3188 1069 3255 privatum
1096 3200 1237 3255 aegre
1266 3186 1417 3237 valde
1449 3184 1587 3247 tulit,
1612 3192 1666 3235 et
1698 3182 1766 3235 ob
1795 3184 1935 3235 hanc

1978 2038 1990 2048 .
2034 1996 2191 2050 altari
2251 1998 2499 2066 nequiter
2548 2010 2703 2068 rapto
2762 2002 3145 2056 miserabiliter
3178 2007 3408 2071 perdidit
3440 2009 3611 2078 (207).

2034 2086 2233 2141 Earum
2265 2104 2445 2142 rerum
2484 2106 2574 2143 rex
2609 2092 2827 2159 ignartts
2866 2101 2920 2145 et
2958 2094 3153 2147 absens
3185 2112 3306 2149 cum
3355 2100 3611 2162 audisset.

2034 2196 2195 2250 super
2225 2182 2531 2235 temeritate
2562 2184 2788 2236 militum
2816 2184 3125 2249 indignatus
3157 2186 3220 2218 ⁶⁵¹
3252 2198 3351 2250 est,
3384 2190 3473 2242 sed
3506 2190 3614 2245 fer-

2035 2281 2191 2326 vente
2224 2274 2292 2306 ⁶⁵²
2316 2273 2493 2327 adhuc
2521 2272 2662 2327 bello
2692 2274 2869 2339 civili,
2920 2292 3025 2329 non
3072 2280 3244 2345 potuit
3274 2294 3367 2331 eos
3406 2284 3614 2337 contri-

2033 2360 2165 2413 stari
2196 2359 2287 2411 ⁶⁸³.
2323 2358 2611 2414 Miseratus
2648 2372 2827 2415 autem
2873 2364 3055 2417 fratris
3083 2365 3350 2419 fortunam
3373 2408 3385 2428 .
3430 2371 3619 2439 suique

2036 2451 2238 2520 ingenii
2291 2452 2585 2507 ostendens
2630 2452 3014 2520 clementiam,
3058 2472 3155 2526 pro
3198 2458 3354 2513 laude
3394 2458 3511 2527 ejus
3556 2478 3622 2517 ac

2036 2541 2297 2595 industria
2324 2557 2491 2611 pauca
2516 2542 2742 2605 locutus,
2770 2543 3117 2601 Tltiadricum
3140 2548 3210 2579 ⁸⁸⁵
3233 2559 3287 2603 et
3305 2559 3415 2605 tres
3438 2553 3619 2607 amitte

2034 2633 2176 2688 illius
2225 2633 2403 2698 filios,
2452 2635 2544 2704 qui
2582 2634 2923 2691 Tltancmaro
2968 2654 3161 2693 manus
3201 2637 3616 2707 junxerant‘",

2035 2725 2153 2796 lege
2179 2723 2513 2779 Francorum
2555 2726 2876 2795 dampnatos
2915 2729 3195 2800 strangulo
3232 2729 3300 2762 ⁵⁸⁸
3330 2730 3460 2786 fecit
3489 2732 3621 2788 deli-

2037 2832 2180 2873 cere.
2234 2818 2361 2872 Inde
2392 2817 2557 2873 vertit
2601 2817 2826 2872 militem
2872 2820 3086 2873 avidum
3138 2836 3328 2893 pugna:
3354 2832 3408 2877 et
3442 2822 3622 2892 praeda

2038 2910 2186 2965 urbis
2212 2910 2442 2965 ditatum
2467 2911 2519 2964 in
2543 2909 2714 2964 Laras
2737 2909 2827 2962 ⁸⁸⁷.
2859 2910 2935 2964 llli
2965 2922 3169 2974 autem,
3201 2912 3350 2968 urbis
3369 2900 3622 2983 praefecto

2040 3012 2264 3059 auctore
2293 3004 2493 3058 acriter
2540 3008 2891 3068 resistentes,
2946 3004 3152 3074 lapides
3194 3005 3475 3075 lapidibus,
3518 2996 3624 3061 tela

2040 3093 2163 3147 telis
2209 3092 2427 3148 obicere
2473 3108 2578 3146 non
2638 3092 2942 3147 cessabant.
2988 3092 3389 3166 Aggravatique
3440 3095 3580 3150 bello
3609 3136 3624 3161 ,

2041 3197 2204 3253 super
2232 3182 2484 3238 consulto
2531 3180 2601 3214 ⁸⁸⁸
2652 3183 2803 3238 ducis
2834 3182 2981 3255 (208)
3021 3185 3257 3240 indutias
3300 3186 3619 3256 deposcunt.

357 3295 576 3334 causam
602 3295 751 3330 artua
785 3278 950 3329 sumit
977 3276 1047 3306 W’
1081 3276 1146 3329 ad
1178 3276 1470 3344 perniciem
1498 3275 1577 3325 sui
1606 3287 1936 3342 suorumque
1965 3283 2009 3345 ρ
2042 3273 2249 3339 Quibus
2278 3272 2553 3326 concessis
2588 3270 2678 3336 “',
2725 3271 2878 3326 ducis
2904 3274 2983 3327 eis
3012 3274 3423 3341 praesidium.“
3462 3266 3621 3349 nega-

356 3386 543 3430 contra
582 3375 859 3429 dominum
888 3389 1045 3427 suum
1087 3386 1284 3441 regem.
1330 3369 1439 3423 Rex
1471 3379 1675 3431 autem,
1708 3368 1834 3422 licet
1858 3369 1938 3421 in-

356 3474 520 3533 vitus,
555 3470 744 3523 videns
771 3481 884 3521 rem
918 3466 985 3519 ad
1034 3474 1141 3518 tam
1176 3463 1365 3532 ingens
1414 3460 1707 3529 periculum
1747 3474 1939 3527 proce—

356 3562 517 3622 dere,
567 3559 633 3613 ad
682 3556 1040 3613 edomandam
1084 3552 1406 3608 Thancmari
1444 3550 1784 3604 insolentiam
1817 3566 1939 3602 eum

357 3653 527 3707 multo
560 3651 822 3706 comitatu
854 3647 1093 3717 perrexit
1115 3646 1180 3699 ad
1207 3643 1276 3685 ⁸⁸³
1311 3642 1633 3711 Hereshnrg.
1668 3641 1825 3695 Cives
1849 3656 1942 3691 au-

358 3752 464 3797 tent
498 3742 645 3795 urbis
678 3740 820 3793 illius
850 3744 1239 3807 cognoscentes
1264 3735 1327 3787 de
1355 3748 1496 3802 rege,
1523 3734 1644 3802 quia
1678 3731 1747 3763 M
1777 3746 1939 3799 super

355 3850 415 3889 se
447 3836 569 3888 cum
605 3831 781 3886 valida
810 3845 969 3883 manu
991 3826 1497 3899 appropinquasset.
1525 3824 1725 3893 apertis
1746 3823 1935 3892 portis,

359 3925 779 3981 introduxerunt
835 3922 1178 3983 exercitum,
1229 3919 1320 3988 qui
1374 3919 1654 3972 obsederat
1726 3917 1934 3969 urbem.

2046 3373 2132 3417 tur
2163 3364 2252 3414 σοι.
2287 3361 2436 3417 Unde
2465 3362 2599 3417 urbe
2621 3365 2825 3434 egressi
2852 3404 2863 3425 ,
2903 3367 3154 3434 potestati
3184 3384 3241 3419 se
3272 3369 3432 3438 regia:
3463 3370 3633 3425 tradi-

2046 3457 2243 3511 derunt
2270 3455 2359 3509 “ﬁ.
2382 3454 2456 3509 Ea
2487 3454 2559 3488 ⁸⁸³
2584 3471 2759 3527 pugna
2787 3456 3013 3510 Tamma
3046 3456 3117 3488 “"
3140 3458 3420 3528 pineerna,
3448 3462 3630 3517 multis

2046 3547 2166 3600 aliis
2216 3546 2376 3601 rebus
2411 3545 2545 3599 bene
2592 3545 2758 3617 gestis
2807 3545 2935 3601 olim
2982 3547 3266 3613 famosus,
3318 3549 3492 3605 factus
3545 3561 3630 3607 est

2048 3640 2245 3693 clarus.
2302 3638 2650 3692 Evurhardus
2696 3647 2879 3693 autem
2912 3640 3138 3695 audiens
3184 3640 3250 3694 de
3284 3656 3413 3696 nece
3446 3639 3629 3698 Thau-

2050 3731 2217 3783 (κιαι-ί
2241 3740 2295 3785 et
2322 3729 2392 3762 ⁸⁸⁸
2420 3728 2723 3786 defectione
2745 3745 2967 3784 suorum
2996 3727 3248 3797 militum,
3280 3728 3486 3787 fractus
3512 3732 3629 3787 ani-

2050 3837 2157 3883 llt0,
2192 3820 2556 3888 prosternitur
2581 3820 2797 3891 captivo
2841 3836 2960 3886 suo,
3006 3821 3219 3876 veniam
3247 3822 3414 3893 petit,
3443 3837 3506 3877 ac
3536 3836 3630 3877 ue-

2047 3913 2227 3982 quiter
2257 3923 2619 3983 promeretur.

1632 4066 1867 4122 VARl/E
1903 4063 2311 4121 LECTIONES.

432 4221 502 4258 σιτ
553 4215 967 4289 oppugnant_2.
1014 4282 1041 4289 Α
1071 4211 1141 4250 ⁶¹⁸
1190 4210 1422 4289 .Βῆόίιίςί

362 4296 462 4350 dus
513 4291 565 4356 1,
589 4282 604 4289 ’
623 4282 958 4356 everbardus
979 4354 988 4356 _
1010 4282 1077 4345 2,

365 4345 450 4395 "7"
493 4345 630 4414 deest
689 4358 745 4411 2.
854 4354 927 4387 ⁸³⁵
978 4345 1307 4407 beresburch
1361 4350 1396 4402 2
1456 4364 1674 4416 semper.
1774 4345 1846 4377 ⁸³⁸

1636 4208 1705 4244 δι’
1757 4205 2026 4258 alulucens
2080 4205 2133 4257 5.

1122 4282 1343 4351 gehehaz
1360 4281 1460 4351 dits
1494 4280 1556 4330 A.
1611 4275 1962 4351 Geveltardus
1981 4344 1991 4351 _
2008 4273 2060 4328 5.

1901 4344 2051 4398 sedet
2115 4344 2165 4397 5.

2243 4201 2313 4234 “°
2360 4203 2691 4273 mancipium
2744 4200 3011 4271 quoddam
3058 4201 3123 4254 A.
3223 4197 3292 4232 ‘“
3344 4205 3633 4304 geuuthar-

2280 4272 2417 4304 nunc
2469 4273 2660 4304 "(trude
2718 4273 2750 4304 ς)
2821 4271 3028 4304 “Annio
3077 4270 3100 4304 1⁵
3169 4268 3203 4304 Χ
3302 4272 3347 4303 03
3414 4274 3605 4304 ,Ιηιιιι

2158 4274 2226 4312 ⁸³³
2277 4272 2420 4349 illius
2469 4268 2663 4349 udouis
2712 4268 2776 4349 _2.'
2821 4271 3031 4349 Udunis
3077 4270 3116 4325 f.
3169 4268 3254 4349 5;
3302 4268 3549 4349 murices}
3582 4274 3635 4329 1.

2274 4342 2339 4374 ⁸³⁷
2385 4344 2542 4397 dendi
2605 4344 2654 4406 1,
2712 4342 2762 4395 5.
2860 4341 2932 4374 ⁵⁸⁸
3000 4342 3185 4395 laerun
3222 4340 3275 4394 2.
3375 4342 3441 4375 ⁸³³
3502 4342 3636 4409 Qua:

358 4412 643 4502 gequuntnr
673 4442 837 4498 usque
882 4425 949 4478 ad
1005 4423 1156 4475 verba
1203 4436 1265 4475 ac
1306 4419 1531 4502 imperio
1565 4412 1715 4502 'us‘us
1744 4425 1838 4502 υἷι.
1874 4416 2013 4502 (cap.
2220 4415 2271 4466 in
2300 4415 2424 4502 0A.;
2466 4412 2787 4502 cltjusjio'lia
2843 4414 2947 4502 dpo
2986 4414 3210 4502 desunt;
3244 4412 3628 4502 desiﬁerantur.

857 4494 925 4531 ιιι
965 4493 1357 4563 possessionem
1382 4486 1594 4563 habens

1087 4564 1227 4630 quod
1278 4584 1329 4612 α.
1410 4558 1477 4630 δέ’
1518 4559 1644 4610 add.
1703 4565 1829 4630 tunc
1869 4558 1917 4609 1.

361 4626 433 4684 δ”
470 4642 650 4696 fautor
684 4655 823 4693 corr.
872 4644 1064 4691 auctor
1099 4626 1155 4688 2.
1234 4633 1299 4671 ⁶³¹
1344 4628 1660 4699 dedignatus
1696 4626 1839 4699 2.].

363 4713 720 4774 thiadericum
744 4709 795 4763 5.
831 4704 1200 4762 tlieodericnm
1234 4723 1266 4756 α
1338 4701 1407 4774 “_'
1435 4697 1719 4774 vinxerant
1749 4697 1800 4750 5.

360 4768 431 4822 δι’
469 4780 741 4838 concessit
769 4779 821 4832 5.
925 4775 993 4810 “°
1034 4774 1161 4828 add.
1214 4788 1321 4827 non
1372 4768 1425 4822 5.
1462 4792 1514 4825 α.

361 4499 436 4538 ⁸⁵⁸⁷
470 4504 607 4555 deest
638 4499 694 4552 2.
724 4499 777 4552 5.

359 4574 413 4627 5.
444 4574 494 4626 7.
572 4570 643 4604 "'5
667 4570 808 4622 deest
838 4589 891 4622 α.
968 4562 1044 4598 ⁸⁸⁸

1771 4484 1838 4518 δι’
1867 4486 1988 4538 aliis
2028 4486 2271 4553 pluribus
2300 4484 2354 4537 2.
2394 4483 2447 4536 5.
2482 4484 2546 4553 ,7.

1994 4552 2063 4587 ⁸⁸⁸
2103 4556 2209 4608 tltia
2244 4555 2433 4607 bodlus
2470 4552 2521 4605 2.
2575 4554 2627 4606 5.
2683 4552 3021 4607 Theobaltlus
3063 4574 3116 4607 α.
3195 4552 3266 4591 ’δ’

1917 4627 1985 4657 ⁸⁸⁸
2037 4624 2263 4680 ferventi
2311 4625 2365 4677 2.

1880 4697 1950 4729 ⁸⁸⁸
1976 4695 2250 4750 stranzula
2282 4696 2335 4749 5.
2365 4710 2415 4747 a.

1619 4769 1685 4801 ⁸⁸⁸
1722 4768 1935 4837 negavit
1988 4768 2039 4821 1.

2625 4483 2694 4514 ⁸⁸³
2730 4483 3026 4536 hereditate
3076 4496 3133 4535 se
3178 4486 3232 4538 2.
3326 4480 3396 4517 ‘“
3442 4485 3637 4538 sumsit

3326 4554 3536 4606 tnancia
3581 4555 3633 4607 1.

2444 4623 2515 4661 ⁸⁵³
2556 4624 2881 4677 contristare
2927 4645 2981 4679 α.
3059 4622 3130 4664 ἰδ
3180 4622 3536 4678 thiedericum
3576 4623 3633 4677 2.

2493 4693 2559 4724 ⁸⁸⁷
2593 4693 2755 4748 Lares
2784 4692 2837 4745 5.
2868 4692 3045 4748 Larun
3076 4694 3129 4748 7.
3207 4693 3277 4726 ⁸⁸⁸
3302 4693 3548 4747 CODSUIla
3578 4694 3635 4747 3-

2160 4766 2203 4797 θ’
2244 4766 2515 4819 tradidere
2556 4764 2608 4818 5.
2698 4764 2769 4797 ⁸⁸⁸
2795 4771 2852 4817 et
2904 4765 2957 4819 1.
3032 4762 3107 4797 ⁸⁸⁸
3146 4774 3348 4820 tammo
3367 4762 3422 4817 2.
3472 4785 3525 4819 σι.
3583 4763 3635 4817 7.

362 4854 594 4909 Dammo
618 4853 670 4906 5.
747 4849 821 4884 ⁸⁸⁸
851 4855 907 4902 et
932 4847 999 4901 de
1021 4869 1074 4904 α.

1888 4947 2123 5004 ΝΟΤΙΕ.

454 5080 586 5145 201)
619 5076 799 5131 Belike
828 5090 857 5130 e
902 5072 1126 5129 meridie
1148 5069 1385 5145 civitatis
1414 5068 1709 5139 Lippstadt.
1980 5066 2033 5125 D
2137 5061 2284 5139 (204)
2324 5061 2467 5119 Obiit
2488 5059 2562 5115 25
2588 5061 2675 5116 die
2700 5059 2899 5132 Aprilis
2926 5060 3049 5117 9M.

454 5081 586 5145 2οι)
619 5081 799 5131 Belike
828 5090 857 5130 e
902 5081 1126 5129 meridie
1148 5081 1385 5127 ctvnans
1414 5081 1709 5139 LtppSlaat.
1980 5081 2033 5125 υ
2137 5081 2284 5139 una;
2324 5081 2467 5119 UDtIt
2488 5081 2562 5115 ιο
2588 5081 2675 5116 (ne
2700 5081 2899 5132 Aprlns
2926 5081 3002 5117 tu»

434 5081 590 5224 £202)
624 5148 953 5201 Francorum
983 5145 1149 5233 duces
1168 5142 1237 5233 ihi
1264 5140 1482 5196 fuerunt
1510 5156 1523 5191 :
2128 5158 2287 5233 ‘(iom
2328 5157 2409 5214 cf.
2443 5155 2722 5211 Thiemm
2746 5156 2784 5211 ι.
2818 5156 2894 5227 (ρ.
2924 5154 3002 5226 5.)

2065 5340 2098 5355 -
2144 5248 2566 5355 (ἓθὲἒοὲἒξὲθίί³
2601 5246 2985 5355 Τῗὲθῗὲῗηξίξ
3011 5248 3663 5355 “.2..Z§?..“;£.'.‘“:15?“

522 5354 768 5404 Coma-lus
798 5340 1459 5398 *Ἶὲθὺθὴππ
1634 5340 1947 5462 Eberpardus

522 5427 837 5455 Μ
998 5426 1445 5451 W

380 5426 1445 5455 mw

2065 5318 2448 5385 reslianienses
2487 5319 2543 5373 b.
2600 5321 2706 5387 a.);
2757 5318 2987 5389 Leonem
3037 5318 3251 5389 papam
3291 5332 3413 5370 eam
3463 5334 3671 5389 cense-

2064 5409 2279 5458 crasse,
2307 5406 2463 5449 nemo
2508 5390 2648 5461 quod
2698 5388 2875 5461 sciam,
2911 5388 3293 5462 praeteri‘Vid.
3335 5388 3535 5462 tradit:
3583 5394 3677 5448 in-
