4466 5578
796 416 899 471 167

1832 412 1915 465 Wl
1928 410 2201 467 DUKINDI
2240 412 2689 468 CORBEIENSIS
2727 412 3032 470 MONACHI

3971 418 4073 475 168

863 526 951 582 12.
995 525 1281 581 Heinricus
1330 533 1513 579 autem
1565 534 1683 579 erat
1732 526 1801 555 “°
1834 540 1897 578 co
1938 536 2178 595 tempore
2222 526 2383 580 nimis
2411 529 2463 586 Α
2489 522 2653 577 lutem
2682 526 3012 593 quaesierunt
3039 523 3131 590 ⁸⁸³,
3165 538 3265 580 nec
3308 525 3448 581 ultra
3510 540 3607 596 per
3653 526 3869 597 triginta
3903 530 4074 583 annos

792 620 1111 677 adolescens
1144 618 1290 689 (209)
1314 659 1328 681 ,
1377 618 1594 672 fervens
1638 618 1706 655 ⁸⁸⁷
1740 620 1959 683 animo;
1999 629 2053 672 et
2096 617 2259 671 nimia
2294 632 2378 670 re-

790 714 991 786 gnandi
1019 713 1314 782 cupiditate
1365 712 1597 777 illectus,
1630 726 1694 766 eo
1733 722 1891 782 pacto
1947 712 2176 765 crimine
2219 710 2377 765 solvit

790 820 932 867 eum,
974 819 1081 874 quo
1110 802 1484 872 conjuratione
1528 818 1713 858 secum
1771 802 1914 857 facta
1954 811 2143 856 contra
2195 816 2378 871 regem

790 897 1070 953 dominum
1101 910 1257 950 suum
1305 903 1360 950 et
1402 894 1625 949 fratrem
1654 935 1668 957 ,
1701 893 1801 949 sibi
1837 893 1987 964 regni
2035 893 2303 956 diadema,
2334 894 2377 947 si

788 987 1046 1059 possibile
1095 986 1269 1049 foret,
1324 988 1628 1056 inponeret.
1673 984 1872 1039 Fcedus
1922 984 2101 1052 itaque
2149 982 2380 1036 invicem

790 1092 1125 1148 percussum.
1157 1076 1287 1131 lude
1314 1076 1610 1131 liberaliter
1641 1075 1927 1131 Heinricus
1970 1074 2036 1128 ad
2081 1088 2261 1144 regem
2295 1088 2381 1127 re-

790 1184 1005 1233 versus,
1035 1166 1240 1237 puriori
1274 1165 1379 1221 fide
1418 1181 1482 1221 ac
1522 1166 1749 1220 caritate
1794 1166 1861 1220 ab
1894 1180 1958 1219 eo
1987 1173 2071 1219 est
2098 1171 2380 1233 susceptus

791 1274 953 1329 quam
985 1257 1285 1327 ingressus.

862 1396 948 1449 15.
978 1394 1244 1449 Suasione
1272 1406 1486 1462 quoque
1506 1392 1693 1464 optimi
1725 1391 1974 1462 inprimis
2003 1390 2105 1445 viri
2148 1399 2203 1444 et
2232 1391 2375 1445 omni

791 1488 1054 1558 religione
1101 1486 1469 1558 probatissimi
1531 1484 1824 1540 Frithurici
1868 1484 1939 1518 ⁸⁸⁸
1968 1525 1983 1551 ,
2049 1483 2379 1539 successoris

788 1577 1109 1633 llildiberhti
1156 1576 1304 1649 (210)
1354 1575 1783 1647 archiepiscopi,
1848 1576 2197 1630 Evurhardus
2248 1574 2380 1629 adiit

787 1684 993 1739 regem,
1027 1667 1250 1738 supplex
1279 1667 1497 1722 veniam
1535 1666 1604 1700 “’
1636 1667 1903 1737 deposcit,
1938 1682 1995 1721 se
2026 1681 2231 1737 suaque
2258 1681 2376 1719 οιιι-

794 1766 885 1819 nia
917 1764 1085 1834 ipsius
1140 1763 1368 1818 arbitrio
1403 1762 1642 1817 tradens.
1673 1761 1749 1815 Ne
1780 1761 1941 1832 igitur
1985 1761 2174 1829 ingens
2203 1757 2380 1813 scelus

2482 614 2631 685 (215)
2656 616 2709 668 in
2739 614 2971 668 Saxonia
3002 626 3366 684 apparuerunt
3392 615 3481 669 ⁸⁸³.

2556 707 2640 759 15.
2663 705 3145 775 (ῡϐΟΟΟΧΧΧΙΧ)
3171 706 3296 760 Post
3321 708 3434 760 haic
3453 707 3734 761 fleinricus
3758 706 3953 762 ardens
3981 722 4076 763 cu-

2484 797 2708 868 piditate
2733 796 3011 865 regnandi,
3039 795 3252 850 celebre
3270 808 3423 865 parat
3448 796 3754 850 convivium
3772 796 3823 849 in
3843 796 3960 850 loco
3980 797 4073 864 qui

2485 887 2684 943 dicitur
2707 884 3049 940 Salaveldum
3082 885 3152 916 °"'
3192 885 3360 955 (2H).
3395 886 3637 955 Cumque
3675 894 3815 938 esset
3851 899 4077 953 magnus

2484 995 2550 1035 ac
2592 987 2819 1049 potens,
2857 978 3140 1048 majestate
3190 988 3245 1032 et
3301 986 3567 1048 potestate
3611 978 3775 1049 regali
3826 976 4075 1047 plurimis

2485 1069 2717 1140 plurima
2750 1069 2936 1134 donat,
2970 1078 3024 1123 et
3046 1068 3296 1123 factionis
3322 1066 3690 1136 hujuscemodi
3713 1067 3974 1136 plurimos
3996 1065 4068 1120 ob

2484 1158 2539 1213 id
2577 1157 2676 1213 sibi
2704 1157 2959 1213 associat.
2998 1157 3170 1212 Fuere
3195 1166 3373 1212 tamen
3402 1156 3552 1210 multi
3580 1198 3594 1221 ,
3625 1156 3714 1225 qui
3743 1155 3815 1188 m
3843 1171 3958 1210 rem
3983 1170 4074 1210 ce-

2484 1252 2600 1308 lare
2627 1254 2803 1323 potius
2834 1252 3080 1306 arbitrati
3104 1260 3250 1315 sunt,
3281 1251 3346 1304 ad
3374 1250 3476 1305 hoc
3510 1259 3750 1315 tantum,
3782 1264 3849 1303 ne
3890 1249 3967 1303 rei
3999 1247 4071 1282 ⁸⁸⁷

2485 1347 2738 1402 fraterna:
2765 1346 3049 1402 discordiae
3076 1346 3465 1400 invenirentur.
3492 1345 3703 1400 Dabant
3732 1354 3909 1399 tamen
3940 1358 4070 1398 con-

2485 1438 2685 1505 silium,
2711 1452 2817 1506 quo
2845 1436 3055 1491 facilius
3078 1436 3271 1491 bellum
3302 1435 3622 1498 solveretur,
3650 1444 3709 1489 ut
3735 1432 4072 1489 videlicetm

2485 1529 2597 1598 ipse
2639 1529 2971 1599 relinqueret
3016 1527 3308 1582 Saxoniam
3356 1528 3456 1583 sub
3505 1526 3754 1597 przesiilio
3811 1526 4068 1587 militari,

2483 1630 2536 1674 et
2569 1620 2638 1661 ⁸⁸⁸
2663 1635 2783 1676 sese
2810 1619 3032 1674 inferret
3055 1620 3123 1653 ⁶⁹⁰
3146 1619 3420 1674 Lothariis
3451 1618 3545 1682 ⁶⁹¹,
3576 1619 3759 1688 generi
3790 1618 4072 1672 hominum

2484 1711 2705 1777 inbelli;
2745 1720 2800 1765 et
2846 1712 2919 1765 ita
2951 1709 3148 1765 factum
3176 1718 3281 1774 est,
3316 1710 3571 1780 utprimo
3612 1709 3799 1779 inpetu
3832 1722 3928 1763 eos
3972 1722 4071 1763 rex

2484 1805 2824 1868 devinceret,
2873 1812 2928 1859 et
2958 1820 3063 1857 uno
3099 1803 3397 1857 certamine
3429 1800 3702 1871 fatigaret.
3732 1800 4071 1855 Commilito-

787 1855 1201 1912 inemendatum
1252 1864 1533 1918 maneret,
1564 1855 1718 1924 quasi
1767 1855 1819 1908 in
1873 1854 2093 1909 exilium
2125 1854 2177 1907 in
2210 1853 2377 1907 llildi-
2407 1885 2456 1947 Β
2841 1853 3842 1951 ’,ξίέέἓόὧέ⁷ί¹⁰ι⁷⁷ἑ¹ἰχίηίιέε⁷
3873 1853 4073 1948 ίὲὲηᾷδ

787 1962 1005 1968 __--.--_.
1058 1946 1125 1968 nn
1176 1946 1363 1968 ....ι,,..Δ
1422 1962 1442 1968 -
1494 1962 1617 1968 μ---
1669 1946 1919 1968 .a:_:_:._._
1974 1946 2077 1968 0-1
2127 1962 2228 1968 ---η
2260 1954 2371 1968 ...υ-ι
2808 1939 2819 1949 ¹
3462 1936 3476 1957 ³
3838 1936 3891 1959 ”

786 1962 1010 2003 neusem
1058 1946 1125 1978 ⁶⁷⁰
1176 1946 1365 2000 urbem
1419 1962 1447 1999 a
1494 1962 1621 2016 rege
1665 1946 1937 2016 dirigitur.
1974 1946 2077 2000 Sed
2126 1962 2231 1999 non
2260 1954 2379 2014 post

787 2037 1015 2093 multum
1044 2036 1303 2106 temporis
1331 2036 1383 2089 in
1426 2036 1653 2105 gratiam
1685 2036 1982 2090 clementer
2020 2037 2295 2105 recipitur,
2326 2044 2379 2089 et

786 2128 981 2183 honori
1016 2126 1247 2197 pristino
1276 2126 1539 2181 redditur.

858 2262 947 2318 M.
990 2261 1124 2316 Dum
1162 2276 1224 2315 ea
1260 2261 1468 2315 interea
1498 2260 1599 2315 loci
1637 2269 1919 2328 geruntur,
1952 2261 2159 2330 antiqui
2194 2262 2377 2317 hostes

784 2352 958 2410 nostri
1004 2350 1227 2423 Ungarii
1285 2351 1464 2405 subito
1516 2350 1729 2403 irruunt
1793 2351 1843 2403 in
1900 2349 2194 2404 Saxoniam
2225 2351 2289 2381 ⁶⁷¹
2323 2360 2379 2404 ct

783 2445 985 2502 castris
1012 2459 1178 2513 super
1204 2443 1335 2497 litus
1360 2442 1521 2497 Badze
1549 2442 1618 2482 ⁸⁷³
1647 2441 1885 2498 fluminis
1911 2444 2229 2507 conlocatis,
2254 2444 2377 2498 inde

784 2539 839 2594 in
868 2553 1084 2593 omnem
1113 2538 1387 2606 regionem
1412 2534 1805 2589 diffunduntur.
1840 2538 1951 2590 Dux
1978 2547 2155 2591 autem
2183 2529 2378 2590 missus

782 2643 815 2683 a
840 2628 1036 2683 castris
1063 2641 1185 2681 cum
1230 2634 1387 2696 parte
1433 2626 1709 2680 exercitus
1732 2666 1745 2689 ,
1776 2642 1840 2680 eo
1871 2627 1955 2682 die
1987 2629 2052 2680 ad
2094 2642 2376 2695 vesperam

782 2718 934 2788 signa
982 2716 1153 2771 movit
1210 2714 1358 2770 circa
1427 2716 1617 2769 urbem
1666 2732 1786 2785 qum
1848 2718 2045 2771 dicitur
2097 2716 2375 2770 Stediera-

780 2807 920 2876 burg
949 2804 1021 2836 ⁸⁷⁸
1053 2803 1225 2874 (211).
1271 2804 1474 2859 Urbani
1510 2814 1692 2857 autem
1746 2805 1987 2859 videntes
2016 2806 2198 2859 hostes
2229 2814 2279 2858 et
2311 2821 2378 2859 ex

780 2898 977 2954 itinere
1005 2906 1059 2952 et
1086 2911 1151 2952 ex
1180 2895 1360 2966 pluvia
1388 2938 1401 2962 ,
1435 2913 1553 2966 qua:
1586 2898 1775 2966 ingens
1802 2905 1919 2951 erat
1945 2939 1957 2961 ,
1987 2899 2262 2968 segniores
2286 2898 2374 2963 ⁸⁷⁵,

782 2988 1045 3044 audacter
1072 2997 1370 3056 erumpunt
1408 2989 1583 3057 portis
1628 2988 1729 3052 ⁸⁷⁵,
1779 2997 1831 3042 et
1863 2989 2102 3043 clamore
2143 2990 2376 3058 primum

783 3080 1117 3143 territantes,
1141 3078 1357 3133 demum
1383 3088 1605 3149 repente
1626 3081 1680 3134 in
1714 3081 2057 3135 adversarios
2084 3082 2375 3148 irruentes,

779 3169 1031 3241 plurimis
1049 3184 1115 3224 ex
1138 3170 1219 3225 eis
1240 3170 1397 3225 caesis
1427 3178 1482 3224 et
1500 3172 1714 3239 copiosa
1746 3185 2008 3240 equorum
2034 3171 2377 3227 multitudine

2481 1997 2535 2043 et
2564 1989 2787 2043 urbibus
2835 1988 2904 2023 ⁸⁸³
2952 1988 3199 2041 Saxonia:
3248 1985 3331 2039 vel
3372 1986 3423 2040 in
3471 1984 3872 2052 Thuringorum
3927 1993 4072 2038 terra

2481 2084 2729 2153 prmsidio
2754 2084 2973 2137 militari
3007 2082 3221 2136 traditis
3250 2081 3341 2145 '9‘,
3371 2081 3483 2150 ipse
3510 2094 3632 2133 cum
3664 2078 3851 2132 amicis
3872 2077 4073 2133 Lotha-

2479 2173 2590 2228 rios
2622 2172 2752 2227 adit.
2788 2172 2953 2241 Cujus
3004 2172 3079 2226 rei
3118 2171 3259 2225 fama
3288 2170 3525 2240 undique
3567 2183 3757 2223 omnes
3802 2166 4072 2238 perculsi,

2444 2246 2457 2259 ’
2480 2266 2605 2334 quia
2640 2275 2748 2319 tam
2791 2264 3085 2319 subitaneus.
3132 2263 3455 2319 recessionis
3480 2278 3508 2315 a
3539 2276 3667 2332 rege
3694 2276 3757 2315 ac
3800 2259 4073 2330 repentini

2479 2355 2602 2409 belli
2630 2371 2848 2409 causam
2894 2356 3108 2423 penitus
3138 2356 3460 2423 ignorabant
3491 2354 3583 2406 ⁸⁸⁸.
3617 2352 3731 2406 Rex
3769 2361 3948 2406 autem
3975 2366 4074 2405 au-

2480 2446 2592 2499 dita
2622 2444 2993 2514 hujuscemodi
3051 2444 3190 2498 fama
3213 2486 3226 2509 ,
3266 2445 3499 2513 primum
3548 2459 3652 2497 non
3682 2442 3909 2497 credidit
3934 2482 3947 2505 ,
3975 2456 4073 2511 po-

2482 2545 2686 2590 stremo
2717 2544 2927 2589 certum
2958 2536 3023 2589 de
3050 2535 3174 2590 belli
3200 2535 3414 2605 negotio
3437 2535 3694 2603 probans,
3713 2532 4075 2587 nichilmora-

2486 2637 2574 2682 tus
2599 2643 2719 2681 cum
2744 2629 2984 2681 exercitu
3015 2637 3332 2697 prosecutus
3355 2627 3424 2659 ⁶⁹⁶
3447 2635 3529 2682 est
3552 2626 3798 2681 fratrem.
3827 2626 3893 2680 Et
3918 2634 3977 2679 ut
4001 2625 4070 2659 ⁶⁹⁷

2484 2720 2761 2789 apprOpial
2825 2721 2943 2775 urbi
2989 2720 3255 2789 praesidiis
3303 2720 3489 2773 fratris
3519 2720 3777 2783 munitae,
3827 2734 3947 2789 qum
3987 2718 4072 2773 di-

2485 2808 2628 2862 citur
2662 2809 3017 2863 Thortmanni
3046 2809 3137 2841 "7'
3162 2809 3336 2880 (215),
3369 2808 3570 2863 milites
3601 2809 3692 2877 qui
3716 2817 3871 2862 erant
3904 2809 3954 2862 in
3986 2822 4071 2871 ea,

2482 2914 2590 2953 non
2646 2900 2973 2953 inmemores
3024 2898 3255 2954 fortuna:
3306 2898 3671 2961 Thancmari,
3730 2912 4073 2967 nequaquam

2482 3002 2605 3045 sunt
2636 2992 2747 3045 ausi
2779 2990 2909 3045 inibi
2932 3006 3109 3061 regem
3133 2999 3444 3060 expectare,
3469 2990 3563 3045 sed
3590 2991 3793 3062 egressi
3817 2989 3950 3043 urbe
3978 2989 4073 3055 ⁶⁹⁸,

2486 3084 2820 3138 tradiderunt
2842 3099 2902 3139 se
2933 3084 3077 3153 ipsos
3115 3086 3250 3154 regi.
3280 3084 3413 3138 Erat
3446 3094 3625 3139 autem
3657 3084 3825 3155 Agina
3858 3084 3950 3147 ⁶⁹⁹,
3981 3085 4075 3154 qui

2484 3177 2629 3231 illam
2667 3180 2855 3233 urbem
2888 3178 2953 3230 ad
2985 3193 3202 3231 manum
3244 3176 3483 3232 Heinrici
3508 3190 3801 3245 procurare
3828 3175 4071 3230 deberet.

779 3274 904 3315 cum
958 3258 1230 3329 aliquibus
1278 3259 1448 3329 signis
1480 3270 1634 3329 capta
1662 3264 1688 3323 ,'
1721 3270 1948 3315 czeteros
1996 3258 2183 3330 fugere
2231 3277 2376 3315 com-
2405 3249 2451 3313 C
2483 3269 2543 3324 Hi

2306 3278 2376 3315 ιη-
2405 3249 2451 3313 C
2483 3269 2584 3324 llic
2627 3286 2656 3323 a
2688 3286 2815 3339 rege
2842 3270 3147 3324 vehementi
3182 3268 3498 3337 juramento
3542 3271 3869 3324 constrictus
3894 3309 3908 3334 ,
3934 3285 4070 3339 qua—

778 3353 1036 3426 pulerunt
1066 3351 1158 3404 ‘7‘.
1216 3351 1389 3407 Urbes
1440 3367 1577 3422 quas
1633 3351 1822 3406 obvias
1862 3353 2101 3407 habuere
2139 3353 2230 3417 ⁸⁷⁷,
2264 3353 2379 3407 illo-

779 3463 901 3503 rum
926 3446 1106 3517 fugam
1128 3446 1646 3508 animadvertentes,
1666 3445 1835 3499 armis
1858 3459 1952 3499 eos
1975 3445 2226 3500 omnibus
2246 3445 2377 3501 locis

784 3537 1075 3608 urgebant,
1106 3544 1160 3591 et
1186 3535 1425 3590 maxima
1454 3550 1519 3589 ex
1551 3535 1629 3589 eis
1656 3543 1811 3604 parte
1837 3544 2137 3604 prostrata,
2178 3536 2367 3589 ducem

780 3630 957 3701 ipsum
984 3629 1038 3683 in
1068 3627 1339 3699 quendam
1369 3628 1467 3682 luti
1498 3627 1568 3658 ⁸⁷⁸
1604 3636 1827 3696 puteum
1869 3638 2123 3696 cogentes
2147 3628 2374 3697 obpres-

781 3730 988 3777 serunt.
1020 3721 1206 3776 Altera
1231 3729 1411 3777 autem
1436 3735 1563 3789 pars
1589 3720 1657 3753 ⁸⁷⁸
1682 3720 1952 3775 exercitus
1978 3720 2043 3773 ad
2066 3720 2375 3788 aquilonem

778 3829 999 3879 versus,
1026 3823 1083 3869 et
1120 3824 1237 3869 arte
1265 3813 1543 3882 cujusdam
1594 3812 1741 3867 Slavi
1786 3813 1839 3866 in
1872 3812 2048 3868 locum
2082 3813 2150 3846 ειο
2174 3815 2264 3883 qui
2292 3814 2374 3868 di-

781 3906 923 3962 citur
954 3905 1301 3975 Thrimining
1352 3904 1418 3937 ⁶⁸¹
1456 3904 1604 3976 (212)
1642 3904 1929 3968 deductus,
1958 3902 2268 3958 difficultate
2300 3905 2376 3959 lo-

780 4012 971 4053 eorum
1020 4012 1085 4051 ac
1136 4012 1298 4051 manu
1351 3994 1713 4051 circumfusus
1781 4006 2117 4050 armatorum
2170 3998 2370 4065 periit,

784 4091 1147 4159 timoremque
1195 4088 1444 4157 nimium.
1476 4087 1691 4142 caeteris
1744 4088 1991 4142 incussit.
2045 4090 2163 4143 Dux
2191 4099 2368 4143 autem

780 4182 929 4239 illius
948 4182 1222 4237 exercitus
1248 4196 1368 4235 cum
1393 4181 1581 4250 paucis
1605 4181 1839 4249 elapsus,
1872 4184 2369 4250 comprehcmlitur,

780 4281 836 4328 et
873 4272 940 4327 ad
972 4287 1151 4342 regem
1182 4270 1467 4335 deductus,
1508 4272 1685 4340 pretio
1723 4286 1918 4339 magno
1949 4273 2251 4327 redimitur.
2280 4274 2373 4329 llis

782 4364 1001 4429 auditis,
1030 4371 1210 4419 castra
1240 4363 1477 4419 hostium
1526 4362 1707 4417 omnia
1764 4362 1831 4393 ⁸⁸⁸
1867 4364 2101 4428 turbata,
2140 4365 2261 4435 fuga
2288 4383 2372 4421 sa-

2482 3363 2649 3425 tinus,
2678 3363 2718 3416 si
2755 3371 2956 3431 posset,
2989 3361 3266 3415 dominum
3296 3375 3451 3414 suum
3483 3375 3512 3413 a
3538 3360 3677 3415 bello
3711 3360 3775 3415 ad
3802 3375 3987 3429 pacem
4018 3370 4074 3415 et

2481 3452 2825 3507 concordiam
2862 3460 3174 3515 revocaret,
3215 3451 3299 3505 vel
3330 3459 3479 3507 certe
3518 3451 3630 3521 ipse
3678 3452 3742 3505 ad
3783 3466 3959 3522 regem
3987 3466 4077 3507 re-

2479 3551 2815 3607 verteretur;
2880 3543 2952 3596 ita
3000 3543 3297 3608 dimissus,
3345 3542 3479 3597 adiit
3547 3543 3822 3597 dominum
3889 3558 4067 3599 suum.

2478 3635 2681 3690 Ductus
2730 3647 2908 3689 autem
2943 3635 3216 3691 exercitus
3256 3652 3285 3690 a
3317 3622 3465 3707 rege,
3504 3636 3756 3706 pervenit
3803 3650 3975 3706 usque
4000 3636 4069 3691 ad

2478 3724 2635 3780 litora
2668 3726 2799 3781 Reni
2829 3724 3085 3780 fluminis.

2554 3819 2636 3872 16.
2682 3820 2758 3873 Eo
2790 3830 3030 3889 tempore
3063 3818 3211 3889 (216)
3252 3833 3359 3887 quo
3388 3826 3506 3871 erat
3537 3817 3737 3873 bellum
3767 3817 4071 3872 Evurhardi

2479 3925 2599 3963 cum
2632 3925 2774 3979 rege,
2808 3910 3005 3963 missus
3044 3908 3316 3963 Hadaldus
3338 3907 3430 3971 7”,
3465 3909 3557 3977 qui
3586 3918 3706 3962 erat
3733 3924 3893 3978 super
3919 3908 4071 3963 cubi-

2479 4002 2657 4056 culqu
2711 4002 2871 4071 regis,
2907 4002 2971 4054 ad
3020 3999 3487 4065 lsilberhtum'“,
3538 4016 3635 4070 pro
3682 4000 3967 4054 concordia
4013 4005 4071 4056 et

2480 4109 2630 4165 pace,
2660 4109 2779 4146 cum
2818 4092 3043 4147 necdum
3070 4092 3134 4145 ad
3166 4101 3413 4145 neutram
3444 4100 3651 4160 partem
3689 4090 3865 4161 palam
3898 4088 4068 4143 decli-

2481 4191 2701 4237 naretur
2732 4182 2825 4246 τοί,
2853 4183 3069 4251 indigne
3092 4182 3406 4251 suscipitur,
3431 4190 3486 4235 et
3517 4180 3792 4250 responsio
3813 4179 3883 4211 ⁷⁸³
3910 4179 3976 4234 de
3994 4178 4067 4210 ’⁸³

2482 4276 2567 4328 die
2614 4275 2665 4328 in
2698 4275 2838 4329 diem
2890 4274 3155 4329 differtur.
3200 4275 3315 4343 Ipse
3363 4281 3541 4327 autem
3581 4272 3883 4327 simultates
3913 4272 4067 4327 ducis

2482 4368 2721 4422 sentiens
2744 4409 2757 4432 ,
2796 4383 2893 4421 nec
2936 4368 3075 4421 ultra
3110 4366 3303 4421 talibus
3351 4365 3605 4419 versutiis
3632 4372 3920 4419 contentus
3943 4362 4015 4395 "°'
4049 4379 4061 4414 :

2072 4500 2157 4555 VA
2168 4500 2306 4554 lile
2363 4501 2765 4557 LECTIONES.

853 4592 925 4629 ⁸⁸⁸
982 4592 1121 4647 deest
1152 4593 1203 4647 1.
1300 4591 1368 4623 ⁸⁸⁷
1400 4591 1538 4645 deest
1580 4590 1633 4643 5.

782 4677 1023 4719 mensem
1071 4686 1123 4718 α.
1203 4661 1271 4693 ⁸⁷⁸
1313 4662 1559 4717 Saxones
1589 4660 1643 4714 5.
1720 4658 1787 4692 ⁶⁷¹
1815 4661 1958 4716 Bode
2002 4684 2054 4715 α.

1736 4590 2111 4665 {6_°_friederici
2143 4591 2219 4665 ,2.
2255 4615 2289 4646 α
2340 4610 2559 4665 semper.

2138 4662 2207 4693 ⁸⁷³
2231 4662 2549 4734 stederburg
2571 4683 2707 4719 corr.
2745 4664 3117 4734 stedieraburg

3107 4592 3176 4624 "°
3227 4590 3606 4646 Hlldenensem
3662 4588 3715 4642 5.
3766 4586 4071 4643 Hildeshei-

3150 4664 3205 4717 2.
3244 4660 3627 4725 Stediereburg
3664 4658 3717 4712 5.
3769 4657 4066 4714 Steidiere-

2662 4594 2730 4635 ⁶⁶ο
2765 4594 2903 4648 deest
2952 4593 3004 4645 5.

779 4734 918 4803 burg
948 4757 1022 4798 a._
1078 4733 1149 4765 ⁸⁷⁸
1180 4734 1422 4787 seniores
1451 4732 1508 4803 5.
1586 4732 1656 4772 "ﬂ
1680 4742 1864 4802 portas
1886 4734 1938 4786 5.
2018 4733 2086 4763 ⁸⁵⁷⁸
2109 4734 2420 4803 compulere
2441 4736 2493 4790 5.
2662 4706 3062 4789 ‘7’lialiuCI‘unt
3224 4734 3296 4771 ⁸⁷⁸
3323 4733 3421 4786 loci
3454 4754 3504 4787 α.
3585 4706 3654 4763 δ’
3683 4728 4072 4803 alterazautem

781 4802 964 4875 partes
992 4803 1046 4857 5.
1078 4802 1213 4857 alter
1240 4812 1423 4858 autem
1448 4802 1586 4871 Ung.
1613 4804 1888 4875 exercitus
1915 4826 1966 4857 α.
2000 4874 2025 4875 η
2046 4804 2115 4837 ⁶⁸⁰
2148 4802 2265 4875 loco
2298 4829 2349 4860 α.

780 4877 922 4929 sicre
949 4904 1017 4912 —
1047 4888 1346 4943 apparuere
1372 4875 1425 4929 5.

780 4946 803 4998 1
836 4944 857 4995 ?
936 4944 1003 4982 ⁸ου
1039 4945 1260 4997 inferior
1293 4944 1347 4997 2.
1427 4943 1495 4975 ⁶⁹¹
1539 4944 1830 4999 Lotharius
1867 4944 1919 4997 5.

784 5014 849 5085 5.
918 5014 988 5048 ⁸⁸⁵
1020 5015 1303 5085 ignorabat
1346 5017 1395 5068 1.
1477 5007 1546 5085 ἦν
1573 5025 1895 5085 persecutus
1929 5015 1981 5069 2.
2015 5039 2067 5071 α.

2430 4806 2501 4839 ⁸⁸ί
2529 4806 2871 4876 thriminig‘l.
2906 4806 3144 4874 triminig
3164 4805 3214 4858 7.

1506 4874 1579 4907 ⁸⁸⁸
1617 4874 1958 4929 Salaveldum
1998 4874 2050 4925 5.
2086 4874 2411 4930 Solaveldun
2435 4900 2490 4933 α.

1539 4944 1830 4999 Lotharius
1867 4944 1919 4997 5.
2001 4944 2070 4973 ⁶⁹¹
2102 4947 2351 4999 consultu
2384 4948 2439 5002 5.
2474 4949 2503 5001 7

2102 4963 2351 4999 cnnsuuu
2384 4963 2439 5002 '0.
2482 4963 2525 5001 ι.

2147 5015 2214 5049 ⁸³⁷
2250 5017 2392 5071 deest
2427 5020 2478 5071 1.

3306 4806 3375 4839 ⁸⁸⁸
3399 4803 3539 4855 deest
3572 4803 3621 4853 1.
3700 4799 3795 4864 ⁸⁸³,
3823 4799 3893 4835 ⁸⁸⁸
3925 4813 4075 4868 qua:-

3344 4879 3413 4912 m
3461 4871 3671 4925 scilicet
3694 4892 3748 4925 α.
3825 4868 3894 4906 ⁸⁸⁸
3927 4878 3985 4921 ut
4014 4868 4072 4925 ἃ.

3768 4938 3838 4978 0"
3869 4939 4071 4992 tradito

3690 5010 3759 5041 ⁶⁹⁸
3796 5009 3982 5063 urbem
4013 5008 4066 5062 2.

2568 4878 2638 4917 ⁸⁸⁸
2688 4894 2807 4947 qtae
2840 4878 2890 4929 1.
2968 4876 3036 4915 ⁵⁸⁷
3071 4876 3179 4945 regi
3212 4876 3265 4929 5.

2605 4948 2675 4982 (³³
2706 4940 2764 5000 ut
2793 4948 3029 5001 diximus
3067 4940 3386 4997 -—'urhibus
3412 4942 3597 4994 desunt
3635 4940 3687 4993 5.

2554 5019 2645 5059 ‘9"
2672 5017 2977 5072 tltormanni
3016 5016 3064 5068 1.
3096 5013 3427 5070 tlirotmanni
3458 5012 3511 5065 2.
3558 5012 3611 5065 5.

785 5084 856 5160 ‘f’
885 5108 919 5141 α
948 5077 1149 5160 εεηῖρετ
1178 5084 1405 5160 Hagina.
1443 5077 1821 5160 'Haaldus
1867 5086 2244 5160 nobilissimus
2283 5096 2335 5142 et
2370 5090 2481 5160 regi
2532 5088 3001 5160 consanguinitate
3044 5085 3365 5160 conjunctus
3406 5084 3441 5156 β
3470 5080 3847 5160 proculdubio
3892 5077 4071 5160 Falkii

777 5154 1083 5227 figmentum
1114 5156 1189 5227 (p.
1217 5154 1366 5227 584.)
1441 5155 1509 5188 ⁷⁰¹
1540 5158 1860 5213 isberthtum
1887 5156 1936 5211 l.

2017 5157 2086 5189 ⁷⁰¹
2112 5158 2410 5214 declinaret
2435 5157 2506 5213 ’5.
2540 5184 2591 5216 α.
2637 5160 2687 5211 7.

2765 5157 2836 5189 ⁷⁰³
2875 5150 3208 5227 responso].
3284 5154 3357 5186 ὀδ
3401 5150 3429 5207 a
3470 5150 3527 5209 ά.
3606 5150 3679 5183 ⁷⁸⁵
3729 5158 4072 5219 contemptus

2308 5270 2538 5329 NOTAE.

852 5384 1006 5428 (eam
1046 5382 1333 5428 "pinv-imm
1361 5385 1505 5428 inter
1533 5398 1704 5428 annm:
1730 5381 1832 5428 9l9
1860 5380 2035 5428 9.1929
2065 5390 2225 5428 natus
2250 5390 2376 5426 lunt!

2481 5383 2641 5426 Rplvn
2670 5383 2850 5424 alir-nnl
2907 5381 2946 5422 ι’)
