4466 5578
413 405 511 461 1ῢο

1444 400 1574 456 RES
1610 398 1857 455 GEST.‘£
1902 392 2278 451 ΞΑΧΟΧΙΩΕ.
2325 424 2394 433 -
2431 394 2553 447 LIB.
2596 391 2633 446 ll

3568 393 3662 443 Πῖὶ

410 519 659 586 Imperio,
692 516 887 585 inquit,
920 516 1010 567 tibi
1041 515 1200 584 rega’i
1224 516 1470 567 denuntio
1491 556 1503 576 ,
1532 524 1655 566 tcste
1683 511 1871 581 popqu
1894 511 1984 574 τοι,
2017 512 2063 571 Α
2093 518 2331 562 armatos
2362 506 2526 561 fuisse
2552 508 2880 576 perhibetur,
2917 508 3351 562 adversm-iurum
3389 523 3515 563 vero
3548 524 3663 563 ma-

407 607 659 660 tribunali
710 606 841 675 regis
892 606 1130 657 condicto
1178 605 1261 656 die
1308 604 1651 672 praisentari,
1703 613 1790 653 aut
1852 610 1985 653 certe

407 706 605 751 hostem
653 707 699 749 te
736 698 873 750 scias
901 696 1159 766 judicari.
1190 695 1363 749 Simili
1405 695 1562 748 modo
1597 702 1650 747 et
1681 692 1985 761 pontiﬁcem

409 788 785 843 Bernbardum
812 790 881 821 ⁷⁸⁷
911 790 1082 859 (2H),
1118 805 1145 842 a
1175 803 1298 857 rege
1331 789 1574 851 missum,
1612 787 1987 841 inhonoratum

407 887 462 931 et
494 878 739 945 responsi
791 878 1053 932 incertum
1083 892 1111 930 a
1142 892 1199 931 se
1249 877 1475 931 dimisit.
1508 876 1700 929 Fertur
1745 876 1904 928 et’am
1937 883 1991 927 ct

411 970 672 1039 regalium
721 971 1022 1024 litterarum
1070 970 1264 1039 sa‘pius
1312 968 1485 1038 sigilla
1515 968 1839 1037 corrupisse.
1868 966 1991 1019 Post

410 1060 526 1114 haec
574 1076 702 1115 vero
742 1060 814 1103 "8
866 1061 1027 1113 verba
1081 1060 1311 1131 legatum
1366 1058 1676 1113 meliuscule
1723 1058 1792 1100 πθ
1831 1057 1992 1126 ςωρῖι

409 1150 639 1215 habere,
667 1161 719 1205 ct
740 1168 861 1205 cum
894 1153 1096 1205 honore
1128 1150 1397 1206 transduci
1442 1151 1591 1205 fecit.

483 1243 570 1296 17.
603 1243 673 1282 ⁷⁸⁸
699 1243 867 1313 Igitur
914 1242 1099 1311 copias
1130 1242 1253 1296 belli
1308 1254 1559 1313 parantes
1586 1243 1655 1273 ⁷¹¹
1710 1241 1995 1297 lleinricus

410 1344 466 1388 et
510 1334 868 1396 lsilberhtus,
926 1334 1402 1388 decreveruutad
1453 1334 1659 1388 Renum
1709 1350 1997 1388 occurrere

411 1425 546 1495 regi.
577 1425 749 1495 Agina
776 1440 989 1495 quoque
1020 1440 1227 1479 memor
1247 1425 1603 1494 iurisiurandi
1634 1468 1647 1489 ,
1684 1425 1995 1494 prmcedeus

411 1518 734 1580 exercitum,
763 1519 989 1572 transito
1019 1517 1189 1581 Reno,
1217 1518 1326 1588 regi
1358 1533 1477 1575 sese
1527 1518 1869 1588 prmsentavit
1899 1534 1911 1581 ;
1947 1529 2000 1571 et

411 1606 649 1661 salutato
680 1622 746 1661 eo
774 1608 951 1661 verbis
994 1608 1309 1661 humillimis
1334 1649 1347 1670 ,
1377 1609 1449 1661 ait
1479 1627 1489 1659 :
1528 1606 1718 1660 Frater
1744 1619 1863 1661 tuus
1908 1609 2000 1661 do-

412 1698 587 1751 minus
613 1714 777 1758 meus,
832 1698 1029 1750 saluum
1068 1708 1115 1750 le
1138 1709 1184 1750 et
1223 1698 1531 1750 incolumem
1577 1715 1763 1768 magno
1795 1698 2002 1768 lutoque

410 1789 629 1856 imperio
652 1789 743 1841 diu
771 1806 987 1857 regnare
1017 1799 1250 1857 exoptat,
1282 1800 1528 1859 tuumque
1550 1789 1619 1829 7"
1643 1791 1710 1842 ad
1733 1792 1998 1843 servitium

2090 615 2227 669 gnus
2263 600 2395 653 satis
2425 600 2713 655 exercitus.
2762 599 2866 655 Sed
2914 615 3037 653 cum
3076 616 3104 654 a
3150 600 3326 655 fronte
3369 601 3574 670 pariter
3616 613 3671 655 et.

2090 706 2117 743 a
2156 700 2305 761 tergo
2330 700 2687 761 urgerentur,
2739 706 2843 761 qua
2886 702 3035 761 parte
3086 692 3428 761 potissimum
3475 708 3671 748 cavere

2091 779 2421 845 debuissent,
2456 782 2506 834 in
2537 793 2781 852 promptu
2814 797 2917 836 non
2968 793 3106 837 erat.
3142 783 3217 837 Ex
3266 784 3463 839 nostris
3507 785 3671 839 etiam

2094 870 2258 934 fuere,
2290 872 2379 941 qui
2416 871 2618 926 Gallica
2649 872 2826 943 lingua
2856 888 2918 927 ex
2957 882 3111 942 parte
3135 873 3276 944 loqui
3304 876 3672 939 sciebant'”,

2093 964 2180 1032 qui
2230 964 2464 1018 clamore
2501 964 2551 1017 in
2600 965 2767 1018 altum
2814 963 3017 1019 Gallice
3061 963 3235 1020 levato
3262 966 3354 1030 ⁷³³,
3397 966 3673 1021 exhortati

2094 1064 2219 1107 sunt
2252 1054 2592 1109 adversarios
2632 1056 2696 1108 ad
2725 1053 2924 1124 fugam.
2953 1053 3029 1109 llli
3079 1054 3255 1110 socios
3302 1055 3671 1125 hujuscemodi

2095 1145 2357 1198 clamasse
2388 1146 2675 1211 arbitrati,
2715 1144 2916 1216 fugam,
2958 1154 3015 1200 ut
3056 1146 3342 1201 clamatum
3381 1157 3497 1213 est,
3543 1148 3678 1204 inie-

2098 1245 2239 1290 runt.
2290 1236 2365 1289 Eo
2400 1237 2483 1290 die
2518 1252 2582 1289 ex
2635 1236 2833 1290 nostris
2874 1237 3023 1290 multi
3049 1236 3120 1269 ⁷³⁸
3151 1238 3414 1292 vulnerati
3441 1280 3454 1302 ,
3509 1238 3675 1308 aliqui

2098 1329 2258 1382 etiam
2292 1328 2439 1389 czesi,
2466 1328 2606 1380 inter
2635 1344 2770 1396 quos
2797 1328 2864 1358 ⁷⁸⁷
2899 1329 3169 1381 Λὶιὺυιιιιιδ
3198 1329 3269 1367 ⁷³⁸
3296 1371 3308 1391 ,
3340 1329 3431 1397 qui
3483 1345 3677 1399 cogno-

2101 1418 2331 1470 minatus
2362 1426 2443 1470 est
2467 1417 2736 1471 Candidus
2764 1459 2777 1480 ,
2826 1419 2927 1472 telo
2966 1419 3118 1472 (luris
3160 1419 3394 1475 lleinrici
3431 1421 3681 1474 vulnera-

2102 1516 2207 1571 tus,
2240 1524 2343 1559 non
2380 1506 2559 1561 multis
2590 1508 3033 1577 interjacentilms
3056 1509 3244 1563 diebus
3267 1510 3550 1565 defunctus
3571 1522 3679 1566 est.

2105 1600 2294 1655 llostcs
2341 1611 2515 1655 autem
2559 1618 2746 1657 omnes
2795 1613 2887 1657 aut
2921 1605 3040 1657 crrsi
3095 1605 3175 1658 vel
3208 1607 3347 1677 capti
3394 1606 3476 1661 vel
3529 1619 3679 1661 certe

2105 1694 2297 1760 fugati;
2327 1695 2551 1747 sarcina:
2580 1710 2766 1747 omnes
2790 1705 2842 1748 et
2863 1696 3035 1749 onnis
3062 1697 3294 1752 hostium
3320 1700 3675 1771 suppellexm

2106 1785 2245 1839 inter
2274 1786 2507 1841 victores
2530 1787 2718 1841 divisa.
2739 1788 2813 1841 Ex
2840 1798 2990 1858 parte
3015 1788 3392 1846 Lolliariorum
3416 1794 3551 1849 bene
3581 1811 3683 1863 pn-

410 1879 693 1931 demandat
735 1896 789 1931 se
834 1879 905 1909 7"
954 1880 1266 1945 quantocius
1309 1858 1577 1947 festinare.
1628 1878 1776 1949 Rege
1820 1891 2000 1934 autem
2032 1858 2076 1916 Β
2105 1893 2296 1945 gnasse
2324 1879 2717 1947 prredieabatur
2772 1880 2860 1934 illo
2902 1883 3198 1937 certamine
3232 1858 3683 1951 Godnfridus'm,

412 1968 783 2036 interrogante
830 1967 896 2021 de
945 1983 1011 2021 eo
1042 2009 1054 2031 ,
1108 1983 1294 2037 pacem
1347 1968 1617 2022 bellumne
1674 1970 2001 2037 cogitasset,

411 2061 753 2131 prospiciens
782 2060 915 2113 vidit
947 2060 1344 2113 multitudinem
1375 2060 1592 2112 nimiam
1618 2060 1815 2113 erectis
1839 2060 2004 2130 signis

412 2151 628 2203 tractim
677 2149 970 2219 procedere
996 2189 1010 2213 ,
1040 2158 1093 2203 et
1124 2150 1189 2203 ad
1233 2149 1313 2202 sui
1338 2156 1544 2219 partem
1573 2149 1843 2202 exercitus
1871 2190 1883 2212 ,
1914 2148 2003 2216 qui

414 2242 563 2312 [quae
580 2240 636 2313 ?]
662 2242 772 2311 jam
788 2241 994 2295 llenum
1023 2241 1329 2303 transierat,
1356 2241 1678 2294 tendentem.
1699 2242 1764 2295 Et
1784 2256 2005 2295 convcr-

414 2350 507 2387 sus
535 2334 601 2386 ad
621 2333 884 2404 Aginam:
915 2333 1180 2397 Quidnam
1207 2331 1337 2396 vult,
1363 2332 1560 2400 inquit,
1586 2331 1679 2384 illa
1704 2332 2002 2390 multitudo,

414 2434 506 2476 aut
532 2439 649 2493 qua:
680 2434 753 2475 est
782 2424 805 2476 ε’
842 2424 912 2476 At
934 2422 1022 2477 ille
1052 2422 1183 2477 satis
1212 2423 1385 2476 otiose
1407 2423 1478 2452 7”
1507 2440 1518 2474 :
1562 2422 1816 2474 Dominus
1839 2439 2003 2485 meus,

414 2515 589 2583 inquit
615 2515 706 2577 “',
738 2525 834 2579 est,
863 2514 1028 2583 frater
1047 2524 1185 2567 tuus.
1219 2512 1274 2566 Si
1300 2529 1425 2566 mea:
1449 2514 1683 2566 suasioni
1705 2514 2009 2582 dignaretur

414 2607 649 2657 animum
700 2603 990 2667 inclinare,
1022 2602 1176 2655 aliter
1222 2603 1553 2657 venisset”.
1600 2601 1760 2654 Modo
1803 2613 1857 2655 ut
1903 2605 2008 2672 ipse

409 2694 591 2761 juravi
618 2696 732 2748 veni
767 2694 858 2745 7".
891 2693 1002 2747 Rex
1030 2703 1207 2746 autem
1229 2693 1312 2746 bis
1335 2692 1556 2754 auditis,
1576 2691 1815 2745 dolorem
1843 2691 2007 2744 animi

418 2792 565 2836 motu
607 2782 851 2852 corporis
875 2799 976 2836 non
1011 2782 1241 2845 celabat,
1266 2797 1329 2836 eo
1352 2782 1494 2851 quol
1521 2797 1623 2835 non
1660 2780 1911 2834 adessent
1937 2782 2007 2818 ⁷¹ι

418 2887 625 2933 naves,
678 2888 773 2941 per
814 2888 949 2940 quas
1001 2871 1209 2924 licitum
1263 2871 1651 2927 transcendere
1698 2881 1921 2942 posset;
1958 2880 2010 2926 et

420 2960 610 3030 ingens
631 2960 826 3013 flumen
852 2960 993 3013 aliud
1025 2961 1128 3014 iter
1155 2974 1258 3013 non
1282 2960 1658 3029 prmbebatm,
1681 2977 1779 3016 nec
1803 2970 2011 3032 tempus

419 3051 689 3104 subitanei
716 3052 1029 3106 certaminis
1062 3052 1114 3106 in
1161 3052 1419 3107 ulteriore
1443 3053 1513 3086 ⁷³⁸
1542 3053 1651 3123 ripa
1685 3056 2010 3109 constitutos

420 3145 565 3198 aliud
590 3146 801 3200 sinebat
822 3147 1080 3217 cogitare,
1102 3147 1204 3201 nisi
1232 3155 1323 3200 aut
1345 3162 1531 3201 coram
1550 3147 1794 3202 hostibus
1816 3149 2009 3202 cadere

2108 1967 2268 2038 Niger
2298 1972 2732 2038 cognominatus.
2777 1971 2881 2027 Sed
2928 1982 2983 2027 et
3016 1974 3241 2031 Maincia
3270 2017 3283 2043 ,
3327 1976 3478 2045 cujus
3525 1995 3688 2050 supra

2109 2060 2436 2113 mentionem
2464 2061 2712 2127 fecimus,
2746 2079 2809 2117 co
2838 2064 2920 2119 die
2948 2067 3162 2121 cccidit.
3366 2121 3378 2133 ,

2180 2151 2259 2205 18.
2300 2152 2427 2205 Dadi
2461 2153 2525 2183 ’τι
2565 2165 2745 2207 autem
2774 2155 3015 2226 Thuring
3044 2159 3113 2191 τῖ’
3145 2165 3420 2219 mandavit
3456 2168 3522 2221 ad
3556 2184 3696 2238 prce-

2108 2239 2275 2295 fectus
2316 2243 2546 2302 urbium,
2573 2244 2663 2312 qui
2694 2245 2764 2275 ⁷³³
2795 2256 2949 2299 erant
2977 2248 3027 2301 in
3084 2250 3293 2307 oriente
3338 2256 3507 2323 partis
3540 2258 3695 2311 ducis

2108 2327 2370 2393 Heinrici,
2402 2331 2464 2384 de
2494 2333 2714 2386 victoria
2744 2335 2902 2404 regis,
2936 2346 2989 2390 et
3016 2338 3139 2407 quia
3170 2340 3284 2409 ipse
3314 2344 3419 2398 dux
3448 2344 3501 2398 in
3554 2347 3695 2399 bello

2109 2422 2431 2486 cecidisset;
2462 2423 2678 2491 egitque
2707 2425 2896 2481 callide
2922 2468 2935 2491 ,
2988 2437 3045 2482 ut
3093 2445 3282 2486 omnes
3324 2448 3381 2488 se
3422 2435 3694 2490 traderent

2110 2509 2271 2579 regiae
2296 2512 2569 2578 potestati.
2606 2512 2892 2569 lleinricus
2920 2527 3097 2571 autem
3132 2520 3234 2574 hoc
3261 2520 3459 2576 factum
3486 2540 3695 2593 nequa-

2107 2613 2267 2667 quam
2292 2599 2361 2629 7‘“
2402 2601 2616 2669 reliquit
2646 2603 2893 2657 inultum.
2927 2606 3033 2676 lpsi
3070 2620 3250 2663 autem
3291 2611 3406 2666 due
3452 2623 3693 2668 tantum-

2112 2687 2268 2742 modo
2281 2704 2345 2743 ex
2360 2688 2608 2743 omnibus
2625 2706 2994 2748 remanserant
3010 2698 3079 2728 ⁷³³
3113 2700 3296 2765 urbes,
3323 2700 3599 2773 Mersburg
3618 2704 3693 2736 "“

2111 2789 2165 2832 et
2231 2779 2611 2850 Scitbingi’".
2682 2782 2811 2851 Regi
2839 2786 2907 2824 ’δ’
2972 2797 3151 2842 autem
3218 2800 3338 2859 post
3412 2793 3694 2850 victoriam

2110 2870 2286 2926 visum
2326 2871 2392 2904 “'
2453 2881 2535 2927 est
2594 2874 2842 2946 persequi
2906 2874 3126 2932 fratrem
3187 2894 3342 2935 suum
3405 2898 3695 2958 generum-

2112 2979 2231 3032 que.

2186 3056 2270 3111 l9.
2297 3056 2530 3113 Auliens
2560 3075 2682 3114 vero
2707 3062 2769 3115 de
2797 3062 3094 3119 defectione
3119 3069 3331 3123 urbium
3356 3084 3576 3125 suarum
3598 3073 3699 3136 η’.

2117 3146 2423 3217 fractusque
2470 3153 2668 3205 recenti
2727 3154 2868 3222 regis
2918 3155 3183 3219 victoria.
3229 3174 3348 3213 eum
3398 3176 3589 3216 novem
3629 3164 3700 3195 ⁷⁸⁸

422 3234 619 3288 debere
667 3236 769 3301 7“,
823 3244 916 3289 aut
963 3245 1111 3289 certe
1160 3237 1327 3291 armis
1377 3236 1543 3291 vitam
1600 3236 1889 3291 defendere
1918 3239 2007 3289 ⁷η.
2042 3211 2083 3271 C
2126 3246 2333 3291 ιςιιιιιιιιι
2380 3241 2601 3293 armatis
2659 3242 2762 3295 iter
2815 3244 3086 3313 arripuit,
3141 3245 3543 3320 Saxoniamque
3585 3251 3699 3320 jam

423 3322 575 3377 Unde
604 3324 669 3376 ad
722 3324 889 3378 Deum
917 3325 988 3355 ⁷³³
1017 3324 1285 3395 supplices
1329 3326 1642 3395 expandens
1680 3340 1870 3379 manus
1902 3341 2017 3387 rex,

423 3415 500 3467 ait
528 3413 638 3467 "‘z
676 3414 817 3468 Deus
842 3416 935 3480 ⁷³⁸,
973 3416 1185 3485 inquit,
1239 3418 1471 3470 omnium
1532 3434 1704 3471 rerum
1754 3427 1937 3470 auctor
1973 3428 2018 3469 et

424 3512 609 3565 rector,
639 3504 833 3573 respice
861 3505 1111 3573 populum
1140 3515 1308 3571 tuum,
1340 3507 1427 3559 cui
1467 3523 1546 3559 me
1575 3523 1797 3573 prwesse
1843 3505 2011 3559 volui-

422 3583 596 3652 sti,ut
618 3601 821 3659 ereptus
844 3592 908 3644 ab
940 3593 1187 3657 inimicis,
1218 3595 1387 3647 sciant
1414 3611 1589 3648 omnes
1617 3605 1814 3664 gentes,
1846 3595 2010 3648 ullum

423 3678 722 3731 mortalium
754 3688 859 3733 tua:
898 3682 1232 3749 dispositioni
1259 3684 1328 3722 ⁷1⁸
1370 3684 1632 3737 contraire
1678 3701 1777 3737 non
1820 3702 1970 3752 posse
1997 3728 2009 3749 ,

422 3769 513 3836 qui
543 3770 719 3822 omnia
741 3782 883 3838 potes
906 3780 953 3823 et
980 3771 1101 3824 vivis
1123 3781 1168 3824 et
1194 3788 1378 3841 regnas
1406 3772 1457 3825 in
1485 3782 1756 3826 wternum.
1789 3772 1889 3841 Qui
1919 3791 2013 3827 au-

427 3869 535 3912 tem
580 3871 735 3914 erant
772 3862 823 3915 in
854 3862 1111 3916 ulteriore
1136 3865 1205 3903 ⁷¹⁷
1234 3864 1346 3932 ripa
1372 3906 1386 3929 ,
1419 3864 1665 3919 sarcinas
1708 3873 1763 3918 et
1786 3866 2011 3935 impedi-

426 3962 605 4007 menta
655 3969 883 4025 qumque
935 3955 1309 4010 transmittunt
1362 3957 1412 4010 in
1453 3956 1630 4010 locum
1677 3957 1769 4025 qni
1820 3956 2015 4010 dicitur

424 4042 663 4099 Xantum
677 4045 746 4080 ⁷⁸⁸
762 4045 909 4117 (2l8')
931 4063 944 4111 ;
965 4047 1062 4116 ipsi
1088 4062 1213 4101 vero
1229 4049 1400 4116 parati
1419 4049 1601 4103 hostes
1616 4057 1906 4117 expectant
1921 4050 2013 4102 7".

424 4132 668 4202 Curaque
723 4146 865 4189 esset
912 4136 1119 4204 piscina
1178 4136 1319 4191 inter
1372 4145 1639 4191 nostrates
1696 4146 1751 4191 et
1812 4138 2014 4201 hostes,

426 4226 675 4282 Saxones
702 4227 888 4282 divisis
917 4228 1100 4292 sociis,
1135 4244 1260 4297 pars
1303 4245 1406 4282 una
1439 4228 1511 4259 ’³ο
1540 4244 1606 4282 ex
1644 4229 1874 4283 adverso
1908 4229 2016 4282 ruit

428 4319 481 4372 in
518 4318 720 4384 hostes,
747 4318 917 4374 altera
948 4335 1076 4389 pars
1103 4337 1134 4375 a
1167 4328 1318 4390 tergo
1363 4320 1685 4389 insequitur,
1729 4322 1779 4374 in
1826 4321 2017 4375 mediis

426 4411 614 4466 hostes
636 4412 709 4442 "“
748 4413 1063 4482 opprimcns
1088 4453 1101 4474 ,
1132 4413 1288 4482 pauci
1342 4413 1527 4482 plures
1556 4413 1904 4466 vehementer
1930 4429 2017 4466 ur-

2126 3334 2330 3386 tardius
2354 3334 2421 3372 ⁷ε¹
2458 3334 2658 3394 adiens,
2689 3335 2875 3389 urbem
2907 3336 3182 3407 Mersburg
3205 3341 3275 3370 ⁷⁵³
3305 3341 3576 3411 ingressus
3600 3356 3703 3400 est.

2123 3419 2240 3486 Quo
2268 3436 2357 3475 rex
2388 3433 2683 3491 comperto,
2713 3432 2768 3477 et
2814 3423 2926 3493 ipse
2975 3442 3226 3483 reversus
3263 3444 3345 3485 est
3385 3432 3703 3501 Saxoniam,

2123 3510 2437 3580 urbemque,
2472 3511 2522 3564 in
2554 3527 2658 3580 qua
2685 3511 2851 3566 frater
2879 3524 3019 3578 erat,
3040 3532 3161 3570 eum
3193 3522 3433 3574 exercitu
3463 3523 3701 3579 obsedit.

2123 3597 2228 3651 Sed
2268 3614 2389 3653 cum
2424 3616 2527 3654 non
2585 3612 2766 3670 posset
2810 3601 3019 3657 fortiori
3077 3621 3141 3659 ac
3185 3605 3372 3674 majori
3418 3613 3705 3677 resistere,

2121 3699 2241 3757 post
2280 3688 2413 3743 duos
2446 3689 2615 3745 ferme
2640 3707 2853 3746 menses
2879 3733 2892 3755 ,
2933 3695 3126 3748 tradita
3163 3698 3325 3761 urbe,
3354 3713 3605 3769 egressus
3637 3705 3708 3737 ’⁵⁸

2120 3787 2202 3830 est
2226 3775 2507 3833 lleinricus
2538 3781 2604 3833 ad
2631 3795 2833 3849 regem.
2868 3781 3013 3836 Data:
3045 3795 3169 3837 sunt
3194 3794 3371 3840 autem
3400 3789 3449 3840 ei
3483 3789 3704 3845 indutire

2124 3866 2339 3936 triginta
2370 3867 2597 3931 dierum,
2632 3871 2890 3939 quatinus
2914 3888 3035 3927 cum
3088 3876 3349 3930 militibus
3397 3880 3496 3933 sibi
3530 3884 3711 3937 cohae-

2124 3958 2365 4011 rentibus
2398 3959 2674 4013 secederet
2717 3975 2745 4012 a
2798 3960 3030 4016 Saxonia
3056 3980 3070 4028 ;
3100 3965 3145 4017 si
3179 3966 3263 4020 cui
3309 3982 3436 4022 vero
3486 3968 3706 4027 illorum

2125 4060 2303 4113 regem
2371 4046 2520 4100 adire
2580 4046 2906 4116 placuisset,
2980 4049 3154 4105 locum
3222 4054 3389 4111 venia:
3460 4058 3705 4115 haberet.

2122 4134 2443 4205 Quicvilq'te
2492 4136 2728 4191 Saxonia
2777 4147 2898 4208 post
2949 4140 3063 4194 base
3110 4140 3178 4195 ab
3228 4142 3501 4201 intestinis
3551 4148 3710 4205 bellis

2121 4227 2308 4295 paucis
2337 4226 2549 4283 diebus.

2190 4318 2281 4373 20.
2324 4319 2547 4374 Barbari
2577 4330 2754 4375 autem
2786 4322 2971 4378 labore
3017 4334 3201 4380 nostro
3230 4328 3395 4393 elati,
3440 4348 3706 4403 nusquam

2118 4410 2188 4462 ab
2217 4410 2483 4473 incendio,
2513 4412 2658 4465 unde
2687 4427 2751 4465 ac
2781 4413 3198 4483 depopulatione
3226 4419 3512 4484 vacabant,
3538 4423 3709 4477 Gero-

424 4503 643 4570 gcbant.
679 4502 862 4573 Neque
888 4504 1031 4558 enim
1061 4503 1130 4535 ⁷³⁸
1159 4505 1478 4560 nostratium
1509 4502 1580 4534 ⁷³³
1613 4518 1772 4573 supra
1798 4513 2012 4559 centum
2045 4513 2092 4571 ι)
2121 4517 2371 4573 nemque,
2399 4520 2558 4574 quem
2599 4505 2700 4559 sibi
2732 4522 2824 4560 rex
2854 4508 3173 4577 praefecerat
3222 4510 3367 4582 (-3.19)
3391 4552 3407 4577 ,
3436 4529 3557 4568 cum
3588 4515 3714 4572 dolo

1745 4611 1829 4665 VA
1842 4611 1978 4665 ΒΙΑΣ
2021 4611 2428 4667 LECTIONES.

504 4683 578 4715 m
612 4683 898 4752 imperium
934 4685 1047 4747 tibi,
1103 4684 1301 4756 inquit,
1335 4683 1512 4754 regale
1550 4681 1687 4735 facio
1723 4683 1781 4751 (ἰ.
1815 4682 1849 4735 i.
1893 4699 1938 4737 r.
1975 4694 2011 4735 l.
2048 4682 2085 4735 f.
2124 4682 2175 4748 α)
2236 4693 2500 4751 praesente
2552 4683 2748 4753 popqu
2810 4687 2867 4740 2.
2904 4689 2956 4742 5.
3008 4710 3061 4742 α.
3095 4686 3195 4742 llic
3251 4689 3395 4747 locus
3434 4706 3510 4749 est

509 4770 536 4806 e
564 4752 654 4806 W.
683 4764 916 4806 mutasse
941 4756 1104 4806 uideri
1133 4764 1319 4806 potest.
1419 4754 1488 4785 '°’
1522 4752 1873 4806 berthardum
1910 4754 1959 4806 1.
2064 4752 2133 4784 τ⁹⁸
2168 4752 2309 4805 deest
2348 4756 2395 4806 Ι.
2498 4754 2570 4785 ⁷⁰’
2604 4755 2796 4806 nnlius
2822 4757 2875 4806 3.
2981 4759 3049 4789 ἰο
3082 4760 3178 4806 hoc
3200 4760 3312 4806 [om
3348 4778 3451 4806 nan

2206 4769 2309 4805 εεδι
2348 4769 2361 4806 Ι
2380 4793 2395 4806 .

422 4752 541 4825 ipse
564 4752 654 4808 W.
683 4764 916 4807 mutasse
941 4756 1104 4808 uideri
1131 4752 1319 4825 potest.
1400 4752 1488 4785 ““¹⁰⁷
1522 4752 1873 4807 berthardum
1910 4754 1959 4806 1.

3598 4714 3715 4752 (lem

2498 4754 2570 4833 τίη
2604 4755 2875 4833 nantes.
2962 4759 3049 4833 _m
3082 4760 3178 4833 hoc
3200 4760 3312 4833 loco
3348 4778 3470 4833 cup.
3521 4754 3629 4831 η,
3658 4769 3717 4820 in

423 4824 914 4905 codicenomiss-um,
938 4822 1139 4905 posui.
1189 4825 1257 4855 '“
1288 4834 1622 4905 parentesa.
1802 4833 2080 4905 totumque
2105 4846 2176 4905 ε.
2243 4822 2313 4853 ’¹³
2347 4824 2489 4905 deest
2520 4824 2713 4905 l._u"‘
2753 4828 2929 4905 sciose
3089 4822 3469 4905 lif‘dQllllﬂU-S,
3520 4822 3716 4905 inquit,

425 4908 583 4947 meus
612 4894 669 4949 2.
746 4894 817 4925 ⁷¹⁶
846 4888 1053 4949 veniret
1080 4911 1222 4948 corr.
1254 4888 1489 4949 venisset
1526 4893 1579 4947 2.
1676 4888 1744 4924 ⁷¹⁷
1785 4894 1930 4947 venit
1954 4888 2007 4947 2.

422 4962 494 4999 νει
526 4965 747 5019 debere;
783 4964 837 5018 5,
867 4963 1003 5018 άεεει
1028 4966 1083 5019 2.
1164 4967 1234 5000 ⁷η
1257 4964 1572 5020 defenderet
1601 4963 1653 5015 5.

464 5034 693 5089 ositione
730 5035 858 5088 1.⁷·⁷
886 5034 1126 5090 ulteriori
1172 5030 1226 5084 2.
1256 5034 1308 5087 3.
1343 5034 1391 5087 7.

443 5113 611 5159 tosles
662 5105 849 5158 desunt
902 5105 946 5158 1.
1084 5106 1156 5137 ⁷³⁸
1212 5103 1351 5156 deest
1397 5106 1451 5160 5.

421 5175 477 5227 1.
584 5175 657 5208 ⁷³⁸
706 5175 921 5228 elevato
968 5198 1019 5230 α.
1122 5173 1195 5209 ⁷³⁸
1241 5176 1390 5227 multi
1444 5192 1506 5229 ex
1555 5172 1755 5228 nostris
1804 5171 1858 5225 2.

419 5245 474 5297 1.
556 5245 629 5282 ⁷⁸⁸
654 5243 760 5298 {rid
786 5244 841 5298 Ξ.
874 5242 1199 5300 GOtleft'idns
1232 5264 1280 5295 α.
1358 5244 1426 5277 ⁷⁷⁵¹
1484 5244 1614 5301 Dedi
1653 5266 1706 5296 ar.

416 5314 494 5351 ’⁸⁸
520 5322 907 5371 remanserunt
947 5338 999 5371 α.
1074 5314 1151 5347 ⁷⁵⁸
1181 5312 1229 5364 1.
1278 5330 1480 5382 semper
1533 5314 1801 5381 meslmrg.

414 5382 491 5417 ’⁸⁸
534 5386 665 5443 add.
720 5383 982 5441 Henricus
1032 5410 1086 5443 α.
1183 5382 1249 5413 ⁷⁸¹
1299 5387 1453 5442 novis
1494 5389 1545 5444 5.

410 5470 645 5527 gressus
674 5455 728 5508 Ἰ.

1742 4962 1813 4993 ⁷³³
1839 4963 2118 5019 dominum
2150 4980 2202 5016 a.

1477 5036 1547 5073 ⁷⁸⁸
1574 5041 1825 5087 sanctum
1855 5032 1910 5088 2.
1953 5034 2211 5089 Sanctum
2270 5035 2324 5088 3.

1585 5102 1656 5134 ⁷³³
1694 5111 1999 5160 nostratutn
2051 5128 2105 5159 α.

1963 5176 2035 5212 ⁷³⁷
2074 5190 2209 5246 quas
2243 5196 2297 5228 α.
2403 5175 2475 5215 ⁷³⁸

1783 5242 1854 5273 ’³³
1911 5242 2221 5317 Thuringus
2250 5268 2304 5317 οε.

1884 5318 1956 5349 ⁷⁸⁷
2011 5314 2231 5386 seiungi
2257 5315 2311 5369 2.
2370 5314 2647 5386 Scliidingi
2699 5338 2755 5372 α.

1650 5382 1719 5414 ⁷⁵²
1758 5386 1949 5445 tardus
1974 5387 2033 5441 2.

2105 4894 2177 4925 ⁷⁸⁸
2203 4904 2388 4946 essent
2414 4894 2469 4948 2.
2567 4895 2635 4926 “’
2662 4898 2926 4959 praeberet
2968 4898 3016 4950 1.
3116 4897 3187 4929 "°
3216 4894 3465 4957 ulteriori
3495 4907 3546 4958 3.
3573 4894 3627 4959 αἱ.
3660 4894 3714 4959 7.

2280 4963 2351 4994 ⁷⁸⁵
2384 4967 2523 5017 deest
2548 4982 2628 5018 a.‘
2677 4965 2747 4995 ⁷²³
2776 4966 2992 5021 domine
3015 4989 3067 5021 α.
3100 4966 3351 5023 dominus
3379 4971 3432 5024 3.
3514 4975 3585 5007 ’⁸⁸
3610 4974 3723 5029 dis-

2402 5034 2472 5067 m
2496 5045 2848 5101 expectarent
2921 5037 2991 5068 "°
3025 5051 3131 5091 uno
3166 5040 3216 5093 1.
3321 5040 3389 5072 ⁷⁸⁸
3452 5043 3624 5099 altera
3653 5072 3726 5086 --

2227 5104 2296 5134 'm
2355 5105 2445 5174 qui
2503 5104 2749 5228 Eallicam
2818 5106 3057 5177 linguam
3105 5122 3174 5163 ex
3237 5119 3390 5179 parte
3482 5114 3725 5170 sciebant

2243 5196 2297 5228 α.
2403 5175 2475 5215 ⁷³⁸
2549 5174 2771 5229 ilbertus
2820 5199 2871 5231 α.
2921 5176 3173 5232 Albertus
3220 5180 3271 5234 5.
3368 5178 3444 5212 ’³⁸
3509 5183 3725 5236 supplex

2669 5193 2771 5229 'lUS
2820 5199 2871 5231 α.
2921 5193 3173 5232 tuoertus
3220 5193 3271 5234 ὖ.
3369 5193 3444 5212 ’⁸⁵
3509 5199 3569 5238 811

2408 5199 2474 5215 ινν
2503 5199 2771 5229 numerius
2820 5199 2871 5231 α.
2921 5199 3173 5232 ntuertus
3220 5199 3271 5234 ο.
3373 5199 3444 5212 "'
3509 5199 3735 5254 supplex

2384 5246 2457 5279 N
2492 5260 2612 5315 quae
2639 5267 2693 5301 α.
2772 5247 2847 5287 ἰδ
2881 5260 3221 5315 nequaquam
3265 5250 3368 5303 hoc
3409 5248 3625 5309 factum
3669 5278 3727 5311 α.

2830 5317 2902 5347 ⁷⁸⁸
2944 5316 3148 5385 regiam
3187 5319 3239 5374 5.
3318 5318 3387 5356 ⁷⁵⁸
3410 5317 3644 5385 iussum
3670 5325 3727 5381 5.

3017 5386 3093 5417 ’⁸³
3145 5390 3427 5463 ingressus
3486 5416 3540 5449 α.
3601 5410 3735 5453 con-

2662 4898 2926 4963 praeberet
2968 4898 3016 4950 1.

2139 5384 2290 5440 tarde
2327 5387 2381 5444 7.
2479 5384 2551 5419 ⁷³⁸
2604 5384 2827 5458 inesbug
2867 5386 2923 5441 2.

1941 5526 2173 5578 ΝΟΤᾸΞ.
