4466 5578
756 367 850 420 171

1758 357 2133 414 ιιίιιυιίιΝυι
2174 354 2620 414 CORIlEIENSlS
2659 359 2962 417 MONACHI

3909 367 4011 422 17').

748 479 1016 550 perimere
1045 474 1299 545 cogitant.
1333 475 1448 545 Ipse
1479 475 1547 514 ⁷³³
1576 472 1754 527 dolum
1778 473 1898 527 dolo
1921 486 2323 542 prmoccupans,
2356 474 2401 533 Α
2431 470 2573 527 illius
2606 474 2795 529 melius
2823 477 3115 531 arbitratus
3142 487 3225 534 est
3253 495 3488 550 pugnare
3514 496 3675 550 quam
3700 482 3888 535 armis.
3918 483 4008 538 llle

750 568 999 626 convivio
1020 566 1169 623 claro
1198 567 1464 622 delibutus
1492 580 1554 621 ac
1586 566 1710 621 vino
1738 566 1973 635 sepultos
2007 566 2072 619 ad
2108 565 2323 635 triginta

749 660 865 713 fere
892 655 1195 729 principum
1223 655 1577 710 barbarorum
1603 670 1706 708 una
1735 664 1892 709 nocte
1919 655 2175 708 extinxit.
2221 653 2327 709 Sed

747 764 869 804 cum
900 760 1005 802 non
1046 743 1315 801 sufficeret
1339 752 1526 800 contra
1552 758 1741 799 omnes
1787 742 2033 797 nationes
2074 742 2333 797 barbaro-

748 852 867 891 rum
891 864 954 876 —
990 849 1055 890 eo
1087 834 1284 904 quippe
1311 842 1554 903 tempore
1596 842 1648 888 et
1673 832 1744 873 ⁷⁸⁸
1776 832 2023 901 Apodriti
2053 833 2122 863 ⁷⁸⁷
2158 831 2329 887 rebel-

745 926 1028 991 iuverant,
1060 935 1115 981 et
1168 939 1307 980 cteso
1355 926 1596 981 exercitu
1647 934 1872 988 nostro,
1926 924 2116 980 ducem
2152 925 2325 994 ipsmn

747 1015 966 1071 nomine
1016 1013 1239 1070 llaicam
1264 1014 1339 1057 7"
1394 1014 1874 1080 extinxerunt—,
1929 1015 1998 1069 ab
2041 1015 2157 1084 ipso
2205 1030 2328 1085 rege

746 1105 942 1174 saepius
971 1104 1165 1160 ductus
1188 1104 1456 1160 exercitus
1481 1120 1575 1160 eos
1606 1104 1737 1159 laesit
1766 1113 1820 1160 et
1846 1104 1899 1158 in
1936 1103 2118 1159 multis
2146 1101 2331 1158 amisit

747 1202 802 1249 ct
830 1194 882 1248 in
911 1193 1153 1249 ultimam
1198 1209 1334 1265 pene
1365 1194 1725 1250 calamitatem
1762 1194 2031 1265 perduxit.
2075 1193 2153 1248 illi
2200 1209 2327 1250 vero

747 1284 1132 1340 niehilominus
1155 1285 1355 1341 bellum
1378 1301 1537 1357 quam
1561 1299 1749 1356 pacem
1779 1285 2080 1356 elegerunt,
2110 1299 2325 1340 omnem

745 1375 1023 1431 miseriam
1052 1391 1193 1431 carte
1226 1376 1462 1431 libertati
1501 1385 1907 1446 postponentes.
1954 1374 2049 1429 Est
2094 1390 2326 1445 namque

745 1466 1113 1535 hujuscemodi
1162 1480 1329 1536 genus
1368 1466 1645 1521 hominum
1674 1468 1743 1509 78°
1794 1465 1987 1520 durum
2029 1475 2085 1520 et
2127 1465 2327 1521 laboris

741 1559 976 1628 patiens,
1002 1557 1149 1612 victu
1192 1556 1467 1613 levissimo
1491 1566 1765 1612 assuetum
1792 1598 1806 1623 ,
1838 1567 1893 1612 ct
1936 1557 2077 1627 quod
2124 1559 2326 1613 nostris

744 1650 894 1721 gravi
915 1650 1068 1705 oneri
1090 1648 1163 1689 ’⁸ο
1186 1662 1308 1703 esse
1335 1647 1490 1713 solet,
1517 1646 1659 1703 Slavi
1678 1663 1776 1719 pro
1796 1649 2026 1717 quadam
2052 1648 2325 1719 voluptate

744 1744 965 1798 ducunt.
996 1741 1302 1795 Transeunt
1327 1754 1457 1795 sane
1487 1740 1601 1795 dies
1628 1739 1841 1808 plurimi
1863 1780 1876 1801 ,
1902 1739 1986 1793 his
2019 1754 2118 1809 pro
2151 1739 2322 1809 gloria

742 1844 799 1889 ct
828 1848 926 1904 pro
954 1846 1149 1901 magno
1173 1830 1391 1899 latoque
1434 1830 1684 1900 imperio,
1714 1828 1820 1883 illis
1851 1843 1948 1898 pro
1980 1828 2226 1884 libertate
2259 1846 2323 1885 ac

741 1926 931 1982 ultima
950 1924 1213 1979 servitute
1232 1924 1386 1979 varie
1413 1923 1766 1979 certantibus.
1786 1922 1977 1977 Multos
1998 1923 2194 1993 quippe
2218 1922 2323 1979 illis

741 2014 929 2070 diebus
952 2012 1196 2068 Saxones
1214 2013 1557 2082 patiebantur
1571 2012 1771 2077 hostes,
1791 2011 1981 2067 Slavos
2001 2013 2068 2066 ab
2090 2012 2322 2078 oriente,

740 2103 980 2158 Francos
1021 2117 1050 2156 a
1088 2100 1314 2156 meridie
1339 2142 1354 2167 ,
1386 2100 1675 2156 Lotharios
1717 2101 1785 2156 ab
1825 2100 2191 2157 occidentem
2213 2141 2228 2167 ,
2256 2101 2324 2156 ab

741 2193 991 2264 aquilone
1013 2192 1191 2247 Danos
1215 2192 1457 2263 itemque
1501 2192 1690 2250 Slavos
1718 2211 1731 2258 ;
1762 2203 2156 2265 proptereaque
2200 2195 2323 2249 bar-

739 2284 857 2351 bari
884 2283 1103 2355 longum
1138 2284 1428 2339 trahebant
1457 2296 1754 2340 certamen.

806 2375 901 2429 21.
930 2373 1056 2428 Fuit
1088 2382 1267 2429 autem
1291 2373 1508 2443 quidam
1535 2374 1605 2407 ⁷⁸³
1632 2373 1823 2429 Slavus
1854 2390 1884 2429 a
1912 2391 2035 2446 rege
2067 2376 2322 2431 lleinrico

739 2460 983 2526 relictus,
1008 2462 1097 2531 qui
1113 2462 1235 2532 jure
1261 2461 1436 2530 gentis
1458 2470 1680 2531 paterna
1705 2464 2046 2517 successione
2071 2464 2323 2519 dominus

739 2561 885 2609 esset
913 2566 1102 2606 eorum
1151 2552 1243 2620 qui
1284 2552 1539 2606 dicuntur
1572 2550 1791 2605 lieveldi
1818 2552 1912 2616 ⁷⁸³,
1937 2552 2113 2607 dictus
2142 2552 2322 2620 Tugu-

741 2642 865 2697 mir.
906 2640 1005 2695 Hic
1027 2640 1254 2710 pecunia
1278 2639 1442 2693 multa
1467 2648 1655 2708 captus
1676 2648 1728 2693 et
1753 2639 1942 2708 majori
1966 2641 2321 2710 promissione

738 2747 1062 2805 persuasus,
1110 2730 1384 2800 professus
1433 2740 1515 2785 cst
1569 2729 1723 2783 sei“
1754 2732 1981 2800 prodere
2023 2731 2318 2800 rcgionczs.

741 2828 896 2884 Unde
924 2826 1079 2895 quasi
1100 2825 1171 2859 ⁷⁸⁸
1202 2823 1412 2877 occulte
1448 2823 1682 2892 elapsus,
1712 2822 1857 2875 venit.
1892 2822 1942 2875 in
1987 2824 2173 2875 urbem
2202 2836 2322 2890 quae

739 2922 938 2976 dicitur
968 2919 1319 2988 Brennalmrg
1337 2916 1430 2981 πθ,
1459 2932 1488 2969 a
1519 2916 1821 2985 populoque
1843 2915 1913 2946 ⁷⁸⁷
1945 2914 2159 2983 agnitus
2182 2924 2235 2968 et
2266 2924 2318 2967 ut

739 3009 991 3064 dominus
1013 3015 1314 3075 susceptus,
1348 3005 1399 3059 in
1427 3004 1579 3059 brevi
1629 3018 1749 3073 qum
1793 3004 2042 3071 promisit
2078 3002 2317 3071 inplevit.

736 3097 872 3154 Nam
924 3104 1172 3167 nepotem
1203 3109 1359 3149 suum
1387 3134 1401 3156 ,
1448 3092 1540 3162 qui
1587 3107 1652 3146 ex
1698 3092 1949 3147 omnibus
1987 3092 2321 3162 principibus

2429 578 2579 631 vero,
2607 574 2663 618 ut
2691 576 2806 619 erat
2829 569 3214 635 astutissimus,
3246 572 3451 627 meliori
3480 588 3541 627 ac
3570 572 3756 642 majort
3788 591 3846 630 se
3875 577 4004 629 su!»-

2431 655 2581 719 dens,
2631 670 2780 709 arma
2830 658 2993 711 sumit
3035 668 3221 714 contra
3265 662 3499 726 ducem;
3542 663 3684 732 quod
3747 664 3861 733 ipse
3901 665 4010 719 dtu;

2429 745 2668 798 omnium
2721 744 2966 801 laborum
3013 750 3329 819 gravissime
3380 753 3520 818 tttlit,
3572 756 3697 823 quia
3732 769 3855 810 eum
3904 756 4008 812 sibi

2431 838 2712 893 adversum
2737 839 3005 895 sustinere
3034 840 3328 904 debuisset,
3360 846 3515 914 cujus
3539 846 3765 901 consilio
3790 862 3854 901 ac
3884 844 4007 903 fidei

2430 928 2689 987 hactenus
2712 946 2770 987 se
2792 932 3026 987 maxime
3056 935 3328 989 credebat.
3364 934 3608 1006 Augebat
3633 953 3847 1007 quoque
3872 938 4009 992 indi-

2430 1021 2739 1090 gnationem
2768 1023 2920 1079 ducis
2948 1031 3019 1063 ⁷⁷⁸
3053 1039 3182 1094 grex
3206 1040 3492 1095 porcorum
3519 1027 3585 1081 ab
3631 1026 3871 1082 Immone
3902 1026 4010 1082 cal-

2427 1110 2534 1167 lide
2563 1122 2771 1182 captus.
2797 1111 2931 1168 Nam
2956 1114 3163 1170 subulci
3187 1116 3338 1170 ducis
3367 1132 3489 1171 cum
3516 1126 3703 1171 contra
3726 1127 3912 1188 portas
3932 1117 4007 1151 "’

2429 1202 2581 1258 urbis
2607 1204 2922 1270 transirent,
2959 1204 3128 1260 Immo
3151 1207 3442 1277 porcellum
3478 1224 3575 1279 pro
3615 1218 3769 1279 porta
3811 1209 4005 1281 agitari

2430 1293 2597 1361 fecit,
2648 1303 2702 1348 ct
2730 1310 2946 1351 omnem
2997 1312 3213 1368 gregem
3251 1314 3535 1369 porcorum
3588 1301 3793 1369 apertis
3837 1303 4011 1370 portis

2431 1382 2572 1438 intra
2596 1383 2781 1439 urbem
2806 1388 3031 1457 recepit.
3062 1389 3234 1455 Quam
3275 1390 3525 1460 injuriam
3568 1390 3678 1444 dux
3714 1390 3854 1445 ferre
3901 1407 4007 1445 non

2430 1474 2632 1538 valens,
2668 1484 2854 1531 coacto
2883 1479 3125 1533 exercitu
3154 1519 3169 1545 ,
3195 1481 3406 1536 obsedit
3444 1480 3762 1537 lmmonem.
3792 1482 3882 1537 lllc
3912 1498 4007 1535 au-

2430 1572 2536 1617 tem
2566 1564 2795 1634 plurima
2828 1581 2989 1634 apum
3041 1570 3289 1622 examina
3325 1569 3580 1624 habuisse
3622 1568 3794 1623 fertur
3821 1571 4008 1640 (221),

2429 1668 2549 1722 quae
2587 1653 2848 1724 frangens
2876 1656 3107 1726 projecit
3137 1656 3208 1688 ⁷⁸⁰
3237 1666 3427 1712 contra
3472 1659 3702 1729 equites.
3734 1660 3877 1729 Apes
3916 1676 4011 1715 au-

2432 1752 2535 1797 tem
2568 1743 2769 1799 aculeis
2798 1759 2967 1814 equos
3008 1746 3351 1803 stimulantes
3376 1790 3391 1815 ,
3435 1750 3489 1802 in
3528 1750 3795 1804 insaniam
3833 1764 4011 1807 verte-

2355 1812 2398 1872 B
2428 1834 2577 1898 bant,
2610 1834 2682 1889 ita
2705 1843 2764 1888 ut
2791 1812 3003 1905 equites
3054 1837 3346 1905 periclitari
3378 1812 3704 1908 vempissent.
3750 1839 3867 1907 Quo
3896 1842 4012 1895 viso

2425 1924 2593 1980 immo
2624 1927 2960 1995 prospiciens
2997 1927 3064 1982 de
3091 1943 3267 1993 muro,
3309 1930 3645 2000 eruptionem
3677 1945 3800 1984 cum
3849 1932 4011 1986 sociis

2428 2015 2697 2069 tninitavit
2724 2018 2816 2071 ⁷⁸³.
2844 2015 3229 2085 Hujuscemodi
3263 2017 3425 2087 igitur
3445 2018 3653 2072 artibus
3686 2018 3882 2088 smpius
3904 2020 4010 2074 dux

2425 2104 2492 2159 ab
2518 2104 2757 2160 Immone
2794 2105 3012 2160 delusus
3036 2145 3052 2171 ,
3098 2104 3259 2160 solvit
3296 2106 3656 2160 obsidionem.
3711 2106 4002 2162 Discedens

2425 2209 2553 2248 vero
2578 2193 2747 2249 fertur
2773 2195 2973 2249 dixisse
2998 2214 3010 2248 :
3044 2193 3281 2249 Immone
3308 2213 3506 2249 mecum
3528 2195 3804 2260 sentiente,
3836 2213 4011 2250 omnes

2426 2285 2701 2339 Lotltarios
2730 2285 2885 2354 facile
2907 2295 3083 2355 captas
3106 2288 3267 2350 tenui,
3292 2287 3445 2340 modo
3469 2288 3640 2357 ipsum
3681 2286 3849 2339 solum
3894 2303 4010 2339 cum

2425 2374 2664 2427 omnibus
2691 2372 2956 2427 Lothariis
2982 2390 3166 2443 capere
3206 2392 3421 2445 nequeo.

2493 2462 2583 2517 24.
2616 2463 2870 2519 Tractum
2902 2466 3104 2519 tamdiu
3137 2466 3336 2520 bellum
3368 2466 3720 2521 Evurhardus
3754 2466 4011 2522 consile-

2425 2568 2573 2618 rans,
2608 2553 2745 2608 ultra
2779 2569 2884 2608 non
2912 2555 3162 2624 quiescit.
3214 2556 3356 2623 Quin
3408 2568 3719 2628 contempto
3767 2572 3892 2629 rege
3916 2598 3931 2622 ,
3959 2566 4011 2611 et

2419 2646 2542 2716 jure
2584 2654 2766 2714 spreto
2804 2646 3235 2716 juramentorut'n
3263 2687 3277 2711 ,
3330 2658 3391 2701 ut
3435 2648 3592 2703 initio
3618 2649 3690 2682 ’⁸⁸
3713 2689 3727 2713 ,
3762 2658 4009 2703 conserta

2426 2750 2585 2788 manu
2614 2750 2734 2789 cum
2759 2734 3044 2791 lsilberhto
3068 2736 3141 2767 ⁷⁸³
3177 2737 3243 2790 ad
3277 2738 3545 2791 incentiva
3574 2737 3837 2791 bellorum
3866 2736 4010 2806 pari-

2426 2833 2508 2878 ter
2531 2825 2846 2893 conspirant
2865 2824 2957 2878 ⁷⁸⁸.
2984 2824 3097 2879 Nec
3118 2827 3363 2880 contenti
3389 2826 3462 2858 ⁷⁸⁵
3495 2840 3659 2895 regno
3689 2825 4008 2881 occidentali

2424 2914 2781 2980 solummodo,
2799 2914 3002 2969 inReni
3025 2916 3341 2970 orientalem
3366 2931 3552 2984 agrum
3578 2916 4010 2987 (lepopulanduin

2422 3020 2543 3057 cum
2604 3003 2843 3057 exercitu
2891 3003 3295 3074 demerguntur.
3363 3003 3488 3059 litec
3552 3019 3673 3057 cum
3719 3006 4012 3057 audiuntur

2430 3092 2485 3144 in
2522 3090 2718 3145 castris
2766 3090 3004 3161 regis—
3030 3108 3153 3147 nam
3197 3108 3257 3146 ea
3308 3101 3627 3163 tempestate
3668 3092 3738 3124 ⁷⁸⁸
3771 3109 3861 3147 rex
3895 3102 4012 3146 erat

737 3191 914 3262 gentis
940 3152 1013 3221 ἀί
1043 3196 1328 3256 supererat
1352 3186 1446 3251 "9,
1466 3152 1539 3240 ad
1575 3199 1632 3239 se
1660 3183 1926 3245 invitans,
1952 3152 2074 3237 dolo
2104 3191 2322 3250 captum
2354 3152 2396 3212 (ἶ
2429 3195 2674 3249 pugnans
2702 3188 2888 3234 contra
2919 3180 3107 3249 Briseg
3142 3183 3209 3213 ⁷⁸⁷
3239 3181 3386 3253 (222)
3419 3152 3475 3237 et
3501 3182 3637 3236 alias
3670 3184 3847 3243 urbes,
3892 3197 4011 3250 qntc

737 3276 1012 3333 interfecit
1036 3276 1132 3340 7"",
1190 3276 1492 3344 urbemque
1522 3289 1644 3329 cum
1691 3271 1839 3327 omni
1869 3271 1935 3303 7"
1992 3271 2209 3340 regione
2249 3271 2328 3325 di-

737 3369 869 3424 tioni
896 3369 1056 3439 regiae
1088 3366 1325 3422 tradidit.
1358 3365 1475 3433 Quo
1524 3363 1688 3426 facto,
1721 3376 1910 3417 omnes
1948 3362 2192 3415 barbara:
2232 3377 2327 3414 na-

744 3462 921 3515 tiones
967 3473 1143 3527 usque
1200 3458 1251 3511 in
1304 3456 1535 3512 Oderam
1566 3456 1635 3487 ⁷⁷³
1684 3454 1904 3508 fluvium
1960 3452 2119 3507 simili
2165 3452 2325 3506 modo

735 3550 957 3606 tributis
987 3548 1258 3619 regalibus
1295 3562 1354 3601 se
1381 3545 1754 3617 subjugarunt.

803 3637 893 3691 22.
927 3636 1215 3691 licinricus
1244 3634 1409 3704 igitur
1435 3634 1718 3687 discedens
1748 3647 1777 3685 a
1802 3631 2034 3685 Saxonia
2061 3671 2076 3696 ,
2115 3630 2321 3685 Lotha-

733 3734 846 3787 rios
878 3733 1073 3783 iterum
1101 3728 1251 3793 adiit,
1288 3736 1342 3782 et
1374 3742 1497 3781 cum
1544 3739 1745 3796 genero
1774 3740 1904 3785 suo,
1938 3724 2073 3779 duce
2119 3724 2325 3779 scilicet

741 3820 1032 3877 lsilberhto
1061 3820 1155 3885 ⁷⁷³,
1190 3832 1310 3873 cum
1339 3818 1450 3873 suis
1481 3816 1742 3870 militibus
1784 3814 2109 3884 aliquamdiu
2142 3829 2323 3869 mora-

739 3918 824 3963 tus
875 3917 978 3963 est.
1028 3906 1227 3961 lterum
1279 3906 1495 3960 ducitur
1549 3904 1822 3959 exercitus
1870 3918 1900 3957 a
1959 3918 2085 3972 rege
2137 3912 2321 3958 contra

734 4000 1081 4055 lsilberhtum
1109 3997 1206 4061 ⁷⁷⁸,
1236 4005 1291 4051 ct
1341 3997 1519 4051 omnis
1566 3996 1713 4065 regio
1762 3994 2141 4049 Lothariornm
2179 3994 2320 4048 illius

732 4090 964 4159 imperio
1021 4086 1309 4156 subiacens
1368 4086 1478 4156 igni
1539 4086 1785 4140 traditur.
1846 4083 2217 4153 Obsessusque
2264 4085 2317 4138 in

730 4182 868 4236 urbe
887 4182 958 4213 ⁷⁷⁸
994 4196 1113 4249 quae
1147 4179 1349 4234 dicitur
1382 4177 1725 4232 Kievermont
1752 4176 1923 4247 ('220),
1955 4176 2171 4246 elapsus
2195 4177 2318 4231 inde

730 4271 1116 4343 proficiscitur.
1168 4270 1235 4325 Et
1283 4284 1407 4324 cum
1468 4269 1679 4324 obsidio
1710 4267 2021 4324 difficultate
2076 4270 2317 4324 locorum

730 4377 924 4432 parum
955 4360 1295 4432 procederet,
1324 4367 1536 4413 vastata
1579 4358 1815 4428 undique
1847 4359 2063 4429 regione
2088 4400 2104 4425 ,
2132 4375 2225 4414 rex
2260 4360 2313 4413 in

730 4450 1025 4505 Saxoniam
1054 4450 1363 4504 revertitur.

801 4542 895 4597 25.
924 4540 1112 4597 Sciens
1147 4551 1329 4596 autem
1359 4541 1611 4595 comitem
1637 4539 1903 4595 lsilberhti
1935 4541 2005 4573 7"
2035 4551 2309 4596 versutum

728 4638 784 4685 et
829 4630 1081 4686 callidum
1121 4630 1322 4692 nimis,
1375 4629 1591 4682 nomine
1640 4627 1934 4682 Immunem
1962 4630 2057 4693 ⁷⁷⁷,
2107 4630 2315 4684 artibus

2432 3278 2589 3322 erant
2617 3269 2922 3323 Evurhardi
2972 3270 3192 3324 ditionis
3214 3302 3302 3335 —,
3352 3270 3502 3323 multi
3548 3286 3606 3324 se
3636 3286 3665 3323 a
3705 3270 3776 3303 ’⁸⁸
3819 3271 4011 3324 castris

2431 3362 2714 3426 eruebant,
2768 3378 2867 3418 nec
2918 3362 3058 3416 ultra
3100 3378 3223 3432 spes
3265 3371 3383 3417 erat
3432 3362 3691 3433 regnandi
3746 3361 4007 3416 Saxones.

2432 3451 2547 3505 Rex
2580 3467 2705 3506 vero
2745 3466 2809 3506 ea
2834 3451 2907 3483 ⁷⁸⁸
2944 3451 3248 3504 turbatione
3287 3460 3430 3505 tanta
3471 3450 3775 3505 constantia
3814 3465 3875 3504 ac
3906 3450 4007 3503 im-

2428 3544 2578 3615 perio
2604 3560 2733 3600 usus
2756 3553 2859 3605 est,
2891 3542 3017 3597 licet
3046 3556 3169 3597 raro
3194 3542 3264 3573 ⁷⁸⁸
3291 3542 3460 3601 milite
3501 3542 3913 3611 constiparetnr,
3946 3555 4010 3593 ac

2438 3635 2482 3689 si
2509 3634 2675 3689 nichil
2701 3635 2749 3687 ci
2777 3632 3106 3688 difﬁcultatis
3127 3632 3415 3687 oitviasset.
3443 3632 3576 3686 Nam
3603 3632 3797 3686 summi
3830 3631 4007 3700 ponti-

2430 3724 2577 3786 ﬁces,
2621 3722 2821 3776 relictis
2849 3721 3097 3776 tentoriis
3123 3730 3177 3775 et
3222 3720 3325 3774 alia
3356 3721 3590 3791 qualibet
3631 3720 4005 3791 suppellectili,

2428 3812 2526 3880 ipsi
2557 3810 2718 3864 etiam
2750 3809 3061 3864 defecerunt
3092 3826 3123 3863 a
3154 3810 3274 3864 lide.

2495 3901 2585 3955 25.
2631 3900 2954 3954 Del‘ectionis
2978 3916 3195 3955 causam
3226 3901 3437 3956 edicere
3461 3911 3508 3956 et
3543 3902 3741 3971 regalia
3769 3901 4005 3956 misteria

2427 3994 2683 4066 pandere,
2714 4008 2875 4063 super
2901 4008 2998 4047 nos
3043 4001 3158 4057 est;
3187 4008 3372 4047 verum
3407 3993 3645 4048 historia:
3673 3992 4005 4047 satisfacien-

2428 4088 2552 4142 dum
2592 4072 2949 4147 arbitramur;
2995 4081 3251 4152 qniequid
3297 4083 3347 4135 in
3392 4083 3493 4137 hae
3533 4093 3685 4152 parte
3722 4097 4005 4152 peccemus

2425 4176 2692 4231 veniabile
2716 4176 2782 4208 7"
2811 4174 2899 4228 sit.
2944 4173 3201 4227 Summus
3232 4172 3469 4242 pontifex
3503 4175 3699 4229 missus
3727 4173 3793 4226 ad
3831 4172 4003 4225 Evnr-

2424 4267 2652 4321 bardum
2698 4280 2795 4335 pro
2830 4264 3115 4320 concordia
3160 4272 3213 4319 et
3258 4280 3412 4334 pace,
3456 4282 3576 4321 cum
3622 4276 3767 4321 esset
3815 4280 4003 4319 earum

2427 4371 2606 4410 rerum
2635 4354 3170 4410 desiderantissimus
3195 4356 3288 4419 π’,
3314 4365 3472 4425 pacto
3512 4366 3696 4411 mutuo
3725 4372 3879 4411 suum
3922 4355 4003 4407 in-

2425 4448 2686 4518 terposuit
2722 4447 3109 4517 jurautentum,
3150 4455 3205 4502 et
3236 4448 3357 4504 ideo
3384 4449 3452 4503 ab
3480 4464 3544 4504 eo
3585 4466 3690 4504 non
3717 4462 3873 4519 posse
3904 4450 4000 4502 dc-

2420 4539 2596 4593 sinere
2617 4537 2689 4569 ⁷⁹³
2716 4536 2889 4591 fertur
2912 4553 3182 4593 narrasse.
3220 4540 3331 4615 Rex
3366 4549 3543 4595 autem
3573 4557 3667 4610 per
3690 4539 3997 4611 pontificem

2418 4629 2591 4685 ofﬁcio
2626 4645 2730 4685 suo
2760 4631 3110 4700 congruentia
3152 4631 3390 4702 dirigens
3427 4646 3707 4701 responsa,
3752 4631 3825 4685 nil
3851 4631 3915 4684 ad
3940 4646 3999 4684 se

2012 4763 2243 4819 VARIJE
2284 4764 2681 4821 LECTIONES.

804 4884 877 4914 '”
906 4884 1032 4936 add.
1059 4899 1191 4939 vero
1222 4906 1275 4938 α.
1352 4881 1423 4914 ⁷⁸⁸
1450 4882 1592 4935 deest
1623 4880 1675 4934 5.

729 4952 807 5022 ris
849 4952 904 5005 2.
940 4955 1206 5022 gravioris
1238 4953 1290 5005 1.

728 5020 800 5054 ⁷⁸⁵
828 5020 967 5075 (lceat
1005 5023 1055 5077 1.
1129 5023 1201 5055 ⁷⁸⁵
1232 5022 1355 5091 quia
1404 5044 1458 5076 α.

728 5092 929 5145 terlicit
972 5092 1024 5146 1.
1101 5092 1167 5125 ⁷⁷¹
1201 5088 1337 5145 deest
1364 5092 1421 5146 5.
1455 5090 1507 5142 7.
1584 5090 1657 5121 ⁷⁷³
1685 5088 1917 5143 Odoram
1954 5089 2006 5143 5.

1753 4880 1821 4913 ""
1858 4879 2092 4934 Abotriti
2121 4901 2174 4934 α.
2208 4896 2427 4949 semper.

1371 4944 1437 4981 ⁷⁸¹
1469 4949 1709 5005 Francos
1734 4979 1801 4991 —
1827 4950 2107 5003 occidente
2128 4944 2325 5003 deum!
2347 4951 2399 5003 1.
2427 4952 2479 5003 7.
2558 4952 2627 4983 ⁷⁶¹

1535 5020 1606 5052 ⁷⁸⁸
1650 5018 2039 5089 Brandenburg
2081 5019 2135 5072 5.
2210 5020 2278 5089 τίδ’
2310 5021 2508 5089 populo
2553 5043 2607 5075 α.
2677 5018 2753 5056 ’τοι

2084 5089 2153 5121 ’τ’
2182 5088 2422 5142 isberhto
2460 5091 2507 5143 1.
2534 5088 2818 5146 lsilbertho
2861 5092 2914 5145 5.

2502 4880 2574 4916 ’³⁸⁸
2599 4881 2849 4937 haincam
2879 4886 2928 4937 1.
3005 4884 3073 4917 ⁷⁸⁸⁵
3095 4883 3371 4938 hominum
3408 4896 3575 5005 genus
3604 4905 3656 4937 α.
3686 4881 3753 4913 ⁷⁸⁸
3784 4897 3834 4950 g.
3859 4896 3991 4935 one-

2558 4952 2627 4983 ⁷⁶¹
2659 4954 2879 5005 quidam
2927 4961 3106 5005 autem
3154 4952 3207 5005 5.
3286 4953 3356 4989 ⁷⁸³
3387 4953 3404 5005 l
3436 4951 3589 5005 evelli
3619 4974 3673 5005 α.
3699 4968 3915 5005 snitner.

2659 4954 2879 5021 quidam
2927 4961 3106 5007 autem
3154 4952 3207 5005 5.
3286 4953 3356 4989 ⁷⁸³
3387 4951 3589 5006 Hevelli
3619 4968 3915 5016 φαίημεν.

3220 5022 3290 5057 ⁷⁸⁸
3336 5031 3614 5091 Superarct
3675 5021 3728 5074 ἓ.
3779 5021 3851 5053 ⁷⁷⁸
3880 5090 3885 5091 γ
3914 5022 3993 5072 in-

2791 5023 3038 5092 gentibus
3091 5024 3141 5076 1.

3607 5092 3679 5123 ’⁷⁵
3701 5104 3824 5145 arce
3863 5090 3913 5144 4.

2993 5092 3067 5128 '7‘
3092 5093 3448 5146 histherhtum
3482 5096 3530 5146 l.

852 5159 1279 5244 G'is-cmemmm-
1301 5160 1500 5244 5237-,
1564 5158 2245 5244 lei‘onem..f‘:§e.mp‘frf
2320 5159 2391 5244 in
2422 5161 2557 5244 .d“.‘.’i
2605 5162 2658 5244 5:
2713 5163 2881 5244 ίβὲίυδ
2927 5185 2984 5244 αι
3056 5162 3368 5244 m_R0rcos
3416 5161 3469 5243 ἦ.
3548 5162 3617 5194 ⁷⁸³
3647 5163 3886 5244 pmsgcu
3934 5162 3983 5214 t.
