4472 5522
392 248 487 301 181
1390 244 1521 299 RES
1576 243 1822 298 CESTAS
1877 240 2261 297 SAXONICAZ.
2296 278 2359 285 —
2393 248 2517 301 LIB.
2560 248 2642 301 111.
3551 250 3647 307 182

394 355 479 410 l0.
520 353 816 409 Cclebratis
861 366 951 406 rex
989 352 1189 419 nuptiis
1241 353 1530 405 revertitur
1558 354 1609 405 in
1654 352 1967 413 Saxoniain,
2004 355 2045 411 Α
2075 352 2164 404 15.
2205 354 2447 421 Qualiter
2476 356 2823 427 Rminesburg
2852 372 2910 412 se
2936 358 3117 421 tradit,
3158 368 3211 413 et
3239 362 3507 431 regionem
3540 363 3645 417 ira-

463 454 783 508 secutusquc
811 459 933 499 eum
967 444 1296 499 Bernliarius
1323 447 1392 478 ’δι
1424 461 1607 516 pacem
1645 463 1765 499 cum
1797 462 1860 500 eo
1886 462 1968 501 se-
2146 447 2209 500 tri
2244 448 2500 501 restituit.

464 544 688 589 cuturns
716 533 809 586 Μ.
2072 542 2160 596 41.
2206 544 2279 597 De
2309 542 2514 599 faiutoso
2542 544 2813 613 triumpho
2838 559 2999 613 quem
3043 560 3133 599 rex
3167 546 3231 601 de
3274 545 3525 615 [ngariis
3554 549 3653 603 ob—

394 627 482 679 11.
525 625 597 680 De
626 634 892 679 conventu
918 624 1095 694 populi
1124 627 1261 694 apud
1292 625 1479 680 urbem
1508 628 1875 697 Augustanam
1898 628 1968 659 ’δ’
2145 633 2320 687 tinuit.

464 728 516 772 et
548 717 809 772 miraculo
839 718 980 787 quod
1012 718 1082 772 ibi
1125 718 1341 771 accidit.
2074 724 2166 778 45.
2208 724 2281 778 De
2310 741 2486 795 pugna
2529 724 2803 780 Tliiadriei
2835 724 3097 779 adversus
3122 724 3363 780 Sclavos.

395 811 480 864 ti.
528 811 600 864 De
629 810 749 863 ﬁliis
789 811 945 877 regis.
2075 815 2162 869 16.
2204 815 2279 869 De
2316 816 2579 884 portentis
2603 830 2723 884 qua:
2756 814 2972 869 interim
3003 815 3337 869 acciderunt.

396 900 484 953 15.
526 900 600 954 De
636 899 844 953 insidiis
875 915 1011 969 quas
1040 911 1365 968 paraverunt
1398 902 1527 972 regi.
2075 904 2164 959 47.
2204 904 2277 958 De
2302 920 2429 959 casu
2458 904 2689 959 Conradi
2730 905 2903 959 ducis.

394 989 481 1042 11.
524 988 602 1043 De
632 999 893 1058 apparatu
932 991 1193 1059 paschali.
2074 995 2160 1050 ‘8.
2207 995 2281 1051 De
2312 995 2483 1050 tribus
2510 994 2738 1051 ducibus
2765 995 3085 1051 Avarorum.

396 1080 483 1132 15.
524 1079 596 1133 De
650 1079 759 1133 lilio
812 1095 1120 1151 generoque
1178 1082 1321 1153 regis
1371 1092 1426 1137 et
1474 1083 1729 1152 pontiﬁce
1766 1083 1975 1137 Fritliu-
2075 1086 2163 1141 49.
2207 1087 2281 1140 De
2307 1086 2579 1155 triumpho
2603 1087 2764 1156 regis.

470 1172 601 1223 rico.
2076 1179 2164 1233 50.
2205 1177 2279 1233 De
2322 1187 2530 1247 regeet
2562 1178 2816 1232 versutiis
2858 1176 3190 1233 Wiemanni.

399 1262 485 1317 16.
528 1264 603 1317 De
654 1275 924 1318 conventu
968 1265 1146 1335 populi
1213 1252 1352 1337 apud
1423 1265 1701 1322 Fridisleri
1767 1275 1819 1321 et
1875 1267 1975 1321 Da-
2075 1268 2163 1322 5|.
2206 1268 2279 1323 De
2303 1269 2542 1323 exercitu
2574 1269 2665 1337 qui
2689 1266 3065 1323 Wicmannum
3094 1282 3228 1339 pene
3249 1269 3392 1338 cepit
3433 1269 3486 1323 in
3527 1268 3659 1322 urbe

466 1356 603 1409 dano
630 1354 703 1385 ’“
724 1365 777 1408 et
810 1356 1099 1411 Willielmo
1134 1356 1206 1388 ⁹”’⁸
1234 1358 1541 1412 comitibus.
2150 1358 2521 1415 Suitleiscare.

396 1448 481 1499 17.
524 1446 596 1501 lle
625 1463 802 1517 pugna
830 1448 1208 1525 Lotliariorum
1241 1465 1364 1503 cum
1400 1449 1650 1505 Conrado
1686 1451 1841 1505 duce.
2079 1449 2166 1503 52.
2206 1448 2485 1515 Quomodo
2519 1458 2673 1518 capta
2712 1458 2793 1504 est
2823 1448 2952 1504 urbs
2980 1450 3537 1505 Cocarescemiornm.

396 1539 481 1595 18.
528 1540 601 1593 De
627 1541 906 1595 obsidione
951 1541 1289 1611 Mogantiaca
1335 1551 1391 1597 et
1420 1543 1771 1599 altercatione
1811 1544 1973 1598 llein~
2077 1539 2165 1593 55.
2207 1538 2483 1605 Quomodo
2521 1539 2665 1593 ultus
2706 1550 2791 1593 est
2845 1554 2939 1593 rex
2982 1538 3128 1592 illam
3160 1539 3651 1609 depopulationem.

466 1630 563 1683 rici
599 1637 654 1682 et
684 1629 931 1683 Liudulﬁ.
2079 1629 2166 1684 51.
2207 1628 2284 1684 De
2318 1630 2529 1684 Gerone
2569 1629 2803 1697 preside.

396 1719 483 1775 19.
529 1720 602 1775 De
630 1721 900 1776 Eeberlito
928 1721 1000 1753 m
1030 1721 1171 1791 regis
1200 1722 1543 1777 consobrino.
2005 1703 2048 1762 Β
2077 1716 2167 1772 55.
2211 1717 2285 1771 De
2309 1714 2573 1771 Stoineﬁ‘o
2609 1716 2961 1772 barbarorum
2989 1730 3114 1787 rege
3148 1725 3203 1770 et
3228 1716 3399 1770 milite
3421 1715 3511 1785 qui
3535 1730 3658 1770 eum

394 1815 485 1883 20.
526 1813 601 1869 De
631 1811 897 1880 Bojoariis
928 1812 1391 1882 quomodojuncti
1432 1823 1557 1867 sunt
1602 1813 1868 1868 Lindull’o.
2147 1809 2363 1865 occidit.

392 1905 484 1958 2|.
529 1903 604 1957 De
641 1902 869 1956 Arnulfo
898 1912 953 1955 et
982 1902 1244 1957 fratribus
1287 1904 1402 1972 ejus
1440 1912 1495 1958 et
1538 1904 1664 1973 quia
1708 1905 1979 1958 exercitus
2078 1900 2165 1955 56.
2195 1900 2270 1957 De
2316 1916 2442 1969 rege
2473 1901 2598 1970 quia
2644 1899 2849 1955 crebris
2875 1900 3119 1955 victoriis
3153 1898 3427 1970 gloriosus
3478 1896 3657 1953 factus

467 1993 776 2047 missionem
809 1992 963 2061 petiit
988 2001 1043 2045 et
1068 1992 1266 2062 accipit
1312 1992 1407 2045 “1.
2150 2001 2251 2047 est.

394 2083 485 2136 ἂι).
529 2083 603 2136 De
636 2096 780 2151 rege,
811 2091 865 2135 et
887 2082 1015 2150 quia
1048 2082 1199 2136 multi
1232 2082 1550 2137 defecerunt
1580 2099 1607 2137 a
1642 2082 1763 2138 ﬁde.
2083 2081 2167 2136 57.
2214 2081 2287 2135 De
2312 2079 2561 2135 Liudulfo
2587 2079 2711 2149 quia
2737 2078 2909 2148 patria
2936 2078 3099 2133 cessit
3134 2088 3353 2148 propter
3380 2078 3608 2132 amicos.

394 2172 485 2224 9.3.
528 2172 603 2225 De
628 2172 871 2226 exercitu
911 2170 1179 2226 Saxonico
1206 2172 1297 2241 qui
1325 2171 1648 2242 Mogontiam
1684 2174 1832 2227 adiit.
2082 2172 2169 2227 58.
2212 2171 2287 2225 De
2328 2170 2523 2223 litteris
2548 2170 2755 2223 obitum
2781 2169 2898 2237 ejus
2930 2169 3378 2237 signiﬁcantibus.
3501 2223 3507 2227 ,

394 2262 486 2316 21.
528 2262 604 2316 De
630 2262 920 2315 Thiadrico
947 2271 1001 2314 et
1036 2260 1380 2315 Wiemanno.
2082 2261 2173 2317 59.
2216 2262 2289 2316 De
2321 2262 2641 2317 Wicmanno
2666 2265 2757 2332 qui
2792 2262 3085 2317 Saxoniam
3115 2264 3327 2317 occulte
3359 2263 3606 2316 intravit.

392 2351 486 2405 25.
532 2351 607 2405 De
657 2350 927 2405 Ecberhto
993 2358 1048 2404 et
1120 2349 1445 2405 Wiemanno
1516 2360 1571 2405 ct
1640 2352 1773 2406 duce
1830 2352 1980 2406 lleri-
2085 2353 2173 2407 60.
2214 2352 2497 2420 Quomodo
2535 2353 2639 2410 ﬁde
2682 2354 2912 2409 Geronis
2952 2362 3237 2424 susceptus
3275 2363 3359 2408 est
3386 2353 3667 2407 Wicman-

472 2457 673 2497 manno
702 2442 795 2496 m.
2159 2460 2279 2497 nus.

400 2536 494 2589 9.6.
540 2536 615 2589 De
647 2535 793 2606 regis
830 2534 1059 2607 adventu
1094 2534 1145 2588 in
1175 2533 1501 2588 Boioariam.
2088 2534 2176 2590 61.
2223 2534 2298 2589 De
2322 2535 2583 2605 prodigiis
2610 2551 2729 2604 qua:
2752 2543 3123 2606 apparuerunt
3154 2536 3205 2589 in
3235 2534 3595 2590 vestimentis.

395 2627 493 2679 27.
536 2625 613 2680 De
653 2626 908 2695 pontiﬁce
949 2625 1258 2680 Frithurico
1287 2636 1340 2680 et
1378 2627 1590 2681 cmlcris
1623 2628 1981 2698 pontificibus.
2090 2627 2178 2683 62.
2223 2628 2297 2681 De
2319 2627 2634 2681 inﬁrmitate
2658 2628 3022 2695 imperatoris.

396 2715 491 2770 9.8.
533 2716 810 2782 Quomode
883 2731 977 2770 rex
1047 2714 1247 2770 infecto
1310 2719 1524 2786 negotio
1588 2719 1880 2772 revertitur
1932 2719 1984 2771 in
2089 2718 2175 2771 65.
2206 2717 2279 2771 De
2305 2716 2638 2787 profectione
2664 2719 2897 2771 secunda
2928 2717 3070 2783 regis
3117 2716 3171 2769 in
3217 2714 3451 2768 Italiam.

476 2805 795 2860 Saxoniam.
2090 2810 2177 2864 6|.
2222 2810 2296 2864 De
2324 2809 2671 2873 Wicmanno,
2693 2809 2965 2878 quomodo
2993 2810 3186 2862 iterum
3216 2805 3521 2861 rebellavit.

395 2896 491 2951 29.
538 2896 608 2949 De
637 2897 823 2951 causis
848 2896 1162 2951 ||erimanni
1194 2906 1249 2953 et
1286 2906 1541 2967 nepotum
1577 2898 1713 2967 ejus.
2091 2898 2179 2953 65.
2220 2898 2297 2953 De
2356 2898 2555 2963 Darnis,
2602 2898 2870 2967 quomodo
2915 2896 3211 2951 Christiani
3259 2894 3494 2965 perfecte
3542 2892 3673 2947 facti

394 2987 490 3042 50.
532 2988 736 3042 Avares
774 2986 1074 3058 junguntur
1118 2989 1380 3058 Bojoariis
1409 2988 1518 3054 m,
1565 3006 1658 3045 rex
1704 3005 1831 3045 vero
1896 3007 1987 3044 uc-
2019 3039 2059 3058 Α
2164 2998 2312 3044 sunt.

471 3080 644 3135 currit
664 3080 744 3133 eis
774 3094 896 3133 cum
929 3079 1101 3133 valida
1127 3096 1309 3133 manu.
2015 3039 2060 3103 δ
2091 3080 2181 3134 66.
2223 3079 2367 3134 Gero
2396 3078 3003 3148 propterjuramentum
3027 3076 3231 3130 dimisit
3261 3074 3668 3129 Wicmannum.

400 3172 491 3223 3|.
537 3167 767 3235 Bojoarii
799 3168 941 3222 bello
969 3168 1177 3238 fatigati
1207 3170 1272 3221 de
1300 3184 1431 3238 pace
1462 3178 1715 3224 tractant.
2091 3171 2179 3225 67.
2220 3169 2497 3236 Quomodo
2523 3168 2665 3223 Gero
2694 3167 2761 3208 θ⁸¹
2796 3166 2977 3221 Lusiki
3003 3166 3153 3220 vicit.

395 3262 468 3317 '32
508 3261 581 3315 De
612 3261 812 3331 placito
844 3262 987 3329 regis
1018 3261 1157 3329 apud
1202 3260 1452 3315 Cinnam.
2093 3262 2179 3316 68.
2222 3262 2298 3315 De
2335 3260 2543 3315 duobus
2584 3257 2783 3329 regulis
2812 3267 2865 3311 et
2895 3255 3235 3311 Wicmanno.

394 3375 491 3428 55.
536 3373 611 3428 De
635 3373 893 3444 pontiﬁce
930 3372 1239 3428 Fritliurico
1265 3382 1319 3428 et
1341 3375 1591 3429 Coitrado
1615 3376 1771 3431 duce.
2093 3353 2180 3408 69-
2220 3352 2295 3406 De
2326 3364 2459 3444 nec?
2480 3349 2809 3444 Wic'f‘aﬂﬂi'

2094 3445 2181 3499 70.
2222 3442 2472 3512 Acceptis
2501 3441 2668 3495 armis
2687 3438 2993 3494 Wietnanni
3021 3437 3318 3507 imperator
3338 3434 3453 3502 jam
3488 3432 3670 3488 factus

2165 3535 2383 3603 scripsit
2405 3531 2688 3603 epistolam
2714 3531 2770 3586 in
2799 3528 3092 3585 Saxoniam
3123 3526 3462 3581 mittendam.

2095 3649 2182 3703 7|.
2222 3646 2298 3701 De
2328 3644 2522 3715 legatis
2544 3641 2840 3696 Grecorum
2882 3648 2936 3694 et
2960 3653 3147 3694 eorum
3179 3634 3387 3690 fraude.

2097 3759 2184 3814 7‘2.
2226 3758 2303 3812 De
2330 3755 2669 3813 Gundthario
2694 3763 2751 3808 et
2775 3751 2997 3808 Sil'rido.

2097 3867 2185 3920 75.
2228 3866 2303 3920 De
2330 3862 2527 3934 populo
2555 3857 3150 3929 Constantinoriolitano
3175 3863 3232 3910 et
3272 3868 3460 3909 eorum
3504 3852 3675 3922 impe-

2169 3954 2460 4011 ratoribus.

2102 4072 2188 4127 74.
2216 4070 2292 4124 De
2323 4067 2581 4123 Mathilda
2622 4071 2797 4118 matre
2840 4058 3182 4129 imperatoris
3207 4066 3261 4111 et
3288 4055 3437 4110 obitu
3464 4052 3675 4123 episco-

2170 4174 2361 4230 porum
2387 4151 2686 4212 Bernhardi
2724 4160 2779 4205 et
2811 4147 3109 4203 Wilbelmi.

2100 4274 2185 4327 75.
2231 4271 2307 4327 De
2339 4267 2647 4324 reversione
2684 4260 3028 4332 imperatoris
3051 4259 3119 4313 ab
3158 4257 3309 4312 Italia
3337 4267 3391 4312 et
3433 4254 3502 4310 de
3526 4255 3679 4308 obitu

394 3489 489 3542 54.
536 3490 610 3543 De
642 3488 892 3543 Liudulfo
922 3488 1014 3557 qui
1054 3503 1084 3541 a
1127 3496 1283 3556 patre
1313 3489 1482 3543 iratus
1510 3488 1779 3551 discessit,
1813 3498 1866 3542 et
1898 3507 1986 3543 rex

473 3594 599 3634 eum
638 3578 1006 3649 persequitur.

394 3692 492 3745 55.
534 3662 718 3760 Pugna
749 3690 891 3758 apud
924 3688 1203 3745 Horsadal.

393 3805 493 3860 56.
536 3803 757 3860 Obsidio
783 3803 936 3857 urbis
960 3817 1078 3872 quae
1104 3803 1177 3835 "°
1207 3803 1406 3859 dicitur
1434 3805 1773 3875 Renesburg.

393 3919 491 3972 57.
533 3916 818 3971 Liudull'us
854 3931 1044 3986 pacem
1082 3916 1320 3986 postulat
1347 3917 1442 3972 sed
1479 3933 1585 3973 non
1634 3919 1906 3987 impetrat,
1937 3929 1993 3973 et

473 4012 544 4065 de
573 4020 749 4064 morte
776 4008 1009 4063 Amulli.

393 4122 490 4176 58.
537 4118 790 4173 Liudulfo
816 4135 919 4188 pax
946 4119 1123 4182 datur,
1151 4130 1205 4175 et
1238 4136 1329 4176 rex
1358 4121 1648 4176 Saxoniam
1681 4124 1989 4177 revertitur.

392 4231 489 4285 59.
540 4230 825 4286 lleinricus
861 4229 1063 4286 Novam
1094 4233 1281 4288 urbem
1305 4234 1457 4287 adiit.

390 4347 487 4399 1.0.
540 4344 783 4411 Qualiter
815 4360 908 4400 rex
941 4345 1107 4400 ﬁlium
1136 4347 1430 4403 clementer
1462 4350 1703 4418 suscipit.
2022 4388 2070 4446 D
2166 4368 2301 4439 eius,

390 4463 487 4515 41.
536 4462 615 4516 De
647 4460 751 4516 ﬁne
779 4461 1053 4531 pontiﬁcis
1083 4462 1397 4518 Fritliuriei.
2101 4479 2187 4534 73,
2230 4477 2509 4547 Quomodo
2551 4471 2778 4546 populus
2810 4487 2908 4541 pro
2940 4478 3094 4541 patre
3137 4464 3301 4534 elegit
3346 4461 3512 4516 ﬁlium
3557 4458 3676 4525 ejus

388 4573 482 4630 4‘2.
532 4571 780 4639 Qualiter
808 4571 933 4627 Ucri
965 4588 995 4626 a
1026 4572 1236 4629 Gerone
1262 4573 1570 4642 capiuntur.
2174 4571 2227 4624 in
2259 4566 2579 4639 principem.

1650 4703 1964 4744 expucurxr
2022 4691 2092 4722 ⁹⁸²
2145 4698 2429 4742 caenum.

1699 4835 1930 4891 VARUE
1970 4831 2377 4891 LECTIONES.

469 4975 544 5007 9“
582 4973 887 5028 bertliarius
924 4974 1040 5028 cod.
1118 4974 1189 5009 "'
1226 4972 1515 5030 facturus?
1607 4969 1677 5004 ’⁸⁵³
1722 4964 2223 5046 ³¹¹8υξ¹³¹¹³91ίῖ⁰ξ¹·
2328 4962 2398 4995 ω
2448 4965 2584 5046 da.”
2652 4973 2785 5041 ⁸9η·
2853 4951 3263 5046 (ὶῗᾳῗῃθ..⁶,9.ίέᾏ.
3299 4947 3375 5046 .m
3418 4942 3703 5046 illi“???

393 5046 521 5098 md.
584 5026 589 5027 ν
632 5042 705 5076 ’⁵⁸
739 5026 1128 5100 εὼθὶεὴὶονεοά.
1168 5043 1378 5111 Impius.
1411 5026 1547 5076 “"7
1576 5040 1742 5111 acipit
1788 5026 1901 5090 ἴοά.
1981 5039 2054 5073 ³η
2086 5026 2394 5091 iiii-imanno
2426 5034 2543 5091 cod.
2569 5030 2776 5100 sepius.
2898 5030 2967 5062 ’δ’
2996 5026 3267 5082 boioarios
3296 5034 3340 5071 ε.
3418 5026 3493 5046 ’δν
3529 5028 3621 5083 qut
3647 5026 3693 5060 σε

393 5117 463 5146 ’⁸³
502 5126 645 5182 ergo
689 5129 735 5166 ο.
830 5115 899 5148 ⁹⁸¹
936 5114 1157 5172 exolicit
1197 5128 1244 5166 ε.
1273 5158 1291 5173 ,
