4472 5522
392 428 495 485 185

1417 429 1547 483 RES
1588 426 1835 483 CESTJE
1876 425 2261 481 SAXONICJS.
2298 462 2364 470 —
2398 432 2523 487 LIB.
2563 434 2645 489 111.

3550 429 3643 486 186

334 587 340 604 τ
388 546 533 615 genti
558 543 627 579 '7‘
677 545 729 599 in
782 546 1008 601 eandem
1060 544 1454 616 expeditionem
1510 560 1652 597 anno
1695 542 1965 611 sequenti,
1996 549 2041 606 Α
2072 542 2373 609 Liudulfus,
2423 546 2594 601 tristis
2626 562 2653 598 a
2708 561 2830 615 rege
2876 546 3142 606 disceSsit.
3178 542 3555 614 profectusque
3589 543 3642 595 in

387 638 623 690 occurrit
641 637 786 705 {255)
806 636 957 707 juxta
983 635 1199 690 ﬁuvinm
1222 637 1311 706 qui
1338 636 1532 690 dicitur
1554 636 1779 690 Cbar'"
1796 634 1964 705 (256),

388 742 580 782 manus
607 728 772 786 dedit.
798 727 1059 798 juxtaque
1094 727 1379 796 imperium
1414 728 1555 797 regis
1584 737 1797 796 pactum
1825 726 1966 792 iniit,

388 820 644 889 utilisque
671 819 895 889 proinde
923 820 1238 891 permansit.

456 912 510 967 6.
556 912 751 967 Videas
779 923 956 969 autem
990 930 1083 969 rex
1139 914 1303 969 ﬁlium
1352 930 1507 969 suum
1551 912 1857 969 Liudulfum
1890 912 1971 969 vi-

390 1022 507 1060 rum
540 1006 761 1071 factum,
797 1008 942 1061 dedit
974 1007 1021 1063 ei
1055 1006 1333 1076 conjugem
1366 1008 1565 1063 divitiis
1599 1024 1659 1062 ac
1692 1008 1968 1062 nobilitate

386 1097 609 1163 claram,
635 1098 784 1152 duris
810 1098 1119 1153 llerimanzti
1146 1099 1330 1165 ﬁliam,
1360 1100 1577 1155 nomine
1604 1099 1766 1153 ldam.
1793 1098 1964 1166 Quam

385 1203 509 1241 cum
542 1189 859 1257 accepisset,
902 1189 954 1242 in
1008 1189 1154 1242 brevi
1204 1198 1321 1259 post
1373 1190 1487 1243 lucc
1534 1204 1687 1244 socer
1740 1189 1968 1243 moritur

392 1277 824 1349 ('DCCCCXLIX)
847 1321 860 1342 ,
889 1295 1009 1333 cum
1040 1280 1233 1334 ducatu
1249 1280 1393 1334 omni
1423 1282 1469 1333 ei
1515 1280 1851 1349 possessione
1886 1295 1967 1334 re-

386 1366 532 1420 licta.
581 1369 812 1438 Accepta
861 1378 1039 1423 autem
1090 1378 1386 1436 potestate,
1421 1370 1657 1423 aninmm
1710 1368 1967 1438 tranquil-

386 1456 519 1519 l‘um,
552 1472 709 1527 quem
753 1458 803 1511 in
836 1472 1001 1527 puero
1020 1458 1092 1491 '"
1126 1460 1322 1530 gessit,
1369 1460 1535 1517 exuit.
1590 1467 1967 1527 armatumque

386 1548 613 1602 militem
663 1549 716 1603 in
762 1548 971 1603 Italiam
1022 1550 1247 1613 ducens,
1277 1550 1568 1618 aliquantis
1616 1550 1686 1605 ibi
1744 1550 1967 1604 urbibus

384 1637 558 1705 captis
610 1648 663 1692 et
714 1638 815 1692 sub
851 1638 1096 1693 custodia
1137 1639 1368 1704 traditis,
1418 1640 1533 1709 ipse
1578 1640 1863 1694 revertitur
1912 1639 1963 1693 in

383 1726 668 1782 Franciam
686 1728 1014 1800 (DCCCCL).
1942 1725 1947 1729 ’

457 1818 510 1874 7.
553 1819 628 1874 Eo
683 1831 926 1891 tempore
981 1832 1236 1892 usurpato
1292 1822 1558 1893 imperio,
1612 1823 1854 1893 regnavit
1913 1822 1965 1875 in

2071 634 2383 700 Saxoniam,
2422 636 2748 705 aliquamdiu
2779 646 3017 691 moratus
3049 646 3131 691 est
3169 637 3218 689 in
3250 635 3367 689 loco
3403 633 3644 689 consiliis

2068 727 2281 784 funesto
2305 730 2449 798 (26l)
2483 728 2827 784 Salaveldun.

2142 822 2227 877 10.
2271 820 2381 875 [lex
2412 822 2597 877 veroin
2643 822 2792 876 ltalia
2817 818 3274 887 celebratisjuxta
3304 816 3646 889 magniﬁcen»

2071 912 2201 968 tiam
2232 912 2465 984 regalem
2516 914 2718 983 nuptiis
2745 912 2917 983 (262),
2955 910 3315 983 proﬁciscitur
3362 908 3483 962 imle
3522 922 3643 962 cum

2069 1005 2189 1058 novi
2242 1004 2571 1057 matrimonii
2625 1003 2910 1067 claritate,
2960 1012 3180 1056 acturus
3224 1001 3293 1033 ⁵⁸⁸
3342 999 3643 1069 proximum

2067 1096 2264 1167 pascba
2313 1097 2365 1152 in
2420 1095 2688 1162 Saxonia,
2750 1094 2989 1150 laetitiam
3040 1093 3228 1165 patria:
3290 1103 3647 1161 magnamque

2068 1191 2293 1263 gratiam
2346 1190 2649 1246 conferens.
2702 1189 2999 1244 l’ersuasus
3036 1201 3250 1257 quoque
3282 1199 3373 1237 rex
3410 1180 3649 1236 Bernba-

2070 1286 2182 1338 rius
2212 1299 2240 1336 a
2268 1282 2517 1339 Conrado
2544 1283 2702 1347 duce,
2734 1281 2819 1336 cui
2865 1280 3030 1349 Papia
3068 1293 3190 1333 cum
3222 1273 3474 1345 prmsidio
3501 1270 3648 1326 mi'i-

2070 1378 2171 1431 tari
2222 1376 2407 1431 relicta
2432 1376 2502 1409 ⁸³⁸
2536 1384 2655 1430 erat
2697 1370 3081 1435 custodienda,
3158 1382 3339 1439 regem
3391 1364 3651 1419 subsecu-

2071 1478 2154 1521 tus
2195 1477 2279 1522 est
2324 1468 2376 1521 in
2404 1464 2747 1521 Germaniam
2778 1503 2793 1527 ,
2831 1476 3017 1532 pacem
3046 1475 3168 1514 cum
3217 1472 3281 1513 eo
3310 1454 3570 1513 facturus.
3596 1459 3651 1505 et

2067 1555 2319 1611 omnibus
2388 1569 2507 1623 qua:
2563 1552 2940 1622 imperavisset
2993 1551 3487 1618 obtemperaturus.
3552 1540 3701 1597 Cui'

2071 1646 2232 1714 regiae
2280 1642 2397 1696 urbi
2440 1641 2588 1711 (265)
2644 1637 3141 1710 appropinquanti,
3193 1634 3501 1690 occurritur
3552 1630 3656 1684 mi-

2069 1734 2225 1788 liario
2250 1735 2318 1789 ab
2348 1733 2481 1787 urbe
2504 1748 2533 1786 a
2565 1731 2791 1787 ducibus
2811 1738 2864 1785 et
2895 1729 3164 1799 prsefectis
3185 1725 3654 1796 palatinorumque

2070 1826 2418 1895 primoribus,
2455 1834 2509 1879 et
2562 1824 2813 1895 regaliter
2865 1831 3182 1892 susceptus,
3223 1820 3417 1873 ductus
3455 1816 3507 1869 in
3562 1830 3652 1867 ur-

385 1906 765 1979 l.ongobardia
803 1912 962 1965 bomo
993 1910 1139 1965 ferus
1159 1911 1228 1943 ’"
1265 1922 1318 1965 el
1364 1927 1580 1975 avarus.
1613 1920 1667 1966 el
1720 1912 1811 1979 qui
1854 1926 1966 1965 Om-
1999 1901 2043 1960 Β
2074 1918 2210 1977 bcm,
2244 1916 2428 1984 jussus
2458 1917 2619 1971 estin
2674 1914 2906 1984 hospitio
2955 1914 3055 1966 sibi
3086 1919 3276 1981 parato
3297 1910 3367 1943 "°
3413 1921 3651 1961 manere.

384 2015 508 2055 nem
532 2000 798 2069 justitiam
822 2004 1047 2072 pecunia
1071 2003 1347 2067 venderet,
1368 2002 1694 2057 Bernbarius
1708 2001 1777 2033 ’⁷⁸
1794 2001 1963 2071 (257).

386 2093 603 2147 Veritus
631 2104 812 2148 autem
866 2095 1154 2163 singularis
1198 2095 1501 2165 prudentice
1551 2094 1747 2164 regina:
1794 2094 1967 2147 virtu-

386 2196 495 2239 tem
520 2185 611 2250 ’7’,
643 2202 671 2239 a
699 2184 1037 2240 lllutbowiro
1085 2201 1208 2255 rege
1235 2185 1383 2255 (258)
1431 2185 1653 2248 relictas,
1686 2186 1739 2237 in
1790 2184 1968 2237 multis

384 2289 507 2328 eam
538 2273 746 2339 afﬂixit,
778 2291 883 2345 quo
916 2278 1047 2329 tanti
1077 2278 1240 2331 decus
1270 2275 1572 2346 splendoris
1593 2274 1664 2307 ⁹⁸⁶
1692 2275 1969 2346 extingue-

385 2374 491 2430 ret,
519 2366 599 2420 vel
626 2376 774 2421 certe
801 2368 1142 2423 obscuraret.

457 2462 512 2516 8.
573 2460 667 2515 Illo
722 2470 966 2532 tempore
1018 2478 1112 2517 rex
1184 2464 1548 2532 proﬁciscitur
1608 2464 1660 2517 in
1720 2461 1968 2516 militiam

383 2558 575 2603 contra
600 2548 926 2606 Bolizlavum
943 2551 1013 2582 ’“
1038 2568 1217 2623 regem
1236 2554 1382 2623 (259)
1400 2553 1758 2618 Boemiorum,
1780 2563 1968 2608 etcum

384 2643 648 2712 capienda
677 2652 820 2699 esset
849 2646 977 2699 urbs
1013 2660 1134 2715 qua:
1185 2647 1596 2716 nuncupabatur
1620 2645 1764 2699 Nova
1797 2646 1967 2717 (260),

386 2733 442 2786 lu
474 2750 577 2802 qua
607 2734 823 2790 clausus
871 2736 1220 2791 obsidebatur
1267 2737 1515 2791 Bolizlavi
1541 2737 1609 2773 ⁹⁸¹
1648 2736 1810 2803 ﬁlius,
1845 2754 1970 2807 prn-

385 2823 535 2876 denti
566 2840 657 2877 rex
686 2824 911 2879 consilio
942 2825 1157 2879 diremit
1187 2826 1467 2893 prtelimn,
1498 2842 1564 2881 ne
1588 2824 1741 2881 miles
1785 2827 1840 2879 in
1881 2842 1969 2880 ra-

384 2912 599 2983 piendis
645 2914 882 2969 hostium
931 2916 1117 2984 spoliis
1161 2917 1377 2987 aliquod
1422 2917 1719 2985 periculum
1770 2918 1970 2973 incide-

385 3007 587 3061 ret’".
636 3008 987 3064 Considerata
1038 3013 1219 3079 itaque
1268 3013 1465 3065 virtute
1516 3026 1657 3081 regis
1706 3027 1769 3066 ac
1814 3015 1968 3065 innuc

384 3112 537 3153 mera
570 3098 913 3154 multitudine
938 3103 1211 3155 exercitus
1231 3142 1245 3166 ,
1274 3100 1510 3154 Bolizlav
1533 3102 1605 3131 ’⁸⁸
1632 3101 1761 3155 urbe
1794 3117 1973 3171 egres-

388 3204 505 3247 sus.
545 3190 732 3243 maluit
781 3200 943 3244 tanta:
976 3190 1241 3261 majestati
1266 3190 1483 3261 subjici,
1512 3205 1674 3259 quam
1724 3191 1968 3245 ultimam

2073 2005 2257 2075 Neque
2285 2006 2427 2060 enim
2460 2004 2647 2059 faciem
2680 2005 2821 2073 regis
2856 2004 2993 2055 intra
3029 2010 3139 2055 tres
3174 2002 3290 2053 dies
3319 1998 3501 2052 videre
3533 2010 3659 2065 pro-

2073 2098 2285 2152 meruit.
2317 2097 2467 2164 Quod
2508 2110 2650 2167 (egre
2701 2095 2880 2149 ferens
2906 2091 3207 2157 Conradus,
3237 2092 3328 2162 qui
3389 2106 3511 2145 eum
3563 2088 3658 2143 ad-

2072 2191 2337 2253 duxerat,
2395 2204 2668 2258 unumque
2718 2203 2839 2242 cum
2909 2203 2974 2242 eo
3028 2187 3269 2243 sentiens
3319 2184 3459 2239 ﬁlius
3512 2183 3657 2254 regis

2070 2279 2369 2343 Liudulfus,
2396 2288 2703 2349 suspectmn
2734 2293 2893 2348 super
2908 2279 2974 2318 σοι
3008 2278 3109 2331 bac
3131 2290 3290 2331 causa
3320 2273 3656 2336 lleinricum,

2074 2370 2295 2424 fratrem
2351 2370 2513 2440 regis,
2558 2370 2839 2433 habentes,
2877 2369 3030 2438 quasi
3063 2369 3282 2437 antiqua
3317 2364 3654 2420 stimulatum

2073 2462 2294 2526 invidia,
2345 2463 2719 2517 devitaverunt
2748 2477 2891 2515 cum.
2940 2459 3223 2514 lleinricus
3252 2468 3429 2512 autem
3479 2457 3659 2510 sciens

2073 2551 2467 2605 adulescentem
2526 2551 2785 2604 maternis
2839 2551 3155 2604 destitutum
3204 2548 3274 2580 ”'
3338 2545 3653 2617 suffragiis,

2073 2641 2402 2710 contemptui
2468 2640 2632 2709 cmpit
2658 2640 2729 2673 ’³³
2780 2655 2900 2693 cum
2934 2639 3151 2700 habere,
3188 2640 3239 2692 in
3271 2647 3476 2691 tantmn
3511 2645 3568 2688 ut
3619 2651 3649 2687 a

2073 2732 2330 2785 conviciis
2356 2732 2404 2785 ei
2434 2746 2647 2800 quoque
2675 2746 2779 2784 non
2809 2740 3077 2799 parceret.
3108 2731 3314 2784 Interea
3349 2743 3439 2782 rex
3474 2742 3653 2797 regem

2074 2822 2384 2892 alloquitur,
2418 2824 2469 2875 in
2496 2823 2834 2893 gratiamque
2866 2823 3007 2891 regis
3034 2838 3098 2877 ac
3122 2822 3323 2892 regina:
3352 2829 3657 2889 susceptus,

2074 2914 2362 2967 deditionis
2410 2914 2753 2983 sponsionem
2798 2914 2923 2977 dat,
2976 2912 3402 2981 fmderisque’“
3436 2920 3656 2981 SpOnla-

2075 3004 2157 3056 nei
2176 3002 2247 3037 "'
2269 3001 2407 3056 dicm
2436 3001 2717 3071 locumque
2738 3002 2808 3035 ’³⁸
2832 3002 2969 3070 apud
2994 3002 3179 3056 urbem
3204 3002 3567 3071 Augustalium
3589 2999 3657 3031 ⁹⁹⁷

2075 3097 2383 3166 designans.

2148 3190 2233 3241 ll.
2279 3188 2377 3243 Ubi
2412 3204 2533 3242 cum
2557 3188 2627 3222 ’⁸³
2661 3199 2958 3245 conventus
2990 3190 3167 3254 ﬁeret,
3193 3190 3523 3244 Bernbarius
3548 3204 3664 3243 ma-

385 3282 683 3353 pcrzjciem
739 3283 883 3353 pati;
920 3283 1022 3337 sub
1070 3283 1345 3352 signisque
1373 3292 1543 3347 stans,
1575 3291 1629 3336 et
1664 3296 1843 3351 regem
1880 3298 1974 3336 au-
2003 3272 2048 3334 C
2083 3296 2183 3334 nus
2211 3280 2302 3333 ﬁlii
2335 3280 2416 3333 sui
2445 3280 2514 3313 '9’
2548 3280 2863 3334 Adalbcrhti
2896 3282 2988 3311 ¹⁰⁰⁰
3023 3282 3136 3336 suis
3169 3281 3257 3313 ¹⁰⁴¹
3287 3282 3535 3336 manibus
3564 3280 3663 3332 im-

388 3373 543 3427 diens
566 3374 638 3409 ⁹⁸⁹
670 3388 1037 3445 re—ponsaque
1069 3374 1332 3439 reddens,
1365 3376 1572 3428 veniam
1608 3377 1818 3429 tandem
1850 3390 1973 3445 pro-

388 3465 610 3519 meruit.
668 3464 796 3520 lnde
851 3464 1009 3535 plena
1064 3466 1290 3520 victoria
1330 3464 1596 3536 gloriosus
1635 3464 1812 3521 factus
1853 3481 1971 3532 rex,

390 3553 682 3609 Saxoniam
717 3557 1021 3626 regreditur
1047 3557 1137 3610 m.

462 3644 515 3698 9.
552 3644 909 3716 (παραυ.)
944 3645 1187 3715 Cumque
1228 3662 1349 3700 eum
1390 3647 1561 3700 virtus
1610 3644 1845 3716 pnefatze
1891 3661 1973 3699 re-

386 3734 528 3801 gina:
559 3750 661 3789 non
700 3734 917 3799 lateret,
953 3736 1204 3801 simulato
1236 3736 1428 3790 itinere
1458 3734 1683 3790 Romam
1707 3734 1975 3803 proﬁcisci

386 3811 600 3884 statuit.
647 3826 890 3897 Cumque
945 3829 998 3882 in
1049 3826 1476 3898 Longobardiam
1538 3836 1757 3881 ventum
1808 3836 1975 3890 esset,

389 3919 574 3975 aureis
600 3918 918 3971 muneribus
958 3932 1196 3971 amorem
1246 3918 1443 3987 regina:
1472 3932 1633 3987 super
1666 3932 1723 3971 se
1749 3917 1977 3985 probare

388 4010 697 4076 temptavit.
749 4008 868 4077 Quo
900 4007 1131 4062 ﬁdeliter
1159 4017 1404 4077 experto,
1439 4008 1491 4060 in
1536 4007 1841 4076 conjugium
1876 4004 1976 4060 sibi

389 4113 517 4153 eam
546 4098 789 4161 sociavit,
818 4112 1052 4165 cumque
1076 4113 1138 4154 ea
1163 4099 1230 4130 ’⁸⁷
1268 4097 1455 4151 urbem
1486 4096 1724 4165 Papiam,
1750 4110 1868 4163 qua:
1896 4104 1979 4148 est

386 4189 554 4243 sedes
601 4189 770 4260 regia,
806 4189 1061 4243 obtinuit.
1091 4189 1243 4254 Quod
1290 4205 1411 4242 cuzn
1446 4188 1669 4241 \idissct
1699 4184 1838 4238 ﬁlius
1864 4183 1979 4251 ejus

2083 3370 2308 3439 plicans,
2357 3370 2482 3424 licet
2512 3370 2638 3424 olim
2688 3371 2966 3442 llugonem
3011 3372 3220 3443 fugiens
3263 3374 3372 3443 regi
3408 3372 3665 3427 subdere-

2082 3468 2171 3514 tur
2198 3459 2365 3530 (264),
2427 3470 2553 3515 tunc
2608 3470 2785 3516 tamen
2839 3472 3090 3516 renovata
3143 3464 3246 3517 ﬁde
3286 3478 3468 3517 coram
3513 3463 3661 3516 omni

2083 3554 2323 3609 exercitu
2352 3553 2632 3608 famulatui
2670 3556 2810 3625 regis
2842 3572 2900 3611 se
2935 3572 3057 3611 cum
3092 3555 3202 3609 ﬁlio
3236 3555 3562 3625 subjugavit.
3597 3553 3664 3607 Et

2084 3644 2155 3696 ita
2181 3644 2455 3706 dimissus,
2488 3646 2539 3697 in
2577 3646 2666 3676 ¹⁰⁰¹
2704 3647 2907 3699 Italiam
2952 3648 3211 3700 remeavit
3252 3661 3373 3700 cum
3410 3644 3580 3714 gratia
3610 3652 3667 3698 et

2082 3751 2232 3806 pace.
2286 3736 2361 3791 lbi
2408 3738 2561 3793 mirae
2602 3739 2985 3809 magnitudinis
3027 3740 3162 3810 lapis
3205 3739 3482 3809 grandinis
3528 3739 3666 3792 toni-

2083 3838 2167 3881 tru
2201 3827 2293 3861 ¹⁰⁶³
2323 3843 2385 3882 ac
2424 3838 2743 3897 tempestate
2768 3831 3075 3884 turbulenta
3106 3831 3172 3885 de
3195 3830 3333 3885 cmlo
3356 3829 3554 3897 jactus,
3585 3829 3663 3881 in-

2081 3931 2213 3986 gens
2245 3918 2573 3973 miraculum
2596 3920 2777 3973 multis
2806 3921 3104 3975 visentibus
3128 3922 3375 3991 praebuit.

2153 4007 2239 4060 12.
2300 4007 2417 4062 Nati
2471 4018 2596 4062 sunt
2648 4022 2826 4064 autem
2885 4012 2995 4079 regi
3056 4011 3145 4065 ﬁlii
3194 4028 3258 4066 ex
3316 4011 3663 4066 serenissima

2081 4097 2264 4166 regina
2332 4098 2722 4167 primogenitus
2773 4100 3058 4155 llcinricus
3132 4100 3325 4171 (265),
3396 4101 3665 4155 secundus

2081 4185 2225 4240 Brun
2250 4187 2339 4219 ¹⁰⁹”
2365 4188 2535 4260 (266),
2563 4191 2755 4246 tertius
2778 4191 2869 4223 ¹⁰⁰⁸
2890 4192 3101 4262 paterni
3127 4193 3360 4247 nominis
3385 4191 3666 4261 majestate

1703 4295 1940 4353 VARUS
1986 4294 2389 4356 LECTIONES.

483 4374 557 4405 ’τι
588 4389 737 4437 perg.
769 4374 818 4427 ei
845 4375 905 4428 2.
979 4376 1049 4408 ⁸⁷⁸
1078 4389 1173 4428 car
1197 4374 1260 4427 A.
1292 4373 1347 4427 2.
1396 4375 1447 4428 5.
1479 4374 1606 4428 Kar.
1636 4370 1688 4424 6.
1715 4368 1785 4399 ⁹⁷⁶
1822 4382 1986 4437 quam
2018 4367 2262 4437 impuero
2294 4372 2317 4423 1

588 4389 737 4444 perg.
769 4389 818 4427 et
845 4389 905 4428 2.
979 4389 1049 4408 ’τ’
1078 4389 1173 4428 car
1197 4389 1260 4427 A.
1292 4389 1347 4427 ι.
1396 4389 1447 4428 5.
1480 4389 1606 4428 nar.
1636 4389 1688 4424 o.
1717 4389 1785 4399 ἐ-
1822 4389 1986 4437 quam
2019 4389 2262 4434 Ilupuero
2294 4389 2317 4423 ι
2542 4389 2702 4433 torus
2728 4389 2778 4431 δ,
2858 4389 2928 4409 ἰ’
2971 4389 3292 4430 nrennartus
3315 4389 3367 4429 2.
3402 4389 3515 4444 post
3545 4392 3661 4429 vero

588 4446 755 4509 trius;
789 4442 823 4497 8
847 4461 1047 4509 semper
1073 4445 1419 4509 Berngarius.
1496 4445 1565 4477 ’⁷³
1591 4438 1916 4509 virtttttntA.
1958 4506 1973 4509 γ’
1993 4436 2062 4509 °_'°
2083 4436 2233 4509 ducis
2262 4441 2600 4509 splemlorem
2634 4447 2697 4501 Α.
2772 4447 2941 4508 ⁹⁸¹,⁹⁸¹
2977 4444 3569 4500 bolizlanm—bolizlai
3599 4446 3661 4498 A.

389 4514 470 4550 ⁸⁸³
516 4504 801 4568 milites;
828 4504 1130 4568 inciderent
1158 4504 1245 4568 2:
1288 4514 1360 4546 ’⁸⁸
1415 4511 1638 4568 bolizlaf
1655 4510 1710 4564 2.
1747 4506 1974 4561 Bolizlal‘
1997 4504 2051 4557 5.
2181 4507 2202 4538 ⁸
2237 4504 2359 4567 adie

389 4585 470 4629 ’³⁸
513 4594 839 4636 acturusnue
864 4584 918 4636 5.
1011 4587 1082 4619 ⁸⁸⁸
1127 4584 1317 4636 relicto
1345 4583 1397 4636 2.
1469 4584 1538 4616 9'“
1582 4586 1881 4636 praeparato
1912 4578 1966 4630 5.
2046 4573 2135 4636 ,⁹⁹¹
2175 4578 2360 4636 deest2

387 4438 755 4509 bernbaritts;
789 4442 823 4497 8
847 4461 1047 4513 semper
1073 4445 1419 4513 Berngarius.
1496 4445 1567 4513 ’τὲ
1591 4438 1916 4513 virutmnnA.

389 4585 470 4629 ’³⁸
513 4594 839 4639 acturusnue
864 4584 918 4637 5.
1011 4587 1082 4619 ⁸⁸⁸
1127 4584 1317 4639 relicto
1345 4583 1397 4637 2.
1469 4584 1538 4616 9'“

389 4656 471 4695 ’⁸⁵
504 4653 725 4709 foederis
746 4653 801 4708 5.

1582 4586 1894 4651 praeparato
1912 4578 1966 4630 5.

395 4794 499 4825 ⁸⁸⁸⁵
527 4795 652 4849 add.
684 4794 812 4851 Otto
841 4795 895 4849 5.

876 4646 958 4685 ’π’
972 4656 1109 4709 deest
1144 4656 1210 4709 1?
1281 4656 1351 4688 ⁸³⁸
1380 4654 1518 4707 deest
1552 4646 1612 4706 A'.
1643 4646 1708 4704 5.’
1772 4647 1842 4684 ’⁸⁷
1872 4648 2168 4713 Augustam
2194 4649 2246 4701 5.
2277 4650 2327 4703 6.

390 4724 694 4779 adalbertbi
732 4726 782 4779 1.
837 4724 1102 4781 adalberti
1152 4727 1212 4779 A.
1272 4724 1531 4780 adelberti
1578 4722 1635 4781 2.
1660 4720 1711 4773 5.
1789 4716 2000 4782 ¹⁶⁶¹,¹⁶⁶¹
2054 4715 2195 4771 deest
2226 4718 2279 4773 2.

2421 4373 2491 4406 ’⁷⁷
2542 4376 2702 4433 fortis
2728 4378 2778 4431 5.
2858 4375 2928 4409 ’⁷³
2968 4375 3292 4430 brenharius
3315 4375 3367 4429 2.
3402 4383 3515 4444 post
3545 4392 3667 4429 vero

2181 4507 2209 4587 ⁸.
2237 4507 2426 4587 adiens
2460 4515 2509 4587 1.
2585 4517 2657 4549 ⁸⁸⁸
2698 4533 2974 4587 regressus
3003 4527 3085 4571 est
3112 4516 3165 4569 5.
3199 4518 3254 4570 6.
3349 4516 3418 4552 ⁸³⁷
3458 4531 3577 4587 eam

2461 4584 2531 4618 ⁸⁸⁸
2571 4584 2894 4641 destinatum
2921 4588 2975 4641 2.
3052 4586 3123 4617 ⁸⁸³
3172 4602 3293 4640 eum
3344 4585 3581 4653 cmpitl.
3610 4585 3663 4653 5.

2408 4653 2476 4688 ⁵³⁸
2512 4657 2652 4711 deest
2686 4658 2737 4710 2.
2814 4658 2884 4689 ⁹⁹⁹
2926 4657 3019 4711 ﬁlii
3071 4658 3150 4709 sui
3202 4672 3392 4709 manus
3434 4652 3494 4708 ⁷2.
3571 4652 3667 4684 ¹⁰⁹⁶

2372 4723 2463 4755 ’⁸⁸⁵³
2500 4730 2733 4784 loaitruu
2764 4727 2815 4781 2.
2854 4728 3072 4781 tonitrui
3122 4728 3176 4781 5.
3268 4725 3361 4761 ¹⁹⁰⁸
3400 4724 3581 4779 Bruno
3609 4723 3665 4776 '5.

1922 4854 2151 4913 ΝΟΤᾸΕ.

474 4957 625 5029 (255)
664 4956 905 5012 lntrante
940 4972 1127 5013 mense
1156 4958 1399 5029 Augusto
1425 4956 1495 5013 cf.
1530 4954 1680 5009 Flod.
1713 4968 1762 5007 a.
1790 4952 1913 5007 9l7.

497 5028 622 5096 256)
660 5028 871 5083 Cbiers.

498 5096 625 5170 26?)
665 5097 707 5170 1.
736 5114 784 5152 e.
814 5100 1192 5170 Berengarius.

471 5167 624 5235 (258)
664 5168 905 5225 Lotharii
938 5167 1092 5224 vidua
1125 5170 1243 5223 fuit.

472 5237 900 5312 ‘259)__lnsolens
947 5249 1069 5305 est,
1118 5242 1262 5310 quod
1307 5239 1606 5312 Boleslaum
1637 5253 1838 5312 gregem
1884 5256 1983 5312 ap-

390 5309 571 5381 pellat
610 5307 1003 5381 Bohemnrnm;
1045 5307 1202 5381 idem-
1240 5321 1414 5367 tamen
1462 5310 1591 5381 facit
1636 5307 1987 5368 Frodoardus

394 5377 465 5435 ad
524 5379 760 5450 a.__950.
810 5381 975 5437 Mere.
1019 5380 1102 5436 Cf.
1156 5379 1370 5438 Dobner
1426 5384 1490 5437 ad
1544 5377 1842 5450 Hagecium
1895 5382 1984 5437 lll.

389 5465 527 5520 pag.
546 5446 816 5522 ῥόος-642.

2016 4947 2387 5033 D_N_iet_t_tb_urg
2438 4961 2521 5016 vel
2569 4961 2937 5033 Nimburg,ad
2992 4958 3352 5014 confluentem
3405 4954 3577 5010 Albia:
3622 4962 3677 5006 et

2088 5024 2297 5104 Marlini
2326 5024 2633 5104 aboriente
2663 5024 2871 5104 Prag‘aa.
2903 5032 3178 5086 BOtlllMl-th.

2160 5100 2308 5171 (261)
2350 5099 2433 5156 Cf.
2470 5104 2531 5159 ll.
2560 5121 2607 5160 c.
2644 5107 2726 5159 15.

2160 5168 2307 5247 alii)
2350 5175 2427 5231 De
2457 5178 2764 5247 nuptiarum
2822 5176 2906 5230 die
2939 5187 3043 5227 non
3090 5177 3336 5233 constat,
3365 5176 3520 5222 certe
3557 5168 3685 5219 ante

2090 5244 2267 5298 natale
2301 5248 2513 5302 Domini
2534 5244 2830 5305 celebratae
2856 5254 2999 5304 sunt.

2160 5314 2308 5393 (29"?)
2346 5316 2729 5393 Μῐιεξιςιθβιιτε·

2161 5383 2312 5463 ςξςξέ)
2348 5383 2791 5463 gricimtpr-Jmt.
2820 5389 2887 5446 v.
2924 5387 3013 5442 ιε.
3286 5452 3297 5463 ,

2162 5452 2312 5522 (265)
2352 5459 2477 5522 Quo
2512 5452 2655 5519 anno
2688 5473 2848 5519 natus
2886 5468 2942 5518 et
2979 5468 3226 5515 mortuus
3256 5452 3348 5514 sit,
3394 5463 3507 5503 non
3543 5455 3691 5522 rm"
