4472 5522
795 390 893 441 187

1796 390 2161 445 WIDUKINDI
2200 390 2646 446 CORBEIENSIS
2688 394 2989 449 MONACIII

3955 401 4047 454 lSS

786 503 1098 569 designatus
1158 501 1304 570 (237)
1333 541 1346 564 ,
1398 517 1554 569 quem
1601 501 1712 569 jam
1765 511 1885 569 post
1940 511 2147 571 patrem
2198 500 2368 555 domi-
2403 501 2447 559 Λ
2479 503 2671 556 nmltas
2694 520 2755 557 ac
2786 519 2978 574 graves
3006 520 3196 558 causas
3224 520 3432 559 summo
3457 508 3694 575 pontiﬁci
3718 509 4045 576 objiciebat;

789 610 916 645 num
958 589 1051 621 ‘°°‘
1079 607 1142 645 ac
1174 593 1550 660 imperatorem
1586 593 1870 647 universus
1900 601 2080 661 sperat
2102 592 2277 655 orbis;
2308 592 2369 644 ii-

789 685 914 735 liam
946 697 1160 753 quoque
1205 693 1408 736 sancta:
1452 682 1641 735 matris
1671 682 1786 749 ejus
1834 683 2095 736 vocabulo
2142 682 2366 751 insigni-

793 787 901 828 tam
936 774 1106 844 (268),
1139 774 1204 827 de
1232 788 1336 842 qua
1381 789 1486 826 non
1521 772 2133 844 prmsumimusaliquid
2167 772 2366 833 dicere,

793 883 914 921 cum
943 865 1059 933 ejus
1102 864 1320 920 claritas
1355 865 1627 933 prwccllat
1675 880 1835 919 omne
1883 865 2025 934 quod
2068 865 2247 919 dicere
2279 871 2372 917 aut

789 958 1031 1013 scribere
1060 957 1302 1012 valemus
1333 956 1448 1009 ‘°°".

868 1050 949 1102 15.
973 1047 1372 1118 (ορεαειιιι.)
1392 1048 1679 1102 Enimvero
1698 1062 1788 1101 rex
1804 1062 1924 1101 cum
1946 1047 2376 1117 regionesFi-an-

792 1155 978 1193 eorum
1004 1139 1273 1208 urbesque
1296 1139 1574 1202 circuiret,
1593 1138 1820 1202 audivit,
1840 1138 1964 1207 quia
1984 1138 2033 1191 ei
2059 1138 2267 1190 insidia:
2284 1152 2376 1206 pa-

799 1239 1054 1281 rarentur
1080 1244 1107 1280 a
1143 1228 1253 1283 ﬁlio
1276 1242 1611 1299 generoque;
1637 1238 1965 1299 quaprOpter
1985 1242 2226 1281 summus
2252 1244 2379 1295 pou-

794 1317 923 1370 tifex
956 1326 1259 1382 revocatus,
1308 1318 1398 1372 ubi
1438 1318 1793 1372 austeriorem
1832 1318 1995 1371 vitam
2045 1331 2192 1370 more
2222 1316 2378 1370 solito

794 1425 917 1462 cum
952 1409 1231 1464 heremitis
1262 1417 1317 1464 et
1350 1409 1606 1474 solitariis
1641 1417 1764 1463 ante
1792 1408 1995 1463 Pascha
2028 1408 2238 1479 agebat,
2269 1423 2381 1461 sus-

797 1503 941 1571 cepit
1000 1517 1182 1572 regem
1253 1500 1564 1572 Mogontite,
1625 1501 1697 1555 ibi
1747 1502 1795 1555 ei
1851 1500 2179 1569 aliquamdiu
2226 1498 2381 1552 mini-

800 1603 981 1648 strans
1007 1594 1125 1645 ιοθε.
1160 1591 1399 1647 Nefanda
1435 1592 1658 1647 consilia
1700 1592 1936 1661 prodita,
1964 1607 1992 1645 a
2024 1591 2132 1645 filio
2159 1604 2383 1661 genero—

801 1700 907 1753 que
960 1684 1373 1747 animadversa;
1430 1684 1695 1754 purgandi
1753 1683 1929 1737 locum
1978 1682 2221 1736 criminis
2261 1695 2382 1735 cum

802 1776 1032 1830 consilio
1055 1774 1330 1845 pontiﬁcis
1358 1783 1546 1843 petunt
1576 1774 1665 1805 ¹⁰⁰⁹
1695 1782 1749 1828 et
1785 1773 2094 1842 impetrant.
2130 1771 2228 1838 Qui
2263 1771 2387 1825 licet

2473 606 2861 665 proptereaque
2891 599 3030 667 regis
3060 597 3329 666 totiusque
3356 612 3490 666 pene
3509 598 3778 651 exercitus
3792 598 4049 653 offensam

2476 686 2725 751 incurrit,
2759 686 2883 739 dum
2916 702 3039 739 eum
3081 688 3293 755 penitus
3332 686 3651 755 culpabilem
3684 702 3749 740 ex
3788 688 3930 742 illius
3958 689 4054 719 ¹⁰²⁵

2477 777 2635 831 dictis
2679 788 2980 832 censerent.
3026 778 3291 833 Prieterea
3332 778 3421 809 ¹⁰²⁶
3466 794 3560 832 rex
3590 781 3918 834 severiorem
3962 781 4053 817 1°”

2478 869 2712 922 animum
2750 884 2943 939 gerens
2987 886 3053 924 ex
3101 870 3304 924 recenti
3342 869 3567 938 injuria,
3598 871 4058 926 eminentissimos

2479 960 2625 1015 viros
2653 975 2716 1014 ac
2746 960 2845 1014 sibi
2884 960 3152 1028 quondam
3200 974 3355 1013 caros
3401 969 3456 1013 et
3504 960 3556 1012 in
3609 958 3916 1013 Biertanico
3965 960 4058 990 ¹⁰¹⁸

2478 1051 2617 1106 bello
2658 1049 2860 1114 ﬁdeles,
2894 1049 3048 1103 fratri
3099 1048 3191 1080 ¹⁰²⁹
3231 1048 3453 1102 traditos
3502 1049 3665 1103 exilio
3705 1048 4017 1117 dampnavit
4047 1089 4061 1110 ,

2479 1140 2606 1195 dum
2634 1142 2873 1195 accusati
2895 1141 3159 1195 rationem
3181 1141 3487 1201 redderent.
3509 1154 3607 1193 nec
3624 1139 3716 1169 ¹⁰³⁰
3744 1154 3802 1192 se
3827 1139 3916 1169 1°"
3942 1155 4063 1208 pur-

2481 1246 2609 1302 gare
2640 1231 2731 1262 ¹⁰³²
2764 1229 3091 1286 sufﬁcerent.
3123 1229 3184 1282 lli
3216 1238 3371 1284 erant
3402 1229 3492 1268 ¹⁰³³
3525 1228 3783 1298 Thuringi
3827 1243 4023 1296 genere
4047 1268 4061 1289 ,

2483 1324 2767 1396 potestatis
2798 1322 3181 1393 praefectoriaa,
3217 1322 3466 1377 Dadanus
3493 1322 3638 1392 (2'70)
3686 1332 3741 1376 et
3786 1318 4067 1374 Willebel—

2485 1433 2606 1471 mus
2638 1416 2731 1449 ¹⁶³⁵
2762 1415 2997 1471 nomine.
3034 1415 3146 1469 Hoc
3180 1413 3323 1469 facto
3359 1414 3511 1467 multi
3552 1413 3819 1468 scelerum
3862 1410 4065 1467 conscii

2487 1507 2618 1561 satis
2654 1506 2745 1536 ¹⁰³⁸
2773 1504 3070 1574 perterriti,
3105 1504 3277 1558 soluta
3318 1503 3588 1567 contione,
3623 1500 3969 1557 multitudine
3989 1500 4069 1554 dio

2488 1597 2674 1661 missa,
2708 1611 2828 1650 sese
2867 1611 2961 1650 rex
2994 1597 3046 1648 in
3073 1594 3365 1649 orientales
3396 1605 3578 1663 partes
3607 1592 3854 1648 contulit.

2561 1688 2645 1739 17.
2686 1686 2923 1739 Lotharii
2947 1693 3147 1748 autem,
3178 1700 3299 1739 cum
3326 1699 3506 1754 regem
3532 1683 3652 1737 duci
3680 1682 3929 1737 Conrado
3952 1698 4074 1736 sen-

2494 1781 2692 1835 sissent
2724 1778 3009 1843 offensum,
3036 1794 3154 1832 cum
3181 1777 3293 1845 jam
3323 1777 3447 1831 olim
3479 1777 3528 1831 ci
3566 1775 3748 1831 infesti
3775 1785 3980 1841 essent,
4008 1791 4076 1831 ro

804 1871 1026 1925 sceleris
1052 1869 1336 1925 manifeste
1361 1880 1737 1940 arguerentur,
1767 1870 1945 1937 paruit
1978 1878 2157 1922 tamen
2181 1884 2272 1922 rex
2297 1882 2385 1921 eo—
2414 1850 2463 1909 Β
2493 1872 2636 1941 quod
2665 1871 2915 1925 ducatum
2954 1885 3116 1939 super
3145 1885 3238 1924 eos
3260 1870 3667 1923 administraret
3706 1868 3838 1937 ipsis
3871 1867 4075 1927 inritis,

807 1977 926 2014 rum
957 1961 1239 2015 sententiis
1266 1961 1318 2014 in
1346 1960 1596 2014 omnibus
1631 1959 1745 2024 ¹⁰¹⁰,
1787 1958 2025 2013 locorum
2062 1968 2387 2027 temporqu-

807 2067 913 2121 que
942 2053 1212 2121 angustia.

881 2144 967 2197 14.
1015 2144 1081 2197 Et
1110 2159 1231 2198 cum
1260 2152 1551 2214 apparatus
1583 2143 1853 2213 paschalis
1904 2144 2043 2213 apud
2086 2143 2175 2174 ¹⁰ί¹
2210 2142 2392 2211 Aquas

812 2234 925 2287 ﬁeri
952 2242 1251 2303 oporteret,
1275 2235 1558 2303 comperit,
1590 2235 1716 2304 quia
1747 2234 1910 2289 nichil
1942 2235 2042 2289 sibi
2072 2235 2291 2304 dignum
2321 2234 2393 2287 ibi

811 2337 1059 2394 paratum
1093 2337 1238 2381 esset
1277 2326 1369 2357 ¹⁰¹’
1402 2326 1583 2396 (269);
1622 2336 1924 2381 maternum
1956 2327 2166 2393 gaudiis
2200 2336 2254 2380 et
2283 2324 2397 2378 01ῐί-

812 2418 911 2472 ciis
927 2419 1183 2473 decenter
1205 2428 1448 2483 curatur,
1476 2434 1763 2489 regemque
1784 2435 1943 2489 quem
1975 2420 2026 2472 in
2051 2418 2278 2473 Francia
2305 2420 2396 2449 ¹⁰¹⁸

814 2524 949 2576 pene
970 2511 1221 2577 perdidit,
1256 2512 1305 2564 in
1335 2512 1511 2579 patria
1543 2509 1828 2580 magniﬁce
1856 2511 2076 2579 recepit.

890 2600 954 2653 l5
982 2601 1093 2654 ¹⁰¹⁶.
1131 2601 1264 2655 Nam
1292 2601 1630 2656 confortatus
1652 2603 1947 2663 amicorum
1977 2602 2258 2672 gentisque
2279 2617 2401 2671 pro-

814 2694 947 2760 pria:
979 2694 1291 2761 praesentia,
1322 2693 1535 2746 irritum
1568 2694 1660 2727 ¹⁰¹³
1692 2692 1819 2747 fecit
1857 2692 1948 2723 ¹⁰¹⁶
1996 2703 2230 2761 pactum,
2262 2692 2403 2762 quod

818 2792 1040 2836 coactus
1065 2781 1202 2836 inire
1229 2781 1512 2836 confessus
1549 2792 1659 2847 est;
1691 2782 2035 2851 edictumque
2065 2791 2148 2836 est
2177 2780 2284 2836 ﬁlio
2310 2796 2401 2851 ge-

784 2889 1079 2944 ,ncroque,
1113 2884 1364 2928 auctores
1416 2873 1638 2929 sceleris
1688 2873 1989 2944 puniendos
2031 2874 2267 2935 tradere,
2315 2883 2405 2925 aut

817 2978 965 3023 certe
989 2982 1045 3021 se
1071 2965 1160 2998 ¹⁰¹⁷
1184 2967 1368 3021 hostes
1402 2966 1492 2998 ¹⁰¹⁸
1510 2966 1754 3036 publicos
1774 2982 1951 3020 nosse.
1969 2965 2149 3019 Paetis
2165 2964 2407 3033 priSIinis

820 3062 1063 3132 pontifex
1121 3062 1450 3124 intercessit,
1506 3070 1779 3129 tamquam
1838 3060 1955 3130 paci
2006 3069 2060 3113 et
2108 3058 2408 3112 concordim

2494 1978 2641 2017 arma
2674 1971 2861 2017 contra
2895 1976 3017 2015 cum
3049 1969 3267 2015 sumunt
3310 1958 3421 2013 “’3‘.
3456 1959 3547 2013 Ille
3578 1974 3706 2013 vero
3745 1957 4082 2025 imperterri—

2496 2066 2600 2119 tus,
2635 2055 2909 2109 leoninum
2931 2068 3157 2108 exerens
3180 2052 3272 2084 ¹⁰³⁷
3296 2052 3557 2113 animum,
3583 2053 3734 2121 signa
3759 2050 3927 2119 signis
3951 2066 4078 2103 con-

2498 2146 2661 2198 traria
2692 2144 2917 2208 invexit,
2961 2152 3017 2197 et
3059 2140 3427 2196 incredibilem
3472 2138 3871 2193 multitudinem
3906 2153 3971 2191 ex
4002 2137 4084 2191 eis

2495 2237 2712 2307 propria
2760 2252 2919 2290 manu
2966 2235 3121 2300 fudit,
3169 2234 3292 2287 dum
3340 2232 3601 2302 sanguine
3630 2231 3809 2294 amici,
3841 2246 4001 2299 quem
4030 2229 4084 2283 in

2497 2330 2692 2399 prolio
2731 2329 2933 2391 amisit,
2965 2326 3196 2382 Conradi
3229 2324 3436 2380 scilicet
3459 2323 3763 2378 Evurhardi
3789 2322 3879 2375 ﬁlii
3915 2320 4085 2389 (27I),

2501 2428 2558 2474 ιιι
2597 2418 2709 2473 fera
2744 2418 2837 2449 ¹⁰³⁸
2878 2416 3171 2471 saevissima
3214 2422 3515 2467 acueretur.
3547 2412 3734 2481 ltaque
3779 2411 3854 2464 illi
3906 2409 4089 2463 fortis-

2503 2510 2639 2561 simo
2685 2505 3062 2575 subpeditante
3111 2500 3199 2532 ¹⁶³⁹
3240 2499 3459 2554 fortium
3490 2498 3721 2551 militum
3760 2513 3946 2557 manu,
3994 2495 4090 2548 ad-

2502 2613 2660 2652 verso
2690 2596 2952 2651 exercitui
2995 2596 3119 2649 dum
3156 2607 3325 2647 novus
3352 2605 3567 2659 semper
3596 2588 3832 2651 additur,
3868 2603 3897 2639 a
3930 2587 4092 2639 meri-

2506 2692 2590 2745 die
2644 2705 2812 2758 usque
2844 2689 2895 2742 in
2936 2700 3223 2756 vesperum
3272 2682 3606 2752 protrahitur
3650 2679 3880 2743 bellum;
3934 2687 4093 2730 necte

2507 2780 2757 2851 prmlium
2794 2778 3126 2835 dissolvitur.
3162 2774 3337 2828 nullus
3367 2772 3593 2826 victoria
3626 2770 3852 2823 laetatur.

2513 2938 2518 2943 .
2580 2871 2666 2926 18.
2692 2870 2805 2924 Rex
2821 2878 2999 2923 autem
3024 2868 3168 2921 circa
3196 2864 3463 2919 Kalendas
3488 2860 3612 2915 Julii
3643 2860 3734 2891 “"°
3766 2870 3910 2914 moto
3933 2874 4093 2912 exer-

2510 2964 2640 3025 citu,
2674 2962 2841 3016 armis
2876 2960 3040 3014 tilium
3089 2972 3455 3028 generumque
3496 2968 3739 3024 qumrere
3772 2954 4089 3020 temptavit;

2510 3052 2697 3107 obvias
2728 3051 2887 3105 urbes
2913 3048 3085 3117 partis
3127 3046 3367 3101 adversa:
3410 3053 3502 3098 aut
3542 3043 3710 3096 armis
3742 3043 3885 3111 cepit
3916 3050 4008 3094 aut
4040 3040 4094 3093 in

820 3152 1195 3217 consulturus;
1230 3152 1298 3204 ob
1330 3151 1381 3204 id
1412 3151 1519 3220 regi
1556 3146 1629 3202 lit'
1651 3159 1954 3219 suspectus,
1986 3148 2173 3201 amicis
2209 3145 2405 3215 regali-
2438 3187 2480 3244 C
2515 3141 2841 3196 deditionem
2871 3138 3097 3206 accepit,
3123 3149 3401 3205 quousque
3424 3133 3748 3203 Mogontiam
3764 3132 4094 3201 perveniret,

1122 3242 1148 3244 η
1229 3242 1254 3244 η
1576 3240 1586 3244 -
1703 3240 1733 3244 ,Α
2069 3238 2082 3244 -
2221 3236 2254 3244 -
2733 3231 2799 3244 η..
3648 3232 3962 3244 _-._-_____-
4022 3223 4065 3244 ,ιε

820 3244 921 3298 bus
962 3242 1397 3310 consiliariisque
1444 3240 1767 3294 omnimodis
1815 3238 2171 3308 spernendus.
2221 3236 2295 3289 De
2344 3250 2409 3288 eo

820 3347 1067 3393 nostrum
1103 3336 1193 3366 ¹⁰¹⁹
1225 3334 1554 3387 arbitramur
1589 3347 1927 3402 nequaquam
1960 3329 2162 3398 aliquid
2208 3328 2297 3359 ¹⁰²⁰
2334 3337 2409 3381 tc-

821 3443 970 3482 mere
993 3428 1271 3496 judicare;
1303 3426 1395 3499 sed
1434 3426 1576 3495 quod
1608 3426 1674 3480 de
1703 3440 1767 3479 eo
1804 3423 2116 3495 probamus,
2142 3422 2267 3491 quia
2298 3436 2412 3473 ma-

821 3540 957 3592 gnus
989 3533 1109 3577 erat
1141 3524 1193 3577 in
1232 3522 1319 3553 ¹⁰²¹
1352 3522 1595 3575 oratione
1617 3520 1703 3574 die
1732 3527 2021 3586 noctuque,
2056 3530 2280 3586 magnus
2304 3514 2412 3567 ele-

819 3618 1154 3671 mosinarum
1182 3616 1451 3687 largitate,
1471 3614 1773 3684 praecipuus
1796 3613 1961 3667 verbo
1987 3609 2404 3681 praedicationis,

820 3724 927 3761 non
968 3708 1127 3762 silere
1163 3708 1385 3778 dignum
1420 3707 1701 3771 duximus;
1759 3713 2015 3759 caeterum
2071 3704 2135 3757 de
2183 3716 2407 3755 accusa-

824 3799 891 3851 tis
934 3797 1025 3828 ¹⁰²²
1055 3798 1237 3852 causis
1266 3798 1357 3865 qui
1384 3794 1592 3865 iudicat
1618 3796 1877 3850 Dominus
1902 3805 2004 3849 est.
2150 3856 2153 3859 η

895 3889 981 3941 16.
1017 3886 1215 3940 Earum
1241 3903 1422 3941 rerum
1456 3888 1581 3940 dum
1612 3887 1681 3941 ibi
1710 3886 1830 3941 ﬁnis
1854 3902 1958 3940 non
1992 3884 2164 3945 ﬁeret,
2197 3886 2413 3937 univer-

822 3978 948 4033 salis
977 3978 1157 4046 populi
1196 3986 1496 4031 conventus
1528 3992 1647 4031 esse
1672 3976 1893 4045 iubetur
1921 3980 2061 4047 apud
2092 3976 2271 4029 villam
2296 3989 2415 4044 qua:

824 4071 1026 4123 dicitur
1058 4069 1348 4124 Fridesleri
1393 4070 1507 4133 ¹⁰²³,
1558 4084 1718 4140 super
1763 4070 1848 4124 his
1893 4069 2073 4124 causis
2122 4066 2417 4122 discutien-

2516 3250 2674 3303 quam
2730 3231 2869 3285 ﬁlius
2912 3244 3033 3284 cum
3082 3229 3321 3282 exercitu
3367 3225 3618 3287 intravit,
3648 3232 3985 3292 patremque,
4016 3223 4097 3275 di-

2509 3336 2597 3379 elu
2649 3322 2738 3353 ‘°“
2789 3318 3172 3381 miserabilius,
3206 3325 3447 3369 armatus
3478 3312 3806 3382 expectavit.
3856 3310 3931 3364 lhi
3978 3311 4099 3380 plus

2509 3427 2671 3483 quam
2696 3409 2851 3464 civile
2874 3418 2928 3462 et
2955 3405 3102 3461 omni
3142 3403 3449 3458 calamitate
3492 3400 3741 3455 acerbius
3762 3398 3963 3454 bellum
3990 3414 4101 3452 eos.

2511 3515 2693 3576 ptum;
2736 3500 2919 3555 multa:
2954 3497 3217 3552 machina:
3248 3495 3415 3549 muris
3443 3494 3691 3555 admotaa,
3725 3492 3821 3547 sed
3847 3492 3913 3545 ab
3937 3491 4100 3545 urba-

2515 3598 2598 3650 nis
2626 3597 2915 3650 destructze
2958 3589 3049 3621 ¹⁰⁵’
3094 3587 3177 3642 vel
3210 3577 3475 3649 incensaz';
3524 3585 3730 3637 crebra:
3760 3591 3885 3636 ante
3917 3590 4103 3652 portas

2519 3698 2731 3754 purgare,
2753 3695 2877 3735 raro
2896 3678 3192 3732 forinsecus
3220 3672 3589 3729 stationesm”
3605 3670 3756 3725 fusae.
3784 3670 4103 3726 Cunctando

2515 3778 2658 3831 enim
2691 3789 2777 3827 res
2808 3770 2899 3803 ³⁸³⁸
2931 3770 3196 3823 universa
3225 3765 3527 3828 variavere,
3554 3763 3680 3817 dum
3707 3762 4101 3816 dominatorem

2518 3868 2668 3937 regni
2703 3864 2796 3896 ’⁸³⁸
2827 3860 2981 3924 foris,
3014 3860 3157 3913 intus
3185 3868 3555 3911 successorem
3587 3853 3921 3905 metuebant.
3947 3848 4105 3903 Obsi—

2521 3963 2609 4025 dio
2636 3950 2815 4027 itaque
2851 3954 2978 4008 dum
3009 3948 3287 4019 sexaginta
3322 3944 3490 3998 ferme
3522 3943 3637 3997 dies
3671 3940 3764 3973 ¹⁰⁸⁸
3791 3943 4105 4003 excederet,

2522 4067 2700 4110 sermo
2730 4050 2789 4104 ﬁt
2817 4047 3077 4115 de-pace;
3121 4040 3261 4093 unde
3308 4038 3466 4092 datus
3508 4045 3592 4088 est
3638 4033 3884 4089 obsesin
3919 4032 4107 4085 urbem

826 4163 951 4215 dum
983 4160 1094 4213 ¹⁰²⁸.
1135 4160 1232 4215 Ubi
1271 4176 1391 4216 cum
1435 4122 1605 4215 frater
1626 4122 1799 4231 (regis
1846 4122 2133 4213 lleinrieus
2164 4158 2375 4212 adesset
2401 4195 2415 4221 ,
2450 4164 2495 4223 ι)
2523 4134 3039 4205 consobrinusregis
3063 4130 3188 4203 (272
3210 4126 3534 4197 Ecberhtus)
3564 4125 3671 4188 ¹⁰”⁷,
3702 4140 3807 4193 quo
3830 4124 3996 4179 libera
4024 4122 4109 4174 via

2119 4311 2354 4369 νΑιιῑίΕ
2402 4299 2809 4364 LECTIONES.

896 4437 991 4470 ¹⁰⁰⁶
1036 4436 1313 4490 dominum
1371 4442 1490 4500 post

827 4511 930 4570 bus
955 4509 1141 4560 desim!
1190 4507 1239 4559 1.

832 4580 926 4615 ¹⁰¹⁸
978 4577 1187 4631 initium
1217 4577 1267 4629 l.
1360 4573 1449 4606 ὀη
1478 4572 1606 4625 facit
1646 4571 1699 4624 2.

835 4652 923 4683 ὀδε
958 4656 1096 4701 deest
1126 4647 1189 4701 A.
1254 4646 1309 4699 2.
1371 4644 1424 4698 5.
1523 4643 1615 4675 ¹⁰¹²
1660 4641 1793 4694 actis
1828 4640 1880 4693 2.

834 4722 923 4752 “’7
978 4720 1261 4772 smviorem
1317 4716 1380 4768 A.
1444 4716 1497 4771 5.

836 4790 1029 4843 ⁸⁵³³Ιιὶε
1052 4798 1166 4844 erat
1201 4788 1249 4840 l.
1328 4785 1423 4817 m‘
1445 4784 1710 4838 uulclmus
1742 4783 1789 4835 1.
1820 4780 2122 4834 wilhelmus
2195 4776 2240 4829 Λ
2268 4777 2321 4844 5.

833 4863 965 4914 hens
1001 4862 1053 4912 7.
1133 4859 1226 4891 ¹⁰³⁸
1258 4872 1377 4910 sera
1412 4856 1459 4908 l.

835 4934 1020 4983 desunt
1052 4930 1116 4983 A.
1250 4927 1343 4959 ""3
1390 4924 1641 4981 stationis
1684 4917 1770 4976 ΑΪ
1865 4921 1959 4952 ¹⁰³δ
2005 4934 2098 4972 rex
2151 4917 2199 4970 1.

838 5001 1113 5067 ckbertus,
1155 5000 1207 5053 2.
1258 5000 1309 5053 6.
1363 5012 1582 5066 semper.
1628 4995 1875 5048 ccbertus
1914 4992 1978 5044 Λ.
2026 4989 2078 5043 5.
2130 5002 2348 5057 semper.

1544 4439 1749 4502 patrem
1799 4430 1862 4502 ‘2.

1780 4570 1872 4600 ¹⁰¹⁷
1898 4571 2037 4621 deest
2068 4567 2121 4621 2.
2151 4568 2201 4620 7.

1942 4429 2031 4460 ¹⁰ο⁷
2076 4427 2354 4481 valeamus
2384 4423 2437 4476 5.

1341 4481 1865 4568 ιοἿΓξψῧίλξψίοίιι
1905 4514 2025 4552 esse
2212 4495 2330 4568 uois
2364 4509 2417 4561 τι,
2464 4485 2689 4568 infami?
2717 4481 2771 4535 2,

2279 4547 2855 4633 ίοιίριιωίςρεᾹιοειςξ
2884 4547 2937 4633 ⁵,·

1976 4638 2067 4670 ¹⁰²³
2098 4636 2336 4690 fridislar
2365 4634 2429 4685 A.

1582 4711 1672 4744 ¹⁰²⁸
1712 4710 2021 4765 Britannico
2075 4709 2128 4761 5.
2171 4702 2538 4778 ’νεώρη-5.
2584 4702 2709 4778 Im?
2743 4702 2784 4778 εξ]

2422 4770 2515 4802 ¹⁰³³
2540 4769 2698 4820 deest
2755 4769 2807 4815 5.

1543 4856 1631 4888 ¹⁰³⁹
1654 4860 1971 4922 suppetcnte
1998 4849 2051 4902 5.
2087 4847 2176 4922 mf
2210 4850 2249 4898 A
2282 4843 2450 4922 iulius
2476 4843 2530 4895 5.

2292 4904 2382 4945 ίοδδ
2438 4923 2631 4979 regens
2663 4904 2719 4957 2.

2519 4415 2611 4449 ¹⁰⁰⁸
2656 4406 3000 4467 ministrabat
3030 4403 3084 4457 2.
3165 4400 3254 4431 ¹⁰⁰⁹
3285 4394 3639 4467 petierunt5.
3719 4395 3885 4447 unoin
3934 4393 4111 4447 enmi-

2525 4485 2684 4506 p,_.:-
2717 4481 2750 4506 α
2849 4474 2943 4506 ron
2972 4476 2991 4506 Α
3067 4490 3095 4506 η
3129 4469 3290 4506 ..οι-Ιιὸε
3323 4477 3399 4506 ρει
3436 4465 3544 4506 filin
3596 4466 3690 4506 lmr
3721 4464 3897 4506 hmini!
3930 4473 4105 4506 nmml-

2849 4474 2943 4508 ‘°“’
2972 4476 3021 4528 1.
3065 4490 3097 4523 α
3129 4465 3297 4524 verbis
3323 4477 3404 4522 est
3435 4465 3544 4519 ﬁlio
3594 4466 3690 4517 hoc
3721 4465 3897 4532 incipit
3930 4473 4105 4528 caput.

2849 4565 2855 4599 ι
2884 4547 2937 4600 5.
3036 4541 3127 4574 ¹⁰¹⁹
3162 4538 3523 4593 necessarium
3548 4535 3601 4587 5.
3681 4534 3773 4565 ¹⁰¹⁰
3810 4534 4025 4602 aliquod
4052 4533 4103 4585 1.

2510 4602 2982 4679 ίῖἶ-(ἰῖἐέἶιιὶθηόίδ
3028 4610 3080 4664 5.
3109 4610 3161 4663 7.
3228 4609 3331 4679 5°"
3364 4607 3466 4679 illis
3490 4605 3542 4658 5.
3566 4674 3601 4679 Α
3622 4604 3713 4679 ’f’"
3736 4613 4018 4679 propterea

2618 4672 2795 4745 ιῐέιόίέι
2842 4687 2895 4740 5.
2924 4700 2988 4738 ac
3018 4682 3068 4735 7.
3149 4678 3237 4711 ¹⁰³¹
3267 4679 3403 4730 deest
3428 4677 3482 4729 2.
3562 4674 3652 4712 ⁸⁰³¹
3676 4672 3801 4745 add.
3828 4672 3932 4745 non
3976 4672 4107 4745 5.7,

2890 4753 2982 4786 ¹⁰³⁸
3010 4751 3248 4807 sumitl.
3331 4747 3421 4778 ¹⁰³⁷
3451 4760 3713 4800 exercens
3757 4744 3809 4797 2.
3858 4744 3912 4797 5.
3956 4742 4107 4795 exhi-

2611 4814 2700 4867 ἦνῆ
2749 4814 2892 4885 dicto
2924 4828 2973 4879 1.
3030 4823 3169 4875 deest
3213 4820 3267 4873 5.
3366 4817 3458 4851 ¹⁰³¹
3508 4817 3676 4869 muris
3719 4844 3789 4855 —
3820 4814 4108 4885 destructa:

2820 4897 2911 4930 ¹ο³⁶
3004 4892 3268 4948 desierme
3323 4886 3452 4941 1.5.
3574 4885 3664 4915 ‘°"
3712 4883 3995 4937 etberhtus
4048 4882 4097 4933 1.

2352 5132 2583 5191 NOTAE.

909 5283 1057 5355 (2G7)
1086 5281 1212 5336 Otto
1240 5278 1383 5355 ﬁlius
1408 5286 1567 5330 natus
1589 5281 1670 5328 est
1702 5287 1749 5324 a.
1777 5267 1906 5331 955,
1934 5265 1976 5318 si
1999 5264 2155 5318 Cout.
2185 5258 2423 5328 Regino-

836 5351 925 5411 ηίε·
956 5355 1110 5407 ﬁdem
1146 5351 1475 5418 praebemus.
1527 5416 1533 5418 _
1815 5411 1824 5418 _
1975 5406 2008 5418 Α
2105 5402 2136 5418 ,,
2214 5402 2265 5418 ,.

1098 5402 1225 5475 Ife.
1256 5402 1770 5491 Malitliildis._quaui
1802 5411 1941 5463 Ann.
1970 5402 2229 5472 Qucdl.ct
2254 5402 2424 5471 ipsam

840 5515 861 5522 -
920 5486 1248 5522 “1’1"..nlnm
1284 5489 1453 5522 Γηῖουο
1488 5486 1697 5522 ΙΡΙΜΙΙΙΠΙ

2606 5246 2751 5319 (27l)
2773 5240 3079 5298 Conradum
3102 5231 3397 5318 Eberhardi
3415 5226 3565 5319 duci:
3587 5221 4111 5319 Fran'c'orumnfLIEmn

2535 5292 2661 5376 esse
2675 5292 3013 5371 bibentium,
3048 5306 3135 5360 alii
3174 5308 3439 5377 negarunt
3469 5292 3815 5377 (Wlennck._|'|”.\
3840 5292 4028 5377 ρλϐὅεί
4057 5309 4109 5377 n.

2537 5361 2654 5459 57>"?
2669 5361 3152 5459 έίῖῖῐιέῖέέίὲξςὶτιιειι
3181 5361 4113 5459 <timene-f9-alii“???

2536 5429 3873 5519 lionh‘oe'eontra—‘ltaginerumcomitemcommisso
3901 5431 3970 5486 cf.
3998 5429 4113 5483 Flo-
