4472 5522
398 381 494 434 139
1435 378 1563 432 RES
1602 375 1848 431 GESTAE
1890 375 2272 430 SAXOMCE.
2316 408 2380 415 —
2428 379 2548 432 LIB.
2592 380 2670 433 Ill.
3547 376 3648 434 lOU

394 497 615 550 r:ttiliL‘Cl
645 504 854 564 pateret
901 495 951 547 in
994 503 1171 547 castra
1201 493 1405 546 crimen
1441 491 1721 559 purgandi,
1750 489 1813 542 de
1842 504 1970 556 pace
2003 495 2044 550 Α
2075 490 2162 556 qui
2197 489 2285 518 ¹⁰⁶⁵
2308 493 2707 544 serenissimuut
2737 506 2912 559 regem
2937 492 3183 560 p.urimis
3211 469 3418 560 populis
3439 507 3498 542 ac
3524 506 3642 558 gen-

396 595 556 651 atque
593 584 879 637 concordia
925 582 1214 637 tractandi.
1257 582 1424 635 Filius
1471 598 1590 635 eum
1637 596 1834 649 genero
1879 579 1970 610 m'
2080 581 2218 633 tibus
2241 583 2514 648 pra-ficere
2543 582 2729 645 voluit,
2763 583 2994 636 disceret
3027 597 3214 651 parum
3249 584 3298 635 in
3334 598 3413 646 se,
3453 583 3505 635 in
3536 582 3643 635 Deo

397 687 572 730 castra
625 677 875 746 ingressi,
928 676 1194 743 regalibus
1242 675 1480 744 vestigiis
1534 681 1970 742 prosternuntur,
2078 687 2202 724 vero
2233 675 2410 725 omnia
2449 690 2624 741 posse.

395 783 496 834 pro
533 766 735 820 scelere
762 766 940 819 omnia
984 766 1252 819 sustinere
1282 773 1500 833 paratos
1531 763 1666 824 fore,
1697 762 1884 816 saltem
1918 771 1975 814 ut
2144 764 2232 816 21.
2278 764 2406 818 Erat
2437 774 2610 817 autem
2659 763 2842 832 junior
2891 763 3147 816 Arnull'us
3182 778 3302 816 cum
3347 763 3642 822 fratribus,

399 856 558 909 amici
590 855 941 908 auxiliatores
971 855 1021 906 in
1055 855 1155 907 fide
1178 855 1434 922 suscepti,
1461 854 1621 907 nichil
1647 853 1856 905 adversi
1887 868 1975 921 pa-
2077 857 2165 926 qui
2196 856 2298 910 tale
2329 856 2610 910 consilium
2635 857 2972 909 machinatus
2994 864 3075 907 est
3098 864 3282 909 contra
3313 853 3646 914 lleinricum,

402 956 663 1002 terentur.
701 945 811 999 Rex
847 952 1023 997 autem
1050 959 1152 996 non
1181 944 1480 1004 inveniens,
1513 942 1780 1010 quomodo
1817 941 1975 994 meri—
2077 964 2142 1002 eo
2189 950 2330 1018 quod
2384 958 2606 1017 paterno
2648 964 2811 1018 regno
2847 948 3252 1016 subrogaretur,
3305 947 3418 1014 ipse
3471 953 3646 996 autem

400 1047 482 1092 ωδ
505 1052 690 1106 Ρωηδε
717 1035 823 1088 ίίιίο
853 1035 1096 1099 inferret
1125 1034 1361 1087 Γαυιοτοὸ
1393 1033 1709 1087 Ῐιιδίάίεπιιῐη
1732 1042 1976 1102 εκροειυ·
2078 1041 2278 1093 honore
2309 1041 2480 1108 patrio
2506 1041 2744 1108 privatus
2769 1049 2934 1092 esset.
2964 1039 3132 1091 Porro
3155 1037 3422 1091 exercitus
3443 1035 3649 1088 diutino

399 1127 495 1180 lat.
527 1125 604 1179 Illi
636 1136 814 1179 autem
840 1125 1166 1193 juramentis
1203 1125 1418 1178 vicariis
1471 1123 1711 1192 obligati,
1745 1132 1798 1176 et
1847 1139 1976 1192 quo-
2080 1133 2260 1185 labore
2290 1131 2564 1200 fatigatus,
2592 1132 2900 1184 missionem
2927 1131 3058 1198 pem
3083 1138 3135 1182 ει
3165 1129 3377 1197 accipit,
3413 1141 3534 1196 rege
3559 1124 3651 1154 ¹⁰⁶⁶

399 1215 688 1269 dammodo
718 1226 832 1269 arte
861 1217 1066 1284 antiqui
1101 1216 1270 1269 hostis
1300 1215 1598 1276 constricti,
1634 1215 1731 1267 hoc
1758 1213 1977 1265 omnino
2078 1238 2198 1274 cum
2239 1221 2421 1289 paucis
2468 1220 2755 1273 admodum
2812 1219 2982 1272 ﬁlium
3038 1220 3088 1272 in
3117 1217 3414 1285 Bojouriam
3468 1215 3650 1270 subse-

401 1309 693 1378 negabant.
731 1309 919 1377 Ingens
951 1309 1152 1361 interea
1187 1308 1359 1362 oritur
1388 1307 1567 1360 lcetitia
1608 1308 1658 1359 in
1687 1307 1901 1369 castris,
1925 1317 1974 1357 et
2079 1322 2292 1381 qucnle.

403 1415 428 1450 a
464 1399 659 1450 castris
682 1399 1101 1467 circumquaque
1126 1398 1266 1451 fama
1291 1397 1502 1462 diffusa,
1535 1414 1824 1466 numquam
1850 1399 1979 1450 urbe
2147 1404 2236 1456 29..
2263 1401 2654 1471 (DCCCCLIII.)
2700 1402 2814 1469 Ipse
2844 1417 3072 1470 namque
3115 1411 3233 1454 erat
3263 1401 3472 1470 patiens
3505 1399 3651 1453 labo-

399 1503 650 1555 egressos
682 1489 796 1549 ‘°‘°',
840 1490 940 1539 nisi
975 1489 1225 1541 onmibus
1259 1499 1494 1542 essent-a
1527 1504 1650 1557 rege
1703 1490 1979 1556 imperatis
2081 1509 2220 1555 rum,
2272 1509 2428 1561 supra
2478 1509 2638 1562 quam
2694 1493 2778 1522 ¹⁰⁶⁷
2811 1493 2955 1546 credi
3005 1492 3175 1560 possit
3213 1495 3277 1545 de
3325 1491 3542 1542 homine
3589 1489 3655 1541 ab

400 1579 826 1646 obtemperaturi
859 1576 973 1628 ¹⁰⁵⁰.
1011 1581 1096 1630 Εεε
1129 1580 1214 1608 ¹⁰⁸¹
1242 1594 1365 1645 spes
1397 1579 1974 1645 iucassumconceptze;
2081 1583 2437 1635 adolescentia
2483 1582 2707 1635 delicate
2755 1581 2978 1634 nutrito.
3035 1579 3371 1633 Multitudine
3428 1579 3656 1645 denique

401 1684 526 1721 nam
579 1685 700 1722 cum
750 1685 851 1722 non
893 1669 983 1699 ¹⁰⁸¹
1021 1669 1324 1721 obmdirent
1350 1668 1540 1722 edictis
1583 1670 1757 1737 regis,
1803 1678 1980 1721 motus
2081 1671 2362 1724 deficiente
2394 1686 2420 1722 a
2474 1672 2596 1734 lide,
2651 1671 2756 1724 rari
2801 1669 3083 1724 admodum
3115 1677 3287 1730 erant,
3338 1668 3427 1735 qui
3477 1676 3656 1733 partes

403 1761 692 1814 lleinrieus
720 1762 978 1814 adversus
1010 1761 1404 1814 adolescentem
1437 1780 1447 1812 :
1483 1760 1660 1812 Nic/iii
1683 1772 1752 1823 te,
1782 1761 1976 1828 inquit,

395 1852 612 1919 jartitas
642 1861 820 1903 contra
849 1853 1116 1903 dominum
1159 1869 1326 1904 meum
1365 1869 1534 1920 regem
1571 1852 1769 1919 fecisse,
1794 1862 1838 1904 et
1868 1867 1981 1903 ecce

402 1940 571 1991 omnis
602 1939 857 1991 exercitus
897 1951 1258 2007 usurpator-em
1313 1950 1360 1991 te
1406 1941 1550 2007 regni
1597 1940 1982 2007 inrasoremque

403 2029 564 2080 norit.
602 2027 719 2095 Ipse
754 2045 872 2096 ergo
896 2030 938 2079 si
963 2045 1183 2080 accusor
1215 2044 1328 2080 reus
1353 2027 1612 2090 criminis,
1642 2027 1684 2078 si
1710 2027 1981 2094 culpabilis

401 2121 590 2179 arista,
637 2135 797 2185 quare
839 2135 940 2169 non
968 2129 1149 2168 contra
1199 2135 1279 2168 me
1331 2117 1554 2184 legiones
1599 2117 1784 2168 ducis?
1824 2115 1983 2184 Signa
2026 2114 2037 2122 ’

403 2209 678 2259 mlversum
693 2222 774 2257 me
790 2221 962 2268 move;
987 2215 1041 2257 et
1070 2205 1328 2258 festucam
1356 2203 1446 2234 ¹⁰⁸³
1473 2205 1537 2257 de
1563 2213 1704 2256 terra
1731 2219 1978 2257 sumens:

407 2295 606 2365 Ilujus,
651 2296 847 2364 inquit,
894 2295 1044 2363 pretii
1073 2311 1103 2346 a
1135 2311 1214 2346 me
1244 2310 1456 2362 meaque
1500 2303 1750 2361 potestate
1807 2310 1985 2360 rapere

406 2401 510 2436 non
555 2385 766 2452 poteris.
811 2381 949 2446 Quid
983 2383 1076 2434 tibi
1106 2383 1270 2434 visum
1309 2392 1381 2434 est
1426 2382 1707 2434 sollicitare
1747 2381 1983 2448 hujusce-

409 2475 552 2527 modi
587 2475 733 2527 rebus
763 2486 959 2542 patrem
1000 2474 1187 2526 tuum?
1218 2472 1413 2526 Contra
1459 2490 1713 2526 summam
1744 2473 1985 2525 divinita-

407 2575 507 2615 tem
537 2565 669 2631 agir,
703 2564 828 2614 dum
856 2563 1066 2614 domino
1096 2563 1189 2592 ‘°”
1214 2563 1452 2631 patrique
1486 2572 1574 2614 tuo
1617 2576 1890 2628 repugnas.
1928 2558 1987 2611 Si

409 2655 611 2724 aliquid
636 2657 736 2706 scis
764 2654 838 2706 vel
863 2656 1019 2716 vales,
1043 2654 1098 2706 in
1126 2670 1203 2705 me
1230 2654 1458 2719 [urorem
1487 2662 1633 2703 tuum
1665 2666 1838 2702 evome
1865 2649 1980 2712 ¹⁰⁸³,

408 2750 517 2812 ipse
543 2747 678 2798 enim
711 2756 856 2797 tuam
905 2762 1006 2797 non
1036 2747 1188 2796 timeo
1221 2745 1376 2795 iram.
1420 2743 1499 2796 Ad
1530 2743 1643 2795 haec
1673 2739 1988 2793 adolescens

408 2837 574 2888 Liehil
627 2836 918 2904 respondit,
968 2835 1062 2888 sed
1107 2835 1290 2888 audito
1323 2849 1468 2902 rege,
1501 2849 1622 2887 cum
1661 2833 1774 2886 suis
1801 2832 1985 2885 urbem

410 2931 683 2998 ingressus
713 2939 813 2982 est.

481 3022 546 3074 19
576 3023 688 3074 ¹⁰⁵⁶.
725 3021 1093 3076 Consobrinus
1128 3032 1305 3076 autem
1339 3022 1484 3087 regis
1527 3023 1823 3077 Ecberhtus
1866 3039 1986 3076 cum

408 3113 568 3166 obses
592 3113 752 3166 datus
776 3122 920 3167 esset
954 3114 1005 3165 in
1039 3114 1222 3167 urbem
1253 3154 1267 3178 ,
1296 3113 1640 3167 suasibilibus
1683 3114 1773 3144 ⁹⁰⁸⁷
1801 3129 1986 3168 corru-

2084 1761 2223 1829 regis
2255 1759 2572 1825 adjuvarent
2600 1777 2612 1822 ;
2639 1761 2778 1812 inter
2802 1773 2936 1827 quos
2967 1767 3079 1811 erat
3109 1757 3323 1824 quidam
3352 1755 3654 1808 Adalherh-

2087 1863 2170 1905 tus
2209 1853 2298 1885 ¹⁰⁶⁸
2334 1852 2481 1921 (271)
2510 1861 2561 1904 et
2592 1851 2679 1904 alii
2714 1867 2834 1904 cum
2868 1866 2932 1903 eo
2964 1849 3249 1902 admodum
3284 1848 3456 1915 pauci.

2152 1941 2241 1993 25.
2278 1940 2536 1993 Militante
2575 1941 2861 1992 adversum
2894 1939 2984 1970 ¹⁰⁶⁹
3020 1938 3341 2006 Mogontiam
3390 1937 3481 1965 ¹⁰⁷⁰
3513 1951 3656 2004 rege,

2087 2031 2440 2083 llerimannus
2469 2030 2570 2082 dux
2623 2028 2908 2082 Saxoniam
2949 2027 3270 2094 procurabat
3325 2025 3492 2093 (27ἲὶ).
3525 2027 3659 2078 (lum

2088 2135 2255 2174 novus
2284 2118 2556 2172 exercitus
2590 2134 2616 2168 a
2651 2115 2882 2169 Saxonia
2913 2116 2977 2167 ad
3006 2116 3432 2182 supplementum
3460 2115 3659 2167 veteris

2087 2209 2223 2262 mitti
2280 2207 2551 2260 debuisset
2593 2207 2761 2275 (276),
2832 2207 3148 2258 Thiadricus
3191 2207 3336 2273 (277)
3371 2206 3660 2274 juniorun

2087 2300 2478 2352 Wichmannus
2527 2297 2573 2348 ei
2635 2297 2918 2363 praefuere.
2991 2295 3333 2364 Attingentes
3401 2295 3660 2347 terminos

2087 2391 2436 2448 Francorum,
2493 2401 2520 2437 a
2573 2385 2818 2438 Liudulfo
2870 2385 3113 2453 duceque
3181 2384 3427 2437 Contrado
3485 2385 3660 2438 subito

2088 2478 2418 2540 circumfusi,
2453 2477 2503 2528 in
2544 2476 2812 2528 desertum
2862 2475 3130 2542 quoddam
3161 2484 3425 2543 coguntur
3472 2473 3662 2526 castel—

2088 2569 2217 2620 lum.
2256 2567 2406 2632 Quod
2458 2581 2579 2619 cum
2618 2566 2923 2633 obpugnare
2970 2564 3400 2630 nituntur,jactu
3450 2570 3576 2614 rotze
3598 2563 3664 2614 si-

2088 2658 2265 2726 gnifer
2303 2666 2425 2709 ante
2465 2663 2673 2723 portam
2725 2655 3006 2706 brachium
3056 2654 3320 2721 perdidit;
3371 2668 3476 2720 quo
3523 2651 3664 2704 facto

2089 2748 2285 2800 bellum
2335 2756 2417 2799 est
2482 2745 2761 2807 sedatum,
2823 2745 3146 2813 indutiaeque
3204 2745 3658 2796 concesstetriutn

2090 2842 2296 2892 dierum
2327 2840 2376 2891 in
2402 2839 2692 2891 Saxoniam
2728 2840 3048 2890 revertendi.

2157 2927 2245 2979 21.
2280 2928 2366 2956 ¹⁰⁷¹
2401 2927 2719 2980 Thiadricus
2745 2942 2772 2978 a
2798 2925 3043 2978 Liudulfo
3067 2925 3273 2994 magnis
3295 2924 3659 2994 promissioni-

2091 3018 2188 3068 bus
2235 3025 2318 3068 est
2375 3025 2683 3083 temptatus,
2721 3014 3111 3068 Wichmannus
3149 3026 3328 3067 autem
3381 3014 3664 3067 admodum

2090 3118 2372 3175 corruptus
2401 3108 2511 3169 ‘°",
2545 3117 2789 3175 patruum
2823 3105 2967 3175 (278)
3015 3106 3138 3159 exin
3172 3107 3259 3136 ³⁸⁷³
3290 3119 3534 3170 arguere,
3568 3120 3661 3172 pa-

407 3210 532 3270 ptus
557 3201 754 3264 verbis,
781 3202 890 3270 regi
928 3201 986 3254 ﬁt
1018 3218 1260 3266 aversus,
1294 3218 1414 3256 cum
1440 3211 1493 3256 et
1528 3212 1682 3256 antea
1724 3203 1772 3257 ei
1817 3204 1985 3257 iratus
2015 3180 2057 3240 (Σ
2095 3209 2259 3251 teruze
2309 3198 2618 3250 hereditatis
2651 3208 2918 3264 raptorem
2957 3197 3137 3250 dicere
3184 3206 3237 3250 et
3282 3211 3498 3250 suorum
3551 3197 3669 3248 the-

408 3303 572 3352 csset,
614 3305 679 3344 eo
727 3292 868 3359 quod
905 3302 1224 3360 argueretur
1275 3293 1474 3346 incauti
1507 3293 1600 3324 ¹⁰⁵⁸
1643 3294 1980 3356 certaminis,

405 3381 496 3434 ubi
518 3381 733 3435 oculum
767 3381 1089 3450 perdidisset
1115 3381 1285 3454 (273).

475 3470 563 3523 20.
607 3469 744 3524 Dum
799 3473 912 3525 haec
963 3482 1272 3541 agerentur,
1319 3474 1560 3541 proxima
1610 3484 1764 3528 nocte
1797 3475 1985 3544 Bojoa-

407 3561 473 3614 rii
512 3562 601 3600 ²⁰⁸³
640 3561 871 3616 comites
905 3563 994 3593 ¹⁰⁶ο
1030 3562 1214 3617 fratris
1245 3563 1330 3594 ¹⁰⁶¹
1364 3565 1526 3634 regis,
1555 3565 1743 3619 relicto
1771 3582 1835 3620 eo
1868 3566 1983 3630 ‘°“,

397 3649 574 3715 juncti
605 3659 732 3704 sunt
764 3650 1045 3713 Liudolfo;
1080 3652 1170 3720 qui
1205 3667 1432 3722 pet-gens
1460 3669 1579 3706 cum
1612 3655 1709 3718 eis,
1737 3655 1878 3724 cepit
1905 3671 1989 3707 ur-

404 3743 772 3812 benrregiam
804 3759 924 3812 qua:
954 3745 1151 3798 dicitur
1189 3745 1524 3816 Rainesburg
1557 3747 1646 3778 ¹⁰⁸⁸
1672 3763 1792 3802 cum
1831 3757 1989 3802 cxte-

406 3834 483 3887 ris
512 3834 564 3887 in
595 3850 656 3888 ea
683 3836 901 3904 regione
928 3837 1330 3901 munitissimis;
1365 3852 1685 3908 omnemque
1707 3843 1988 3909 pecuniam

406 3926 564 3980 ducis
598 3927 689 3958 ⁸⁸⁸⁵
722 3927 837 3981 suis
867 3927 1129 3982 militibus
1159 3929 1370 3991 divisit,
1408 3928 1689 4000 conjugem
1720 3945 1839 3985 cum
1869 3931 1990 3987 filiis

404 4019 587 4087 patrui
619 4026 673 4071 et
702 4019 897 4072 amicis
923 4035 1029 4072 non
1062 4019 1234 4074 solum
1267 4021 1400 4073 urbe
1431 4020 1524 4075 sed
1557 4031 1611 4074 et
1645 4021 1862 4090 regione
1892 4037 1987 4075 ex-

402 4111 606 4163 cedere
637 4111 801 4180 cogit.
837 4110 964 4164 Hmc
991 4112 1169 4165 omnia
1220 4128 1250 4165 a
1297 4111 1408 4166 Deo
1437 4113 1707 4167 credimus
1755 4123 1900 4178 acta,
1933 4123 1993 4168 ut

2093 3303 2376 3341 sanrorum
2404 3289 2705 3354 praedonem
2737 3301 2928 3340 vocare
2967 3287 3150 3354 cmpit.
3203 3287 3317 3353 Ipse
3342 3294 3517 3338 autem
3542 3297 3666 3338 cen-

2094 3378 2204 3437 silii~
2223 3392 2558 3445 nequaquam
2586 3376 2824 3445 ignarus,
2853 3385 3050 3443 quanta
3081 3376 3338 3443 sapientia
3361 3382 3668 3442 quantaque

2095 3469 2376 3537 prudentia
2421 3477 2608 3521 contra
2667 3467 2995 3535 propinquos
3037 3477 3090 3520 et
3127 3467 3307 3520 hostes
3355 3465 3668 3518 manifestos

2094 3559 2391 3630 vigilaverit
2423 3557 2632 3611 diliicile
2667 3557 2756 3587 “7"
2788 3567 2871 3610 est
2914 3557 3237 3610 omnimodis
3260 3556 3490 3609 edicere.

2160 3651 2250 3703 25.
2308 3648 2556 3717 Jungitur
2627 3649 2822 3716 quippe
2890 3646 3187 3700 Eeberhtus
3261 3644 3666 3706 Wichmanno,

2094 3742 2390 3809 eademque
2423 3740 2685 3792 sententia
2720 3746 3051 3806 consurgunt
3095 3738 3146 3789 in
3185 3737 3395 3798 ducem,
3436 3733 3667 3786 nullum-

2096 3849 2198 3902 que
2221 3833 2266 3885 ei
2299 3833 2428 3884 dant
2462 3831 2555 3862 ¹⁰⁷⁵
2585 3831 2779 3898 quietis
2811 3829 2997 3883 otium.
3040 3827 3132 3882 llle
3169 3836 3346 3880 autem
3379 3825 3540 3879 nobili
3575 3839 3668 3891 pa-

2099 3926 2283 3979 tientia
2308 3923 2563 3990 juvenum
2596 3922 2829 3975 furorem
2875 3920 3147 3990 fi'angens,
3197 3928 3351 3972 cavet
3383 3915 3669 3970 tumultum

2098 4017 2326 4084 aliquem
2355 4029 2480 4083 rege
2508 4013 2726 4066 absente
2757 4011 2860 4064 illis
2886 4011 2938 4063 in
2975 4011 3215 4078 partibus
3241 4020 3571 4062 accrescere.

2167 4107 2257 4160 26.
2287 4105 2517 4174 Bojoarii
2542 4103 2821 4173 repentino
2847 4104 2988 4171 regis
3016 4103 3244 4156 adventu
3269 4116 3364 4154 nec
3393 4099 3457 4152 ad
3486 4110 3670 4166 pacem

1698 4220 1927 4275 VARH‘I
1972 4220 2371 4278 LECTIONES.

488 4333 586 4406 ’ξδ’
618 4349 818 4406 ευτρηε
843 4335 892 4388 1ο
975 4336 1066 4366 ¹⁰⁸⁹
1099 4350 1413 4406 egressuros
1439 4335 1492 4389 2.
1527 4335 1580 4388 5.

401 4405 466 4459 5.
508 4403 558 4455 7.
637 4404 730 4438 ¹ο⁸³
759 4413 1039 4459 vestucam
1068 4403 1156 4459 1.“
1199 4405 1291 4444 ³⁸⁵³
1327 4408 1522 4460 domno
1554 4406 1607 4459 2.

401 4483 628 4528 secutus
658 4475 896 4546 Iticrejus
927 4477 1148 4546 signum
1178 4477 1348 4546 posui.
1431 4475 1519 4546 ‘_°"
1551 4475 1838 4530 suasilibus
1863 4476 1918 4530 2.

399 4560 633 4610 semper.
754 4545 846 4576 ¹⁰⁶⁰
897 4543 1080 4600 comiti
1129 4543 1186 4599 2.
1283 4545 1372 4580 ¹⁰⁶¹
1425 4543 1620 4599 fratres
1655 4546 1704 4598 1.

401 4614 508 4684 mf
559 4614 708 4668 (lucis
761 4617 1044 4684 pecuniam
1086 4615 1139 4669 2.
1248 4615 1338 4649 ¹⁰⁶³

1367 4630 1525 4684 quem
1591 4614 1734 4676 Wid.
1783 4619 2006 4670 scribere
2062 4617 2338 4671 debuisset.

1659 4336 1754 4407 mf
1777 4351 1805 4388 a
1833 4352 1957 4407 rege
1983 4346 2126 4392 esset
2151 4338 2277 4407 imp.
2295 4333 2811 4407 optemperatura2.
2878 4333 2965 4407 “‘f’}
3017 4333 3107 4385 liae
3129 4331 3290 4407 2._h:e
3313 4331 3376 4382 A.
3426 4329 3512 4407 "ﬁ"
3528 4330 3670 4407 deest

1690 4406 1783 4440 ‘°"
1813 4406 1978 4461 evove
2011 4409 2060 4460 1.

1998 4479 2090 4517 ¹⁰⁸⁸
2117 4477 2313 4544 incepti
2341 4475 2392 4528 5.

1786 4546 1874 4578 1061
1905 4547 1952 4600 ei
1989 4549 2039 4600 1.

2142 4406 2238 4440 ¹⁰⁵⁶
2278 4400 2406 4459 Cum
2438 4400 2592 4469 caput
2633 4406 2691 4458 l9
2739 4405 2792 4456 in
2838 4404 3012 4455 codice
3045 4418 3145 4453 non
3185 4403 3408 4468 legatur,
3447 4400 3668 4450 indicem

2142 4477 2312 4520 nanti
2341 4475 2392 4520 3-
2471 4476 2560 4509 “’5’
2590 4473 2776 4520 lmiarii
2811 4474 2860 4520 L
2891 4472 3121 4520 Bnidal‘ii
3153 4471 3204 4520 5.
3239 4470 3479 4520 bawarii.
3513 4470 3576 4520 A.
3613 4479 3666 4518 ιιι

3232 4472 3576 4609 r.::.::::.~..g-
3603 4479 3666 4592 χι

2465 4607 2802 4684 ¹⁰⁶⁶ννεεοηι
2860 4613 2907 4664 1.
2954 4607 3073 4684 7‘°°_’_'
3125 4611 3248 4662 add.
3299 4607 3454 4684 'quod
3500 4607 3667 4684 A.A.3.

402 4683 509 4721 ³⁸⁸⁸
540 4679 885 4767 εξόέιμιθτίὴιιβ
921 4686 969 4738 1.
1005 4686 1313 4767 adelbertus
1336 4679 1398 4737 ΑΙ
1425 4685 1477 4738 2.
1507 4685 1556 4738 3.
1643 4684 1733 4766 “3"
1767 4686 2025 4767 adversus
2051 4688 2094 4740 A
2171 4687 2260 4767 “f7”
2310 4679 2730 4767 maguntiam‘A'.
2813 4682 3165 4767 “fumificem
3193 4689 3396 4732 secutus
3437 4679 3531 4730 hoc
3556 4680 3667 4729 loco

400 4763 568 4820 caput
590 4753 677 4806 24.
713 4756 888 4820 posui,
913 4765 960 4809 et
1019 4756 1092 4808 ita
1121 4756 1360 4823 deinceps
1414 4755 1725 4817 numeravi;
1775 4756 1829 4808 in
1885 4758 2061 4811 codice
2116 4757 2244 4811 ordo
2296 4753 2488 4824 swpius
2545 4756 2804 4808 turbatur.

403 4836 536 4882 ntus
557 4823 609 4876 2.
689 4825 786 4857 ¹⁰⁷⁸
825 4826 1023 4880 exinde
1047 4825 1103 4879 2.
1185 4825 1277 4855 '°"
1309 4823 1534 4880 dillieele
1567 4826 1616 4879 1.
1697 4825 1787 4857 ¹⁰⁷⁸
1832 4827 1966 4882 dede
1995 4827 2048 4882 2.

1871 4843 1966 4883 eue
1995 4843 2048 4882 Ζ.

689 4825 786 4857 ¹⁰⁷’
825 4826 1023 4880 exinde
1047 4825 1103 4879 2.

401 4836 536 4894 ptus
557 4823 609 4876 2.
689 4825 786 4857 ¹⁰⁷⁸
825 4826 1023 4880 exinde
1047 4825 1103 4879 2.
1185 4825 1277 4855 '°"
1309 4823 1534 4880 dillieele
1567 4826 1616 4879 1.

2886 4754 2978 4784 ¹⁰⁷¹
3011 4759 3294 4818 correptus
3321 4764 3458 4801 corr.
3486 4762 3670 4802 corru-

1933 4933 2138 4992 ΝΟΤᾹΞ
2149 4976 2162 4988 .

470 5049 632 5129 ’(275)
671 5048 798 5105 lude
833 5051 1151 5107 mouoculus
1179 5065 1375 5119 saeptus
1415 5067 1443 5105 a
1475 5051 1869 5106 recentioribus
1899 5067 1994 5104 uno
2021 5033 2071 5091 Ῑ)
2103 5051 2183 5129 ire
2254 5056 2566 5129 potuerunt.
2617 5049 2950 5129 Exercitum"
2978 5063 3103 5129 _non
3136 5049 3185 5100 in
3219 5043 3548 5129 .Ba.wa‘riani
3585 5039 3693 5129 sed

401 5130 672 5178 ΠΙΙηίΙΙιιΓ.

481 5189 635 5257 (274)
678 5192 872 5246 Cautes
917 5191 1127 5247 Saevire
1177 5200 1364 5257 potens
1415 5190 1481 5245 cf.
1511 5193 1649 5245 Ann.
1706 5193 1830 5246 mai.
1866 5191 1998 5250 Sau.

399 5260 554 5315 Gali.
591 5273 642 5313 θ.
673 5260 796 5325 951,
839 5263 961 5317 Vita
1008 5261 1065 5316 S.
1103 5260 1344 5317 Udalrici
1384 5261 1449 5316 Χ.
1478 5261 1564 5318 38.
1597 5261 1687 5315 59.

478 5329 635 5402 (275)
668 5330 972 5389 ilertuanno
1004 5333 1142 5387 idem
1175 5331 1495 5402 quodsupra
1526 5330 1668 5402 (11.2
1697 5334 1714 5400 )
1745 5330 2001 5400 Sigifrido

401 5401 703 5465 tribuitur;
762 5417 933 5467 neque
979 5413 1156 5456 tamen
1225 5411 1349 5457 tunc
1399 5401 1653 5469 temporis
1722 5405 1829 5458 dux
1897 5402 2004 5460 fuit

2106 5113 2390 5173 Franciam
2441 5121 2656 5174 ductum
2692 5135 2830 5188 esse.
2866 5119 3010 5174 Wid.
3050 5117 3160 5187 ipse
3219 5116 3435 5175 indicat,
3475 5113 3693 5188 etim».

2107 5201 2250 5260 tasse
2285 5203 2328 5260 Ae
2371 5203 2492 5260 cap.
2541 5190 2630 5244 25.
2687 5187 2954 5258 conjicere
2995 5183 3274 5260 licet,jam
3314 5192 3441 5260 ante
3475 5183 3693 5238 Ecberti

2107 5251 2463 5316 defectionem
2513 5262 2625 5315 bzec
2675 5251 2802 5318 acta'
2839 5278 2976 5319 esse.
3026 5251 3308 5315 lloe'loco
3359 5251 3696 5308 referuntur.

2107 5339 2164 5383 ut
2187 5327 2454 5402 Δξξιξιοῐῄξε
2493 5343 2667 5388 motus
2697 5349 2872 5390 causa:
2901 5341 3215 5402 appareant.
3429 5392 3440 5402 ο
3502 5392 3536 5402 Α
3689 5385 3697 5402 τ

2177 5397 2326 5468 (277)
2358 5398 2685 5460 Thiadricus
2729 5392 3027 5461 idenrcsse
3067 5403 3296 5456 videtur.
3354 5392 3443 5461 qui
3497 5392 3709 5471 (ἶθνοέξι
