4472 5522
798 375 894 430 ml

1813 371 2183 430 WlDUKINDl
2221 375 2666 435 CORBEJENSIS
2703 376 3007 436 MONACIII

3956 385 4059 441 £92

797 498 1081 545 vertuntur
1133 489 1244 552 ‘°",
1299 504 1398 544 nec
1450 490 1646 545 bellum
1698 490 1966 560 publicum
2018 500 2370 560 prtesumunt,
2404 493 2560 554 Aloc

2294 500 2370 555 nt,
2404 496 2449 554 A
2478 493 2627 551 locus
2655 505 2797 551 esset
2824 498 2962 567 apud
2992 496 3218 552 Cinnam
3250 496 3343 537 ιοθδ
3389 494 3537 567 (28])
3593 495 3820 552 rationis
3868 499 4058 554 danoa:

797 579 891 636 sed
922 578 1092 635 clausi
1117 581 1288 635 muris
1316 581 1573 651 grandem
1606 583 1867 636 exercitui
1900 582 2133 636 laborem
2163 598 2377 652 sna-que

798 670 1034 739 regionis
1062 669 1403 724 solitudinem
1428 679 1638 739 parant.
1670 671 1823 727 Unde
1850 673 2024 726 minus
2055 673 2380 742 procedente

798 758 1034 827 negotio,
1077 758 1280 828 absque
1328 758 1611 814 animabus
1643 761 1732 792 ’⁸⁷⁷
1769 761 2041 816 exercitus
2084 777 2115 815 a
2156 762 2296 817 nulla
2323 779 2381 819 re

797 847 1119 911 abstinebat,
1151 846 1243 901 sed
1274 848 1455 901 omnia
1486 848 1749 903 vastabat.

868 939 955 991 27.
992 937 1247 993 Summus
1277 937 1519 1008 pontifex
1571 940 1800 1005 interea,
1830 949 1889 993 ut
1932 940 2026 972 ¹⁰τ⁸
2055 942 2167 1010 ipse
2205 940 2383 995 aiebat

797 1030 890 1065 ὀη
922 1030 1115 1083 timore
1143 1029 1308 1099 regis,
1332 1027 1508 1085 ollicio
1528 1029 1817 1099 pontificali
1849 1031 2071 1095 amisso,
2104 1032 2383 1086 heremiti-

796 1134 916 1172 cam
942 1134 1064 1173 cnm
1097 1118 1353 1173 solitariis
1382 1118 1613 1174 ducebat
1641 1119 1827 1173 vitam.
1869 1118 1982 1173 Non
2010 1120 2228 1174 minima
2253 1136 2383 1190 quo-

796 1223 903 1276 que
930 1208 1142 1263 caeteris
1170 1208 1515 1278 pontiﬁcibus
1540 1210 1812 1263 cunctatio
1846 1220 1964 1264 erat
2007 1210 2059 1263 in
2113 1209 2380 1277 Bojoaria,

797 1298 923 1352 dum
965 1299 1145 1353 favent
1194 1299 1441 1369 partibus
1491 1316 1635 1353 nunc
1688 1301 1801 1370 regi
1858 1298 2183 1363 assistendo,
2238 1316 2383 1355 nunc

796 1388 1001 1445 alienas
1033 1392 1125 1423 ’"°
1152 1402 1336 1463 partes
1382 1392 1708 1463 adjuvando,
1739 1393 1863 1464 quia
1902 1394 1993 1425 "-“
2023 1410 2122 1449 nec
2149 1395 2266 1449 sine
2287 1410 2379 1464 pc-

796 1479 970 1535 riculo
999 1482 1376 1538 alienabantur
1409 1499 1439 1537 a
1472 1497 1615 1552 rege,
1658 1498 1761 1538 nec
1808 1484 1923 1538 sine
1958 1484 2041 1539 sui
2095 1483 2185 1515 ³⁸⁸⁸
2218 1483 2386 1538 detri-

794 1580 979 1624 mento
1017 1571 1065 1625 ci
1099 1572 1467 1628 adhaerebant.

865 1682 957 1736 28.
990 1682 1172 1754 Agens
1209 1693 1319 1740 tres
1372 1686 1609 1758 integros
1637 1688 1731 1727 ι⁰⁸³
1761 1701 1993 1752 menses,
2036 1701 2066 1739 a
2111 1685 2382 1755 Mogontia

798 1772 892 1804 ³⁸³⁸
920 1774 1196 1839 recedens,
1246 1790 1343 1829 rex
1385 1777 1438 1831 in
1483 1777 1586 1832 illis
1622 1776 1947 1847 regionibus,
1993 1777 2206 1837 demum
2235 1776 2380 1831 circa

797 1860 1023 1917 Kalend.
1075 1836 1300 1919 Januar.
1365 1866 1538 1938 (279),
1596 1836 1794 1922 infecto
1860 1836 2114 1937 negotio,
2170 1836 2457 1920 amissisB

797 1953 1006 2007 duobus
1026 1955 1414 2025 principalibus
1445 1959 1577 2013 viris
1608 1974 1671 2013 ac
1694 1967 1959 2029 potestate
1986 1957 2166 2022 claris,
2191 1956 2383 2011 Imme-

795 2044 861 2096 de
887 2051 941 2096 et
968 2042 1293 2101 Mainwerco
1321 2047 1655 2117 '°"quorum
1682 2056 1907 2116 uterque
1927 2046 2036 2101 ictu
2064 2046 2381 2116 sagittarum

793 2130 978 2198 periit,
1034 2130 1170 2187 alter
1205 2132 1506 2203 Mogontiae,
1559 2136 1699 2189 alter
1748 2136 1800 2188 in
1841 2134 2034 2189 itinere
2076 2133 2379 2204 Bojoariam

799 2223 1175 2289 pergentibus,
1203 2226 1492 2280 revertitur
1521 2228 1573 2280 in
1602 2226 1914 2281 Saxoniam.

863 2309 953 2366 29.
983 2311 1381 2384 (DCCClJLlV.)
1406 2315 1611 2370 Causas
1624 2316 1927 2371 dicentibus
1942 2330 2121 2369 coram
2141 2331 2265 2386 rege
2280 2315 2385 2370 lle-

805 2400 1053 2455 rimanno
1073 2403 1294 2472 suisque
1314 2406 1618 2473 nepotibus,
1642 2421 1831 2461 omnes
1854 2406 1985 2475 justi
2014 2416 2234 2461 tenaces
2260 2421 2383 2460 scn-

798 2489 1024 2542 tentiam
1048 2490 1201 2546 ducis
1239 2491 1331 2523 ¹⁰⁸⁸
1361 2492 1669 2559 laudavere,
1695 2494 2068 2550 adolescentes
2105 2496 2379 2564 castigan-

795 2579 1218 2648 dosjndicantes
1248 2581 1360 2635 ¹⁰⁸⁷.
1395 2582 1509 2637 Rex
1552 2594 1732 2639 autem
1782 2600 1972 2641 amans
1999 2586 2254 2655 parcebat
2290 2585 2381 2618 ¹⁰⁸⁸

796 2668 923 2733 illis,
970 2671 1068 2724 sub
1095 2673 1337 2727 custodia
1393 2673 1615 2728 militari
1661 2683 1869 2729 tantum
1917 2676 2061 2730 intra
2123 2675 2380 2745 palatium

801 2761 1020 2814 tradens
1049 2760 1492 2818 Wichmannum.

862 2850 1198 2907 50.1uterca
1247 2856 1417 2921 audit,
1467 2856 1592 2925 quia
1626 2856 1830 2912 Avarcs
1879 2860 2147 2913 intrantes
2187 2856 2383 2925 Bojoa-

793 2942 930 2995 riam
972 2942 1329 3013 jungerentnr
1370 2947 1718 3013 adversariis,
1770 2950 2224 3019 disponerentque
2281 2964 2381 3018 pu-

794 3035 936 3089 blica
962 3036 1100 3090 bello
1127 3052 1249 3091 eum
1285 3047 1568 3107 temptare.
1622 3038 1693 3093 At
1720 3038 1809 3094 ille
1839 3042 1972 3095 satis
2003 3040 2382 3110 inperterritus

796 3126 888 3180 tali
925 3129 1268 3195 necessitate,
1302 3147 1594 3202 numquam
1638 3149 1696 3188 se
1725 3134 1898 3204 gratia
1956 3132 2050 3188 Dei
2100 3132 2379 3186 dominum

795 3233 860 3271 ac
911 3234 1089 3288 regem
1139 3220 1339 3276 oblitus
1388 3232 1493 3288 est,
1544 3224 1637 3278 sed
1690 3223 1916 3278 collecta
1965 3223 2139 3277 valida
2192 3239 2376 3288 manu,

793 3310 1008 3363 obviam
1036 3312 1277 3379 procedit
1329 3314 1611 3367 acerrimis
1660 3313 1924 3368 hostibus.
1976 3313 2051 3367 Illi
2081 3324 2261 3367 autem
2299 3312 2379 3366 di-

792 3409 1014 3455 vertnnt
1043 3401 1132 3434 ²⁰⁸⁹
1165 3402 1235 3457 ab
1273 3419 1361 3468 eo,
1399 3406 1744 3476 acceptisque
1775 3405 2003 3461 ducibus
2049 3421 2078 3459 a
2103 3404 2376 3469 Liudulfo,

795 3506 1009 3545 onmem
1043 3490 1329 3548 Franciam
1360 3497 1635 3567 pervagati
1663 3505 1807 3562 sunt,
1831 3506 1885 3551 et
1910 3504 2111 3551 tantam
2145 3505 2379 3566 stragem

795 3581 1079 3647 dederunt,
1130 3583 1364 3652 primum
1406 3585 1615 3649 amicis,
1660 3594 1720 3639 ut
1762 3586 1974 3641 cuidam
2012 3586 2249 3642 Ernusto
2288 3585 2380 3618 ¹⁰⁹⁰

794 3674 1078 3740 vocabulo,
1103 3677 1195 3744 qui
1225 3688 1341 3729 erat
1370 3678 1541 3747 partis
1571 3678 1834 3742 adversas,
1882 3677 2118 3748 suijuris
2151 3679 2383 3734 familias

795 3781 957 3835 supra
1018 3766 1363 3822 millesimum
1413 3784 1695 3823 numerum
1762 3768 2146 3837 captivassent,
2190 3770 2383 3823 deinde

796 3858 1007 3911 caeteris
1046 3859 1319 3923 omnibus,
1348 3868 1407 3913 ut
1434 3860 1580 3914 dictu
1626 3859 1786 3915 ﬁdem
1830 3860 2072 3914 excedat.
2106 3860 2381 3915 Dominica

794 3956 920 4000 ante
945 3948 1145 4016 pascha
1170 3947 1487 4003 Wormatiaz
1517 3950 1606 3988 '0"
1630 3950 1710 4004 eis
1738 3958 1820 4003 est
1855 3948 2068 4018 publice
2110 3950 2385 4004 ministra-

798 4048 935 4101 tum,
967 4046 1020 4091 et
1049 4039 1363 4093 muneribus
1394 4038 1510 4092 auri
1539 4050 1592 4093 et
1636 4039 1844 4110 argenti
1890 4040 2180 4108 plurimum
2216 4041 2386 4094 dona-

799 4139 932 4182 tum.
958 4129 1083 4183 Inde
1113 4128 1207 4161 ¹⁰⁹²
1237 4128 1467 4183 Galliam
1491 4128 1737 4200 profecti,
1760 4145 1854 4201 per
1882 4130 2042 4183 aliam
2068 4131 2205 4184 viam
2236 4130 2383 4201 (280)

798 4221 851 4274 in
881 4220 1109 4288 patriam
1151 4228 1517 4274 revertuntur.

869 4311 959 4365 51.
1008 4308 1243 4378 Bojoarii
1295 4311 1436 4365 civili
1482 4312 1727 4366 exercitu
1785 4320 2120 4382 externoque
2177 4313 2383 4385 fatigati

796 4419 1014 4457 —nam
1046 4403 1295 4474 Ungariis
1341 4406 1593 4474 egressis,
1636 4406 1874 4459 exercitu
1925 4407 2087 4474 regali
2135 4421 2389 4475 premun-

798 4506 887 4548 tur
907 4524 977 4535 ——
1000 4496 1169 4549 coacti
1200 4506 1327 4549 sunt
1347 4496 1411 4550 de
1449 4511 1580 4565 pace
1608 4503 1879 4561 tractare;
1933 4494 2243 4565 facturaque
2280 4506 2383 4561 est,

2483 595 2537 640 et
2565 588 2935 657 responsionis
2968 588 3274 643 reddendae.

2552 676 2641 732 32.
2668 677 2748 731 Ad
2773 678 3079 733 condictum
3129 678 3304 734 locum
3349 678 3477 734 dum
3530 679 3853 735 universalis
3881 683 4059 751 populi

2482 778 2781 823 conventus
2810 770 2982 835 fieret,
3007 769 3165 824 talem
3200 785 3293 825 rex
3325 771 3626 826 orationem
3678 786 3903 827 exorsus
3935 782 4017 827 est
4045 792 4056 827 :

2484 858 2704 915 Paterer
2730 862 2824 895 ⁸⁸⁵⁸
2855 862 3047 931 inquit,
3082 863 3127 917 si
3154 864 3448 933 indignatio
3481 864 3581 933 ﬁlii
3604 865 3704 918 mei
3732 875 4063 920 cwterorum-

2481 968 2581 1022 que
2604 952 2826 1007 insidias
2855 952 3173 1007 tendentium
3214 970 3293 1007 me
3328 954 3498 1008 solun:
3548 963 3829 1025 torqueret,
3880 964 3926 1009 ct
3959 972 4065 1009 non

2483 1052 2647 1096 totum
2672 1043 2946 1097 christiani
2968 1043 3191 1098 nominis
3216 1043 3465 1115 pupulum
3488 1044 3811 1114 perturbaret
3833 1062 3851 1109 ,'
3876 1062 4064 1115 parum

2483 1142 2631 1198 esset,
2681 1133 2832 1187 urbes
2881 1149 3024 1187 meas
3063 1150 3206 1187 more
3254 1133 3518 1188 latronum
3578 1135 3849 1197 invasisse,
3900 1137 4065 1204 regio-

2484 1237 2673 1293 nesque
2696 1221 2790 1254 ¹⁰⁹⁶
2816 1239 2847 1276 ιι
2870 1239 2984 1277 mea
3011 1222 3104 1253 ¹⁰⁹⁷
3140 1232 3391 1293 potestate
3413 1224 3667 1293 rapuisse,
3692 1224 3793 1277 nisi
3819 1223 3909 1255 ¹⁰⁹⁸
3936 1241 4061 1294 pro-

2480 1315 2793 1385 pinquorum
2845 1330 3075 1369 meorum
3118 1331 3181 1368 ac
3229 1316 3618 1369 carissimorum
3653 1317 3898 1370 comitum
3935 1333 4063 1370 sau-

2481 1408 2637 1477 guine
2656 1408 2990 1462 satiareutur.
3027 1406 3159 1461 Ecce
3204 1407 3315 1461 sine
3339 1406 3465 1475 ﬁliis
3486 1410 3637 1463 sedeo
3676 1408 3914 1472 orbatus,
3939 1409 4063 1461 dum

2482 1498 2652 1567 ﬁlium
2678 1498 3043 1568 gravissimum
3072 1498 3269 1551 hostem
3298 1498 3488 1567 patior.
3531 1498 3694 1564 Quem
3720 1495 3869 1569 (282)
3892 1495 4063 1567 pluri-

2482 1604 2623 1642 mum
2665 1588 2836 1643 amavi
2862 1598 2909 1642 et
2957 1605 2988 1641 a
3020 1588 3268 1642 mediocri
3306 1588 3419 1641 loco
3462 1589 3530 1641 ad
3553 1604 3813 1642 summum
3842 1587 4064 1654 gradum

2481 1697 2842 1751 summumque
2877 1682 3124 1735 honorem
3163 1681 3395 1750 provexi,
3444 1681 3653 1735 unicum
3691 1679 3859 1749 ﬁlium
3894 1696 4063 1733 meum

2484 1770 2636 1824 habet
2683 1771 2778 1805 'c”
2802 1772 3077 1825 adversum
3116 1789 3219 1826 me.
3256 1772 3346 1802 “°°
3394 1770 3680 1825 Tolerabile
3741 1770 3829 1801 “°'
3860 1769 3956 1823 hoc
3983 1780 4065 1821 ut-

2486 1877 2704 1927 cumque
2735 1861 2827 1893 ¹¹⁰¹
2857 1861 3012 1931 foret,
3064 1863 3108 1916 si
3149 1879 3251 1916 non
3291 1862 3383 1894 ¹¹⁰⁸
3432 1861 3528 1915 Dei
3564 1862 3932 1931 hominumque
3970 1861 4069 1913 ini-

2486 1949 2605 2002 mici
2637 1949 2717 2003 his
2760 1950 2932 2004 causis
2987 1948 3081 1985 ¹¹⁰⁸
3118 1951 3591 2005 introducerentur.
3636 1948 3796 2002 Modo
3854 1964 4067 2016 regnum

2430 2068 2440 2078 ο
2485 2052 2656 2089 meum
2680 2036 2868 2090 habent
2908 2036 3219 2101 desolatam,
3251 2037 3502 2107 populum
3551 2047 3758 2106 captum
3797 2035 3873 2089 vel
3907 2036 4070 2088 inter-

2484 2124 2696 2194 fectum,
2722 2127 2873 2181 urbes
2895 2128 3209 2193 destructas,
3245 2127 3436 2196 templa
3468 2143 3739 2191 succensa,
3775 2125 4067 2181 sacerrimes

2484 2220 2768 2283 extinctos;
2792 2219 2964 2272 adhuc
2994 2221 3203 2273 madent
3236 2220 3492 2290 sanguine
3537 2218 3721 2287 platete
3745 2235 3762 2282 ;
3789 2233 3919 2270 auro
3956 2232 4068 2269 meo

2484 2319 2530 2362 et
2554 2318 2787 2379 argento,
2829 2309 3014 2379 quibus
3060 2309 3231 2377 [ilium
3274 2324 3619 2379 generumque
3668 2306 3851 2371 ditari,
3898 2307 4068 2359 hostes

2484 2397 2677 2453 Christi
2718 2399 2863 2453 sedes
2895 2416 3018 2453 suas
3062 2409 3291 2452 remeunt
3328 2398 3421 2430 “°'
3455 2396 3627 2466 referti
3654 2394 3768 2449 ”°‘.
3800 2394 3940 2460 Quid
3964 2394 4062 2463 igi-

2483 2501 2572 2545 tur
2600 2491 2690 2523 ¹¹⁰⁷
2735 2493 2959 2561 supersit
3006 2491 3238 2555 sceleris,
3294 2488 3429 2559 quid
3478 2486 3736 2557 perﬁdiw,
3776 2485 4069 2554 excogitare

2484 2600 2754 2654 nequeam.
2802 2582 2897 2638 llis
2946 2582 3126 2648 dictis,
3161 2580 3467 2635 tacuitrex.
3517 2577 3806 2633 Heinricus
3838 2576 4069 2628 laudans

2483 2676 2806 2732 sententiam
2848 2675 3010 2746 regis,
3064 2672 3358 2741 subiunxit,
3412 2670 3540 2741 quia
3594 2670 3779 2723 hostes
3831 2666 4069 2722 secundo

2484 2768 2613 2823 victi
2664 2767 2757 2799 ¹¹⁰⁸
2817 2766 3030 2838 publico
3071 2765 3389 2831 certamine,
3433 2762 3668 2833 maligne
3713 2775 3779 2815 ac
3832 2759 4071 2829 pessime

2483 2860 2935 2924 conducerentur,
2965 2874 3071 2928 quo
3096 2859 3179 2912 via
3225 2858 3306 2912 eis
3343 2858 3535 2911 iterum
3582 2852 3804 2907 laedendi
3834 2851 4070 2920 aperire-

2486 2963 2611 3017 tur;
2641 2967 2854 3005 omnem
2900 2951 3262 3006 calamitatem
3303 2961 3624 3018 omnemque
3672 2945 3910 2999 laborem
3941 2958 4072 2997 cou-

2484 3043 2678 3097 sultius
2706 3041 2798 3073 ¹¹⁰⁹
2829 3042 2964 3097 velle
2988 3042 3122 3111 pati,
3150 3056 3310 3110 quam
3340 3052 3680 3095 communem
3716 3036 3925 3089 hostem
3953 3048 4069 3084 um-

2485 3150 2645 3204 quam
2685 3134 2735 3187 in
2769 3133 2925 3188 fidem
2973 3133 3066 3164 ¹¹¹⁰
3096 3134 3414 3201 susciperet.
3458 3131 3545 3161 ¹¹¹¹
3596 3126 3690 3181 llis
3733 3126 3912 3189 dictis,
3944 3122 4071 3176 Liu-

2484 3222 2663 3278 dulfus
2692 3224 2989 3293 procedens
3014 3222 3090 3276 ait
3117 3239 3129 3275 :
3160 3221 3456 3275 Conductos
3504 3219 3777 3271 adversum
3815 3230 3893 3266 me
3922 3228 4071 3281 pecu-

2484 3314 2594 3378 nia,
2619 3313 2805 3381 fateor,
2848 3313 3069 3377 obtinui,
3101 3329 3162 3365 ne
3212 3328 3293 3365 me
3338 3310 3595 3379 michique
3623 3306 3877 3376 subjectos
3915 3303 4076 3357 la’de-

2486 3413 2628 3470 rent;
2662 3406 2705 3459 si
2743 3407 2794 3458 in
2834 3411 2931 3459 hac
2973 3416 3120 3476 parte
3167 3402 3441 3472 culpabilis
3486 3401 3763 3471 prmdico'r,
3807 3398 3936 3451 sciat
3991 3410 4073 3448 me

2486 3501 2652 3553 onmis
2677 3497 2901 3569 papulus
2926 3498 3022 3550 hoc
3047 3512 3152 3549 non
3184 3495 3275 3527 ¹¹¹²
3313 3493 3627 3556 voluntarie,
3659 3490 3746 3545 sed
3769 3488 3951 3542 ultima
3984 3502 4073 3539 ne—

2486 3590 2720 3644 cessitate
2751 3596 2986 3642 coactum
3020 3586 3222 3655 fecisse.
3263 3582 3601 3636 Postremum
3628 3577 3865 3650 pontifex
3922 3591 4071 3630 sum-

2488 3695 2607 3734 mus
2660 3679 2922 3734 rationem
2969 3678 3275 3731 redditurus
3333 3672 3577 3736 intravit,
3635 3670 3970 3739 promittens,
4015 3680 4073 3719 se

2488 3787 2828 3843 quocumque
2867 3770 2960 3802 ¹¹¹³
3002 3767 3209 3823 rex““
3258 3764 3634 3835 imperavisset
3668 3760 3872 3830 judicio
3910 3758 4074 3827 signi-

2490 3864 2796 3925 ficaturum,
2827 3873 3120 3927 numquam
3143 3865 3329 3911 contra
3354 3867 3535 3923 regem
3561 3851 3799 3905 sensisse
3827 3847 3909 3901 vel
3937 3846 4073 3923 velle

2487 3954 2573 4008 vel
2620 3952 2859 4015 fecisse;
2918 3950 3112 4003 timore
3168 3955 3416 4001 coactum
3481 3959 3511 3997 a
3560 3957 3687 4012 rege
3739 3938 4073 4001 discessisse,

2486 4042 2751 4097 offensum
2772 4039 2874 4096 sibi
2898 4053 3019 4093 eum
3043 4038 3168 4106 quia
3204 4035 3295 4067 ¹¹¹⁵
3335 4032 3704 4097 intellexisset,
3735 4030 4075 4084 innocentem

2488 4131 2824 4203 gravissimis
2867 4127 3302 4183 accusationibus
3340 4126 3635 4187 obrutum;
3680 4122 3745 4177 de
3774 4121 4074 4189 caeteroju-

2491 4232 2856 4278 ramentorum
2881 4218 3131 4275 omnibus
3162 4217 3496 4287 argumentis
3522 4214 3613 4246 ¹¹¹⁶
3647 4211 3807 4267 ﬁdem
3829 4222 4075 4267 servatu-

2492 4329 2632 4368 rum.
2663 4314 2744 4366 Ad
2790 4311 2904 4365 haac
2942 4323 3077 4363 rex:
3131 4307 3171 4360 Α
3205 4308 3345 4361 vobis
3394 4323 3500 4359 non
3523 4303 4074 4374 exigojuramentum,

2493 4406 2593 4460 nisi
2649 4404 2793 4474 pacis
2840 4410 2888 4456 et
2940 4399 3234 4454 concordia:
3285 4396 3563 4451 consilium
3591 4395 3681 4426 “"
3720 4394 3776 4447 in
3820 4402 4074 4462 quantum

2492 4495 2721 4565 possitis.
2746 4492 3018 4561 adjurelis.
3053 4490 3120 4543 Et
3156 4491 3258 4544 hoc
3290 4489 3435 4552 dato,
3467 4487 3518 4540 in
3557 4485 3660 4540 fide
3707 4499 3771 4538 ac
3794 4497 3925 4554 pace
3953 4498 4076 4537 cum

801 4594 861 4637 ut
903 4600 1007 4654 pax
1036 4586 1258 4641 daretur
1311 4602 1481 4656 usque
1527 4587 1579 4641 in
1634 4589 1696 4641 l6
1730 4587 1820 4621 ¹⁰⁹³
1878 4587 2107 4643 Kalend.
2147 4589 2293 4653 Julii,
2333 4600 2387 4643 et
2416 4601 2466 4660 υ
2495 4588 2565 4641 dii

1072 4594 1258 4641 aretur
1311 4602 1481 4656 usque
1527 4587 1579 4641 in
1634 4589 1696 4641 l6
1730 4587 1820 4621 ¹⁰⁹³
1878 4587 2107 4643 Kalend.
2147 4589 2293 4653 Julii,
2333 4600 2387 4643 et
2416 4601 2466 4660 υ
2495 4586 2832 4641 όὶιιιὶδὶιυίθ.

2103 4697 2337 4751 V'ARUE
2380 4695 2784 4754 LECTIONES.

872 4813 969 4847 “’7'
1024 4824 1370 4868 revertuntur
1398 4815 1449 4868 l.
1547 4814 1636 4845 “’7'
1663 4828 1693 4867 a
1722 4812 1974 4866 manibus
2000 4813 2051 4865 5.

2132 4810 2226 4840 ¹⁰⁷⁸
2256 4810 2395 4863 deest
2430 4811 2503 4864 l.'
2559 4809 2650 4841 “’7’
2682 4808 2876 4876 agebat
2905 4807 2955 4860 l.

3033 4804 3124 4836 ¹⁰⁸⁶
3165 4804 3369 4859 alienos
3400 4802 3444 4854 Ι.
3477 4801 3612 4854 alias
3642 4798 3694 4852 5.
3774 4798 3866 4867 ³⁰ί⁸¹
3896 4797 3987 4867 qui
4021 4797 4071 4851 ι.

802 4885 895 4920 ι⁰⁸¹
923 4866 1075 4939 deest
1094 4866 1167 4937 5.
1191 4866 1200 4867 7
1230 4866 1579 4940 “nini—enses
1599 4866 1840 4954 integros
1866 4883 1943 4954 5.Δ
1985 4881 2092 4954 Δίθεξδ
2124 4882 2401 4954 moguntin
2445 4881 2490 4954 l_.
2526 4866 2893 4954 mogunicia
2932 4876 3130 4954 saepius
3157 4891 3273 4954 vero
3330 4872 3602 4954 inﬁgunlia
3631 4887 3644 4934 ;
3672 4869 3745 4954 At;
3770 4866 4077 4954 ριςζςιηιηξε

800 4956 1096 5023 magnntia.
1179 4953 1270 4985 “’1'
1304 4956 1650 5009 meinnuerco
1673 4953 1732 5007 2.’
1761 4954 1826 5006 A.

799 5035 1082 5077 verterunt
1129 5024 1194 5077 A.
1252 5024 1303 5077 5.
1358 5026 1411 5078 7.
1493 5025 1583 5059 '°’°
1636 5032 1852 5077 ernesto
1904 5023 1965 5074 A.
2026 5026 2079 5075 2.
2137 5022 2191 5075 5.

800 5092 895 5125 ¹⁹⁹δ
923 5094 1145 5148 ricinam
1178 5094 1231 5147 2.
1310 5094 1401 5127 1°”
1432 5104 1581 5162 pater
1615 5094 1678 5147 A.
1757 5092 1847 5162 “’9
1881 5092 2126 5160 regiones
2150 5091 2203 5145 5.

809 5180 896 5217 tne
931 5162 986 5216 2.
1038 5163 1104 5218 A.
1184 5165 1275 5197 ⁸¹⁰¹
1329 5161 1627 5218 tollerabile
1649 5163 1704 5216 ‘2.
1783 5161 1875 5193 ¹¹⁰¹
1914 5169 2084 5215 totum
2112 5162 2164 5214 5.

801 5244 981 5276 ιιιιιιιιιι
1012 5234 1045 5275 9
1108 5235 1327 5276 rr-zlmml
1360 5236 1410 5276 ’7-
1492 5233 1586 5267 “0°
1618 5232 1802 5276 I’P'Pl‘l'i
1833 5231 1883 5276 ἓ-
1970 5232 2061 5269 ¹¹⁰⁷
2091 5246 2218 5276 enm
2240 5232 2291 5276 3.
2328 5231 2376 5276 ’7-

1905 4950 1999 4985 ¹⁰⁸⁶
2036 4952 2187 5005 ducis
2235 4952 2558 5005 sententiam
2591 4953 2653 5003 A.
2736 4950 2785 4979 ¹⁰¹

1905 5023 1965 5071 Α.
2026 5026 2079 5071 2.
2137 5022 2191 5071 5.
2279 5020 2368 5051 ¹⁰⁹¹
2422 5021 2715 5071 uurmacim
2765 5020 2785 5071 1

2422 5036 2715 5075 υυΙῚΙιΩΟΙζΒ
2765 5036 2785 5071 Ἰ
2800 5058 2815 5073 ι

2284 5090 2376 5123 ¹⁰⁹⁷
2408 5101 2563 5145 antea
2595 5093 2658 5143 A.

2244 5161 2338 5195 ιιοι

2354 5164 2493 5215 deest
2521 5162 2583 5213 A.
2664 5162 2758 5196 ¹¹⁰³
2787 5175 2806 5210 a

2354 5233 2376 5276 '-
2460 5231 2552 5262 ²¹⁰⁸
2586 5231 2728 5276 viam
2754 5228 2806 5276 2.

3495 4954 3685 4995 arcens
3712 4938 3766 4991 2.
3844 4937 3936 4970 ¹⁰¹⁴⁸
3987 4938 4072 4989 di-

3679 5008 3771 5040 ¹⁰⁹⁸
3810 5005 3971 5060 XVII.
4018 5008 4070 5061 5.

3623 5079 3714 5111 ¹¹⁰⁰
3763 5092 4011 5132 aversum
4039 5093 4072 5131 a

3217 5155 3311 5185 ¹¹⁰⁸
3368 5149 3694 5206 remeantA.
3730 5150 3783 5203 5.
3816 5163 3954 5200 corr.
3993 5162 4075 5200 re-

3447 5220 3539 5254 IHO
3571 5220 3674 5273 “de
3709 5219 3774 5272 Α.
3852 5218 3940 5247 NH
3984 5231 4073 5267 5"-

2847 4943 3167 5029 imitanda
3199 4946 3252 5026 ες
3450 4957 3578 5029 pars

2908 5016 3002 5047 ¹⁰⁹¹
3055 5016 3181 5069 add.
3237 5016 3288 5068 in
3322 5013 3386 5066 Α.
3450 5013 3503 5065 2.
3548 5013 3602 5066 5.

2908 5088 2916 5139 i
2949 5086 3003 5139 5.
3083 5086 3175 5118 ¹⁰⁹⁹
3208 5086 3379 5139 habeo
3400 5082 3453 5135 2.
3490 5081 3542 5135 5.

2664 5158 2758 5196 1"”
2787 5159 2914 5212 add.
2939 5172 3044 5211 non
3073 5160 3137 5209 Α.

2889 5228 2976 5260 il"
3010 5225 3289 5276 consultus
3313 5225 3367 5276 2.

2740 5088 2832 5121 10:8
2863 5088 2916 5141 ni
2949 5086 3003 5139 ὅ.
