4472 5522
808 442 906 497 195

1846 433 2211 493 WIDUKINDI
2249 431 2693 486 CORBEIENSIS
2741 431 3041 487 MONACllI

3964 430 4065 484 l96

803 564 946 610 esset
985 553 1089 607 dux
1129 552 1409 607 Conradus
1438 567 1465 605 a
1516 567 1638 622 rege
1670 554 1887 606 missus.
1920 551 2102 603 Prmda
2137 550 2258 601 inde
2301 548 2384 600 in-
2415 550 2459 606 Λ
2492 546 2629 599 bello
2676 547 2891 600 interim
2940 548 3152 611 aberat,
3207 562 3271 601 eo
3324 546 3465 615 quod
3500 545 3797 599 valitudine
3826 546 4071 614 corporis

802 660 935 713 gens
964 642 1155 706 ducta;
1192 641 1440 695 Samnite
1464 642 1647 696 laetitia
1674 658 1866 711 magna
1898 650 2108 695 exorta.

872 736 963 789 43.
995 731 1370 804 (DCCCCLV.)
1400 732 1712 786 Proximum
1762 748 1926 803 agens
1951 748 2044 786 rex
2071 732 2268 801 pascha
2295 732 2385 771 “'5

799 842 929 880 cum
958 824 1146 886 fratre,
1180 824 1326 877 ducit
1360 832 1482 892 post
1528 824 1641 877 btec
1685 824 1984 877 exercitum
2030 831 2216 875 contra
2257 820 2385 873 llai-

799 915 1065 985 nesburg,
1090 916 1281 969 iterum
1308 914 1475 967 armis
1504 914 1874 982 machimsque
1898 913 2085 967 urbem
2109 920 2385 981 torquens.

800 1008 944 1060 ltum
974 1006 1225 1074 praesidio
1253 1005 1529 1059 Saxonum
1556 1004 1867 1058 destituitur
1891 1019 1954 1058 ac
1978 1004 2118 1058 fame
2140 1011 2385 1068 vexatur,

798 1100 979 1168 portis
1013 1098 1202 1153 urbani
1232 1098 1456 1167 egressi,
1500 1112 1623 1151 cunt
1656 1098 1787 1150 urbe
1838 1096 2179 1150 tradiderunt
2216 1105 2388 1150 semet

801 1193 955 1259 ipsos
985 1190 1119 1258 regi.
1153 1189 1254 1255 Qui
1305 1190 1574 1259 principes
1611 1188 1773 1243 exilio
1821 1190 2140 1258 dampnans,
2171 1190 2391 1257 reliquae

802 1282 1138 1335 multitudini
1183 1282 1374 1352 parcit,
1435 1282 1769 1349 victoriaque
1816 1280 2082 1350 gloriosus
2130 1282 2391 1335 remeavit

802 1374 853 1425 in
891 1372 1144 1441 patriam,
1173 1373 1319 1425 omni
1351 1371 1565 1440 regione
1596 1370 1873 1437 Bojoarica
1924 1369 2076 1423 fratri
2122 1372 2389 1424 restituta.

880 1462 970 1515 41.
996 1462 1382 1531 Ingressusque
1414 1460 1701 1514 Saxoniam
1727 1461 1869 1513 circa
1894 1460 2010 1513 Kal.
2036 1458 2184 1524 Julii,
2206 1461 2393 1515 obvios

810 1554 974 1607 habet
1023 1553 1225 1623 legatos
1278 1550 1656 1621 Ungariorum,
1710 1562 1982 1619 tamquam
2022 1552 2091 1607 ob
2118 1556 2391 1621 antiquam

811 1641 970 1695 fidem
1000 1657 1064 1695 ac
1092 1642 1321 1711 gratiam
1350 1657 1472 1695 eum
1506 1641 1806 1704 visitantcs,
1852 1656 1909 1693 re
1939 1650 2120 1695 autem
2150 1658 2299 1706 vera,
2335 1652 2394 1696 ut

811 1732 1130 1800 quibusdam
1157 1732 1464 1788 videbatur.
1493 1740 1742 1785 eventum
1787 1731 1909 1784 belli
1940 1733 2115 1786 civilis
2145 1734 2236 1764 ““
2267 1748 2395 1787 con—

814 1822 1137 1877 siderantes.
1172 1820 1551 1890 (DCCCCLVJ
1584 1822 1727 1887 Quos
1776 1838 1896 1875 cum
1932 1838 2115 1876 secum
2147 1824 2393 1893 aliquan-

2488 636 2805 700 labnrasset,
2845 652 2947 705 qua
3000 646 3049 690 et
3088 646 3332 691 mortuus
3360 646 3443 691 est
3470 636 3639 706 (287).
3680 638 3945 703 Quartam
3976 636 4068 669 ¹¹⁸⁶

2487 728 2806 780 ordinavere
2840 727 3055 793 Franci,
3107 744 3337 797 quorum
3380 737 3561 783 rector
3593 744 3656 783 ac
3686 729 3777 761 ¹¹⁸¹
3813 744 4070 798 procura-

2491 828 2573 872 tor
2620 830 2737 873 erat
2784 820 2873 850 “"
2920 820 3024 873 dux
3076 819 3377 874 Conradus.
3426 820 3483 873 In
3526 822 3738 890 quinta,
3792 836 3910 890 qua:
3954 832 4073 874 erat

2490 910 2745 972 maxima,
2788 923 2908 977 qua:
2930 918 2984 961 et
3014 908 3291 963 dicebatur
3332 908 3499 975 regia,
3533 910 3645 978 ipse
3674 911 3927 978 princeps
3955 909 4070 961 val-

2492 998 2632 1052 latus
2664 999 2818 1053 lectis
2849 999 2941 1030 “”
2968 1015 3034 1054 ex
3065 999 3315 1054 omnibus
3346 999 3438 1031 m‘
3468 1000 3696 1054 militum
3731 1000 3947 1054 milibus
3976 1003 4071 1041 “"5

2496 1090 2771 1159 alacrique
2810 1090 3116 1158 iuventute,
3164 1106 3457 1160 coramque
3497 1107 3563 1146 eo
3610 1092 3851 1160 angelus,
3906 1107 4073 1160 penes

2506 1199 2663 1253 quem
2697 1185 2947 1249 victoria,
2976 1185 3142 1238 denso
3171 1186 3381 1255 agmine
3411 1186 3821 1255 circumseptus.
3853 1186 4073 1239 Sextam

2495 1282 2549 1327 et
2580 1275 2862 1341 septimam
2900 1285 3323 1329 construxerunt
3370 1275 3534 1330 Suavi
3570 1277 3679 1337 ¹¹⁸⁶,
3713 1277 3909 1346 quibus
3934 1293 4077 1346 pra:-

2496 1366 2597 1420 fuit
2642 1366 3122 1436 Burghardus”",
3177 1369 3262 1422 cui
3308 1377 3567 1437 nupserat
3612 1368 3718 1423 ﬁlia
3768 1368 3953 1423 fratris
3987 1386 4079 1425 re-

2496 1457 2576 1525 gis
2606 1457 2772 1527 (288).
2804 1456 2857 1510 In
2886 1466 3076 1511 octava
3104 1468 3259 1513 erant
3288 1459 3467 1513 Boemi
3495 1460 3651 1513 electi
3676 1461 3873 1515 milites
3906 1461 4073 1525 mille,

2496 1547 2661 1601 armis
2682 1548 2858 1615 potius
2902 1548 3153 1603 instructi
3185 1564 3346 1617 quam
3392 1552 3641 1615 fortuna;
3672 1550 3724 1603 in
3755 1566 3859 1620 qua
3886 1562 3940 1605 et
3969 1566 4081 1604 sar-

2497 1639 2632 1692 cina:
2670 1654 2857 1692 omnes
2884 1655 2945 1693 ac
2975 1639 3067 1679 ¹ι⁸⁵¹
3100 1640 3461 1708 inpedimenta
3488 1657 3737 1710 qumque,
3769 1644 3921 1712 quasi
3965 1644 4077 1711 ipsa

2498 1738 2641 1783 esset
2668 1730 2959 1793 tutissima,
2989 1745 3107 1798 qum
3136 1738 3281 1785 esset
3321 1732 3629 1785 novissima.
3664 1731 3769 1785 Sed
3802 1733 3960 1787 aliter
3993 1749 4081 1785 res

2500 1830 2620 1874 acta
2658 1832 2742 1874 est
2784 1836 2847 1876 ac
2892 1823 2983 1862 ι¹⁸θ
3033 1823 3429 1888 arbitrabatur;
3464 1840 3587 1877 nam
3645 1824 3866 1894 Ungarii
3912 1826 4082 1879 nichil

813 1910 2402 1975 tis“5'diebusretinuissetetaliquibusmunuseulisdona-
2434 1922 2481 1980 Β
2507 1920 2844 1977 cunctantes,
2893 1911 3033 1965 Lech
3082 1912 3299 1967 fluvium
3351 1915 3706 1980 transierunt,
3739 1916 4084 1969 circumeun-

814 2014 896 2055 tus
927 2001 1227 2055 remisisset
1250 1999 1301 2052 in
1330 2013 1481 2069 pace,
1499 1998 1697 2052 audivit
1720 2014 1749 2051 a
1780 2001 1984 2054 nuntiis
2009 2000 2213 2067 fratris,
2242 2007 2395 2062 ducis

812 2091 1017 2144 scilicet
1048 2088 1418 2157 Bojoariorum
1450 2106 1462 2141 :
1493 2088 1631 2153 Quia
1670 2089 1761 2128 ’⁸⁸⁸
1810 2107 1922 2143 ecce
1953 2090 2171 2161 Ungarii
2212 2097 2395 2165 diffusi

813 2183 1064 2236 invadunt
1092 2184 1337 2236 terminos
1366 2191 1506 2247 tuos,
1534 2192 1871 2253 statuamque
1913 2195 2079 2238 tecum
2122 2189 2255 2243 inire
2286 2209 2397 2245 cer-

813 2285 1005 2326 tamen.
1036 2272 1129 2326 llis
1158 2274 1354 2328 auditis
1383 2290 1498 2336 rex,
1532 2275 1684 2342 quasi
1713 2274 1878 2327 nichil
1911 2275 2109 2331 laboris
2145 2280 2235 2310 “"
2258 2296 2397 2349 prte-

814 2368 973 2421 terito
1022 2366 1161 2419 bello
1214 2366 1567 2430 toleravisset,
1626 2366 1793 2435 erepit
1850 2367 1929 2421 ire
1970 2379 2159 2423 contra
2194 2372 2395 2436 hostes,

814 2457 1043 2526 sumptis
1067 2458 1157 2487 “7°
1193 2472 1376 2510 secum
1426 2456 1612 2525 paucis
1648 2456 1935 2510 admodum
1968 2474 2034 2511 ex
2069 2460 2397 2525 Saxonibus,

814 2566 879 2604 eo
905 2552 1046 2619 quod
1070 2550 1179 2617 jam
1207 2551 1404 2605 bellum
1433 2551 1780 2605 Slavanietun
1810 2552 1900 2581 ¹¹⁷¹
1930 2562 2167 2620 urgeret.
2194 2550 2400 2605 Castris

813 2643 1005 2711 positis
1053 2643 1106 2694 in
1168 2641 1416 2697 confiniis
1469 2642 1798 2710 Augustam:
1843 2641 2015 2705 urbis,
2067 2641 2305 2693 occurrit
2352 2640 2401 2693 ei

815 2734 1089 2787 exercitus
1121 2732 1455 2785 Francorum
1504 2730 2017 2796 Bojoariorumque;
2057 2744 2181 2782 cum
2228 2728 2405 2780 valido

816 2839 1030 2892 quoque
1068 2823 1309 2889 equitatu
1342 2820 1489 2873 venit
1510 2821 1562 2873 in
1588 2829 1765 2872 castra
1787 2818 2068 2872 Conradus
2093 2817 2221 2882 dux,
2251 2818 2404 2887 cujus

817 2914 1049 2967 adventu
1080 2912 1246 2965 erecti
1294 2910 1494 2963 milites
1523 2910 1636 2976 ιη’,
1668 2910 1779 2978 jam
1832 2910 2093 2978 optabant
2141 2924 2245 2961 non
2298 2907 2401 2961 dif-

821 3005 965 3056 ferre
993 3011 1288 3055 certamen.
1322 2999 1456 3052 Nam
1484 2994 1603 3052 erat
1647 3007 1840 3051 natura
1883 2998 2103 3051 audacis
2130 2996 2317 3058 animi,
2352 3004 2405 3050 et

818 3093 961 3160 quod
1015 3106 1198 3144 rarum
1250 3098 1335 3144 est
1388 3089 1704 3147 audacibus.
1753 3090 1926 3143 bonus
1956 3087 2168 3141 consilii
2207 3086 2317 3148 “7’,
2352 3094 2406 3139 et

818 3185 943 3235 dum
975 3196 1141 3249 eques
1168 3188 1221 3233 et
1249 3181 1373 3233 dum
1407 3178 1568 3247 pedes
1596 3179 1698 3231 iret
1724 3178 1775 3231 in
1808 3180 2039 3240 hostem,
2066 3176 2296 3229 bellator
2321 3176 2404 3228 in-

2500 2011 2685 2070 tesque
2709 2004 2801 2040 ¹¹⁹⁰
2836 2004 3159 2067 exercitum,
3218 2014 3513 2060 extremam
3560 2006 3824 2076 legionem
3875 2008 4085 2077 sagittis

2500 2094 2795 2149 lascessere
2821 2096 2907 2131 ¹¹⁹¹
2935 2104 3237 2163 creperum,
3282 2105 3336 2150 et
3372 2097 3557 2165 inpetu
3607 2115 3727 2151 eum
3760 2098 3960 2169 ingenti
3992 2116 4089 2152 vo-

2500 2184 2819 2239 ciferatione
2849 2184 2991 2240 facto
3018 2186 3137 2248 “",
3169 2187 3290 2240 aliis
3325 2188 3482 2241 eazsis
3510 2188 3593 2242 vel
3619 2189 3710 2220 “-"
3739 2190 3933 2259 captis,
3964 2206 4085 2243 sar-

2501 2276 2639 2329 cinis
2668 2275 2920 2329 omnibus
2948 2274 3124 2343 potiti,
3158 2284 3383 2330 eteteros
3420 2276 3647 2347 legionis
3676 2278 3820 2332 illius
3849 2290 4085 2335 armatos

2502 2366 2687 2436 fugere
2713 2365 3110 2434 compulerunt.
3160 2364 3422 2420 Similiter
3453 2368 3736 2436 septimam
3782 2383 3845 2422 ac
3878 2380 4084 2423 sextam

2501 2456 2759 2526 aggressi,
2787 2455 3030 2524 plurimis
3058 2471 3122 2508 ex
3160 2456 3237 2508 ei’s
3266 2455 3421 2520 fusis,
3466 2458 3520 2510 in
3571 2457 3751 2527 fugam
3781 2468 4083 2513 verterunt.

2504 2548 2615 2601 Rex
2669 2558 2850 2600 autem
2908 2563 3030 2600 cum
3079 2546 3452 2611 intellexisset,
3501 2548 3697 2602 bellum
3746 2564 3811 2602 ex
3859 2550 4089 2604 adverso

2504 2651 2624 2690 esse
2657 2636 2747 2671 ⁸³⁸⁸
2777 2645 2830 2689 et
2852 2646 2975 2704 post
2999 2646 3209 2705 tergum
3238 2638 3529 2691 novissima
3573 2640 3785 2708 agmina
3815 2640 3906 2671 “"
3944 2644 4089 2709 peri-

2506 2726 2705 2789 clitari,
2768 2728 2934 2780 misso
2977 2728 3111 2781 duce
3165 2744 3285 2782 cum
3343 2740 3535 2798 quarta
3584 2730 3815 2799 legione,
3850 2732 4090 2800 captivos

2506 2816 2726 2884 eripuit,
2756 2816 2995 2884 prtedam
3028 2820 3289 2882 excussit,
3350 2820 3840 2891 latrocinantiaque
3871 2824 3962 2854 ¹¹⁹⁶
3990 2824 4091 2877 ho-

2510 2906 2675 2957 stium
2710 2905 2927 2972 agmina
2953 2908 3292 2974 proturbavit
3323 2910 3433 2962 “".
3465 2910 3621 2965 Fusis
3644 2911 4092 2967 latrocinantibus

2509 2997 2747 3062 undique
2779 2998 3214 3052 adversariorum
3269 3001 3598 3069 agminibus,
3643 3002 3810 3071 signis
3848 3003 4091 3057 victrici-

2508 3086 2609 3140 bus
2636 3087 2742 3140 dttx
2773 3088 3053 3142 Conradus
3101 3090 3166 3143 ad
3217 3105 3396 3159 regem
3429 3093 3754 3156 revertitur;
3788 3094 4091 3161 mirumque

2510 3177 2563 3230 in
2614 3179 2828 3231 modum
2875 3179 2967 3210 ¹¹⁹⁸
3038 3182 3425 3235 cunctantibus
3480 3184 3754 3235 veteranis
3806 3183 4086 3247 militibus,

821 3270 1135 3333 tolerabilis,
1168 3266 1313 3322 domi
1359 3269 1661 3337 militiaque
1692 3268 1785 3307 ¹ι⁷⁸
1814 3268 1977 3321 sociis
2011 3282 2191 3320 carus.
2238 3265 2405 3336 Igitur
2432 3267 2477 3328 C
2510 3266 2678 3335 gloria
2728 3268 2969 3322 victoria:
3022 3270 3277 3333 assrretis,
3331 3286 3453 3323 cum
3502 3287 3641 3326 novo
3684 3272 3851 3326 milite
3896 3282 3948 3327 et
3979 3274 4095 3329 fere

819 3364 887 3416 ab
934 3361 1215 3429 utriusque
1263 3368 1535 3413 cxerertus
1594 3357 2045 3411 lalrociuantibus
2102 3355 2404 3424 agminibus

820 3451 1223 3515 uotilicabatur,
1268 3466 1373 3504 non
1405 3450 1561 3519 longe
1597 3450 1874 3503 exercitus
1928 3449 1995 3503 ab
2045 3447 2215 3501 altero
2263 3446 2399 3500 fore.

820 3542 1034 3613 Jejunio
1074 3543 1126 3595 in
1168 3543 1362 3596 castris
1387 3543 1681 3612 prtedieato
1711 3542 1825 3605 “7‘,
1854 3543 2063 3611 jussum
2096 3551 2180 3595 est
2216 3556 2403 3595 omnes

822 3636 874 3688 in
901 3634 1140 3687 crastino
1180 3634 1271 3669 ¹¹⁷⁶
1311 3644 1533 3703 paratos
1562 3649 1681 3687 esse
1713 3637 1779 3688 ad
1807 3634 2023 3689 bellum.
2059 3634 2241 3689 Primo
2272 3633 2407 3687 dilu-

822 3726 944 3778 culo
970 3734 1271 3794 surgentes,
1315 3740 1447 3793 pace
1491 3725 1610 3778 data
1653 3736 1706 3777 et
1728 3735 1969 3793 accepta,
2018 3740 2289 3794 operaque
2312 3738 2408 3776 sua

822 3817 1058 3887 primum
1091 3816 1233 3877 duci,
1264 3816 1455 3871 deinde
1484 3818 1852 3887 unusquisque
1878 3818 2035 3871 alteri
2073 3834 2193 3871 eum
2221 3832 2405 3872 sacra-

824 3916 1008 3961 mento
1036 3908 1300 3975 promissa
1336 3908 1451 3971 “7",
1502 3908 1705 3962 erectis
1750 3908 1918 3977 signis
1962 3911 2259 3977 procedunt
2288 3923 2409 3961 eas-

825 4001 928 4055 tris
950 3992 1063 4067 “7°,
1092 4016 1317 4054 numero
1342 4002 1496 4068 quasi
1522 4010 1644 4055 octo
1671 4001 1957 4071 legionum.
1990 4001 2215 4055 Ducitur
2244 4015 2401 4054 exer-

825 4096 971 4149 citus
987 4108 1085 4162 per
1108 4107 1301 4161 aspera
1328 4100 1381 4143 et
1411 4088 1645 4143 dillicilia
1672 4090 1812 4154 loca,
1839 4105 1903 4144 ne
1919 4089 2139 4143 daretur
2162 4090 2409 4142 hostibus

826 4184 981 4252 copia
1010 4182 1253 4236 turbandi
1284 4181 1499 4251 sagittis
1526 4180 1759 4249 agmina,
1786 4180 1981 4249 quibus
2005 4188 2231 4232 utuntur
2259 4193 2407 4233 acer-

828 4276 981 4337 ritne,
1013 4274 1248 4326 arbustis
1292 4287 1355 4325 ea
1396 4272 1824 4340 protegentibus.
1870 4270 2105 4322 Primam
2134 4278 2183 4321 et
2215 4284 2408 4323 secun-

825 4367 948 4418 dam
994 4364 1314 4431 tertiamque
1358 4362 1626 4431 legionem
1663 4360 1974 4414 direxerunt
2003 4359 2256 4429 Bojoarii,
2290 4362 2407 4428 qui-

2512 3357 2745 3412 bellandi
2781 3358 2971 3427 ignaro
3000 3359 3090 3397 ¹¹⁹ο
3126 3359 3453 3427 triumphum
3490 3363 3714 3430 peregit.

2582 3450 2668 3503 l5.
2704 3450 2835 3503 Dum
2860 3466 2920 3503 ea
2954 3461 3217 3521 geruntur
3248 3453 3298 3504 in
3333 3452 3763 3519 Bojuaria,varie
3798 3466 4091 3524 pugnatum

2510 3552 2594 3595 est
2638 3557 2667 3592 a
2702 3541 2929 3609 prmside
2978 3541 3267 3595 Thiadrico
3303 3542 3448 3614 (289)
3501 3545 3763 3599 adversus
3812 3548 4093 3601 barbarus.

2509 3630 2642 3685 Cum
2670 3647 2864 3700 capere
2887 3633 3145 3687 uisusmo
3165 3644 3312 3688 esset
3336 3636 3607 3703 quandam
3633 3638 3822 3691 urbem
3854 3638 4089 3701 illorum,

2513 3736 2682 3791 usque
2713 3723 2801 3753 ¹²⁰¹
2842 3724 3120 3777 introitum
3170 3734 3339 3792 porta'
3370 3736 3683 3795 persecutus
3724 3738 3807 3783 est
3844 3730 4095 3783 adversa-

2512 3813 2643 3875 rios,
2676 3828 2874 3882 cogens
2902 3816 3021 3869 illos
3060 3816 3203 3869 intra
3232 3832 3466 3881 murum,
3507 3819 3702 3888 oppido
3734 3821 3905 3889 potito
3931 3830 3984 3876 et
4016 3823 4095 3874 in-

2514 3923 2697 3971 censo,
2724 3916 2777 3960 et
2802 3908 3051 3962 omnibus
3072 3923 3191 3978 quae
3224 3909 3315 3940 ¹²⁰²
3334 3909 3480 3964 foros
3508 3927 3719 3964 murum
3747 3921 3905 3966 erant
3923 3916 4095 3981 captis

2514 3998 2596 4052 vel
2630 3997 2946 4053 interfectis.
2991 3998 3123 4053 Cum
3152 4000 3262 4068 jam
3295 3999 3543 4054 incendio
3589 4003 3828 4055 extincto
3858 4016 4095 4056 reverte-

2514 4097 2682 4151 retur,
2720 4097 2774 4142 et
2805 4088 3075 4157 paludem,
3112 4104 3230 4158 qua:
3257 4100 3377 4144 erat
3402 4090 3521 4143 urbi
3552 4090 3646 4121 ¹²⁰³
3672 4090 3945 4159 adjacens,
3977 4109 4089 4146 me-

2514 4180 2686 4233 dietas
2716 4181 2944 4234 militum
2976 4184 3278 4246 transisset,
3312 4181 3456 4236 Slavi
3506 4183 3753 4237 videntes
3795 4194 4009 4238 nostros
4040 4186 4093 4237 in

2518 4278 2635 4321 arto
2665 4269 2796 4322 sitos
2840 4268 2909 4323 ob
2940 4269 3305 4324 diﬂieultatem
3337 4272 3427 4301 ¹¹⁰⁸
3456 4270 3580 4334 loci,
3613 4287 3711 4325 nec
3738 4273 3948 4340 copiam
3996 4272 4097 4325 lia-

2515 4360 2645 4413 bere
2676 4360 2766 4399 ¹²⁰⁸
2799 4361 3067 4432 pugnandi
3121 4377 3220 4415 nec
3253 4361 3428 4415 locum
3483 4362 3619 4415 adeo
3669 4360 3928 4430 fugiendi,
3955 4361 4098 4414 inse-

826 4459 927 4510 lms
943 4454 1528 4526 praefueruulprmfecti
1548 4451 1983 4515 ducislleinriei;
2020 4467 2143 4504 nam
2174 4452 2286 4519 ipse
2312 4450 2403 4481 “"9
2441 4462 2482 4520 ο
2510 4450 2814 4518 quebantur
2853 4468 2881 4503 a
2906 4462 3056 4523 tergo
3089 4462 3419 4507 revertentes
3450 4452 3686 4507 clamore
3717 4467 3934 4522 magno.
3964 4450 4097 4505 Per-

2100 4559 2337 4613 VAHUE
2384 4559 2787 4614 LECTIONES.

902 4677 996 4713 ι¹⁶⁵
1038 4690 1129 4728 rex
1159 4674 1212 4728 in
1246 4674 1444 4743 pascha
1478 4676 1527 4726 1.
1559 4675 1760 4741 pascha
1794 4691 1889 4727 rex
1922 4674 1973 4727 3.
2021 4673 2110 4704 ἰεθ
2152 4673 2325 4727 civilis
2353 4675 2477 4728 belli
2500 4676 2555 4730 2.
2603 4676 2691 4705 ¹¹⁶⁷
2725 4676 2927 4741 aliquot
2956 4679 3008 4731 3.

902 4748 1043 4797 litus.
1068 4759 1227 4797 quem
1257 4760 1311 4797 ι).
1344 4745 1395 4797 3.
1476 4744 1566 4773 “'°
1596 4745 1898 4797 sumtisnue
1926 4746 1988 4796 A.
2070 4744 2158 4774 “7‘
2191 4744 2557 4797 selavouicum
2610 4744 2664 4797 3.
2746 4747 2835 4776 “7'
2869 4748 3008 4797 inilit.

2191 4759 2557 4800 εοωνοιιιευη]
2610 4759 2664 4797 0.

1797 4817 1849 4867 6.
1885 4814 1935 4865 7.
2017 4814 2109 4845 “7‘
2138 4814 2455 4883 militiaeque
2485 4816 2536 4868 3.
2622 4815 2713 4846 “7'
2746 4816 2947 4871 indicto

1788 4883 1879 4915 “7’
1922 4885 2037 4935 inso
2060 4884 2111 4935 3.
2158 4884 2223 4935 l?
2302 4887 2394 4924 “0°
2419 4887 2544 4935 add.
2573 4898 2705 4935 vero
2734 4885 2787 4935 3.
2866 4888 2953 4918 ¹¹⁸¹

1923 4885 2037 4952 ipso
2060 4884 2111 4937 3.
2158 4884 2223 4935 l‘?
2302 4887 2394 4924 “0°
2419 4887 2544 4939 add.
2573 4898 2705 4938 vero
2734 4885 2787 4938 3.

1923 4954 1970 5007 Ξ.
2000 4956 2049 5007 7.
2133 4954 2226 4984 ¹¹⁸⁶
2265 4957 2414 5009 suevi
2442 4956 2506 5010 Λ.
2539 4956 2593 5007 3.
2640 4956 2694 5009 6.
2738 4957 2786 5008 7.

2104 5024 2195 5054 “9°
2250 5026 2697 5093 circueunlesque
2741 5025 2794 5079 2.
2839 5030 2889 5081 7.

2259 5096 2349 5131 uas
2373 5096 2812 5151 latrocinandum
2836 5100 2889 5152 2.

2010 5164 2101 5195 ﬂ“
2136 5164 2261 5216 add.
2291 5168 2357 5221 ad
2386 5168 2439 5221 2.
2468 5169 2532 5222 A.
2564 5166 2615 5217 7-

822 4748 1043 4810 oblitus,
1068 4759 1227 4813 quem
1257 4760 1311 4812 p.
1344 4745 1395 4797 3.
1476 4744 1566 4773 “'°
1596 4745 1898 4812 sumtisque
1926 4746 1988 4796 A.

828 4822 968 4873 bono
998 4814 1223 4869 consilio
1250 4814 1301 4867 3.
1339 4816 1511 4867 bonus
1537 4814 1765 4867 consilio
1797 4817 1849 4867 6.
1885 4814 1935 4865 7.

825 4890 993 4941 misso
1029 4885 1083 4938 2.
1164 4883 1257 4915 ⁸³⁷⁸
1286 4898 1316 4937 c
1344 4885 1540 4937 castris
1568 4885 1621 4937 3.
1655 4885 1708 4936 6.

823 4961 879 5012 2.
905 4959 957 5009 7.
1033 4955 1127 4986 ἠδ
1158 4953 1342 5007 multis
1368 4956 1421 5008 3.
1500 4955 1591 4985 ’³⁸⁸
1628 4954 1891 5007 militibus
1915 4954 1970 5007 2.
2000 4956 2049 5007 7.

826 5027 1023 5079 cardus
1051 5024 1104 5077 3.
1184 5024 1279 5094 {"5
1323 5032 1377 5077 et
1406 5024 1469 5077 A.
1551 5024 1642 5055 ¹¹⁸³
1683 5040 1842 5094 quam
1877 5024 1939 5075 A.
1969 5025 2022 5076 7.

828 5096 921 5136 ’³³³
953 5095 1073 5148 aliis
1102 5094 1155 5147 3.
1182 5092 1233 5146 6.
1314 5093 1404 5125 ““
1428 5096 1566 5147 deest
1597 5094 1660 5147 A.
1692 5092 1742 5147 7.

826 5168 951 5218 dum
991 5165 1041 5217 1.
1121 5163 1211 5196 ¹²⁹⁹
1243 5164 1426 5233 ignara
1470 5166 1519 5216 1.
1600 5165 1845 5218 "°°uisus
1876 5166 1928 5218 3.

828 5236 921 5267 ¹¹⁰⁸
957 5235 1183 5288 haberet
1216 5233 1281 5287 A.

1822 5094 1916 5124 ¹¹⁹⁸
1943 5095 2082 5147 deest
2116 5094 2178 5146 Α.

903 5446 1042 5462 ,εἴη’-ἱ
1089 5443 1146 5462 nr
1174 5445 1226 5462 ’⁸.
1274 5442 1335 5462 ιο-
1376 5446 1391 5462 ι
1424 5442 1740 5462 λ’--.Ακηιηκο-

2373 5350 2600 5409 ΝΟΤἈΕ.

3090 4679 3179 4710 ¹¹⁶⁸
3208 4679 3334 4731 add.
3368 4687 3422 4731 et
3453 4679 3502 4731 1.

2746 4747 2835 4776 “7'
2869 4748 3064 4802 milites
3104 4750 3271 4803 erecti
3306 4748 3361 4802 2.
3388 4748 3439 4800 6.

2622 4815 2713 4846 ¹¹⁷⁸
2746 4816 2947 4871 indicto
2998 4819 3050 4872 3.

3586 4678 3677 4710 H69
3718 4678 3868 4745 quasi
3902 4678 4099 4736 laboris

3522 4749 3611 4779 ¹¹⁷³
3642 4748 3767 4801 boni
3802 4748 4010 4802 consilii
4041 4752 4096 4805 2.

3130 4819 3221 4849 “7‘
3252 4820 3555 4873 crastinum
3602 4820 3655 4872 3.
3691 4819 3742 4871 7.
3830 4820 3919 4849 ³⁸⁷⁷
3973 4834 4103 4887 pro-

2987 4906 3039 4957 p.
3073 4897 3127 4942 et
3160 4906 3202 4941 r.
3229 4890 3282 4942 3.
3364 4889 3454 4921 ¹¹⁸²
3483 4890 3621 4941 deest
3647 4888 3698 4941 2.
3787 4888 3879 4922 ¹¹⁸³
3906 4888 4103 4945 electis

2873 4957 2961 4989 “37
2998 4959 3298 5028 burgardus
3334 4959 3385 5011 1.
3423 4959 3761 5013 burcliardus
3788 4959 3840 5011 2.
3872 4959 3931 5011 A.
3964 4960 4104 5013 Bur-

2984 5029 3073 5063 ¹²⁹¹
3130 5031 3396 5082 lacessere
3456 5029 3521 5081 A.
3562 5028 3615 5080 3.
3719 5028 3983 5083 “"facta
4050 5032 4100 5083 1.

2969 5099 3057 5129 ¹¹⁹⁷
3089 5099 3423 5165 perturbavit
3461 5099 3522 5151 Α.
3564 5098 3616 5150 2.
3659 5097 3711 5149 3.
3794 5099 3883 5131 ¹¹⁹¹¹
3912 5100 4105 5153 immo-

2690 5166 2781 5198 πίοι
2808 5184 2918 5239 pm
2948 5169 2994 5221 1.
3079 5169 3170 5202 ¹¹⁰³
3202 5169 3341 5221 deest
3374 5169 3424 5220 3.
3502 5168 3591 5206 ιω
3620 5166 4009 5222 diﬂ'ucultatem
4048 5172 4097 5223 1.
