4472 5522
353 366 445 420 137

1371 374 1502 430 liliS
1538 376 1787 432 GESTAE
1828 380 2216 436 SAXOKllLE.
2264 416 2325 421 -—
2368 385 2489 438 LIII.
2536 388 2617 440 lll.

3510 410 3607 462 193

346 488 597 534 emerunt
652 479 743 512 ¹¹⁶⁶
789 496 852 535 ex
920 483 999 537 eis
1061 485 1126 537 ad
1190 486 1277 517 "°'
1334 488 1720 560 quinquaginta
1784 493 1926 546 viros
1956 500 1998 554 Α
2033 493 2135 547 Sed
2172 511 2273 550 non
2311 498 2445 553 adeo
2482 502 2606 564 ηπ,
2650 501 2925 559 incruenta
2974 509 3189 565 victoria
3241 512 3338 569 fuit
3384 518 3450 571 de
3502 530 3605 576 tam

352 570 491 625 fanda
531 571 625 601 "°"
668 570 789 640 fuga
826 580 1133 627 nostrorum
1163 574 1325 629 facta.

412 684 482 737 46
518 685 629 738 ἰσθ.
671 685 863 755 Ingens
903 686 1103 740 interea
1150 703 1318 757 pavor
1366 706 1580 745 omnem
1634 695 1924 751 Saxoniam

346 775 607 844 trepidam
639 789 737 843 pro
769 791 891 847 rege
918 786 971 831 ct
1001 780 1240 833 exercitu
1284 781 1376 812 "'°
1412 784 1527 853 ejus
1568 801 1666 853 pro
1717 788 1815 843 hac
1870 807 1926 845 re

344 866 568 919 adversa
604 867 691 907 ³⁸³⁸
736 868 950 923 invasit.
1002 870 1299 926 Terrebant
1348 891 1446 928 nos
1493 888 1751 944 praeterea
1804 897 1925 949 por-

346 965 486 1008 tenta
521 958 794 1011 inusitata.
831 958 1051 1030 Templa
1095 963 1324 1033 denique
1368 966 1637 1038 plerisque
1687 972 1738 1025 in
1792 974 1924 1029 locis

345 1056 661 1115 tempestate
690 1048 862 1104 valida
892 1066 1153 1107 concussa
1185 1056 1483 1113 visentibus
1504 1069 1557 1113 et
1585 1062 1924 1120 audientibus

343 1140 622 1193 horrorem
651 1142 876 1196 nimium
902 1145 1210 1211 incussere;
1241 1150 1519 1219 utriusque
1556 1167 1714 1208 sexus
1742 1171 1919 1209 sacer-

340 1234 490 1288 dotes
530 1235 637 1289 ictu
670 1236 910 1292 fulminis
958 1239 1301 1305 interierunt,
1354 1254 1409 1297 et
1459 1244 1561 1298 alia
1614 1248 1778 1300 multa
1832 1249 1921 1302 illo

342 1332 579 1393 tempore
609 1328 951 1395 contigerunt
998 1330 1143 1384 dictu
1201 1333 1469 1407 horrenda
1531 1346 1582 1390 et
1634 1349 1916 1407 prepterea

339 1413 491 1467 nobis
514 1417 907 1483 prmtereunda.
933 1418 1124 1471 Totmn
1152 1422 1359 1487 pondus
1393 1425 1566 1492 prmlii
1599 1441 1664 1479 ex
1696 1431 1919 1482 adverso

329 1500 438 1567 jam
470 1504 660 1557 adesse
688 1505 779 1535 ""
818 1509 1152 1575 conspiciens
1181 1525 1271 1564 rex
1290 1552 1304 1575 ,
1330 1514 1649 1569 exhortandi
1683 1518 1774 1547 ””
1798 1535 1919 1586 gra-

339 1592 405 1645 tia
433 1592 697 1648 allocutus
720 1605 802 1649 est
822 1600 1001 1652 socios
1031 1600 1120 1630 "”
1145 1600 1247 1655 hoc
1276 1604 1434 1657 modo
1468 1624 1479 1657 :
1517 1607 1661 1674 Opus
1685 1626 1793 1662 esse
1826 1611 1917 1642 ¹¹¹³

336 1682 478 1735 nobis
525 1684 779 1738 bonorum
810 1691 1105 1743 animorum
1148 1692 1240 1722 ⁸⁸⁸⁸
1278 1695 1330 1746 in
1360 1694 1458 1748 hac
1503 1706 1646 1751 tanta
1699 1704 1915 1755 necessi-

334 1783 455 1837 tate,
498 1776 689 1830 milites
734 1780 856 1843 mei,
910 1798 998 1835 vos
1047 1783 1154 1850 ipse
1200 1786 1404 1849 ridetis,
1443 1791 1532 1856 qui
1581 1790 1776 1844 hostem
1812 1812 1913 1847 non

332 1861 478 1931 longe
501 1863 592 1916 sed
620 1882 795 1919 coram
817 1870 1045 1937 positum
1074 1872 1329 1928 toleratis.
1364 1875 1631 1933 Hactenus
1666 1882 1802 1934 enim
1832 1884 1913 1934 iu-
1948 1858 1988 1916 Β

329 1954 488 2021 pigris
512 1956 754 2010 manibus
778 1962 961 2013 vestris
984 1979 1045 2015 ac
1068 1966 1229 2017 armis
1252 1982 1453 2035 semper
1470 1970 1669 2023 invictis
1690 1972 1913 2040 gloriose

328 2060 474 2107 usus,
498 2055 647 2099 extra
671 2047 841 2101 solum
869 2061 915 2103 et
956 2053 1229 2119 imperium
1268 2073 1436 2110 meum
1467 2060 1650 2129 ubique
1671 2064 1767 2116 vici
1799 2066 1908 2129 "‘7,

326 2144 372 2186 et
420 2150 557 2188 nunc
596 2137 651 2190 in
698 2148 837 2192 terra
890 2158 1004 2194 mea
1045 2154 1091 2195 et
1134 2161 1291 2213 regno
1338 2164 1450 2201 meo
1484 2159 1625 2219 terga
1678 2156 1913 2208 certam?

328 2224 650 2291 Superamur
680 2230 787 2281 scio
814 2231 1174 2297 multitudine,
1199 2237 1289 2287 sed
1316 2254 1420 2290 non
1448 2239 1658 2306 virtute,
1686 2244 1776 2295 sed
1808 2261 1909 2299 non

325 2318 523 2380 armis;
552 2319 783 2373 maxima
812 2323 947 2375 enim
971 2340 1035 2377 ex
1070 2337 1217 2392 parte
1250 2329 1415 2382 nudos
1442 2331 1560 2385 illos
1588 2336 1749 2388 armis
1794 2353 1908 2389 om-

324 2406 472 2459 nibus
498 2410 705 2476 penitus
731 2417 1085 2481 cognorimus,
1116 2428 1162 2471 et
1192 2421 1331 2489 quod
1373 2426 1588 2477 maximi
1634 2438 1707 2480 est
1763 2431 1906 2483 nobis

322 2497 515 2561 solatii,
547 2502 747 2555 auxilio
783 2503 898 2557 Dei.
948 2505 1066 2560 Illis
1109 2521 1182 2562 est
1232 2510 1343 2564 sola
1392 2531 1487 2581 pro
1535 2532 1686 2570 muro
1740 2520 1909 2573 auda-

320 2590 393 2640 tia
431 2590 544 2655 "",
588 2594 733 2647 nobis
774 2611 888 2663 spes
921 2607 967 2649 et
1002 2602 1251 2666 protectia
1296 2604 1495 2657 dit-ina.
1558 2604 1759 2661 Pudeat
1788 2611 1905 2679 jam

320 2697 458 2733 nunc
495 2682 735 2737 dominos
780 2702 906 2752 pene
957 2690 1115 2742 totius
1167 2690 1393 2761 Europa:
1447 2696 1671 2751 inimicis
1719 2717 1903 2755 atauus

317 2772 460 2824 dare.
497 2772 686 2827 Melius
715 2776 866 2838 bello,
896 2780 942 2831 si
977 2779 1099 2847 ﬁnis
1130 2783 1370 2851 adjacet,
1403 2788 1591 2842 milites
1628 2792 1751 2853 mei,
1792 2793 1906 2861 glo-

316 2862 453 2914 riose
479 2865 791 2930 moriamur,
813 2883 968 2936 quam
1005 2870 1223 2938 subjecti
1258 2874 1488 2929 hostibus
1534 2878 1689 2931 vitam
1744 2883 1907 2934 servi-

313 2953 435 3004 liter
488 2952 763 3020 ducamus,
795 2968 887 3010 aut
939 2970 1075 3013 certe
1123 2979 1267 3017 ntere
1313 2966 1575 3021 malarum
1619 2972 1900 3026 bestiarum

311 3044 587 3113 strangulo
610 3046 936 3113 deﬁciamus.
974 3048 1143 3105 Plura
1183 3054 1440 3125 loquerer,
1469 3060 1656 3114 milites
1688 3064 1821 3126 mei,
1855 3066 1901 3117 si

312 3150 517 3186 nossem
550 3136 716 3187 verbis
742 3138 983 3191 virtutem
1028 3143 1103 3195 rel
1156 3146 1429 3199 audatiam
1482 3150 1671 3204 animis
1722 3155 1900 3207 restris

2032 598 2169 637 s:eva
2208 596 2385 654 gente.

2100 694 2191 747 47.
2222 696 2502 754 Conradus
2528 702 2722 772 quippe
2768 705 2872 760 dux
2915 709 3025 773 “’7,
3070 710 3285 768 fortiter
3336 734 3602 788 pugnans,

2029 787 2191 841 animi
2223 788 2432 845 fervore
2471 793 2706 863 solisque
2754 800 2968 862 ardore,
3016 803 3103 870 qui
3156 820 3221 859 eo
3279 808 3362 862 die
3410 813 3605 868 nimius

2026 887 2165 943 erat,
2194 896 2455 937 accensus
2504 895 2716 950 mstuat,
2766 890 3063 961 vinclisque
3104 897 3193 931 ¹²²⁸
3233 899 3441 964 solutis,
3477 904 3601 957 dum

2027 984 2214 1023 aurum
2243 982 2442 1041 captat,
2468 975 2686 1032 vulnere
2728 982 2935 1051 sagittae
2981 984 3207 1041 adverso
3249 994 3479 1058 gutturis
3513 996 3604 1050 de-

2026 1064 2145 1117 lixa:
2172 1068 2331 1121 cadit.
2362 1069 2523 1137 Cujus
2546 1088 2740 1142 corpus
2770 1078 2920 1145 juxta
2958 1081 3098 1148 regis
3128 1083 3406 1152 imperium
3436 1086 3604 1140 bono-

2026 1156 2174 1211 riftee
2200 1159 2483 1215 collectum
2526 1172 2919 1234 transportatur
2946 1170 3296 1227 \\'ormatiam
3346 1177 3458 1239 ηπ,
3501 1180 3602 1231 ibi-

2024 1263 2127 1315 que
2159 1252 2414 1317 sepelitur
2452 1255 2534 1306 vir
2586 1258 2729 1308 onmi
2782 1259 2977 1313 virtute
3038 1263 3198 1315 animi
3247 1273 3301 1317 et
3362 1270 3604 1335 Corporis

2024 1354 2248 1409 magnus
2280 1352 2438 1411 atque
2469 1344 2727 1412 famosus,
2749 1363 2868 1401 cum
2895 1348 3019 1404 ﬂetu
3046 1361 3097 1405 et
3124 1353 3336 1421 planctu
3364 1358 3602 1410 omnium

2022 1423 2371 1482 Francorum.

2092 1541 2180 1594 48.
2222 1543 2354 1597 Tres
2411 1545 2575 1601 duces
2632 1552 2806 1619 gentis
2860 1552 3106 1623 Ungarim
3162 1558 3326 1624 capti,
3372 1559 3603 1629 ducique

2022 1632 2276 1687 lleintico
2319 1640 2646 1703 prmsentati,
2713 1643 2849 1694 mala
2904 1657 3093 1709 morte,
3125 1658 3181 1699 ut
3230 1650 3372 1714 digiti
3423 1661 3598 1713 erant,

2022 1725 2230 1779 multati
2313 1728 2402 1758 ¹²³⁰
2483 1741 2644 1795 sunt;
2721 1737 3008 1802 suspendio
3074 1753 3303 1806 namque
3368 1756 3594 1810 crepue-

2022 1826 2166 1869 runt.

2089 1929 2175 1983 19.
2212 1930 2503 2001 Triumpho
2541 1934 2737 1988 celebri
2774 1952 2865 1990 rex
2897 1938 3068 1994 factus
3094 1940 3359 2011 gloriosus
3392 1946 3505 2011 ’²³¹,
3533 1949 3600 2001 ab

2015 2021 2252 2073 exercitu
2284 2032 2435 2089 pater
2475 2024 2662 2092 patria:
2697 2025 3096 2096 imperatorque
3150 2033 3446 2099 appellatus
3493 2045 3596 2089 est.

2018 2110 2256 2163 Decrelis
2278 2113 2502 2178 proinde
2527 2114 2821 2168 honoribus
2843 2125 2895 2167 et
2932 2118 3108 2186 dignis
3156 2120 3401 2176 laudibus
3447 2141 3597 2177 sum-

2016 2211 2114 2249 ma:
2143 2198 2409 2252 divinitati
2454 2216 2549 2269 per
2588 2202 2826 2271 singulas
2869 2205 3145 2269 ecclesias,
3195 2219 3247 2261 et
3300 2209 3398 2264 hoe
3454 2213 3595 2266 idem

2014 2300 2213 2343 sanetae
2243 2293 2401 2345 matri
2430 2292 2545 2360 ejus
2573 2310 2669 2361 per
2694 2298 2913 2349 nuntios
2943 2298 3277 2354 demandata;
3315 2304 3427 2368 ””,
3472 2321 3594 2359 eum

2015 2381 2245 2449 tripudio
2276 2399 2338 2437 ac
2366 2400 2571 2437 summa
2600 2386 2778 2439 la~tilia
2808 2390 3099 2443 Saxoniam
3127 2394 3300 2446 victor
3326 2411 3593 2461 reversus,

2013 2486 2039 2523 a
2088 2474 2279 2541 populo
2335 2490 2430 2528 suo
2485 2476 2596 2540 “’3,
2641 2477 2993 2533 libentissime
3044 2483 3362 2551 suscipitur;
3425 2503 3596 2556 neque

2011 2562 2151 2613 enim
2182 2571 2322 2615 tanta
2352 2565 2575 2619 victoria
2606 2570 2886 2639 quisquam
2916 2588 3099 2642 regum
3151 2575 3287 2628 intra
3336 2578 3595 2631 ducentos

2011 2666 2180 2705 annos
2206 2653 2353 2723 (200)
2382 2664 2505 2709 ante
2532 2672 2653 2711 eum
2687 2656 2897 2714 laetatus
2944 2672 3045 2717 est.
3102 2663 3255 2734 [Nam
3307 2668 3405 2733 ipsi
3457 2669 3593 2725 bello

2013 2743 2279 2812 lingarico
2319 2746 2562 2812 aberant,
2605 2746 2888 2806 Slavanico
2940 2753 3030 2787 ¹¹⁸¹⁵
3083 2758 3365 2810 certamini
3418 2775 3593 2813 reser-

2008 2835 2115 2886 vati
2152 2834 2289 2906 ¹²³⁵.]

2078 2944 2162 2997 50.
2197 2945 2395 3014 Igitur,
2427 2956 2479 3000 ut
2518 2963 2679 3018 supra
2724 2952 3007 3008 retulimus
3030 2996 3043 3018 ,
3071 2972 3193 3009 cum
3237 2945 3491 3015 deliceret
3538 2964 3588 3015 in

2008 3038 2215 3093 ratione
2242 3040 2508 3095 reddenda
2549 3052 2735 3096 contra
2783 3060 2939 3100 suum
2982 3060 3232 3117 patruum
3276 3053 3589 3110 Wicbman-

2007 3146 2125 3192 nus,
2158 3132 2298 3184 intra
2325 3132 2582 3201 palatium
2620 3138 2941 3190 custoditur.
2972 3139 3106 3193 Cum
3136 3157 3262 3197 vero
3289 3145 3380 3175 ¹²³⁶
3402 3162 3496 3200 rex
3536 3149 3586 3201 in

308 3226 517 3293 augeri.
550 3223 708 3278 Modo
733 3227 916 3281 melius
942 3230 1133 3299 gladiis
1163 3251 1319 3302 quam
1346 3236 1538 3306 linguis
1585 3240 1901 3309 colloquium
1930 3226 1972 3287 C
2006 3220 2308 3291 Blllom'lam
2341 3224 2608 3291 PTDﬁCiSCi
2637 3226 2795 3278 VOIlcl
2843 3229 3022 3298 (29l),
3060 3231 3308 3287 simulata
3362 3236 3587 3291 infirmi-

307 3313 664 3381 incipiamus!
724 3315 789 3368 Et
838 3317 922 3370 bis
972 3320 1155 3385 dictis,
1208 3334 1427 3393 arrepto
1482 3326 1653 3395 clipeo
1706 3331 1797 3370 "1'
1837 3347 1900 3386 ac

305 3416 466 3455 Sacra
499 3401 705 3467 lancea,
740 3404 854 3473 ipse
894 3408 1100 3473 primus
1131 3426 1327 3480 equum
1376 3415 1427 3467 in
1481 3416 1666 3472 hostes
1716 3422 1895 3485 vertit,

306 3494 591 3547 fortissimi
626 3495 815 3549 militis
844 3512 907 3549 ac
940 3499 1128 3566 optimi
1170 3501 1510 3570 imperatoris
1538 3506 1771 3562 alliciunt
1803 3526 1896 3578 ge-

302 3600 452 3639 rens.
488 3584 730 3639 Hostium
761 3587 1078 3644 audaciores
1109 3592 1197 3621 ¹²³⁰
1236 3594 1469 3662 primum
1500 3598 1754 3654 resistere
1780 3603 1893 3665 ο²²¹,

302 3677 506 3731 deinde
538 3689 591 3731 ut
622 3680 801 3733 socios
852 3681 1106 3737 viderunt
1164 3694 1311 3755 terga
1368 3697 1601 3756 vertere,
1635 3692 1891 3762 obstupe-

295 3768 429 3825 facti
482 3772 797 3843 nostrisquc
847 3775 1164 3839 intermixti,
1218 3780 1623 3849 extinguuntur.
1661 3784 1894 3841 Cmtero-

292 3878 420 3916 rum
446 3878 575 3918 vero
600 3864 712 3929 alii,
762 3867 916 3935 equis
958 3866 1218 3937 fatigatis,
1270 3871 1427 3926 villas
1474 3875 1749 3942 proximas
1811 3877 1891 3930 in-

294 3965 486 4019 trant,
547 3956 971 4028 circumfusique
1018 3961 1261 4025 armatis,
1308 3978 1430 4017 cum
1495 3967 1710 4021 moeniis
1773 3968 1886 4033 ¹²²’,

290 4050 505 4117 pariter
535 4051 650 4115 "’3,
691 4062 1139 4117 concremantur;
1191 4054 1282 4107 alii
1331 4054 1527 4109 flumen
1578 4058 1885 4126 centignum

290 4146 731 4203 transnatantes,
782 4139 909 4194 dum
964 4143 1075 4210 ripa
1128 4142 1353 4198 ulterior
1404 4144 1497 4176 ““
1536 4148 1887 4205 ascendentes

287 4244 397 4282 non
431 4231 684 4294 sustinet,
714 4230 932 4286 ﬂumine
957 4234 1320 4288 obvolvuntur
1340 4246 1393 4290 et
1422 4245 1667 4305 pereunt.
1702 4237 1779 4291 Eo
1801 4238 1885 4293 die

285 4329 475 4373 castra
502 4320 707 4385 invasa,
739 4322 1045 4392 captivique
1074 4339 1265 4380 omnes
1286 4328 1488 4395 erepti;
1538 4328 1772 4383 secundo
1799 4328 1885 4384 die

283 4424 349 4464 ac
377 4412 545 4465 tertio
572 4427 601 4465 a
634 4412 829 4468 vicinis
868 4413 1089 4468 urbibus
1120 4416 1324 4485 reliqua
1357 4417 1642 4473 multitudo
1670 4418 1721 4471 in
1757 4430 1879 4473 tan-

2002 3324 2127 3377 tate,
2157 3314 2268 3383 ipse
2301 3314 2400 3368 iter
2421 3317 2663 3384 negavit;
2701 3317 2838 3371 unde
2865 3321 3101 3374 monitus
3140 3322 3207 3375 ab
3238 3324 3579 3393 imperatore,

1999 3406 2123 3473 quia
2147 3408 2433 3461 destitutus
2462 3424 2490 3458 a
2522 3418 2675 3476 patre
2704 3416 2757 3463 et
2813 3420 2985 3464 matre
3031 3412 3148 3467 loco
3196 3414 3426 3470 filiorum
3457 3436 3578 3472 eum

1998 3497 2351 3565 assumpscrit
2374 3496 2768 3565 liberaliterque
2786 3499 3116 3564 cducaverit,
3136 3502 3340 3556 honore
3356 3517 3584 3573 paterno

1995 3588 2344 3656 promoverit,
2379 3595 2637 3656 rogatque
2668 3588 2777 3651 "’7,
2808 3605 2874 3641 ne
2914 3591 2963 3643 ei
2997 3590 3295 3645 molestiam
3329 3595 3576 3659 inferret,

2000 3696 2120 3733 cum
2148 3679 2253 3733 alia
2289 3680 2441 3747 Plura
2474 3690 2810 3749 gravaretur.
2844 3682 2923 3734 Ad
2961 3683 3076 3737 hinc
3105 3685 3268 3737 nichil
3315 3687 3443 3740 utile
3485 3705 3580 3739 au-

1998 3770 2153 3822 diens
2182 3770 2475 3836 imperator
2499 3770 2766 3833 discessit,
2794 3772 3171 3826 commendato
3205 3789 3269 3827 eo
3309 3774 3452 3829 lboni
3487 3778 3576 3808 ⁸³³⁸

1997 3859 2201 3915 comiti.
2227 3859 2532 3927 Aliquantis
2556 3860 2745 3914 diebus
2773 3876 2895 3914 cum
2924 3877 2987 3915 eo
3017 3862 3235 3932 degens,
3282 3866 3414 3932 petit
3459 3883 3490 3935 p
3529 3878 3577 3919 st

1996 3952 2110 4005 hmc
2155 3951 2383 4005 venandi
2438 3951 2610 4017 gratia
2676 3951 2767 3984 ¹¹³⁹
2836 3952 3025 4005 silvam
3075 3955 3157 4007 ire
3210 3956 3299 3985 ¹¹”⁰
3367 3956 3599 4035 Περι-ειη

1993 4044 2066 4097 lbi
2101 4043 2189 4074 η”ί
2225 4042 2567 4097 absconditos
2612 4043 2785 4097 socios
2833 4059 3013 4097 secum
3063 4061 3302 4109 sumens,
3338 4051 3575 4116 perrexit

1994 4138 2043 4190 in
2077 4136 2326 4205 patriam,
2368 4143 2422 4187 et
2462 4134 2740 4203 occupatis
2780 4134 2875 4165 “"’
2903 4135 3171 4204 aliquibus
3202 4137 3294 4167 ¹¹⁸³
3329 4139 3569 4203 urbibus,

1984 4227 2174 4294 juncto
2214 4224 2314 4278 sibi
2362 4224 2652 4287 Ecberhto,
2684 4239 2833 4277 arma
2866 4225 3030 4277 sumit
3060 4236 3247 4279 contra
3281 4228 3570 4295 itupCtalo-

1991 4336 2123 4374 rem.
2165 4318 2429 4372 lndustria
2481 4326 2660 4370 autem
2708 4316 2860 4371 ducis
2907 4315 3218 4371 llerimanni
3280 4321 3432 4373 facile
3478 4337 3572 4376 eos

1984 4410 2273 4480 Oppressit,
2303 4417 2455 4461 trans
2483 4408 2803 4476 Albiamque
2852 4406 2943 4437 ““
2982 4408 3175 4477 coegit.
3220 4408 3293 4461 llli
3339 4426 3459 4463 cum
3511 4427 3571 4466 se

284 4509 400 4556 tum
432 4512 761 4573 consumpta
785 4514 964 4569 est,ut
986 4505 1163 4561 nullus
1192 4516 1285 4561 aut
1316 4523 1468 4563 rarus
1497 4510 1879 4565 evaderet'a",
1912 4522 1960 4579 ι)
1989 4502 2289 4557 sensissent
2313 4498 2431 4553 duci
2464 4499 2717 4554 resistere
2744 4514 2846 4554 non
2879 4515 3058 4569 posse,
3089 4501 3434 4555 sociaverant
3467 4503 3568 4558 sibi

1604 4644 1837 4699 VARIJE
1880 4638 2279 4699 LECTIONES.

1073 4758 1161 4789 ¹¹⁰τ
1194 4758 1332 4811 deest
1364 4757 1427 4809 A.
1505 4758 1596 4789 ¹²⁰⁸
1636 4758 1775 4811 deest
1802 4756 1856 4810 2.

354 4762 453 4795 ιιοο
486 4769 543 4816 et
568 4766 917 4829 peremerunt
940 4759 994 4812 2.

277 4835 521 4886 reuirmt.
570 4828 575 4829 ί
603 4830 694 4861 ¹²¹⁰
723 4828 984 4883 exercitui
1015 4830 1079 4882 Α.

281 4903 377 4936 ﬂ“
403 4904 551 4956 deest
579 4902 631 4954 1.
666 4900 792 4953 add.
824 4913 951 4952 suos
975 4900 1027 4952 5.
1108 4899 1197 4931 ’⁸⁸⁵
1230 4908 1373 4951 esset
1401 4898 1454 4951 2.

274 4975 341 5028 A.
454 4974 551 5005 ιη’
575 4972 756 5041 gladio
780 4968 1045 5041 etclypeo
1074 4969 1126 5023 5.
1184 5039 1193 5041 Α
1240 4968 1331 5041 ‘f'f’
1391 4969 1663 5041 auditores
1690 4967 1753 5041 Α.

277 5044 372 5075 ¹⁹²³
398 5037 627 5114 quoque
668 5042 717 5094 1.
751 5109 770 5114 Δ
802 5037 1144 5114 ¹²¹ξςξιΑΙιθι⁴ἱον
1175 5039 1198 5092 1
1226 5037 1481 5114 ςιΙιίοιχΑ.

276 5109 471 5185 lisque
504 5109 696 5185 let-ica:
742 5109 794 5185 6.

277 5184 323 5237 1.
362 5178 375 5185 ’
406 5184 505 5216 ¹³³¹
534 5181 667 5235 add.
699 5189 758 5232 ut
784 5181 834 5233 1.
915 5179 1005 5211 ¹¹ε³
1039 5182 1175 5233 deest
1214 5178 1266 5231 5.
1347 5178 1437 5211 ¹²⁸⁷⁵
1476 5178 1781 5232 sclavoniro
1802 5178 1853 5232 5.

915 5179 1005 5211 "3’
1039 5182 1175 5233 deest
1214 5178 1266 5231 5.

1159 4828 1247 4859 "”
1289 4828 1517 4883 adverso
1561 4829 1607 4881 l.
1657 4829 1938 4882 adversam
1963 4829 2013 4882 5.
2051 4824 2249 4879 invasit
2277 4822 2497 4873 adversa
2527 4822 2590 4873 Α.

1535 4898 1628 4929 ¹’¹⁶
1657 4898 1814 4952 bonis
1841 4899 2095 4965 operibus
2120 4894 2172 4947 5.

1863 4963 1951 5000 ¹“²¹¹
1984 4966 2233 5021 restitere
2267 4963 2330 5015 Λ.
2372 4963 2426 5014 5.

1560 5040 1651 5073 ἠ’
1692 5038 1995 5092 discederet
2036 5038 2097 5088 Α.

874 5109 962 5141 ¹²¹⁹
1003 5109 1327 5163 uurmatiam
1380 5110 1429 5161 1.
1462 5108 1788 5162 vormaciam
1839 5108 1892 5160 5.

1936 4757 2026 4788 ³²⁰⁹
2068 4754 2187 4808 inde
2212 4752 2275 4805 ab
2303 4752 2397 4804 hoc
2425 4750 2591 4819 capite
2619 4748 2811 4803 codicis
2848 4746 3049 4819 numeri
3084 4762 3208 4819 cum
3234 4747 3413 4819 indice
3445 4766 3567 4804 cou-

2668 4818 2759 4849 ¹²¹²
2800 4833 2919 4871 esse
2947 4816 3001 4869 2.
3079 4816 3169 4850 ¹¹¹³
3232 4817 3477 4872 hortandi
3517 4823 3564 4875 1.

2874 4887 2965 4919 ¹²¹⁸
3004 4885 3224 4940 audacia
3276 4903 3372 4954 pro
3410 4906 3567 4943 muro

2372 4962 2426 5014 5.
2470 4956 2785 5015 restiterunt
2824 4957 2877 5010 6.
2994 4959 3081 4988 ‘m
3125 4956 3372 5011 menibus
3410 4960 3464 5012 2.
3512 4967 3561 5013 ti.

2605 5030 2693 5061 ¹²²⁷
2737 5029 2841 5081 dux
2881 5030 3075 5098 quippe
3110 5028 3158 5098 1.
3240 5027 3332 5056 ¹²²⁸
3374 5031 3562 5082 vincu-

2967 5100 3055 5130 ¹²³¹
3089 5096 3357 5166 gloriosus
3388 5098 3566 5151 factus

2252 4893 2343 4923 ¹²¹⁷
2383 4891 2484 4944 vici
2516 4890 2714 4957 ubique
2739 4887 2793 4940 2.

2176 5034 2268 5066 ¹²²⁸
2297 5033 2434 5085 deest
2476 5032 2526 5085 1.

1973 5107 2066 5139 ¹²³⁰
2103 5103 2243 5158 mala
2276 5133 2345 5141 —
2375 5101 2588 5154 multati
2621 5101 2802 5152 desunt
2835 5100 2887 5151 1.

1934 5178 2025 5209 ¹¹³⁸
2065 5191 2190 5229 nam
2236 5172 2334 5242 ipsi
2380 5202 2451 5210 -—
2503 5168 2757 5225 reservati
2809 5169 2997 5242 desunt
3043 5169 3287 5242 1...-,ιίιισις
3330 5171 3566 5242 quamvis

273 5235 559 5322 glossator-2'
622 5251 836 5302 cuidam
896 5249 1050 5303 tribui
1090 5258 1321 5317 possent,
1360 5265 1517 5317 quum
1570 5260 1676 5302 tant
1738 5250 1790 5303 2.
1832 5247 1887 5316 (5
1915 5247 1932 5314 )
1960 5262 2113 5317 quam
2147 5245 2211 5297 A.
2240 5241 2535 5323 exhibeant,
2563 5249 2794 5295 omittere
2823 5241 2994 5342 parilem.
3035 5235 3374 5358 .‘mgtgttur
3412 5236 3451 5287 Α

277 5323 363 5355 tss't
412 5333 753 5360 ..Λασιιιιςηιιρ
776 5319 832 5360 9-
913 5319 1001 5351 ’κα
1050 5320 1191 5360 hnnn
1239 5318 1290 5360 (Ξ-
1374 5318 1461 5351 ¹²³¹⁹
1489 5330 1601 5360 nncl
1657 5320 1773 5360 hmo
1820 5319 2032 5360 nnlilnl
2060 5330 2182 5360 cum
2215 5314 2446 5360 venandi
2487 5324 2654 5360 grana
2693 5309 2748 5360 ἓ.
2977 5323 3111 5360 lllll‘e
3201 5346 3212 5358 .
3266 5316 3467 5360 intrare
3512 5330 3562 5360 ο.

277 5309 363 5355 τη.
412 5333 753 5393 rogatusque
776 5319 834 5371 θ,
913 5319 1001 5351 nan
1050 5309 1191 5375 bbno
1239 5309 1316 5369 ρο·
1372 5309 1607 5388 ῑηυροει
1652 5320 1774 5393 hanc
1820 5309 2183 5393 ﬁgﬁﬁit‘cum
2215 5314 2446 5393 venandi
2487 5324 2654 5393 gratia
2693 5309 2748 5393 2.
2826 5309 3212 5393 "‘°_ipire
3253 5309 3467 5393 intrare
3510 5309 3564 5363 ἓ.

276 5394 361 5426 λιιι
404 5386 597 5463 ibique
650 5386 706 5444 3.
786 5386 877 5418 ηδ’
909 5390 1029 5444 add.
1083 5392 1154 5446 ibi
1214 5389 1268 5443 5.

1346 5388 1449 5456 uti
1482 5390 1809 5458 aliquibibus
1862 5389 1913 5443 1ο

1993 5387 2084 5417 ’⁸³⁵
2128 5377 2574 5453 ιιυδηδειὺὶιιῐηιῖιιθ
2617 5382 2679 5434 Α.
2726 5388 2880 5435 trans
2928 5381 3211 5447 Albimque
3253 5377 3307 5430 5.
