4472 5522
899 480 998 535 199

1929 468 2298 526 “'lDL'KlNDl
2336 466 2778 522 CORBEIENSIS
2820 468 3121 525 MONACBI

4052 476 4159 531 ξ’οο

896 598 1032 646 duos
1059 589 1373 661 subregulos
1413 589 1766 643 barbarorum
1814 588 1982 656 (9.92).
2015 586 2320 641 Saxonibus
2360 584 2471 653 jam
2504 592 2550 646 Α
2584 602 2698 638 rum
2732 587 3001 641 hostiliter
3028 588 3263 642 intravit.
3299 588 3612 645 Consultqu
3635 591 3699 646 de
3724 591 4158 664 Saxonibus.qui

895 683 1022 735 olim
1059 679 1296 736 infestos,
1325 677 1595 731 Nacouem
1631 686 1684 730 et
1715 676 1936 730 fratrem
1967 674 2103 742 ejus.

966 773 1053 825 5i.
1093 771 1293 824 [tmrlus
1320 770 1592 824 exercitus
1628 784 1655 821 a
1698 770 1857 833 duce,
1888 769 2083 836 reperti
2111 777 2233 821 sunt
2263 768 2315 821 in
2346 770 2476 821 urbe

895 878 1013 932 qua:
1041 861 1133 901 ""3
1165 862 1365 915 dicitur
1404 859 1865 914 Suilhlciscraunc
1907 858 1998 893 "“
2038 859 2219 928 (295);
2260 868 2313 914 et
2343 874 2478 929 pene

892 960 1025 1016 erat,
1052 960 1250 1006 utcum
1278 952 1409 1004 urbe
1439 951 1529 987 ¹²³⁷
1567 958 1911 1018 caperentur,
1954 950 2057 1003 nisi
2111 950 2203 981 ‘N
2243 950 2478 1004 clamore

892 1040 1174 1111 cujusdam
1224 1041 1525 1094 citarentur
1587 1039 1698 1101 “"‘,
1730 1047 1783 1091 et
1832 1039 1897 1092 ad
1946 1053 2092 1091 arma
2136 1040 2472 1109 prosilirent;

890 1131 1045 1187 ea'sis
1078 1141 1252 1185 tamen
1291 1139 1414 1184 ante
1447 1138 1659 1199 portam
1702 1130 1849 1183 urbis
1884 1130 1949 1183 ad
1991 1130 2081 1166 ³⁸⁵⁸
2120 1130 2476 1199 quadraginta

891 1224 1142 1288 armatis,
1173 1238 1543 1291 czesorumque
1577 1223 1663 1254 ¹¹⁸¹
1707 1222 1893 1292 spoliis
1937 1222 2138 1291 potitus
2171 1222 2276 1276 dux
2328 1222 2479 1276 Heri—

893 1330 1129 1370 maunus
1158 1314 1389 1369 discedit
1418 1315 1531 1364 "5!.
1574 1313 1743 1367 Erant
1772 1322 1949 1366 autem
1978 1314 2066 1381 qui
2096 1328 2216 1366 eum
2261 1311 2479 1380 adjuva-

890 1417 1009 1463 rent
1039 1408 1327 1462 lleiuricus
1366 1421 1567 1475 prmses
1594 1422 1715 1459 cum
1770 1404 1939 1460 fratre
1991 1404 2192 1458 Sifrido
2227 1405 2344 1469 “",
2374 1405 2476 1458 viri

888 1501 1194 1555 eminentes
1226 1507 1281 1553 et
1333 1498 1528 1561 fortes,
1580 1496 1724 1551 domi
1782 1497 2082 1565 militiaque
2130 1494 2224 1527 ¹¹⁵⁶
2263 1496 2473 1565 optimi.

888 1592 1050 1647 Facta
1085 1601 1210 1645 sunt
1236 1601 1413 1645 autem
1442 1589 1553 1644 haec
1586 1588 1736 1643 initio
1778 1589 1870 1623 "5'
1892 1588 2372 1659 quadragesimalis
2397 1587 2476 1656 je-

886 1684 1021 1754 juuii
1068 1684 1181 1737 "".

962 1776 1049 1829 52.
1078 1775 1296 1828 Barbari
1332 1789 1457 1827 vero
1487 1782 1608 1842 post
1651 1774 1957 1843 proximum
2011 1776 2211 1842 pascha
2266 1774 2478 1828 irruunt

892 1865 943 1917 In
1003 1865 1296 1933 regionem,
1352 1864 1539 1917 ducem
1594 1862 1852 1918 habentes
1918 1862 2358 1928 Wichmaunum,
2408 1866 2474 1918 ad

2580 693 2699 732 cum
2734 676 2910 731 Slavis
2937 679 3383 747 conspiraverant
3409 681 3534 744 "7°,
3580 680 3877 748 iudicatum
3920 685 4005 715 ¹¹⁷¹
4054 696 4157 745 est.

2583 767 2996 821 Wieluuaunum
3041 779 3093 823 et
3143 770 3470 824 Ecberhtum
3512 788 3609 841 pro
3644 774 3892 828 hostibus
3928 775 4161 843 publicis

2582 860 2779 912 habere
2808 860 2897 894 "7’
2935 871 3202 928 oportere,
3225 863 3434 916 carteris
3463 879 3589 917 vero
3614 879 3859 934 parcere,
3882 866 4159 934 siquidem

2583 966 2825 1007 remeare
2855 952 3145 1007 voluissent
3191 955 3256 1007 ad
3298 970 3442 1009 suos.
3487 956 3690 1010 Aderat
3715 967 3769 1010 et
3797 957 3993 1029 legatio
4035 960 4163 1012 bar.

2579 1041 2852 1105 barorum,
2891 1042 3087 1097 tributa
3117 1044 3292 1098 socios
3342 1059 3405 1097 ex
3456 1060 3605 1099 more
3664 1046 3800 1100 velle
3851 1047 4163 1115 persolvere

2581 1131 2869 1196 nuntians;
2938 1142 3189 1187 caeterum
3254 1136 3676 1191 dominationem
3727 1138 3965 1208 regionis
4022 1136 4163 1190 velle

2583 1236 2800 1288 tenere;
2850 1224 2952 1278 hoc
2980 1235 3136 1294 pacto
3168 1242 3354 1294 pacem
3388 1227 3541 1290 velle,
3572 1227 3807 1297 alioquin
3858 1243 3956 1297 pro
3991 1227 4158 1281 liber—

2582 1320 2689 1364 tate
2712 1313 2878 1366 armis
2907 1323 3136 1367 certare.
3170 1315 3466 1383 Imperator
3492 1317 3558 1369 ad
3589 1317 3702 1370 hinc
3729 1317 4023 1385 respondit,
4060 1331 4158 1380 pa-

2579 1417 2696 1455 cem
2728 1402 2941 1472 quidem
2972 1404 3050 1456 cis
3086 1420 3424 1474 nequaquam
3470 1405 3561 1444 ’³⁷³
3586 1420 3798 1476 negare,
3846 1406 3938 1459 sed
3985 1406 4159 1459 omni-

2579 1492 2751 1545 modis
2780 1494 2908 1546 dare
2942 1508 3045 1546 nou
3095 1508 3285 1562 posse,
3334 1495 3434 1547 nisi
3491 1495 3740 1561 irjuriam
3794 1504 4158 1565 perpetratam

2578 1580 2737 1647 digno
2768 1581 2969 1634 honore
2996 1597 3057 1636 ac
3080 1583 3454 1636 emendatione
3498 1592 3819 1653 purgarent;
3870 1584 4161 1651 omniaque

2577 1670 2839 1724 vastando
2892 1680 2947 1724 et
2994 1671 3328 1726 incendendo
3383 1689 3477 1742 per
3531 1672 3647 1727 illas
3712 1673 3957 1742 regiones
4008 1673 4161 1727 duxit.

2577 1762 2917 1825 exercitum,
2970 1762 3139 1816 donec
3191 1764 3447 1826 tandem,
3497 1765 3693 1818 castris
3742 1764 3936 1833 positis
3997 1777 4161 1832 super

2578 1854 2781 1907 Raxam
2816 1853 2963 1924 (“295)
3012 1852 3232 1908 fluvium
3284 1854 3349 1908 ad
3398 1858 3833 1911 transmeandum
3880 1854 4160 1923 paludibus

890 1954 1097 2008 facinus
1129 1963 1354 2014 tantum,
1388 1969 1495 2007 non
1534 1954 1599 2006 ad
1642 1953 1959 2021 imperium;
2015 1954 2213 2007 nullam
2263 1969 2468 2007 moram
2506 1943 2548 2001 Β
2574 1941 2656 1996 dm

2393 1971 2468 2007 1m
2506 1943 2548 2001 Β
2574 1941 2964 2005 difﬁcillimum,
3000 1943 3067 1995 ab
3101 1944 3346 1998 hostibus
3386 1944 3851 1998 circumfunditur.
3906 1944 3949 1996 A
4010 1952 4159 2011 tergo

890 2061 1053 2115 agens
1096 2045 1183 2075 ¹²⁸⁷
1226 2044 1319 2098 sed
1363 2053 1417 2097 et
1449 2044 1562 2111 ipse
1588 2045 1694 2097 dux
1725 2044 2108 2106 lleriuiannus,
2139 2060 2258 2097 cum
2288 2044 2472 2113 praesi-

888 2139 978 2192 dio
1009 2138 1228 2191 militari
1253 2137 1738 2205 adest,vidensque
1761 2138 2059 2191 exercitum
2090 2138 2321 2191 hostium
2352 2153 2470 2207 gra-

886 2227 1257 2294 vem,sibique
1284 2242 1479 2295 parvas
1502 2226 1788 2279 admodum
1819 2227 1939 2280 belli
1969 2227 2152 2296 copias
2174 2226 2339 2282 alTore
2358 2229 2469 2290 ηδε,

888 2313 1031 2367 civili
1062 2312 1200 2366 bello
1249 2322 1497 2379 urgente,
1550 2314 1846 2367 arbitratus
1901 2323 1984 2368 est
2034 2315 2331 2369 consultius
2378 2316 2471 2348 “5°

888 2401 1105 2455 differre
1136 2409 1414 2455 certamen
1448 2402 1499 2454 in
1537 2402 1713 2457 dubiis
1745 2405 1906 2456 rebus
1928 2404 2261 2467 constitutis,
2295 2405 2474 2459 multi-

888 2492 1174 2561 tudinique
1200 2492 1468 2560 imperare
1498 2492 1611 2557 ¹¹⁶⁰,
1630 2508 1747 2563 qua:
1772 2494 2004 2546 maxima
2028 2494 2078 2546 in
2104 2510 2261 2547 uuam
2286 2495 2470 2548 urbem

888 2581 1246 2643 conﬂuxerat.
1277 2582 1401 2636 dum
1426 2582 1641 2636 czeteris
1663 2581 1963 2637 diliiderent
1994 2584 2107 2646 ¹³⁶¹,
2140 2600 2357 2654 quoquo
2381 2585 2471 2615 “"

890 2681 1049 2741 pacto
1088 2681 1326 2742 possent,
1373 2687 1561 2742 pacem
1613 2673 2037 2742 expostularent.
2090 2675 2240 2741 Quod
2295 2686 2471 2731 tamen

886 2763 1171 2816 consilium
1201 2762 1399 2817 milites
1428 2776 1569 2833 :egrc
1618 2762 1771 2817 valde
1831 2764 2087 2820 tulerunt.
2138 2775 2191 2818 et
2242 2767 2473 2820 maxime

887 2848 1142 2915 Sifridus,
1174 2851 1265 2919 qui
1298 2859 1416 2905 erat
1441 2850 1676 2905 bellator
1700 2853 2018 2906 acerrimus.
2041 2852 2268 2907 Faciunt
2294 2864 2471 2909 tamen

886 2940 1033 2994 cives
1081 2939 1614 2995 Cocarescemiorum
1658 2942 1751 2981 ¹²⁸³
1793 2942 1963 3012 (294),
1996 2951 2053 2995 ιιι
2095 2944 2197 2996 dux
2242 2945 2474 3014 impera-

887 3040 994 3095 rat,
1023 3047 1318 3102 pacemque
1368 3048 1434 3086 eo
1488 3041 1648 3103 pacto
1694 3034 1940 3088 obtinent
1995 3034 2116 3099 "“,
2162 3051 2268 3103 quo
2319 3036 2472 3091 liberi

887 3139 1010 3177 cum
1042 3125 1302 3177 uxoribus
1323 3133 1377 3177 et
1404 3126 1546 3179 uatis
1576 3141 1738 3195 supra
1771 3142 1983 3179 murum
2014 3126 2245 3181 inermes
2277 3142 2471 3182 ascen-

880 3218 1097 3279 derem,
1130 3217 1437 3270 conditione
1486 3218 1667 3271 servili
1714 3226 1769 3271 et
1818 3218 1962 3271 oumi
2012 3218 2363 3286 suppellectili
2415 3218 2467 3271 in

884 3306 1065 3359 medio
1119 3306 1269 3359 urbis
1330 3306 1575 3361 hostibus
1631 3306 1837 3361 relicta.
1894 3308 2026 3361 Cum
2076 3285 2224 3361 intra
2279 3309 2465 3361 urbem
2500 3285 2543 3347 Ο

886 3398 1161 3451 irruerent
1186 3396 1426 3462 barbari,
1454 3398 1671 3466 quidam
1698 3398 1908 3452 illorum
1940 3414 2095 3453 suum
2138 3400 2466 3469 mancipium

886 3490 1131 3559 agnoscit
1162 3488 1215 3543 iu
1244 3488 1525 3557 cujusdam
1569 3490 1748 3545 liberti
1795 3506 1994 3557 uxore;
2044 3507 2206 3560 quam
2236 3507 2355 3546 cum
2385 3507 2469 3545 ra-

884 3596 1013 3649 pere
1043 3581 1108 3633 de
1144 3595 1306 3634 manu
1343 3580 1440 3633 viri
1491 3581 1777 3645 niteretur,
1808 3582 1971 3636 ictum
2014 3583 2109 3614 ¹¹⁶⁸
2164 3584 2327 3652 pugni
2378 3583 2469 3614 ““

886 3671 1101 3740 accipit,
1137 3671 1461 3740 irritumque
1498 3680 1716 3741 pactum
1745 3687 1810 3727 ex
1851 3682 2004 3743 parte
2033 3673 2309 3727 Saxonum
2342 3688 2464 3742 pro-

887 3761 1162 3826 clamitat;
1198 3761 1341 3814 unde
1370 3762 1451 3826 fit,
1485 3772 1545 3815 ut
1569 3777 1757 3817 omnes
1782 3762 1847 3815 ad
1876 3764 2075 3817 eaedem
2106 3774 2463 3821 verterentur.

887 3851 1205 3922 nullumque
1244 3852 1635 3923 relinquerent,
1666 3854 1761 3909 sed
1791 3870 1975 3909 omnes
2008 3855 2261 3924 perfecta:
2292 3856 2471 3910 aetatis

886 3942 1007 3997 neci
1039 3943 1254 4009 darent,
1290 3952 1489 3999 matres
1514 3944 1603 3978 ω’
1643 3960 1766 3999 cum
1817 3946 1960 3999 natis
2018 3946 2259 4014 captivos
2310 3945 2471 3999 duce-

876 4044 1010 4095 ΔΓεξιιῑ
1049 4034 1163 4089 ¹¹⁶⁸.

958 4127 1047 4181 55.
1081 4126 1233 4194 Quod
1261 4127 1437 4183 scelus
1469 4129 1763 4197 imperator
1796 4128 1981 4182 ulcisci
2013 4128 2270 4196 gestiens,
2301 4128 2470 4181 victo-

2577 2048 2809 2101 namque
2842 2034 2921 2087 via
2953 2034 3042 2074 ⁸⁸⁷⁸
3074 2034 3327 2090 arborum
3366 2035 3560 2089 robore
3591 2035 3911 2097 obstruitur,
3940 2033 4159 2087 eadem-

2574 2142 2678 2195 que
2708 2134 3037 2179 armatorum
3070 2140 3229 2178 manu
3260 2124 3522 2189 vallatur;
3580 2140 3645 2179 ex
3697 2124 3923 2178 adverso
3968 2123 4159 2177 ﬂuvius

2575 2216 2842 2287 ﬂuvioque
2871 2217 3119 2286 contigua
3168 2214 3339 2285 palus,
3370 2224 3426 2270 et
3479 2231 3602 2269 cum
3655 2216 3855 2285 ingenti
3915 2213 4160 2267 exercitu

2577 2309 2769 2365 Slavus
2797 2312 2912 2374 ηπ,
2941 2310 3230 2364 bellatores
3260 2318 3314 2363 et
3340 2310 3409 2363 ab
3438 2324 3601 2378 opere
3633 2318 3687 2363 et
3712 2310 3778 2363 ab
3810 2309 4004 2363 itinere
4033 2322 4161 2377 pro.

2576 2401 2786 2455 ltibeus.
2827 2400 3063 2453 Vexatur
3092 2409 3268 2452 autem
3301 2407 3355 2452 et
3377 2399 3499 2453 aliis
3546 2399 3901 2454 incommodis
3945 2398 4159 2452 exerci-

2578 2499 2683 2554 tus,
2716 2492 2903 2544 morbo
2935 2491 3136 2559 pariter
3163 2504 3228 2543 ac
3268 2490 3361 2521 ¹²⁷⁶
3387 2488 3549 2544 fame.
3600 2491 3732 2544 Dum
3776 2490 3899 2543 talia
3928 2504 4159 2560 ageren-

2576 2590 2665 2636 tur
2690 2597 2786 2651 per
2812 2582 2993 2652 plures
3020 2581 3153 2646 dies,
3186 2581 3419 2635 mittitur
3444 2584 3509 2635 ad
3542 2583 3841 2651 principem
3895 2582 4156 2635 barbaro-

2576 2689 2736 2738 rum,
2810 2672 2903 2741 qui
2959 2670 3242 2726 dicebatur
3301 2670 3528 2737 Stoiuef,
3582 2672 3724 2726 Gero
3787 2672 3879 2703 ³⁸⁷⁷
3945 2686 4163 2737 eomes,

2576 2764 2829 2833 quatinus
2863 2764 3173 2833 imperatori
3214 2780 3271 2818 se
3299 2765 3478 2830 dedat,
3509 2766 3740 2820 amicum
3768 2780 3866 2835 per
3924 2767 3975 2819 id
4030 2766 4160 2819 ade-

2575 2864 2811 2921 pturum,
2847 2870 2951 2907 non
2986 2855 3193 2907 hostem
3225 2867 3600 2924 experturum.

2646 2947 2737 3002 54.
2785 2946 3169 3017 Erantquippe
3192 2948 3285 2986 1"“
3318 2949 3369 2999 in
3414 2948 3625 3001 Gerune
3666 2948 3845 3001 multa:
3888 2956 4032 3000 artes
4064 2948 4163 3000 bo-

2576 3056 2657 3096 nae
2688 3040 2811 3107 “7’,
2861 3040 3093 3093 bellandi
3135 3040 3361 3108 peritia,
3421 3040 3473 3093 in
3529 3040 3691 3093 rebus
3734 3038 3979 3093 civilibus
4020 3038 4161 3093 bona

2574 3130 2798 3184 consilia
2826 3171 2839 3195 ,
2873 3131 3007 3183 satis
3036 3128 3387 3198 eloquentiw,
3432 3128 3657 3181 multum
3687 3128 3926 3181 seieutiaz
3948 3126 4037 3158 ¹¹⁸⁶
4060 3166 4073 3188 ,
4106 3137 4165 3179 ct

2574 3220 2665 3288 qui
2695 3218 3032 3288 prudentiam
3060 3234 3212 3272 suam
3236 3233 3399 3287 opere
3424 3219 3512 3249 ¹¹⁸¹
3543 3219 3853 3271 ostenderet
3879 3216 3969 3253 ιῖ⁸¹
3995 3232 4160 3285 quam

2575 3324 2698 3373 ore;
2738 3310 2788 3361 in
2818 3308 3154 3377 adquirenda
3184 3308 3510 3371 Strenuitas,
3545 3308 3595 3360 in
3629 3306 3805 3360 dando
3833 3305 4071 3375 largitas,
4106 3316 4164 3358 et

2575 3400 2716 3470 quod
2742 3400 3000 3467 optimum
3037 3407 3181 3463 erat,
3213 3398 3278 3452 ad
3309 3397 3509 3450 cultum
3553 3398 3735 3449 divinu
3762 3415 3791 3448 ιι
3824 3397 4020 3450 bonum
4046 3405 4164 3448 stu-

2576 3492 2743 3546 dium.
2787 3490 2953 3559 lgitur
2981 3504 3182 3559 praeses
3229 3504 3393 3558 super
3419 3487 3667 3556 paludem
3699 3496 3753 3541 et
3792 3487 4025 3546 ﬂumen,
4069 3486 4159 3538 cui

2578 3580 2732 3648 palus
2763 3581 3015 3647 adjaceus
3045 3588 3183 3642 erat,
3212 3578 3501 3631 barbarum
3525 3577 3817 3632 salutabat.
3848 3576 3943 3629 Cui
3969 3575 4163 3629 Slavus

2576 3671 2801 3739 tequalia
2833 3660 3130 3739 respondit.
3158 3670 3237 3722 Ad
3268 3684 3427 3738 quem
3458 3682 3696 3737 prmses:
3732 3664 3874 3720 Satis
3897 3666 3989 3719 tibi
4005 3674 4160 3727 esset,

2578 3764 2624 3816 si
2649 3761 2838 3815 bellum
2863 3776 3066 3831 gereres
3094 3768 3275 3811 contra
3305 3774 3469 3811 unum
3505 3768 3737 3811 nostrum
3782 3760 3844 3810 de
3877 3757 4036 3811 servis
4060 3756 4161 3808 do-

2576 3857 2705 3909 mini
2736 3854 2855 3918 mei,
2879 3862 2925 3905 et
2949 3850 3061 3904 non‘
3075 3852 3231 3904 etiam
3262 3860 3442 3904 contra
3464 3852 3732 3903 dominum
3768 3867 3937 3903 meum
3968 3866 4159 3920 regem.

2579 3946 2709 4011 Quis
2750 3946 2841 3997 tibi
2881 3944 3172 4006 exercitus,
3204 3959 3321 4013 qua:
3351 3960 3529 4004 arma,
3580 3953 3633 3994 ut
3682 3942 3810 3994 talia
3835 3943 4167 4011 praesumus?

2578 4036 2639 4092 Si
2667 4034 2844 4105 aliqua
2882 4034 3023 4087 vobis
3049 4033 3213 4087 virtus
3242 4034 3402 4097 adsit,
3430 4033 3475 4086 si
3502 4042 3659 4095 artes,
3686 4034 3731 4085 si
3756 4034 3973 4085 umtatia
4000 4072 4014 4095 ,
4043 4033 4166 4087 date

2579 4126 2725 4181 nobis
2750 4125 2925 4178 locum
2953 4125 3023 4176 ad
3054 4141 3141 4178 vos
3164 4124 3503 4186 transeundi,
3534 4124 3639 4176 sive
3665 4140 3756 4175 nos
3783 4124 3924 4175 voltis
3950 4124 4051 4175 huc
4082 4139 4165 4176 ve-

884 4219 965 4273 ria
984 4218 1096 4288 jam
1127 4218 1192 4273 de
1219 4218 1469 4289 ngariis
1508 4228 1717 4291 patrata
1762 4219 1875 4283 “‘9,
1912 4220 2159 4288 regiones
2206 4219 2466 4273 barbaro-
2496 4233 2547 4291 ι)
2575 4218 2773 4281 niendi;
2799 4226 2846 4270 et
2872 4227 3076 4286 trquato
3110 4214 3243 4282 loco,
3281 4214 3533 4283 fortitudo
3557 4224 3805 4283 apparent
3833 4215 4160 4283 pugnaturis.

2172 4400 2404 4455 VARI/‘E
2444 4398 2843 4455 LECTIONES.

960 4514 1052 4548 m'
1081 4514 1170 4565 nui
1205 4513 1252 4565 Ι.

960 4530 1052 4548 ιν·
1081 4530 1170 4583 qui
1205 4530 1252 4565 ι.
1453 4530 1699 4567 snttnetct
1731 4530 1973 4568 scrannte
2004 4530 2067 4567 Α.
2104 4530 2226 4567 διιιιι

884 4587 939 4639 5.
978 4585 1043 4637 Α.
1124 4583 1216 4615 ⁸³⁵⁸
1242 4582 1611 4637 excitarentur
1655 4584 1707 4637 3.
1788 4585 1877 4619 "'~°
1906 4585 2045 4637 deest
2088 4584 2139 4637 2.
2175 4585 2226 4637 7.

888 4656 1048 4709 frido.
1128 4654 1217 4689 "5‘
1243 4652 1555 4721 militimque
1580 4654 1631 4707 3.
1713 4654 1803 4686 "'5
1829 4656 1879 4708 in
1908 4655 2059 4708 initio
2077 4653 2128 4707 3.
2165 4655 2214 4707 7.

885 4726 939 4778 δ,
1021 4723 1453 4776 ιηιοοιιειιιοίιιδ
1510 4723 1559 4775 1.
1641 4724 1730 4794 ’7’“
1757 4725 2049 4794 imperata!
2118 4725 2171 4778 2-

886 4805 959 4848 ρει
1019 4796 1072 4848 1.
1130 4807 1453 4845 convocate.
1515 4793 1918 4849 seeniorttme.

889 4879 1067 4935 pugno
1113 4864 1181 4935 7.,
1246 4863 1671 4935 “ﬁniatresque
1705 4864 1759 4917 3.

889 4931 1097 5001 spirant
1157 4933 1222 4985 A.
1303 4931 1819 5003 ""judicalumquc
1852 4936 1906 4987 9..
1967 4936 2019 4989 3.

892 5074 985 5111 ⁸³⁷³
1014 5077 1166 5129 boum
1195 5084 1338 5127 artes
1360 5072 1423 5125 A.
1505 5071 1597 5107 ⁸³⁸⁸³
1629 5074 1856 5127 multum
1888 5076 2131 5129 scientia:
2166 5071 2352 5129 desunt
2384 5076 2435 5129 1.

1335 4511 1429 4545 ω’
1453 4512 1699 4567 suithelci
1731 4528 1973 4568 serannte
2004 4514 2067 4567 A.
2104 4512 2602 4568 Suuithleiscraunc
2624 4510 2675 4565 5.

2308 4586 2397 4617 ¹²⁸¹
2423 4598 2682 4637 ςωδοιιιιιι
2731 4585 2793 4635 Α.

2296 4654 2389 4689 II“
2411 4654 2839 4721 quadragesima:
2863 4655 2943 4709 vel
2981 4651 3171 4721 ieiunii
3207 4654 3256 4706 ίυ

2252 4723 2341 4756 ¹¹⁶¹
2376 4723 2657 4777 dilferrent
2727 4724 2773 4777 l.

1997 4794 2089 4825 “‘3‘
2116 4796 2426 4865 optinerent
2483 4795 2531 4846 1.

1839 4866 1931 4895 ¹²⁶⁸
1957 4863 2247 4918 matres—
2279 4866 2539 4919 ducerent
2564 4864 2746 4916 desunt
2780 4864 2825 4916 1.
2927 4863 3015 4893 ¹¹⁰⁹

1852 4936 1906 4987 9..
1967 4936 2019 4989 3.
2101 4936 2192 4967 “"
2219 4936 2407 4989 haberi
2458 4934 2512 4987 2.
2549 4934 2600 4987 7.
2681 4934 2775 4963 “"3
2811 4949 2916 4986 nun
2947 4934 2998 4985 3.

2237 4951 2407 4989 ιειυειι
2458 4951 2512 4987 Ζ.
2557 4951 2600 4987 f.

890 5000 1027 5056 cm.
1087 5003 1339 5057 slavosi.
1380 5000 1603 5073 sclavos
1649 5000 1802 5056 2.3.
1862 5006 1995 5058 slavi
2050 5036 2118 5045 —
2178 5006 2527 5073 prohibentes
2584 5003 2635 5055 7.

2514 5076 2606 5113 ι²⁸ι
2644 5074 2770 5127 add.
2804 5075 2975 5143 magis
2999 5074 3049 5125 5.
3080 5074 3130 5125 7.

2757 4514 2843 4551 '“7
2876 4511 3009 4565 com'
3038 4514 3169 4567 urbe
3197 4513 3379 4565 desunt
3404 4511 3456 4565 Ξ.
3484 4528 3602 4580 cap.
3629 4529 3751 4567 cum
3782 4513 3915 4568 urbe
3940 4514 3992 4567 3.
4072 4517 4165 4550 ωδ

2873 4583 2963 4615 ¹²³¹
2993 4583 3239 4637 discessit
3261 4584 3315 4636 2.
3358 4584 3408 4635 7.
3493 4584 3585 4615 ¹³⁵³
3635 4584 3689 4637 2.
3716 4583 3767 4636 3.
3798 4600 3999 4649 semper
4028 4584 4159 4651 sigi-

3354 4653 3423 4683 ²¹⁸
3469 4662 3690 4721 agentes
3715 4654 3765 4707 2.
3851 4654 3941 4684 ³³⁸⁸
3972 4656 4166 4708 adesse

3312 4722 3405 4754 ¹²⁶⁸
3442 4724 3539 4776 ltoc
3580 4723 3884 4775 vocabulum
3954 4740 4162 4777 erasum

2613 4792 2702 4831 ¹²⁶⁵
2736 4795 2842 4847 ictu
2892 4791 3166 4855 chetum
3196 4792 3260 4845 A.
3352 4792 3442 4824 ¹¹⁶⁶
3492 4808 3667 4862 pttgtte
3730 4794 3782 4848 1.
3857 4809 4046 4863 pugna:
4106 4794 4159 4846 9.

3057 4874 3205 4931 parta
3234 4863 3285 4914 3.
3368 4863 3457 4893 “7“
3481 4864 3926 4931 conspiraverunt
3945 4864 3998 4916 2.
4029 4880 4162 4917 eun-

3194 4932 3288 4969 “7‘
3311 4933 3451 4986 deest
3486 4934 3532 4985 1.
3557 4932 3611 4985 2.
3646 4934 3697 4986 3.
3733 4934 3786 4986 7.
3866 4934 3959 4964 ⁸³⁷⁸
3981 4935 4163 4987 slavus

3238 5004 3327 5042 ¹²τ⁷
3354 5004 3681 5073 stoinefgero
3717 5004 3771 5057 3.
3814 5003 3906 5035 “7‘
3932 5005 4067 5058 deest
4101 5003 4159 5055 2.

3210 5076 3301 5111 ³³⁸³
3333 5075 3643 5128 ostenderat
3672 5074 3721 5127 1.

2864 4723 2955 4757 ¹²⁶²
2997 4738 3103 4791 quo
3163 4725 3213 4775 1.

2681 4934 2775 4963 ¹¹⁷³
2811 4949 2916 4986 tum
2947 4934 2998 4985 5.
3060 4934 3110 4987 7.

2716 5004 2808 5034 ¹²⁷⁶
2848 5013 2900 5056 et
2925 5003 2977 5056 2.
3011 5003 3072 5054 A.
3105 5004 3157 5055 7.

2370 5208 2603 5265 ΝΟΤᾸΞ.

968 5331 1118 5399 (99-2)
1158 5330 1239 5384 cr.
1270 5332 1409 5387 Ann.
1442 5332 1568 5386 mai.
1597 5329 1833 5396 Sangall.
1867 5344 1916 5381 a.
1938 5328 2073 5399 #955.

966 5396 1222 5481 (g93l-l_)'e
1252 5403 1380 5482 urbe
1408 5401 1889 5486 _Sc.l'ivvedt-Hahu.
1936 5398 1998 5453 ll.
2042 5397 2117 5486 .G.

2584 5330 2683 5384 loci
2712 5336 2920 5451 erigant,
2954 5328 3046 5399 qui
3090 5327 3323 5397 aliquam
3368 5326 3515 5381 vocis
3543 5326 3948 5382 similitudinem
3974 5326 4169 5397 pmic-

2584 5410 2726 5451 l'lllll.
2834 5440 2847 5451 .

2582 5410 2726 5454 l'lllll.
2782 5410 2847 5451 Ρ.

2659 5470 2800 5488 .nnwt
2838 5468 3043 5488 Il'.'.---
3086 5483 3193 5488 -.μή
3236 5468 3339 5488 Δμ--
3423 5467 3632 5488 ιε-μ-η-
3701 5465 3841 5488 ﬁt---
3903 5467 4003 5488 I-..!
4065 5469 4131 5488 tu,
