4472 5522
407 374 508 434 201

1479 371 1609 428 RES
1643 370 1891 429 GESTAE
1930 369 2312 429 SAXONleE.
2346 370 2460 425 ——L
2494 372 2575 430 lB.
2604 373 2689 431 lll.

3566 365 3679 427 202

409 492 605 549 Slavus
630 488 918 546 barbarico
944 502 1094 543 more
1129 484 1389 542 frendens
1410 528 1423 551 ,
1455 496 1510 541 et
1537 487 1703 541 multa
1744 487 1988 542 convicia
2018 491 2064 547 Α
2094 496 2254 557 atque
2298 489 2536 547 famosus
2558 531 2573 557 ,
2607 488 2898 544 multorum
2927 498 3110 556 regum
3139 498 3203 539 ac
3238 479 3474 555 gentium
3505 482 3670 538 timo-

365 646 368 649 _
406 596 692 645 eveniens,
736 580 907 635 irrisit
936 578 1204 634 Geronem
1246 579 1733 647 imperatoremque
1784 588 1839 632 et
1879 595 1996 635 om-

406 686 530 727 nem
564 673 887 737 exercitum,
921 672 1100 725 sciens
1129 685 1251 725 eum
1282 669 1466 723 multis
1492 669 1584 701 ¹¹⁸³
1613 669 1878 725 molestiis
1898 687 1994 742 ag-

405 772 713 835 gravatum.
765 762 909 817 Gero
939 763 1005 817 ad
1040 762 1154 816 lucc
1190 769 1528 825 commotus,
1582 770 1639 815 ut
1669 771 1784 817 erat
1827 763 1993 818 animi

404 855 771 911 ardentissimi
801 871 816 909 :
848 854 1155 917 Crastinus,
1190 855 1397 924 inquit,
1448 855 1557 908 dies
1590 854 1911 921 declarabit,
1938 868 1993 911 tu

402 957 450 1001 et
480 946 705 1017 populus
731 957 849 999 tuus
882 945 1040 1014 fortes
1066 943 1159 979 ¹⁹⁸⁸
1201 946 1398 1001 viribus
1426 946 1573 1011 sitis,
1608 964 1677 1000 an
1717 965 1852 1013 non;
1876 966 1992 1003 cras

402 1037 537 1092 enim
570 1054 664 1090 nos
714 1036 975 1090 vobiscum
1006 1037 1395 1107 congredientes
1442 1036 1625 1106 procul
1654 1038 1813 1091 dubio
1853 1039 1992 1093 vide-

403 1127 543 1182 bitis.
576 1126 722 1182 Gero
749 1128 982 1197 denique
1019 1126 1146 1181 olim
1172 1126 1296 1182 licet
1324 1127 1509 1182 multis
1545 1130 1711 1197 gestis
1733 1130 1826 1167 ι¹⁸⁸
1861 1130 1993 1185 insi-

401 1218 542 1290 gniis
566 1218 661 1251 ¹¹⁸⁶
690 1218 873 1274 clarus
903 1218 1230 1283 haberetur,
1269 1218 1382 1289 jam
1435 1227 1617 1275 tamen
1666 1236 1891 1291 magnus
1928 1236 1992 1277 ac

402 1307 637 1364 celebris
669 1308 869 1377 ubique
908 1308 1339 1385 praidicabatur,
1383 1323 1449 1364 eo
1492 1308 1634 1379 quod
1675 1310 1867 1366 Slavos
1895 1313 1989 1381 qui

402 1399 659 1458 dicuntur
684 1401 774 1437 ¹¹⁸⁷
813 1399 975 1456 Uchri
1004 1416 1125 1456 cum
1157 1416 1352 1473 magna
1373 1402 1541 1474 gloria
1567 1404 1985 1477 cepisset(‘296).

404 1492 570 1560 Gero,
596 1509 848 1550 reversus
869 1495 921 1549 in
939 1503 1119 1551 castra
1138 1536 1153 1561 ,
1178 1496 1358 1551 retulit
1387 1512 1506 1567 qua:
1532 1497 1791 1552 audierat.
1814 1498 1988 1569 Impe-

400 1594 550 1641 rator
576 1600 707 1640 vero
736 1624 752 1651 ,
784 1584 849 1640 de
879 1594 1038 1640 nocte
1072 1600 1435 1657 consurgens,
1478 1586 1633 1655 jubet
1684 1589 1895 1660 sagittis
1936 1598 1990 1645 et

403 1674 524 1732 aliis
542 1678 637 1714 ι¹⁸⁸
661 1676 930 1731 machinis
958 1677 1024 1732 ad
1051 1692 1288 1748 pugnam
1308 1693 1603 1747 provocare
1622 1679 1739 1744 ιη’,
1765 1682 1987 1751 etquasi

398 1769 449 1824 vi
479 1768 679 1824 ﬂumen
710 1770 1074 1840 paludemque
1104 1772 1493 1826 transcendere
1522 1770 1677 1827 velle.
1712 1773 1856 1827 Slavi
1888 1790 1980 1828 au-

2097 592 2207 632 rem
2241 582 2442 648 pariter
2482 591 2536 636 et
2584 580 2823 634 favorem
2855 576 3182 647 promeruit;
3226 574 3370 629 unde
3410 571 3678 645 plurimos

2095 666 2299 739 legatos
2340 672 2596 743 suscipit,
2639 671 3008 726 Romanorum
3045 666 3256 723 scilicet
3280 674 3334 722 et
3362 664 3676 721 Grecorum

2096 761 2625 836 Sarracenorumque
2650 763 2777 828 “°‘,
2837 778 2934 833 per
2980 774 3182 830 eosque
3226 758 3425 814 diversi
3454 756 3672 831 generis

2094 870 2315 910 munera
2342 857 2459 921 ³³⁸³,
2490 872 2615 911 vasa
2648 871 2814 911 aurea
2844 864 2903 909 et
2922 863 3181 923 argentea
3202 893 3216 916 ,
3256 865 3397 906 terea
3425 864 3677 922 quoque,

2093 954 2146 1000 et
2170 948 2304 1000 mira
2340 948 2598 1002 varietate
2626 948 2807 1017 operis
2847 944 3087 1000 distincti
3116 942 3235 1007 1'”,
3292 942 3469 996 vitrea
3509 954 3674 1004 vasa,

2092 1040 2328 1094 eburnea
2361 1042 2527 1095 etiam
2552 1082 2565 1106 ,
2603 1050 2658 1095 et
2704 1040 2851 1095 omni
2883 1052 3086 1108 genere
3141 1036 3487 1099 modiﬁcata,
3536 1041 3677 1089 stra-

2094 1140 2274 1185 menta
2310 1131 2424 1196 ⁸³⁰⁷,
2455 1132 2754 1187 balsamum
2803 1140 2859 1185 et
2915 1130 3079 1187 totius
3127 1127 3338 1201 generis
3368 1127 3677 1198 pigmenta.

2092 1220 2341 1275 animalia
2374 1221 2679 1278 Saxonibus
2700 1232 2858 1277 antea
2880 1222 3075 1285 invisa,
3100 1220 3282 1276 leones
3315 1228 3370 1275 et
3400 1216 3676 1286 camelos.

2092 1308 2277 1363 simias
2307 1320 2359 1363 et
2391 1313 2687 1367 strutioues
2714 1311 2845 1378 ¹³ο⁸ς
2875 1311 3227 1381 omniumque
3251 1309 3678 1380 circumquaque

2090 1398 2519 1457 Christianorum
2551 1405 2601 1458 in
2633 1404 2723 1458 illo
2746 1419 2833 1458 res
2863 1412 3024 1473 atque
3048 1418 3173 1471 spes
3194 1401 3332 1457 sitae.

2164 1493 2249 1547 57.
2296 1494 2875 1565 (DCCCCLVl-LVII.)
2903 1493 3190 1550 Liudulfus
3220 1491 3669 1563 autem,imperao

2091 1587 2224 1642 toris
2256 1587 2347 1619 ¹³⁰⁹
2380 1587 2546 1651 filius,
2580 1603 2702 1642 cum
2728 1588 2887 1643 fidem
2911 1588 3025 1642 vult
3053 1603 3277 1642 scrvare
3316 1585 3510 1642 amicis
3532 1624 3548 1651 ,
3577 1598 3678 1657 pa-

2093 1679 2192 1732 tria
2222 1679 2415 1741 cessit,
2466 1678 2784 1747 Italiamque
2828 1696 2951 1734 eum
3000 1679 3080 1734 eis
3131 1679 3300 1743 adiit;
3335 1692 3442 1747 quo
3475 1684 3677 1747 agente

2090 1783 2291 1821 annum
2344 1768 2456 1823 fere
2487 1768 2578 1807 ⁸³ι⁰
2609 1778 2779 1823 totum
2810 1808 2825 1835 ,
2866 1769 3007 1823 diem
3057 1777 3360 1823 extremum
3382 1765 3474 1801 ¹⁸¹¹
3501 1765 3677 1832 obiit,

399 1866 505 1915 tem
541 1860 797 1915 hesterna
838 1862 1257 1917 comminatione
1300 1862 1469 1917 nichil
1512 1862 1655 1919 aliud
1694 1864 1980 1931 arbitrati,
2012 1847 2060 1907 Β
2089 1867 2203 1913 toto
2230 1858 2322 1891 ¹⁸¹¹
2353 1858 2687 1912 Francorum
2721 1859 2948 1929 imperio
2978 1860 3290 1929 relinquens
3320 1874 3419 1914 suo
3452 1856 3680 1913 vulnere

400 1951 466 2005 ad
494 1966 730 2022 pugnam
776 1952 982 2021 pariter
1009 1953 1391 2022 conspiravere
1414 1995 1428 2019 ,
1473 1955 1579 2009 iter
1612 1956 1737 2011 totis
1778 1957 1984 2012 viribus

400 2040 775 2097 defendentes.
822 2044 892 2097 At
923 2042 1067 2098 Gero
1091 2059 1213 2097 cum
1254 2044 1443 2098 amicis
1486 2044 1689 2099 Ruanis
1718 2047 1807 2079 "9°
1837 2046 1983 2117 (297)

399 2134 633 2189 miliario
663 2134 835 2191 ferme
874 2152 980 2189 uno
1021 2152 1050 2189 a
1084 2136 1278 2190 castris
1318 2136 1653 2192 descendens
1681 2138 1799 2203 “9‘,
1830 2140 1986 2195 hoste

399 2227 683 2297 ignorante
710 2230 827 2292 "9’,
872 2238 981 2282 tres
1030 2238 1221 2297 pontes
1255 2228 1505 2283 celeriter
1545 2232 1885 2295 construxit,
1930 2240 1985 2287 et

397 2316 567 2373 misso
600 2320 786 2373 nuntio
818 2319 884 2373 ad
916 2320 1324 2388 imperatorem,
1362 2330 1528 2374 totum
1558 2323 1862 2376 exercitum
1899 2339 1985 2379 re-

399 2409 630 2464 vocavit.
660 2409 777 2476 Quo
800 2410 917 2464 viso
944 2411 1181 2475 barbari,
1208 2420 1261 2465 et
1290 2411 1391 2481 ipsi
1431 2411 1655 2467 obviare
1684 2412 1985 2483 legionibus

398 2500 754 2553 contendunt.
828 2498 1046 2555 Pedites
1096 2501 1453 2555 barbarorum
1507 2503 1631 2557 dum
1685 2503 1984 2575 longiorem

397 2589 541 2645 viam
568 2600 827 2655 currunt,
878 2600 933 2646 et
980 2600 1257 2647 certamen
1290 2592 1515 2659 ineunt,
1547 2592 1864 2665 fatigatione
1893 2596 1987 2638 ’³η

398 2682 678 2745 dissoluti,
728 2682 990 2737 militibus
1012 2683 1175 2737 citius
1204 2683 1435 2747 cedunt;
1472 2698 1573 2738 nec
1622 2698 1772 2739 mora
1797 2725 1812 2751 ,
1856 2684 1983 2741 dum

402 2769 547 2842 fuga:
577 2773 885 2841 praesidium
910 2782 1176 2841 quaerunt,
1208 2774 1621 2829 obtruncantur.

400 2877 403 2885 ί
469 2861 559 2917 55.
600 2861 815 2917 Stoinef
839 2862 933 2900 ⁸³⁸⁸
962 2873 1144 2918 autem
1178 2863 1313 2917 colle
1335 2864 1596 2920 eminenti
1628 2881 1751 2921 cum
1782 2868 1982 2937 equiti-

398 2957 501 3014 bus
526 2966 778 3013 eventum
815 2958 892 3012 rei
915 2958 1267 3028 expectabat;
1298 2960 1473 3015 socios
1498 2961 1635 3016 inire
1660 2960 1841 3033 fugam
1867 2978 1983 3019 cer-

399 3064 559 3113 nens,
590 3048 728 3119 fugit
752 3058 809 3103 et
834 3049 968 3119 ipse,
1004 3049 1233 3118 lucoque
1255 3050 1347 3084 “’5
1372 3051 1601 3121 quodam
1630 3069 1753 3107 cum
1777 3054 1988 3111 duobus

398 3140 728 3196 satellitibus
750 3151 1018 3209 repertus,
1049 3155 1079 3193 a
1105 3140 1223 3194 viro
1254 3139 1346 3172 “9'
1372 3140 1615 3207 militari,
1648 3143 1800 3212 cujus
1826 3160 1985 3199 voca-

396 3229 584 3285 bulum
636 3238 758 3284 erat
807 3227 1016 3293 Hosed,
1054 3228 1356 3283 certamine
1403 3228 1660 3301 fatigatus
1710 3234 1987 3303 armisque

396 3320 670 3387 nudatus,
717 3321 895 3391 capite
925 3336 1097 3375 caesus
1144 3328 1249 3375 est.
1297 3318 1610 3377 Satellitum
1642 3323 1783 3379 alius
1831 3326 1987 3383 vivus

397 3422 595 3484 captus
618 3453 633 3479 ,
672 3412 1099 3484 imperatorique
1124 3428 1247 3467 cum
1276 3413 1456 3483 capite
1497 3423 1553 3469 et
1600 3414 1790 3486 spoliis
1818 3418 1987 3489 reguli

402 3508 476 3564 ab
522 3510 716 3565 eodem
746 3508 918 3563 milite
964 3516 1321 3578 praesentatus
1370 3515 1472 3563 est.
1533 3508 1613 3563 Ex
1667 3510 1771 3565 hoc
1809 3510 1987 3567 llosed

398 3597 584 3655 clarus
632 3605 687 3654 et
753 3597 985 3669 insignis
1046 3598 1301 3663 habitus;
1364 3613 1572 3655 merces
1629 3608 1739 3655 tam
1793 3600 1989 3659 famosi

395 3691 541 3763 gesti
565 3690 660 3724 "’7
687 3689 1002 3746 donativum
1028 3688 1309 3759 imperiale
1332 3704 1454 3744 cum
1483 3690 1659 3746 reditu
1684 3691 1776 3727 ³²⁹⁸
1799 3693 1990 3765 viginti

395 3790 716 3839 manSuum.
750 3780 830 3836 Eo
858 3781 947 3836 die
992 3789 1173 3836 castra
1213 3781 1450 3836 hostium
1487 3783 1706 3851 invasa,
1754 3794 1807 3841 et
1836 3786 1989 3842 multi

401 3873 665 3931 mortales
689 3872 961 3929 interfecti
992 3873 1077 3927 vel
1107 3872 1283 3943 capti,
1327 3874 1610 3945 caadesque
1644 3877 1736 3915 1'"
1760 3877 1815 3931 in
1847 3878 1989 3932 mul-

401 3972 518 4020 tam
558 3972 775 4019 noctem
819 3963 1253 4033 protrahebatur.
1301 3964 1523 4021 Postera
1563 3967 1683 4023 luce
1710 3968 1803 4000 ¹³⁰⁰
1834 3978 1994 4040 caput

403 4054 686 4127 subreguli
722 4054 776 4109 in
806 4069 997 4125 campo
1026 4055 1261 4125 positum
1288 4096 1301 4120 ,
1345 4057 1600 4127 circaque
1624 4059 1752 4115 illud
1789 4062 1992 4133 septin-

398 4146 543 4218 ginti
573 4146 664 4180 ¹³⁰¹
695 4148 1031 4217 captivorum
1061 4147 1236 4216 capite
1265 4148 1388 4202 caesi
1410 4188 1425 4213 ,
1474 4149 1698 4220 ejusque
1739 4153 1995 4209 consilia-

400 4238 544 4305 rius,
575 4238 750 4294 oculis
769 4238 959 4303 erutis,
991 4237 1171 4309 lingua
1194 4247 1276 4294 est
1300 4239 1389 4271 ¹³⁰²
1414 4242 1677 4311 privatus,
1708 4244 1761 4299 in
1790 4247 1996 4303 medio-

404 4344 522 4402 que
545 4330 872 4385 cadaverum
909 4329 1114 4384 inutilis
1149 4330 1389 4386 relictus.
1436 4331 1832 4392 Wicbmannus
1866 4354 1995 4394 vero

394 4430 455 4478 et
496 4418 914 4478 Ecbertbus‘m
943 4422 1203 4477 scelerum
1236 4424 1439 4479 conscii
1489 4424 1545 4480 in
1588 4425 1817 4484 Galliam
1868 4446 1994 4501 pro-

395 4510 553 4579 fecti,
582 4512 649 4566 ad
687 4510 965 4581 Hugonem
996 4512 1187 4567 ducem
1215 4510 1337 4583 fuga
1363 4513 1532 4584 elapsi
1563 4525 1708 4571 sunt.

471 4602 566 4659 56.
622 4602 840 4660 Crebris
882 4602 1124 4660 victoriis
1163 4603 1461 4676 imperator
1500 4606 1769 4679 gloriosus
1815 4612 1992 4673 factus

2085 1949 2280 2003 vulnus
2304 1950 2520 2003 durum.
2556 1948 2741 2003 Funus
2773 1959 2952 2004 autem
2986 1950 3102 2021 ejus
3133 1966 3163 2003 a
3204 1949 3468 2005 militibus
3493 1947 3678 2004 debito

2086 2039 2292 2093 honore
2322 2050 2568 2095 curatum
2589 2082 2603 2107 ,
2649 2049 2704 2095 et
2747 2039 2814 2094 ab
2852 2040 3007 2095 Italia
3040 2040 3327 2111 Mogontiaa
3349 2040 3445 2075 ⁸⁸η
3477 2054 3678 2112 corpus

2086 2134 2425 2196 translatum,
2460 2135 2513 2188 in
2545 2134 2768 2189 basilica
2798 2132 2890 2166 ¹³¹³
2915 2133 3108 2188 Albani
3134 2134 3376 2190 martiris
3402 2132 3677 2203 sepultum

2086 2234 2201 2290 est,
2238 2241 2359 2280 cum
2416 2226 2561 2282 luctu
2610 2236 2665 2281 et
2716 2227 2938 2297 planctu
2986 2227 3279 2282 multorum
3325 2227 3672 2299 populorum.

2087 2315 2327 2386 Reliquit
2393 2327 2513 2387 post
2578 2334 2638 2373 se
2687 2317 2858 2373 ﬁlium
2907 2319 3081 2390 patris
3133 2318 3396 2376 vocabulo
3447 2319 3678 2391 insigni-

2088 2416 2201 2462 tum
2234 2408 2404 2479 (293).
3073 2403 3081 2408 '

2158 2499 2244 2554 58.
2282 2499 2499 2555 Littera
2521 2509 2701 2555 autem
2723 2501 2903 2557 obitus
2928 2503 3044 2572 ejus
3080 2501 3255 2557 allatae
3285 2510 3414 2558 sunt
3434 2503 3675 2575 impera-

2088 2590 2191 2645 tori
2212 2630 2227 2654 ,
2256 2605 2378 2644 cum
2410 2599 2557 2645 esset
2600 2591 2655 2645 in
2692 2592 2887 2645 militia
2917 2591 3032 2658 ¹³¹⁵,
3064 2608 3169 2663 qua
3202 2594 3455 2650 militavit
3482 2607 3676 2654 contra

2086 2680 2381 2747 Redarios;
2407 2693 2740 2753 quapropter
2756 2685 2851 2722 ι³¹⁶
2866 2686 2999 2740 satis
3016 2686 3307 2755 plurimum
3324 2688 3675 2749 lacrimarum

2086 2786 2186 2842 pro
2216 2773 2311 2826 lilii
2340 2774 2561 2829 interitu
2596 2774 2764 2841 fudit;
2797 2777 2864 2830 de
2889 2786 3108 2843 caetero,
3132 2780 3224 2848 qui
3257 2780 3433 2835 adhuc
3453 2783 3674 2838 ordina-

2087 2864 2164 2917 vit
2204 2864 2493 2934 imperium
2531 2882 2724 2933 suum,
2759 2870 2959 2924 rectori
2997 2872 3243 2926 omnium
3289 2872 3401 2930 Deo
3440 2874 3675 2933 ﬁdeliter

2085 2957 2373 3013 commisit.

2160 3049 2248 3105 59.
2273 3049 2475 3106 Eodem
2503 3061 2743 3124 tempore
2768 3054 3163 3113 Wicbmannus
3184 3060 3363 3117 sciens
3388 3062 3480 3097 ""
3504 3062 3680 3121 Saxo-

2091 3142 2234 3197 niam
2258 3142 2609 3199 bellatoribus
2638 3162 2887 3214 vacuam,
2913 3164 2942 3203 a
2970 3149 3139 3205 Gallia
3180 3152 3477 3223 profectus,
3505 3156 3679 3214 Saxo-

2092 3234 2236 3288 niam
2265 3234 2475 3290 occulte
2499 3236 2741 3303 intravit,
2774 3238 2992 3295 domum
3017 3242 3409 3315 conjugemque
3454 3250 3676 3319 revisit,

2094 3324 2219 3379 inde
2250 3339 2309 3379 se
2340 3324 2532 3379 iterum
2572 3325 2893 3398 alienigenis
2936 3331 3204 3387 inmersit.
3245 3333 3548 3393 Ecberhtus
3580 3340 3679 3377 "“

2089 3428 2223 3470 vero
2243 3416 2552 3472 interventu
2573 3418 2756 3488 magni
2779 3419 3053 3491 pontificis
3073 3421 3338 3482 Brunonis
3364 3427 3421 3483 in
3446 3430 3679 3500 gratiam

2093 3508 2371 3579 recipitur.

2165 3600 2253 3655 60.
2283 3600 2727 3675 (DCCCCLVIIM
2752 3606 2955 3662 Ductus
2978 3609 3452 3668 exercituscontra
3485 3612 3678 3671 Wicb-

2094 3707 2351 3747 nannum
2377 3696 2538 3750 tertia
2568 3695 2684 3751 vice
2710 3696 2883 3768 (299),
2933 3700 3023 3754 vix
3075 3700 3312 3758 obtinuit
3381 3712 3439 3759 ut
3478 3704 3532 3761 in
3574 3705 3682 3765 ﬁde

2094 3780 2324 3839 Gerouis
2347 3784 2551 3854 ﬁliique
2575 3787 2657 3842 sui
2683 3788 3077 3859 susciperetur,
3109 3794 3318 3865 ipsique
3346 3797 3679 3870 apudimpe-

2100 3885 2335 3931 ratorem
2381 3878 2720 3945 obtinerent,
2761 3897 2868 3951 quo
2909 3884 3082 3952 patria
3114 3885 3469 3958 conjugisque
3512 3891 3684 3960 patri-

2097 3967 2282 4023 monio
2310 3983 2432 4023 cum
2482 3971 2657 4038 gratia
2707 3972 2973 4041 imperiali
3022 3973 3313 4032 frueretur.
3365 3976 3681 4036 Jussus'm

2095 4068 2496 4114 sacramentum
2526 4061 2771 4118 terribile
2794 4062 2963 4130 dedit,
2995 4080 3055 4122 se
3074 4077 3263 4123 contra
3295 4069 3684 4142 imperatorem

2096 4152 2553 4223 imperatorisque
2607 4171 2832 4227 regnum
2884 4175 3182 4231 numquam
3242 4162 3443 4233 aliquid
3497 4165 3685 4239 inique

2096 4246 2324 4301 consilio
2354 4256 2447 4301 aut
2469 4256 2597 4303 actu
2627 4247 2897 4305 facturum
2922 4252 3036 4305 “’°.
3058 4252 3133 4307 lta
3158 4252 3263 4309 ﬁde
3288 4255 3437 4323 data,
3462 4257 3516 4313 in
3548 4274 3686 4329 pace

2097 4350 2183 4396 est
2204 4339 2461 4395 dimissus
2489 4340 2605 4408 ιω,
2635 4351 2691 4398 et
2714 4342 2874 4401 bonis
2913 4345 3365 4415 promissionibus
3406 4351 3477 4409 ab
3504 4352 3681 4427 impe-

2098 4442 2279 4488 ratore
2299 4443 2529 4488 ετθςιιιε.

2168 4528 2258 4583 6|.
2280 4527 2504 4584 Peracta
2526 4529 2670 4584 caede
2690 4529 3071 4599 barbarorum,
3096 4548 3164 4591 eo
3185 4550 3331 4593 anno
3356 4537 3683 4612 prodigiosae

2100 4634 2188 4676 res
2212 4620 2715 4690 apparuerunt"",
2760 4633 2905 4681 nota:
2951 4625 3161 4683 scilicet
3210 4628 3395 4687 crucis
3423 4629 3479 4687 in
3506 4632 3680 4690 vesti-

1718 4724 1950 4785 VARl/E
1989 4730 2393 4789 LECTIONES.

496 4830 602 4922 ἓ
617 4830 767 4922 dein
834 4831 940 4922 id“
1129 4830 1414 4922 fortis};
1432 4834 1501 4890 A.
1545 4837 1699 4922 m‘ﬂ'”
1725 4842 1993 4922 gestiisAl.
2023 4915 2035 4922 _
2090 4844 2186 4922 “3}
2217 4845 2521 4922 insignibus
2547 4847 2603 4903 2.
2634 4844 2752 4922 5.__"'
2787 4848 2880 4922 ’f"
2911 4864 3069 4922 eo—
3097 4852 3350 4911 dicuntur
3375 4860 3567 4917 desunt
3610 4860 3681 4917 Α.

398 4902 671 4997 ςυέιξφ
696 4901 819 4997 εξω
1143 4903 1505 4997 gosteugkaz‘.
1545 4907 1640 4997 “2°
1666 4900 1873 4997 ruianis
1899 4900 2300 4997 gzrivanis'l.
2326 4900 2600 4997 usu_i_s;3.w
2639 4900 2732 4952 ἶίθί
2778 4900 3346 4997 ρἰοέιξθῃεμέίῖψίδί

394 4974 565 5034 hoste
593 4973 680 5060 2..
706 4970 1126 5060 .fffsnfugatinone
1150 4973 1204 5060 2'.
1281 4976 1375 5060 1‘”
1404 4976 1732 5060 stoinefgero
1898 4986 1988 5020 "'5
2014 4970 2327 5060 locoque
2358 4970 2516 5023 Μ’ἶνί
2530 4970 2575 5046 r.
2623 5005 2754 5046 auro
2781 4970 3180 5050 9—."7'3rfa'c'ti
3210 4996 3275 5050 Α.
3371 4970 3687 5060 ίθδωίὲιῖῖίῖι

396 5062 549 5104 corr.
585 5042 935 5135 redditulﬁ."
962 5042 1257 5135 "'I’ﬁedes
1420 5042 1724 5135 “time-5..
1787 5054 1879 5088 ‘m
1904 5042 2250 5135 septuaginta
2276 5059 2329 5135 ἕρ.
2410 5060 2507 5135 "°_'
2530 5042 2653 5135 ejus
2784 5042 2900 5097 7'”
2926 5042 3325 5123 eelibcrvt'bus'l.
3404 5042 3693 5132 "6:531

397 5114 862 5207 ΞΨΨῙἮἿῩᾸΣ
875 5114 963 5207 55.A
1027 5113 1571 5207 t-aosqdeeﬂni:
1598 5122 1857 5207 distincta
1889 5113 2035 5207 Α.
2067 5113 2133 5184 εἶὲ
2154 5129 2189 5207 2
2211 5113 2269 5207 et
2283 5130 2349 5185 A.
2379 5113 2653 5190 verbal-irin
2673 5113 3297 5207 Bisttnrcuéié'if'ré'ée'ﬁi.‘
3312 5113 3325 5121 ’
3385 5142 3481 5176 ηοτ

397 5185 1010 5278 ρωιξιῃξιεξξιξθξιξ
1115 5185 1341 5278 amt":
1354 5191 1773 5278 strtictionesnl.
1811 5201 2123 5278 str‘ueiones
2144 5184 3111 5278 A.'_7g_stt-tt{iitb'ités'sif'ﬁe'iiiiﬁs'
3128 5184 3480 5278 imperatoris

538 5254 784 5349 ξξιτβεςε
814 5271 1012 5349 armum
1037 5256 1138 5349 επ,
1170 5255 1379 5349 "tmte
1425 5271 1671 5347 extremo
1702 5264 1756 5320 2.
1776 5339 1807 5349 Α
1836 5254 2143 5349 Matius.
2202 5254 2320 5313 tm
2346 5254 2809 5349 ’mégé'déiéin's.
2844 5278 2897 5335 7.
2960 5254 3102 5311 Ἤῖῖ
3132 5254 3292 5335 iii"?
3306 5254 3692 5342 Ἔὶὶὶἔιῖῖιιῖιὲ

401 5326 693 5399 ³³⁸⁸κίι³¹ί³
725 5325 774 5380 ί·
806 5394 815 5400 ,
871 5326 964 5358 ¹⁸¹⁶
993 5328 1081 5399 qui
1108 5328 1160 5383 5-
1210 5398 1214 5399 ν
1256 5328 1347 5361 ¹³¹⁷
1371 5332 1547 5389 Sciens
1567 5335 1749 5400 wittm.
1774 5339 1830 5395 2.
1930 5325 2297 5400 ⁸³ιῖίεαηιαηιι
2328 5325 2897 5400 εὲώὲῗξὲἦᾶὶὶὶιιῖειῗ
2919 5325 3285 5400 ιιρτιιιιιέ’ὶ.”
3322 5325 3697 5400 ιῖἶῖῒιζξηέἑῖιέ
