4472 5522
812 446 926 532 eos

1825 447 2200 509 WlDUKlNDl
2234 436 2684 504 CORBEIENSIS
2721 431 3026 492 MONACHI

3962 411 4073 474 204

800 589 1007 652 mentis
1034 584 1413 659 plurimorum.
1461 576 1669 646 Quibus
1696 571 1831 629 visis
1850 613 1865 638 ,
1912 569 2132 643 plurimi
2185 566 2384 623 salubri
2418 567 2465 624 Α
2492 552 2792 659 dampnnati,
2832 544 3111 659 sggngulo
3138 542 3307 644 vitam
3336 538 3721 613 perdiderunt;
3752 535 3866 609 ipse
3889 542 4073 593 autem

804 684 1004 742 timore
1033 634 1297 751 perculsi,
1328 672 1555 727 adversa
1594 667 1988 731 formidabant;
2019 662 2271 731 idemque
2294 656 2387 692 ³³η
2487 662 2611 705 cum
2643 644 2811 699 fratre
2840 638 2990 712 (502)
3022 636 3112 691 Vix
3142 634 3337 690 evasi!-

804 776 937 836 Ditia
963 748 1131 828 multa
1157 784 1225 825 ex
1255 774 1411 838 parte
1441 761 1888 820 emendaverunt.
1933 756 2178 812 Fuerunt
2217 760 2270 806 et
2296 748 2388 821 qui

805 873 992 935 lepras
1042 859 1274 917 veStinm
1307 855 1406 900 ⁸³η
1440 854 1929 924 interpretarentur
1967 846 2096 911 μιν,
2142 858 2210 899 eo
2249 839 2393 912 quod

809 934 1153 1027 subsequens
1180 950 1330 1021 lepra
1354 947 1552 1004 multos
1591 946 1850 1003 mortales
1880 947 2252 1011 corrumperet
2274 934 2391 991 ι³¹⁶.

811 1046 1184 1119 Sapientiores
1200 1050 1381 1098 autem
1397 1041 1610 1112 signum
1633 1039 1811 1094 crucis
1840 1034 2064 1091 salutem
2084 1028 2396 1086 victoriam-

812 1154 922 1212 que
971 1138 1355 1211 prmﬁgutasse
1381 1132 1474 1174 ⁸³³⁷
1506 1130 1907 1202 praedicabant,
1959 1124 2156 1197 quibus
2200 1129 2257 1177 et
2296 1133 2397 1175 nos

811 1230 1025 1289 fidelem
1058 1242 1343 1285 assensum
1374 1222 1698 1297 praebemus.

883 1346 975 1403 62.
1006 1345 1085 1401 Eo
1112 1353 1353 1414 tempore
1380 1341 1676 1413 imperator
1703 1347 1758 1395 et
1783 1338 1899 1411 ipse
1927 1342 2193 1408 aegrotare
2213 1329 2397 1402 cmpit,

814 1438 912 1497 sed
938 1436 1151 1493 meritis
1194 1441 1508 1491 sanctorum
1529 1472 1545 1497 ,
1583 1429 1782 1501 quibus
1813 1426 1968 1483 lidele
1992 1424 2195 1497 jugiter
2243 1422 2404 1477 obse-

815 1532 1002 1605 quium
1035 1528 1263 1602 praebet,
1297 1526 1640 1596 maximeque
1666 1520 1973 1593 patrocinio
2017 1516 2187 1574 incliti
2214 1513 2403 1570 marti-

814 1621 894 1679 ris
920 1620 1015 1665 ι³³⁸
1043 1619 1175 1684 Viti,
1206 1617 1292 1674 cui
1316 1615 1530 1686 aperuit
1557 1628 1811 1676 ossuum,
1838 1611 1905 1666 de
1929 1608 2249 1664 inﬁrmitate
2272 1620 2404 1661 con-

815 1711 1070 1777 valescit,
1099 1718 1156 1767 et
1182 1708 1385 1764 mundo
1418 1714 1478 1761 ut
1501 1703 1581 1760 soi
1609 1703 1979 1760 lncidissimus
1998 1706 2122 1771 post
2148 1694 2404 1754 tenebras

818 1803 890 1860 ad
918 1817 1135 1859 omnem
1168 1800 1420 1856 decorem
1446 1806 1500 1854 et
1522 1796 1747 1852 delicias
1775 1794 2136 1849 condonatur.

891 1912 979 1969 65.
1003 1912 1185 1968 Rebus
1215 1911 1383 1983 igitur
1409 1909 1512 1964 rite
1539 1906 1855 1978 compositis
1878 1919 1976 1975 per
1995 1916 2213 1959 onmem
2236 1880 2407 1956 Fran-
2434 1926 2483 1988 Β

818 2004 963 2063 ciam
1022 2001 1427 2071 Saxoniamque
1475 2006 1533 2054 et
1581 1996 1790 2051 vicinas
1844 1993 1936 2030 ¹³²⁹
1983 1992 2407 2062 circumquaque

819 2105 1031 2171 gentes,
1047 2096 1276 2151 Romam
1304 2101 1551 2149 statuens
1565 2086 1859 2161 proﬁcisci,
1875 2082 2408 2156 Longobardiammo

818 2187 1065 2261 perrexit
1096 2182 1497 2257 (DCCCCLXI).
1539 2180 1683 2252 Ergo
1703 2177 1939 2249 qualiter
1979 2190 2161 2246 regem
2202 2173 2413 2245 Longo-

819 2276 1117 2335 bardorum
1152 2273 1508 2329 Bernharium
1536 2270 1629 2312 ⁸³³⁸
1664 2270 1873 2326 duobus
1917 2266 2074 2322 annis
2106 2265 2410 2331 obsessum,

829 2387 953 2428 cum
992 2368 1218 2440 conjuge
1243 2374 1298 2423 et
1324 2366 1449 2421 liliis
1476 2372 1723 2434 captum,
1758 2362 1811 2417 in
1860 2358 2082 2415 exilium
2110 2355 2415 2413 destinave-

823 2464 919 2530 rit,
938 2464 1223 2520 Romanos
1250 2458 1462 2516 duobus
1486 2455 1688 2529 prmliis
1733 2454 1927 2509 vicerit
1965 2446 2414 2523 (DCCCCLXIV),

828 2552 1172 2623 Romamque
1200 2550 1295 2589 ί³³¹
1329 2547 1756 2621 expugnaverit,
1787 2545 1952 2601 duces
1980 2544 2416 2599 Beneventorum

828 2644 1147 2718 subjecerit,
1178 2642 1396 2699 Graecos
1436 2640 1489 2694 in
1516 2638 1769 2696 Calabria
1799 2635 2102 2708 Apuliaque
2125 2633 2222 2676 ι⁸³³
2253 2646 2417 2704 supe-

827 2739 1054 2804 raverit,
1075 2747 1220 2794 terra
1238 2734 1476 2792 Saxonia
1491 2732 1589 2768 m‘
1609 2746 1775 2787 venas
1793 2727 2004 2799 argenti
2020 2725 2417 2798 aperueritl’",

826 2829 1231 2901 imperiumque
1257 2842 1382 2883 cum
1408 2825 1520 2880 ﬁlio
1550 2839 1713 2894 qnam
1744 2819 2032 2892 magniﬁce
2069 2816 2382 2873 dilataverit
2404 2855 2419 2883 ,

826 2928 1031 2978 nostra
1059 2916 1337 2973 tenuitatis
1360 2915 1455 2957 ι³³⁶
1484 2930 1593 2971 non
1616 2922 1700 2969 cst
1733 2910 1965 2973 edicere,
1997 2908 2091 2964 sed
2115 2915 2174 2962 ut
2198 2906 2289 2947 ηδτ
2316 2904 2421 2960 ini-

828 3011 909 3069 tio
937 3009 1178 3065 historia:
1206 3006 1428 3077 praedixi
1452 3003 1624 3077 (500),
1656 3005 1711 3059 in
1738 3010 1948 3058 tantum
1973 2999 2117 3056 ﬁdeli
2138 2997 2426 3055 devotione

829 3104 1142 3163 elaborasse
1168 3100 1264 3145 ⁸³³⁸
1292 3097 1543 3155 sufﬁciat.
1574 3097 1844 3153 Caeterum
1874 3110 2005 3167 erga
2034 3101 2183 3149 tuam
2210 3090 2427 3148 clarita-

831 3206 943 3255 tem
971 3195 1456 3264 serenitatemque,
1488 3206 1651 3262 quam
1675 3188 1768 3223 "”
1800 3187 1972 3260 patris
1993 3186 2292 3256 fratrisque
2312 3182 2424 3239 cel-

839 3288 1023 3346 situdo
1052 3284 1243 3358 patria:
1270 3284 1338 3339 ad
1365 3297 1583 3373 omnem
1606 3280 1867 3336 honorem
1894 3276 2158 3348 nobisque
2181 3274 2249 3330 ad
2286 3272 2430 3330 sola-
2456 3292 2505 3358 ρ
2534 3272 2571 3373 3

832 3378 968 3435 tium
1006 3375 1247 3447 reliquit,
1284 3388 1483 3446 magna
1528 3370 1745 3429 devotio
1769 3383 1907 3441 opus
1933 3367 2138 3424 humile
2181 3362 2437 3438 magniﬁ-

833 3479 923 3529 cet
944 3468 1063 3524 tm.
1090 3468 1164 3526 At
1183 3467 1309 3524 ﬁnis
1342 3465 1519 3524 civilis
1546 3464 1676 3523 belli
1707 3461 1972 3520 terminus
2006 3459 2078 3516 sit
2097 3458 2284 3516 libelli.

910 3608 1001 3666 64.
1068 3601 1543 3682 (DCCCCLXIII.)
1594 3599 1886 3658 Enimvero
1942 3596 2177 3654 donatus
2239 3591 2434 3663 patriae

837 3700 1240 3759 Wichmannus
1268 3692 1649 3768 aequanimiter
1693 3706 1754 3748 se
1779 3686 2085 3751 continuit,
2134 3685 2307 3741 donec
2335 3683 2435 3737 im-

835 3794 1111 3869 peratoris
1162 3790 1457 3847 adventum
1487 3785 1750 3860 speravit.
1805 3782 1943 3839 Cum
1989 3777 2290 3835 autem‘m
2317 3776 2435 3848 ejus

836 3886 1087 3948 reversio
1135 3883 1476 3951 differretur,
1521 3881 1590 3936 ad
1634 3876 1971 3951 aquilonales
2003 3872 2097 3907 ’δι’
2147 3880 2329 3943 partes
2375 3882 2436 3924 se

840 3978 1095 4047 contulit,
1118 3976 1276 4049 quasi
1304 3991 1429 4032 cum
1453 3987 1582 4044 rege
1612 3970 1887 4027 Danorum
1911 3966 2147 4023 Haraldo
2168 3964 2263 3997 ³³⁸³
2286 3961 2435 4035 (501)

839 4071 1045 4131 bellum
1071 4071 1139 4127 ab
1168 4069 1386 4141 integro
1435 4064 1870 4121 machinaturus.
1920 4058 1994 4115 At
2042 4057 2132 4113 ille
2158 4053 2439 4112 mandavit

841 4167 896 4224 ei
920 4164 1035 4232 ³³⁸³,
1069 4164 1115 4221 si
1147 4165 1342 4219 ducem
1387 4167 1638 4216 necasset
1668 4158 1756 4213 vel
1784 4155 1947 4211 alium
1970 4150 2269 4223 quemlibet
2292 4149 2440 4219 prin-

842 4257 1047 4329 cipum,
1065 4263 1255 4313 nosset
1270 4255 1392 4311 sine
1407 4251 1531 4309 dolo
1551 4265 1677 4307 eum
1703 4248 1797 4285 ²³⁸³
1823 4247 1925 4304 sibi
1941 4246 2153 4301 sociare
2168 4243 2306 4299 velle
2320 4242 2438 4308 ηδ’,

846 4352 1009 4408 aliter
1036 4366 1152 4408 rem
1200 4349 1578 4406 fraudulenter
1606 4346 1844 4418 agitasse
1870 4343 1966 4375 ¹³⁸⁷
1992 4356 2103 4397 non
2145 4338 2437 4395 dubitaret.

844 4442 1059 4500 interea
1093 4442 1159 4499 ab
1184 4451 1433 4514 emptore
1460 4445 1828 4512 praetereunte
1854 4432 2141 4491 latrocinia
2167 4430 2288 4502 ejus
2313 4444 2441 4502 pro—

849 4535 1085 4603 duntur,
1145 4534 1530 4605 sociorumque
1579 4530 1747 4603 aliqui
1784 4527 1880 4562 ¹³⁵⁸
1928 4522 2338 4596 comprehensi,
2387 4531 2442 4577 et

2571 738 2667 794 65.
2686 734 2821 790 Dani
2839 731 3135 801 antiquitus
3149 736 3309 784 erant
3331 726 3647 791 Christiani,
3662 723 3757 782 sed
3773 718 4077 779 nichilomi-

2491 848 2593 889 nus
2612 828 2769 886 idolis
2786 826 2889 882 ritu
2905 822 3089 897 gentili
3112 820 3432 878 servientes.
3450 817 3690 890 Contigit
3702 824 3885 872 autem
3910 811 4075 870 alter-

2492 923 2768 981 cationem
2797 932 2960 989 super
2978 914 3188 971 cultura
3211 913 3432 969 deorum
3447 910 3563 968 ﬁeri
3578 909 3632 964 in
3645 907 3877 979 quodam
3890 902 4080 962 convi-

2492 1017 2582 1074 vio
2609 1028 2733 1085 rege
2756 1018 3023 1083 praesente
3044 1005 3156 1072 ηδ’,
3180 1006 3342 1062 Danis
3367 1000 3757 1058 afﬁrmantibus
3801 997 4077 1054 Christum

2492 1108 2711 1181 quidem
2744 1117 2864 1160 esse
2907 1101 3088 1166 deum,
3126 1097 3221 1154 sed
3247 1096 3383 1152 alios
3410 1109 3477 1151 eo
3507 1092 3624 1149 fore
3653 1089 3891 1163 majores
3918 1086 4077 1154 deos,

2497 1200 2700 1274 quippe
2730 1198 2822 1270 qui
2853 1195 3065 1266 potiora
3095 1190 3413 1248 mortalibus
3446 1190 3597 1260 signa
3623 1194 3677 1243 et
3704 1184 3953 1257 prodigia
3984 1197 4085 1255 per

2496 1309 2559 1352 se
2597 1291 2962 1350 ostenderent.
3011 1285 3213 1343 Contra
3250 1284 3367 1339 haec
3393 1280 3624 1338 clericus
3646 1277 3898 1350 quidam,
3936 1289 4086 1331 nunc

2496 1400 2629 1443 vero
2664 1383 2971 1455 religiosam
3020 1378 3188 1433 vitam
3233 1376 3457 1441 ducens,
3482 1373 3768 1444 episcopus
3788 1367 3960 1443 (505),
3991 1383 4091 1423 no-

2500 1480 2647 1538 mine
2666 1477 2847 1550 Poppa
2868 1472 2984 1540 ¹ιι⁰,
2999 1486 3163 1528 unum
3184 1484 3371 1527 verum
3387 1468 3553 1524 Deum
3565 1464 3783 1522 Patrem
3804 1477 3928 1519 cum
3949 1458 4090 1517 Filio

2506 1572 2789 1643 unigenito
2836 1566 3056 1624 domino
3104 1554 3291 1620 nostro
3331 1560 3460 1617 Jesu
3510 1559 3729 1616 Christo
3775 1564 3830 1613 et
3882 1551 4091 1625 Spiritu

2504 1670 2717 1727 sancto,
2770 1658 3061 1715 simulacra
3093 1669 3222 1710 vero
3253 1650 3518 1709 daemonia
3542 1664 3664 1705 esse
3702 1656 3760 1703 et
3799 1660 3909 1701 non
3936 1645 4089 1709 deos,

2508 1762 2739 1809 testatus
2786 1758 2873 1806 est
2920 1747 3034 1801 ¹³⁸¹.
3096 1743 3365 1801 Haraidus
3400 1740 3494 1776 "5'
3540 1749 3721 1796 autem
3757 1752 3879 1804 rex,
3906 1741 4095 1807 utpote

2508 1847 2603 1919 qui
2629 1844 2791 1901 velox
2820 1842 3050 1898 traditur
3075 1838 3193 1895 fore
3221 1836 3317 1875 ¹³⁸⁸
3337 1836 3405 1892 ad
3428 1832 3780 1899 audiendum,
3810 1827 3998 1885 tardus
4024 1823 4096 1882 ad

2510 1936 2857 2009 loquendum,
2914 1933 3235 2002 interrogat,
3284 1929 3331 1985 si
3382 1928 3522 1983 hanc
3571 1924 3732 1981 ﬁdem
3767 1937 3865 1994 per
3892 1926 4098 1977 semet-

2515 2031 2690 2103 ipsum
2734 2026 3013 2083 declarare
3054 2022 3204 2079 velit.
3256 2020 3349 2077 llle
3399 2020 3778 2075 incunctanter
3822 2013 3963 2070 velle
4010 2027 4098 2068 re-

2516 2118 2753 2192 spondit.
2790 2117 2908 2173 Rex
2936 2130 3066 2171 vero
3103 2112 3379 2170 custodire
3412 2109 3672 2167 clericum
3697 2121 3869 2177 usque
3900 2105 3956 2159 in
3980 2117 4102 2159 cra-

2516 2214 2719 2272 stinum
2735 2211 2906 2283 jubet.
2942 2208 3100 2264 Mane
3136 2206 3305 2271 facto,
3338 2203 3571 2275 ingentis
3594 2199 3690 2245 ¹³ι⁸
3714 2196 3969 2269 ponderis
3997 2194 4107 2251 fer-

2521 2321 2642 2362 rum
2689 2303 2814 2375 igne
2861 2299 3116 2357 succendi
3165 2296 3341 2367 jubet,
3400 2294 3767 2363 clericumque
3818 2290 3888 2346 ob
3943 2286 4104 2343 ﬁdem

2530 2394 2852 2451 catholicam
2883 2392 3121 2448 candens
3154 2388 3354 2443 ferrum
3382 2385 3475 2418 ¹³⁵⁸
3504 2391 3722 2455 portare
3745 2378 3927 2451 jussit.
3966 2375 4110 2432 Con-

2520 2488 2699 2544 fessor
2726 2484 2931 2543 Christi
2963 2481 3335 2538 indubitanter
3364 2475 3758 2555 ferrumbrapit,
3794 2470 4111 2541 tamdiuque

2523 2582 2793 2651 deportat,
2830 2592 2937 2649 quo
2967 2576 3083 2646 ipse
3116 2573 3208 2607 “"
3248 2588 3344 2629 rex
3382 2568 3660 2635 decernit;
3704 2580 3926 2622 manum
3952 2563 4111 2619 inco-

2523 2673 2723 2729 lumem
2762 2669 2972 2726 cunctis
3012 2664 3266 2728 ostendit,
3294 2663 3455 2719 ﬁdem
3502 2658 3829 2718 catholicam
3858 2654 4115 2713 omnibus

2524 2761 2862 2835 probabilem
2898 2757 3075 2814 reddit
3099 2756 3212 2810 ηδτ.
3240 2754 3321 2809 Ad
3347 2753 3464 2810 haec
3488 2767 3585 2809 rex
3614 2762 3931 2814 conversus,
3959 2744 4118 2803 Chri-

2527 2865 2670 2911 stum
2692 2852 2860 2907 Deum
2881 2850 3053 2907 solum
3076 2845 3358 2904 colendum
3379 2843 3637 2908 decrevit,
3654 2839 3797 2897 idola
3812 2835 4116 2910 respuenda

2530 2943 2793 3013 subjectis
2829 2941 3077 3014 gentibus
3113 2940 3363 3010 imperat,
3393 2935 3491 2992 Dei
3522 2932 3899 2992 sacerdotibus
3928 2937 3985 2986 et
4014 2928 4119 2983 ml-

2532 3036 2724 3093 nistris
2768 3034 3031 3089 honorem
3075 3031 3315 3087 debitum
3368 3026 3562 3085 deinde
3600 3024 3875 3098 praestitit.
3915 3020 4022 3079 Sed
4059 3029 4116 3076 et

2532 3130 2649 3187 haec
2679 3128 2967 3183 virtutibus
2997 3124 3195 3181 merito
3216 3123 3388 3194 patris
3422 3121 3499 3176 tui
3527 3119 3932 3184 adscribuntur,
3963 3114 4120 3187 cujus

2534 3220 2805 3280 industria
2833 3219 2889 3275 in
2917 3219 3023 3274 illis
3051 3217 3364 3289 regionibus
3388 3213 3633 3271 ecclesiae.
3668 3210 4121 3281 sacerdotumque

2574 3314 2759 3371 rdines
2786 3312 3079 3393 in_tantum
3112 3308 3328 3365 fulsere.

2604 3405 2693 3463 66.
2735 3405 2878 3462 Gero
2924 3402 3097 3474 igitur
3142 3414 3324 3457 comes
3354 3414 3461 3455 non
3494 3398 3761 3455 inmemor
3797 3395 4121 3468 juramenti,

2535 3515 2662 3557 cum
2712 3496 3135 3555 Wichmannum
3186 3492 3433 3551 accusari
3478 3490 3705 3549 vidisset
3746 3505 4006 3561 reumque
4032 3504 4126 3545 co-

2536 3591 2837 3665 gnovisset,
2869 3588 3141 3655 barbaris,
3172 3603 3205 3643 a
3233 3587 3431 3659 quibus
3463 3602 3587 3653 eum
3618 3585 3932 3656 assumpsit,
3966 3583 4126 3641 resti-

2543 3687 2672 3743 tuit.
2717 3685 2801 3743 Ab
2848 3684 2929 3740 eis
2972 3682 3205 3739 libenter
3257 3691 3561 3754 susceptus,
3614 3680 3826 3753 longius
3868 3680 4127 3750 degentes

2538 3777 2802 3834 barbaros
2832 3774 3037 3830 crebris
3072 3772 3271 3846 praeliis
3315 3772 3587 3828 contrivit.
3630 3769 3890 3826 Misacam
3921 3767 4014 3805 ¹⁸³⁸
4040 3783 4131 3823 re—

2539 3883 2661 3940 gem
2694 3865 2865 3939 (504),
2913 3863 3067 3934 cujus
3111 3864 3396 3935 potestatis
3445 3870 3604 3920 erant
3642 3859 4126 3933 Slaviquidicun-

2544 3974 2632 4020 tur
2655 3960 2969 4027 Licicaviki,
2995 3961 3206 4017 duabus
3233 3960 3442 4015 vicibus
3469 3959 3767 4031 superavit,
3786 3951 4125 4028 fratremque

2543 4059 2713 4132 ipsius
2765 4057 3059 4135 interfecit,
3101 4058 3341 4127 prmdam
3384 4070 3636 4126 magnam
3670 4054 3736 4111 ab
3768 4068 3833 4110 eo
3869 4053 4119 4109 extorsit.

2618 4153 2706 4208 67.
2739 4151 2817 4206 Eo
2840 4163 3056 4222 quoque
3085 4157 3325 4220 tempore
3362 4145 3783 4219 (DCCCCLXIII)
3820 4145 3962 4203 Gero
3990 4158 4129 4215 prae-

2548 4260 2637 4301 ses
2690 4243 2880 4298 Slavos
2920 4241 3011 4311 qui
3049 4240 3302 4295 dicuntur
3342 4236 3434 4274 ¹³⁸⁹
3462 4235 3649 4292 Lusiki
3680 4236 3829 4309 (505)
3865 4234 4128 4307 potentis-

2549 4338 2688 4393 sime
2712 4335 2844 4389 vicit
2872 4342 2928 4389 et
2952 4333 3019 4388 ad
3047 4330 3142 4363 ¹³⁶⁰
3170 4330 3415 4385 ultimam
3444 4329 3763 4385 servitutem
3793 4328 3990 4400 coegit,
4020 4341 4127 4383 non

2550 4427 2670 4483 sine
2700 4426 2781 4482 sui
2815 4434 2993 4481 tamen
3034 4423 3189 4496 gravi
3217 4422 3440 4479 vulnere
3472 4420 3791 4492 nepotisque
3819 4420 3909 4461 ¹³³¹
3939 4418 4130 4491 optimi

2550 4520 2655 4576 viri
2696 4534 2823 4575 casu
2867 4516 3036 4590 (506),
3078 4527 3337 4573 caeterum
3377 4516 3469 4548 ⁸³⁸¹
3500 4530 3716 4587 quoque
3761 4528 3925 4587 quam
3962 4511 4132 4585 pluri-

847 4635 1129 4700 tamquam
1172 4639 1366 4685 contra
1416 4624 1692 4698 publicam
1740 4637 1858 4679 rem
1906 4628 2134 4693 agentes
2159 4657 2174 4685 ,
2226 4631 2259 4671 a
2305 4616 2441 4671 duce
2465 4608 2520 4669 D
2550 4629 2764 4670 morum
2794 4610 2888 4645 ¹⁸⁶³
2917 4610 3179 4667 nobilium
3200 4609 3464 4667 virorum.

2166 4731 2402 4789 VARLE
2440 4729 2847 4789 LECTIONES.

925 4837 1019 4879 ²³²³
1052 4836 1323 4907 iidemque
1348 4833 1416 4907 5.
1498 4833 1591 4874 ¹⁸¹⁸
1619 4832 1759 4907 deest
1786 4831 1851 4886 Α·

849 4908 946 4946 m“
995 4912 1051 4965 in
1103 4910 1153 4965 1.
1186 4904 1359 4963 ειῐηοιί
1406 4904 1955 4976 superscriptum__est.

1958 4829 2052 4866 ¹⁸¹⁸
2095 4827 2547 4896 interpretaretur
2564 4858 2567 4861 -
2587 4822 2639 4896 ip.

2053 4897 2148 4940 ¹ι¹⁹
2177 4894 2384 4952 vicinos
2416 4898 2466 4951 l.
2511 4896 2578 4951 Α.
2612 4894 2665 4950 5.

2742 4820 2840 4855 ¹³¹⁴
2872 4828 3285 4891 corrumperent
3321 4818 3374 4875 1.
3451 4817 3544 4854 ¹⁸²²
3586 4817 3937 4891 praeﬁgurans
3964 4831 4022 4874 se
4069 4817 4129 4873 2.

2774 4890 2873 4925 "80
2911 4891 2963 4925 in
2995 4891 3119 4925 Innn
3184 4892 3212 4925 Δ
3267 4892 3300 4925 ’ζ
3398 4889 3491 4923 HM
3544 4890 3908 4925 ιιιινηῑιιη-Αηηιι
3953 4888 3989 4925 Θ
4040 4888 4129 4925 ha-

2911 4891 2963 4945 in
2994 4888 3138 4962 long.
3176 4892 3241 4945 A.
3267 4892 3321 4962 3.
3398 4889 3491 4962 ¹Ρ³¹
3543 4888 3908 4962 ὺότηὶιίῐτόιιῐῃ
3953 4888 4008 4962 2.
4039 4888 4134 4962 be-

849 4981 1161 5054 rcngarium
1190 4980 1242 5054 5.
1280 4976 1423 5054 _""_
1446 4958 1649 5054 romam
1672 4958 1733 5054 ’5.
1765 4971 1907 5054 Α¹³⁸³
1930 4967 2337 5054 ρὲρυίίίὶςυϐβ.
2414 4966 2510 5005 ι³³⁵
2533 4975 2691 5023 terrae
2716 4962 2939 5020 saxonia
2969 4958 3461 5054 ﬁgrrI‘saxonim't.
3503 4972 3647 5054 terra
3705 4960 3958 5054 saxonica
3990 4960 4044 5013 6.
4076 4958 4131 5014 in

1913 5050 1923 5054 _
2041 5051 2050 5054 _
2194 5049 2203 5054 -
2253 5046 2263 5054 .
2329 5038 2343 5054 ι
2452 5035 2546 5054 ..οη
2628 5042 2638 5054 ι
2665 5038 2676 5054 ι
2718 5037 2729 5054 9
2754 5052 2761 5054 ξ
2802 5036 2834 5054 η
2957 5037 2970 5054 α
3090 5047 3110 5054 -
3161 5045 3340 5054 Α-Α--Α
3553 5033 3571 5054 Ἁ
3655 5032 3806 5054 --μα
3907 5032 3920 5054 Ι
3957 5029 4000 5054 ιο
4020 5043 4101 5054 ...Α

853 5038 1000 5111 terra
1029 5049 1333 5118 saxonia75.
1410 5044 1818 5118 m“aperuit2.
1895 5038 2016 5118 1'“
2038 5038 2374 5118 tenu_itati__il.‘

2452 5035 2546 5071 ³⁸³⁷
2570 5038 2698 5091 add.
2718 5037 2772 5091 in
2802 5036 2855 5091 5.

2957 5031 3344 5088 1mlaborasse
3369 5030 3425 5087 5.
3502 5032 3748 5087 ’δυόωσι
3771 5032 3827 5087 2.
3907 5028 4134 5084 ¹³⁸⁰ηιτμ

895 5095 1489 5180 ῖίῐῖἰεῖέίῃδδΐάεεει
1511 5095 1743 5172 ira“
1767 5095 2129 5184 aquilonares
2157 5110 2212 5184 5.
2275 5107 2387 5184 ff“
2418 5107 2643 5163 halardo
2666 5107 2749 5184 Α..
2785 5102 3008 5184 Αί³⁸διςιίη
3022 5119 3160 5157 corr.
3191 5102 3351 5184 eis}.
3395 5101 3714 5184 .‘Wﬂgnnm
3764 5101 3819 5156 5.
3896 5099 3991 5134 ⁸³⁸⁸
4020 5095 4134 5154 vel—

875 5183 1000 5251 ἑειδ.
1084 5191 1404 5251 “"etzisse
1448 5190 1504 5246 2.
1584 5188 1681 5223 ms
1708 5186 1800 5243 alii
1826 5183 1882 5241 5.
1961 5183 2053 5221 ιω
2086 5198 2144 5238 re

1296 5166 1681 5247 isé'é'é'flm
1708 5166 1906 5243 alii};
1939 5166 2053 5221 vii”
2086 5181 2236 5300 regio
2265 5179 2426 5260 (deest
2470 5166 2757 5300 praesetllte)
2783 5175 2839 5230 2.
2915 5172 3009 5209 ¹³⁵⁰
3044 5188 3218 5244 pOppo
3268 5173 3323 5229 2.
3380 5173 3448 5229 A.
3520 5166 3612 5210 ⁸⁸⁵⁸
3656 5182 3741 5230 est
3796 5179 4023 5228 testatus
4075 5168 4132 5225 2.

1296 5270 1300 5300 !
1366 5261 1585 5300 olortlnn
1629 5260 1685 5300 Δ.
1715 5257 1933 5300 sar-nidus
1962 5255 2016 5300 '7-
2050 5270 2143 5300 nm
2172 5254 2270 5300 dus
2300 5247 2474 5300 ευσεβ.
2507 5246 2666 5300 Gemb
2695 5286 2710 5300 .
2799 5244 2896 5280 ²³⁵³
2932 5243 3097 5298 deest.
3125 5244 3180 5297 2.
3238 5244 3291 5298 7.
3349 5243 3518 5300 fuisse
3568 5238 3627 5300 5.
3707 5242 3803 5279 "“
3836 5243 4026 5300 ingens
4079 5241 4131 5300 i.

855 5199 925 5251 let
952 5199 1000 5247 5.
1084 5199 1187 5226 ³³³⁷
1226 5207 1256 5244 e
1297 5199 1404 5247 isse
1448 5199 1504 5246 Ξ.
1584 5199 1681 5223 ³⁸⁵⁵
1708 5199 1800 5243 ait!
1826 5199 1882 5241 '0.
1961 5199 2053 5221 ’ν’
2086 5199 2144 5238 re
2183 5199 2236 5237 to
2265 5199 2425 5251 (αεεδι
2470 5199 2662 5249 praesul
2705 5200 2710 5226 4

855 5267 950 5303 ³⁸η
979 5262 1234 5316 haroldus
1364 5261 1586 5316 alardus
1621 5260 1688 5315 A.
1715 5257 1933 5314 aroldus
1962 5255 2017 5310 7.
2050 5199 2270 5310 arafdus
2300 5247 2474 5315 Sigeb.
2507 5199 2710 5303 ϐειηὸῖ.

2799 5244 2896 5280 ι³⁵³
2932 5238 3180 5315 dces—(.2.
3238 5244 3291 5298 7.
3349 5243 3518 5300 fuisse
3568 5238 3627 5300 5.
3694 5242 3803 5315 f'"
3836 5243 4026 5316 iussn?
4058 5241 4131 5316 ,1.-
