4472 5522
441 411 549 469 205

1443 414 1581 474 RES
1618 416 1867 475 GESTAE
1906 416 2297 477 ΞΑΧΟΝΙΟΑΞ.
2332 448 2403 460 -—
2435 416 2564 474 LIB.
2598 415 2684 474 lll.

3590 418 3709 478 206

510 532 600 591 68.
642 532 815 591 Erant
866 532 963 569 ¹³⁶δ
1022 533 1128 590 duo
1178 532 1449 606 subreguli
1498 536 1831 594 Herimanno
1876 538 2020 604 duci,
2050 542 2103 603 Α
2195 534 2285 592 69.
2326 535 2566 590 Audiens
2618 541 2797 589 autem
2818 529 3233 602 .Wichmannus
3264 534 3356 575 ’³⁸³
3387 533 3573 592 urbem
3604 552 3706 593 ca-

441 624 741 683 inimicitue
766 641 797 681 a
824 624 1067 696 patribus
1086 625 1303 681 vicaria:
1330 626 1525 694 relicti,
1556 621 1693 684 alter
1722 629 2023 685 vocabatur

439 718 679 785 Selibur,
720 718 860 775 alter
906 719 1120 776 Ilistav.
1167 719 1383 776 Selibur
1413 733 1647 793 praeerat
1685 724 2023 781 Waaris‘m

438 812 613 885 (307),
672 812 867 870 Mistav
917 814 1162 870 Ahdritis
1210 814 1325 869 ³³⁸⁸.
1379 816 1517 872 Dum
1569 819 1799 875 invicem
1857 836 2020 891 quam

436 922 579 979 saepe
628 917 959 964 accusantur
988 909 1103 975 "‘7,
1138 910 1316 966 victus
1363 912 1579 966 tandem
1632 914 1841 970 ratione
1881 913 2022 970 Selio

434 996 539 1053 bur
570 998 688 1064 ““,
719 999 1143 1071 condempnatus
1182 1010 1267 1057 est
1306 1002 1617 1073 quindecim
1672 1005 1889 1061 talentis
1931 1022 2021 1063 ar-

436 1088 642 1161 gentia
673 1093 829 1147 duce.
866 1091 996 1146 Eam
1040 1090 1481 1162 dampnationem
1528 1096 1769 1165 graviter
1815 1097 2020 1164 ferens,

435 1194 585 1234 arma
610 1195 829 1237 sumere
860 1191 1049 1237 contra
1091 1183 1282 1237 ducem
1326 1184 1605 1251 cogitavit.
1656 1184 1763 1241 Sed
1809 1202 1931 1241 cum
1971 1188 2021 1243 ei

432 1269 559 1328 belli
587 1273 761 1343 copia:
800 1287 905 1328 non
942 1272 1271 1338 suﬁicercnt,
1305 1275 1466 1347 missa
1508 1275 1797 1347 legatione,
1838 1288 2021 1349 postu-

433 1364 510 1423 lat
555 1366 870 1439 prasidium
928 1367 995 1423 ab
1042 1366 1135 1409 ⁸³⁸⁸
1181 1366 1548 1425 Wichmanno
1584 1379 1773 1425 contra
1805 1371 2017 1427 ducem.

430 1457 523 1515 Ille
568 1459 738 1516 nichil
772 1458 1061 1530 jocundius
1099 1460 1326 1527 ducens,
1370 1476 1531 1533 quam
1580 1461 1818 1532 aliquam
1846 1462 2016 1519 mole-

431 1554 591 1612 stiam
644 1554 846 1613 inferre
895 1564 1079 1626 posset
1118 1555 1216 1596 “7°
1260 1565 1475 1627 patruo,
1533 1556 1643 1611 cito
1693 1572 1814 1611 eum
1858 1556 2021 1612 sociis

431 1647 586 1703 adest
629 1645 815 1704 Slavo.
844 1646 916 1703 Ut
942 1656 1123 1704 autem
1160 1649 1455 1719 suscipitur
1495 1649 1549 1702 in
1594 1647 1782 1703 urbem
1826 1648 2017 1704 Wich-

428 1753 688 1805 manuus,
718 1739 903 1795 statim
939 1740 1073 1796 urbs
1097 1739 1381 1795 obsidione
1417 1739 1648 1794 vallatur
1672 1738 1741 1793 ab
1776 1739 2016 1793 inimico.

427 1828 636 1887 Ductus
660 1845 877 1903 quoque
900 1831 1175 1888 exercitus
1204 1848 1235 1887 a
1267 1832 1404 1887 duce
1433 1831 1623 1888 urbem
1654 1831 1744 1864 ¹³⁷¹
1773 1831 2015 1895 obsedit;

2125 631 2292 701 ptam‘
2317 628 2599 699 sociosque
2643 641 2929 697 oppressos
2982 625 3099 695 "",
3148 629 3216 681 ad
3265 627 3529 684 orientem
3583 644 3714 685 ver-

2126 735 2217 773 sus
2250 717 2343 750 ¹³⁸⁸
2382 720 2575 773 iterum
2623 731 2681 771 se
2721 716 2946 788 paganis
2996 715 3263 783 inmersit,
3318 719 3537 789 egitque
3582 733 3707 774 cum

2127 809 2303 865 Slavis
2339 810 2429 881 qui
2455 810 2709 865 dicuntur
2740 806 2955 863 Vuloini
2984 806 3079 839 ¹³⁸⁶
3110 808 3280 879 (309),
3312 809 3581 879 quomodo
3608 808 3708 863 Mi-

2127 918 2330 969 sacam,
2382 904 2616 958 amicum
2657 903 3021 972 imperatoris,
3051 902 3190 957 bello
3219 903 3549 958 lacesserent
3574 901 3704 966 “87;

2123 995 2267 1065 quod
2313 1010 2438 1049 eum
2486 995 2708 1049 minime
2751 992 2927 1047 latuit.
2970 992 3072 1058 Qui
3097 993 3244 1047 misit
3272 994 3337 1047 ad
3374 991 3707 1047 Bolislavunt

2127 1086 2218 1120 ⁸³⁸⁸
2256 1101 2435 1155 regem
2461 1086 2802 1141 Boemiorum
2829 1084 2920 1117 ”°’
2948 1114 3018 1123 ——
3045 1099 3212 1154 gener
3242 1086 3385 1140 enim
3421 1083 3511 1117 ¹³⁹⁰
3537 1083 3712 1153 ipsius

2124 1187 2243 1233 erat
2274 1177 2421 1248 (510)
2450 1210 2518 1218 -
2544 1178 2860 1247 accepitque
2899 1177 2967 1232 ab
2995 1192 3061 1231 eo
3095 1186 3342 1247 equitum
3374 1177 3507 1231 duas
3542 1188 3710 1233 acres.

2125 1268 2547 1342 (DCCCCLXVII
2568 1270 2612 1339 ?)
2666 1268 2909 1339 Cumque
2935 1278 3125 1324 contra
3151 1284 3274 1322 eum
3311 1267 3707 1322 Wichmannus

2124 1359 2364 1415 duxisset
2407 1369 2728 1425 exercrtum,
2757 1360 2962 1430 pedites
2987 1358 3220 1429 primum
3252 1358 3302 1413 ei
3334 1358 3539 1412 inmisit
3565 1359 3659 1393 ¹³⁵¹
3686 1398 3703 1424 ,

2124 1468 2355 1522 cumque
2381 1469 2445 1507 ex
2471 1450 2626 1522 jussu
2667 1453 2819 1508 ducis
2846 1453 3104 1521 paulatim
3133 1468 3317 1508 coram
3346 1450 3711 1507 Wiclunauno

2125 1544 2414 1617 fugerent,
2462 1562 2491 1600 a
2529 1546 2727 1602 castris
2770 1544 2981 1619 longius
3023 1545 3385 1617 protrahitur,
3436 1544 3714 1616 equitibus

2124 1640 2219 1674 ’³³⁸
2246 1655 2275 1695 a
2307 1648 2459 1710 tergo
2488 1639 2750 1705 inmissis,
2802 1641 2957 1710 signo
3003 1637 3271 1711 fugientes
3309 1640 3375 1693 ad
3409 1638 3500 1670 ³³³³
3533 1653 3714 1694 rever-

2123 1734 2330 1789 sionem
2365 1734 2599 1787 hostium
2639 1740 2821 1787 monet
2853 1732 2967 1784 ’09".
3002 1730 3135 1787 Cum
3166 1746 3233 1786 ex
3260 1731 3491 1786 adverso
3514 1740 3567 1785 ct
3590 1737 3715 1799 post

2126 1834 2334 1895 tergum
2376 1832 2713 1893 premeretur
2740 1823 2834 1856 ¹³⁹⁸
2886 1822 3303 1887 Wichmannus,
3352 1822 3533 1893 fugam
3574 1820 3715 1877 inire

426 1918 675 1988 interim,
721 1936 851 1977 casu
887 1922 1073 1979 nescio
1114 1939 1183 1978 an
1224 1923 1479 1994 prudenti
1530 1923 1775 1989 consilio,
1831 1923 2017 1979 Wich-
2051 1910 2098 1970 B
2130 1916 2411 1987 temptavit
2466 1916 2577 1970 "9°.
2636 1916 2682 1969 Α
2723 1916 2886 1971 sociis
2938 1915 3099 1985 igitur
3152 1916 3399 1985 arguitur
3442 1914 3706 1978 sceleris.

426 2024 662 2066 mannus
701 2025 826 2067 cum
866 2014 1053 2082 paucis
1094 2011 1283 2067 urbem
1331 2023 1417 2068 est
1456 2028 1733 2083 egressus,
1764 2011 1917 2083 quasi
1947 2011 2016 2064 ad

424 2101 767 2159 extrahenda
810 2103 914 2160 sibi
946 2104 1013 2159 de
1056 2103 1223 2160 Dauis
1251 2104 1477 2159 auxilia.
1513 2102 1678 2158 Pauci
1708 2103 1823 2157 dies
1850 2102 2016 2156 inter-

422 2202 608 2261 erant,
658 2196 785 2251 dum
818 2195 995 2251 victus
1046 2196 1140 2228 ¹³⁷¹
1184 2195 1538 2252 bellatoribus
1559 2204 1613 2249 et
1642 2194 1899 2264 pabulum
1922 2191 2012 2262 ju-

422 2284 630 2342 mentis
675 2283 953 2343 defecerat
984 2286 1098 2340 ⁸³⁷⁸.
1126 2285 1371 2343 Fuerunt
1414 2286 1579 2342 etiam
1612 2287 1704 2357 qui
1747 2286 2012 2350 dicerent,

423 2371 649 2431 Slavum
699 2375 936 2447 speciem
983 2376 1202 2447 quidem
1234 2376 1359 2432 belli
1397 2376 1648 2447 gessisse,
1689 2391 1794 2430 non
1822 2390 2015 2430 verum

420 2462 658 2534 bellum;
710 2466 1028 2523 incredibile
1075 2466 1405 2523 omnimodis
1454 2466 1606 2533 fore,
1656 2467 1932 2522 hominem
1982 2481 2016 2520 a

420 2572 597 2633 puero
631 2556 789 2614 bellis
818 2567 1097 2615 assuetum
1127 2558 1351 2615 bellicas
1382 2574 1472 2614 res
1499 2569 1609 2614 tam
1636 2557 1776 2614 male
1803 2572 2017 2629 praepa-

423 2658 577 2708 ratas
623 2648 877 2707 habuisse
903 2666 918 2717 ;
979 2651 1075 2707 sed
1100 2650 1153 2707 id
1181 2650 1392 2706 consilii
1424 2650 1793 2705 machinatum
1816 2650 2013 2705 ducem

421 2742 543 2811 ⁸⁸⁷⁸,
571 2752 634 2799 ιιι
660 2757 878 2814 quoquo
907 2752 1066 2814 pacto
1097 2751 1283 2814 posset
1332 2752 1587 2812 nepotem
1634 2742 1915 2809 vinceret,
1952 2748 2015 2796 ut

420 2835 624 2893 saltem
656 2834 749 2872 “"
776 2834 831 2891 in
861 2835 1039 2907 patria
1070 2833 1300 2891 salutem
1329 2835 1425 2876 ⁸³⁷⁸
1454 2844 1822 2906 recuperaret,
1846 2849 2013 2906 quam

422 2928 568 2985 inter
588 2941 828 3000 paganos
874 2928 1091 2999 penitus
1125 2927 1473 2999 perdidisset.
1504 2926 1671 2983 Fame
1701 2927 1791 2961 ⁸³⁷⁷
1829 2928 2013 2998 itaque

419 3020 617 3077 urbani
658 3035 724 3077 ac
769 3018 965 3077 fcetore
1013 3035 1274 3092 pecorum
1324 3020 1623 3092 aggravati,
1666 3020 1800 3075 urbe
1826 3018 2014 3091 egredi

420 3121 553 3171 sunt
599 3113 798 3169 coacti.
843 3113 962 3168 Dux
1011 3111 1232 3169 Slavum
1283 3112 1556 3168 austerius
1586 3111 1680 3145 ¹³⁷⁸
1708 3112 2011 3183 alloquens,

421 3206 493 3263 de
538 3206 766 3278 perﬁdia
792 3214 849 3262 et
880 3220 1115 3276 nequam
1143 3204 1261 3275 ejus
1296 3205 1509 3261 actibus
1541 3206 1756 3277 arguit;
1798 3205 2010 3276 hocque

2123 2007 2249 2077 quia
2282 2007 2397 2078 ipse
2427 2022 2520 2067 eos
2550 2006 2617 2059 ad
2651 2022 2884 2077 pugnam
2920 2005 3009 2041 ¹³⁹⁷
3044 2006 3404 2076 instigaverit,
3435 2005 3715 2075 ﬁdensque

2122 2116 2283 2171 equo,
2316 2116 2437 2156 eum
2476 2115 2696 2155 necesse
2743 2098 2928 2166 fuerit,
2966 2097 3148 2170 fugam
3182 2098 3339 2153 facile
3376 2099 3576 2154 inierit.
3608 2097 3713 2153 Co-

2125 2203 2283 2250 actus
2334 2194 2515 2265 itaque
2544 2209 2685 2265 equo
2717 2193 2905 2259 cessit,
2934 2193 3200 2263 pedestris
3245 2194 3336 2231 “‘98
3376 2208 3495 2249 cum
3548 2190 3713 2249 sociis

2121 2294 2399 2340 certamen
2448 2285 2590 2349 iniit,
2645 2300 2818 2355 eoque
2863 2285 2950 2339 die
2996 2283 3225 2339 viriliter
3262 2298 3507 2355 pugnans
3543 2283 3714 2337 armis

2122 2373 2451 2431 defenditur.
2506 2373 2721 2446 Jejunio
2771 2384 2952 2431 autem
2982 2384 3037 2430 et
3062 2374 3290 2446 longiori
3338 2375 3448 2439 via,
3478 2389 3583 2444 qua
3616 2372 3710 2405 ¹³⁹⁹

2120 2485 2221 2541 per
2261 2478 2427 2525 totam
2459 2478 2675 2524 noctem
2702 2478 2945 2523 armatus
2970 2468 3214 2533 incessit,
3242 2482 3401 2523 mane
3429 2483 3553 2523 cum
3579 2482 3714 2538 pau-

2121 2559 2203 2615 cis
2228 2559 2516 2614 admodum
2542 2573 2727 2614 aream
2756 2557 3038 2628 cujusdam
3067 2559 3179 2631 jam
3210 2558 3302 2590 “°°
3332 2558 3511 2615 fessus
3537 2558 3713 2614 intra~

2119 2652 2219 2706 vit.
2270 2649 2576 2721 Optimates
2617 2659 2802 2707 autem
2834 2650 2925 2682 ²⁸⁰¹
2954 2651 3190 2707 hostium
3216 2666 3339 2707 cum
3371 2666 3493 2707 eum
3520 2664 3715 2721 reppe-

2122 2744 2343 2810 rissent,
2373 2758 2441 2799 ex
2468 2743 2636 2799 armis
2666 2751 2967 2813 agnoscunt
3012 2742 3137 2813 quia
3161 2758 3245 2798 vir
3268 2756 3511 2799 eminens
3539 2748 3705 2805 esset,

2121 2837 2606 2908 interrogatusque
2658 2836 2727 2891 ab
2761 2836 2842 2892 eis
2874 2836 3125 2907 quisnam
3160 2842 3306 2891 esset
3351 2833 3467 2900 Μ’,
3518 2832 3711 2890 Wieh—

2121 2945 2382 2987 mannum
2417 2943 2475 2985 se
2516 2928 2632 2985 fore
2667 2928 2760 2971 “"3
2789 2927 3063 3000 professus
3090 2939 3193 2985 est.
3217 2930 3291 2983 At
3323 2927 3403 2982 illi
3435 2942 3588 2982 arma
3619 2924 3714 2981 de-

2118 3037 2325 3097 ponere
2354 3022 2627 3079 exhortati
2653 3031 2779 3078 sunt
2805 3039 2820 3088 ;
2860 3021 3021 3078 ﬁdem
3053 3023 3247 3079 deinde
3276 3023 3565 3093 spondent,
3604 3022 3713 3079 sal-

2118 3126 2249 3171 vum
2288 3129 2410 3169 eum
2450 3113 2669 3169 domino
2701 3112 2794 3144 ¹⁵⁰⁵
2824 3128 2922 3169 suo
2950 3113 3301 3183 praesentari,
3330 3114 3541 3184 hocque
3567 3115 3712 3185 apud

2121 3207 2301 3279 ipsum
2330 3205 2601 3271 obtinere,
2632 3205 2889 3276 quatinus
2932 3203 3239 3261 incolumen
3282 3204 3597 3277 imperatori
3628 3220 3714 3261 re-

421 3298 518 3335 ""
540 3276 616 3355 ab
643 3314 711 3355 eo
737 3299 982 3371 responsi
1012 3300 1256 3369 accepit:
1284 3298 1425 3366 Quid
1450 3316 1551 3364 me,
1583 3276 1774 3369 inquit,
1808 3300 1871 3355 de
1894 3316 2017 3369 per-
2043 3276 2091 3341 (ἶ
2126 3276 2320 3355 stituat
2351 3297 2465 3351 ίδοδ.
2495 3297 2587 3352 Ille
2615 3296 2742 3353 licet
2771 3297 2825 3352 in
2858 3295 3044 3352 ultima
3097 3298 3426 3355 necessitate
3472 3301 3544 3355 sit
3581 3314 3716 3356 con-

419 3395 569 3465 fidia'
597 3392 819 3465 arguis?
865 3392 1021 3459 Ecce,
1065 3408 1195 3463 quos
1236 3408 1331 3446 nec
1366 3402 1445 3457 tu,
1482 3408 1575 3447 nec
1611 3392 1857 3446 dominus
1886 3402 2010 3447 tuus

418 3485 708 3557 imperator
735 3485 940 3539 vincere
967 3484 1232 3555 potuistis,
1263 3501 1379 3539 mea
1408 3483 1504 3517 “3°
1530 3484 1756 3555 perﬁdia
1786 3484 2012 3540 inermes

422 3577 673 3632 assistunt
705 3574 820 3628 “9‘.
850 3574 933 3631 Ad
958 3574 1074 3632 haec
1101 3575 1212 3631 dux
1253 3574 1539 3640 conticuit,
1594 3588 1718 3629 eum
1767 3590 1881 3631 suae
1922 3575 2011 3631 di-

422 3668 588 3725 tionis
626 3668 854 3741 regione
891 3668 1134 3738 privans,
1177 3666 1288 3722 ﬁlio
1320 3667 1513 3738 ipsius,
1545 3683 1705 3739 quem
1733 3678 1888 3724 antea
1918 3669 2015 3725 ob-

422 3756 868 3831 sidem'accepit,
919 3758 1067 3814 omni
1115 3757 1285 3829 ipsius
1331 3757 1427 3790 ¹³⁸²
1476 3766 1750 3829 potestate
1787 3758 2007 3814 tradita.

422 3848 621 3906 Milites
647 3848 997 3907 Wichmanni
1030 3850 1200 3905 variis
1236 3848 1417 3920 ptenis
1445 3847 1658 3917 alllixit,
1698 3850 1849 3906 urbis
1872 3866 2013 3921 prae-

424 3941 549 3999 dam
575 3940 689 3997 suis
719 3940 982 3997 militibus
1016 3940 1260 4007 donavit,
1292 3940 1585 3997 simulacro
1611 3938 1829 3996 Saturni
1862 3940 2012 4013 (308)

423 4050 492 4091 ex
533 4048 641 4089 tere
672 4032 818 4100 fuso,
852 4032 996 4104 quod
1029 4032 1105 4089 ibi
1132 4033 1277 4089 inter
1312 4031 1415 4088 alia
1446 4032 1597 4088 urbis
1623 4032 1794 4104 spolia
1822 4048 2013 4104 reppe-

422 4126 522 4193 rit,
546 4139 801 4197 magnum
827 4123 1198 4196 spectaculum
1225 4123 1426 4197 nepulo
1452 4124 1702 4196 praebuit,
1730 4124 2015 4196 victorque

425 4217 481 4276 in
510 4218 744 4291 patriam
769 4218 1057 4276 remeavit.

2126 3393 2375 3457 stitutus,
2422 3408 2531 3447 non
2573 3392 2843 3447 inmemor
2873 3392 3120 3464 pristina:
3157 3393 3458 3450 nobilitatis
3501 3411 3565 3451 ac
3601 3396 3714 3450 vir-

2128 3485 2263 3541 tutis
2290 3485 2403 3552 ”°‘,
2435 3486 2754 3559 dedignatus
2779 3496 2864 3542 est
2894 3486 3091 3543 talibus
3119 3502 3342 3543 manum
3373 3489 3535 3556 dare;
3576 3490 3715 3561 petit

2127 3586 2333 3643 tamen,
2369 3589 2429 3633 ut
2463 3562 2777 3635 Misaco‘m
2831 3580 2901 3635 de
2938 3594 3003 3636 eo
3056 3581 3399 3647 adnuntient,
3452 3583 3525 3637 illi
3574 3583 3714 3640 velle

2125 3683 2281 3723 arma
2322 3669 2614 3740 deponere,
2649 3670 2727 3726 illi
2762 3686 2957 3726 manus
2988 3669 3080 3703 “°‘
3109 3673 3257 3728 dare.
3296 3673 3431 3728 Dum
3460 3673 3526 3729 ad
3555 3672 3717 3729 uisa--

2126 3774 2247 3814 eam
2276 3759 2375 3830 ipsi
2403 3770 2657 3831 pergunt,
2682 3761 2875 3833 vulgus
2909 3762 3307 3819 innumerabile
3335 3779 3458 3819 eum
3483 3764 3717 3820 cireum-

2128 3849 2240 3915 dat,
2284 3865 2515 3921 eumque
2548 3849 2641 3883 “°’
2675 3852 2877 3910 acriter
2914 3853 3177 3925 inpugnat
3215 3853 3328 3907 ¹⁴²⁰.
3368 3854 3487 3926 lpse
3529 3865 3712 3911 autem

2129 3943 2381 4013 quamvis
2407 3942 2606 4012 fessus,
2634 3945 2818 4001 multis
2844 3961 2912 4001 ex
2940 3948 3019 4002 eis
3042 3947 3199 4013 fusis,
3231 3948 3447 4004 tandem
3478 3948 3715 4017 gladium

2129 4035 2315 4101 sumit,
2352 4046 2407 4093 et
2441 4038 2638 4108 potiori
2675 4040 2912 4095 hostium
2943 4055 3065 4095 eum
3099 4040 3185 4096 his
3219 4041 3397 4097 verbis
3424 4043 3513 4080 ἰιι
3541 4042 3714 4097 tradi-

2130 4127 2209 4182 dit
2236 4146 2249 4182 :
2278 4129 2489 4201 Accipe,
2540 4131 2737 4202 inquit,
2780 4133 2920 4187 hunc
2950 4133 3208 4204 gladium,
3240 4146 3287 4190 et
3320 4136 3469 4207 defer
3501 4136 3715 4192 domino

2126 4227 2218 4272 tuo
2252 4221 2365 4289 ³⁸η,
2396 4239 2497 4294 quo
2522 4240 2621 4295 pro
2647 4224 2795 4297 signa
2820 4225 3049 4282 uictoria:
3076 4226 3227 4282 illum
3265 4238 3458 4298 teneat,
3486 4231 3715 4302 impera-

1712 4348 1949 4407 VARIIE
1983 4348 2387 4412 LECTIONES.

478 4490 573 4527 ﬂ“
593 4489 719 4545 add.
750 4496 930 4545 autem
958 4488 1016 4544 2.
1090 4486 1185 4531 "‘I
1214 4485 1379 4545 waris
1401 4487 1468 4543 A.
1547 4487 1644 4522 "“
1678 4487 1910 4544 addrilis
1936 4490 1990 4544 5ο

422 4566 522 4604 sm
553 4579 582 4618 a
612 4563 677 4617 A.
706 4561 761 4618 3.
838 4560 930 4593 ⁸³⁷⁸
954 4560 1095 4615 deest
1120 4560 1176 4616 3.
1252 4559 1346 4601 ⁸³⁷⁸
1382 4559 1517 4615 urbe
1540 4560 1607 4615 A.

1680 4558 1775 4591 1³71
1806 4560 1932 4591 ιγῖηιῖ

422 4566 522 4604 ωε
553 4579 582 4618 a
612 4563 677 4617 A.
706 4561 761 4618 3.
838 4560 930 4593 ⁸³⁷⁸
954 4560 1095 4615 deest
1120 4560 1176 4616 3.
1252 4560 1346 4601 ¹³⁷¹
1382 4560 1517 4615 urbe
1540 4560 1607 4615 A.
1680 4560 1775 4591 ’³⁷⁸
1806 4560 1965 4615 victis
1997 4560 2063 4614 Α.

419 4632 495 4689 Δ.
566 4633 661 4670 ⁸³⁷⁵
690 4631 922 4703 salutem
950 4631 1003 4686 in
1034 4648 1087 4703 p.
1108 4632 1175 4686 Α.
1252 4630 1346 4666 ¹³τ⁷
1374 4633 1518 4686 fame
1538 4631 1595 4686 2.
1673 4629 2062 4703 ‘f'fhasterius
2084 4631 2138 4688 2.

2072 4488 2327 4567 "‘_7__ace.
2358 4510 2549 4567 Aquam
2592 4510 2734 4567 saepe
2764 4495 2819 4549 3.
2899 4495 2991 4530 ³³⁸⁸
3042 4498 3170 4553 add.
3244 4498 3382 4556 alter
3424 4502 3621 4559 mistau
3657 4506 3715 4561 2.

2143 4562 2239 4596 “7'
2278 4562 2684 4622 defecerantl’tf
2737 4567 2831 4603 ""
2852 4568 3043 4625 ducem
3086 4571 3267 4625 much.
3304 4572 3359 4625 2.
3438 4573 3532 4609 ¹³⁷⁸
3568 4576 3711 4632 deest

2233 4636 2325 4709 1³⁷³
2360 4637 2462 4692 hoc
2490 4653 2705 4709 quoque
2736 4639 2787 4693 1.
2821 4638 2875 4693 5.
2955 4640 3046 4672 ¹³⁸⁰
3071 4641 3123 4695 1η
3160 4657 3224 4696 ea
3281 4643 3335 4697 5.
3422 4644 3515 4681 ι³⁸¹
3571 4649 3714 4702 exis-

424 4713 550 4761 tunt
701 4702 805 4786 {'31
830 4717 1004 4786 quem
1020 4700 1305 4786 Q—ﬂipsius.
1322 4702 1507 4757 desunt
1538 4703 1607 4786 A_.
1682 4700 1779 4786 ‘_’”
1804 4702 2183 4786 vyighmannus
2212 4708 2273 4786 β’,
2300 4722 2365 4786 ea;
2388 4725 2490 4786 quo
2507 4700 2659 4786 'Iiun'c
2681 4709 2851 4786 locum
2874 4713 3301 4786 “descripsisse
3318 4711 3503 4786 AFalke
3526 4700 3591 4786 ρ.
3609 4700 3715 4773 456

420 4780 633 4832 asserit.
716 4773 812 4814 ⁸³³⁸
846 4772 1075 4829 alllictos
1094 4772 1158 4828 2.7
1177 4774 1231 4829 3.
1259 4774 1659 4829 circumventos
1681 4773 1749 4827 Α.

420 4846 970 4924 lacesserent‘desunt
1128 4845 1223 4879 ⁸³⁸⁸
1253 4843 1641 4924 ιξοιίῑιέρειιῃη.
1676 4845 1733 4924 βε
1763 4842 2105 4924 boluelavum
2133 4848 2216 4924 3._
2255 4842 2694 4924 "f’hboemorum
2719 4850 2772 4924 2.
2798 4852 2854 4924 β.
2936 4855 3028 4889 ³³⁰⁰
3076 4842 3214 4909 άεέδι
3238 4856 3291 4910 1.

420 4918 573 4995 misit
597 4919 652 4975 2.
689 4916 824 4995 ff"
849 4916 1232 4995 equitibusque
1260 4917 1316 4995 β.
1368 4914 1491 4995 If?"
1528 4914 1751 4995 είςςειβε
1828 4914 2160 4995 ¹³⁹⁵Αιηογ91
2184 4920 2259 4995 3._
2318 4920 2711 4995 “"Apremeret
2737 4914 3198 4995 l.'prcmereutur
3222 4926 3287 4981 A.

1827 4772 1940 4851 {'3‘-
1954 4772 2225 4851 reversus
2240 4780 2263 4833 -l
2278 4780 2378 4851 .ﬁ.

2458 4779 2551 4821 ’³³⁸
2573 4780 2751 4858 wlovii
2778 4781 2833 4858 AA
2856 4779 3135 4858 uulouuini
3160 4785 3217 4855 β.
3246 4856 3256 4858 μ
3290 4783 3381 4816 ¹³⁸⁷
3408 4779 3625 4858 egitque
3643 4818 3715 4831 -

3386 4856 3479 4894 ‘3“
3510 4856 3561 4913 in
3588 4874 3713 4915 eum

3367 4926 3461 4958 ¹³⁹⁶
3493 4931 3719 4987 tentavit

687 4988 780 5025 "'7
801 4988 868 5043 ad
896 4985 1319 5060 pugnam—eos'ﬁ
1360 4985 1459 5066 (4).
1529 4986 1623 5066 “_“
1648 4985 1899 5066 pedestre
1940 4987 1999 5066 2.
2072 4991 2164 5066 ίξοο
2225 4991 2366 5066 deest
2418 4985 2679 5066 {aquam
2733 4985 2838 5049 A.’
2878 4994 2974 5029 ⁸δ⁰⁰
3019 4998 3157 5052 deest
3202 4996 3235 5050 ’Ξ
3330 4996 3422 5030 ¹⁸⁰¹
3466 5001 3607 5055 deest
3651 5002 3677 5056 1

418 4989 588 5096 ῆι).
687 4989 780 5025 "'7
801 4989 868 5043 ad
896 5003 1129 5059 pugnam
1158 5003 1254 5044 eos
1283 4989 1319 5060 β
1362 4989 1459 5058 (4).
1529 4989 1623 5019 ³³⁸⁸
1648 4989 1899 5057 pedestre
1940 4989 1996 5042 2.
2072 4991 2164 5027 ⁸³⁸⁸
2225 4991 2328 5048 dee:

422 5104 457 5139 *ζ
554 5066 1029 5139 interrogatusque
1055 5059 1522 5139 —.esset_desy‘i‘tt
1553 5059 1641 5139 A._
1694 5057 1793 5093 W’
1822 5072 1943 5113 esse
1972 5063 2041 5115 A.
2082 5063 2139 5139 5.
2186 5064 2328 5139 βηἹ.

420 5130 709 5190 i'mmemor
730 5130 801 5174 -ἔ
826 5130 1044 5185 virtutis
1077 5130 1264 5186 desunt
1298 5130 1345 5184 1.

415 5205 477 5265 5.
549 5205 641 5240 ‘m
669 5205 991 5275 impugnant
1015 5200 1069 5258 3.
1142 5200 1235 5236 ιδιί
1264 5202 1407 5258 deest
1432 5199 1489 5255 2.
1569 5199 1663 5235 ““
1691 5214 1789 5256 suo
1817 5199 1873 5256 3.

1429 5128 1519 5200 ‘5”
1570 5129 1773 5200 misaco
1822 5144 1966 5200 νεοπ-
2017 5128 2273 5200 misiconi
2314 5137 2366 5192 1.
2427 5137 2645 5197 misaca:
2685 5136 2741 5193 3.

2423 5062 2519 5144 “of
2539 5062 2759 5144 'domﬂo
2813 5066 2924 5144 βλ-
2947 5069 3040 5102 stos
3068 5068 3306 5144 resumit
3608 5086 3714 5128 non

2833 5138 2926 5172 “°°
2971 5155 3191 5200 manum
3222 5140 3279 5212 β.
3336 5142 3389 5197 4.
3460 5142 3555 5176 ¹δ⁰⁹
3592 5157 3719 5206 eum
