  <div class='ocr_page' id='page_1' title='image "/cluster/home/n/w/nwhite01/storage/ocr_20150623/137/hvd.32044021286828/109.png"; bbox 0 0 4472 5522; ppageno 0'>
   <div class='ocr_carea' id='block_1_1' title="bbox 834 302 939 363">
    <p class='ocr_par' dir='ltr' id='par_1_1' title="bbox 834 302 939 363">
     <span class='ocr_line' id='line_1_1' title="bbox 834 302 939 363; baseline -0.019 0"><span class='ocrx_word' id='word_1_1' title='bbox 834 302 939 363; x_wconf 77' lang='lat'><strong>207</strong></span> 
     </span>
    </p>
   </div>
   <div class='ocr_carea' id='block_1_2' title="bbox 1866 274 3067 364">
    <p class='ocr_par' dir='ltr' id='par_1_2' title="bbox 1866 274 3067 364">
     <span class='ocr_line' id='line_1_2' title="bbox 1866 274 3067 364; baseline -0.002 -1"><span class='ocrx_word' id='word_1_2' title='bbox 1866 274 2242 363; x_wconf 75' lang='lat' dir='ltr'><strong>thumm</strong></span> <span class='ocrx_word' id='word_1_3' title='bbox 2277 300 2723 364; x_wconf 81' lang='lat' dir='ltr'><strong>CORBEIENSIS</strong></span> <span class='ocrx_word' id='word_1_4' title='bbox 2762 301 3067 363; x_wconf 79' lang='lat' dir='ltr'><strong>MONACHI</strong></span> 
     </span>
    </p>
   </div>
   <div class='ocr_carea' id='block_1_3' title="bbox 4000 312 4115 372">
    <p class='ocr_par' dir='ltr' id='par_1_3' title="bbox 4000 312 4115 372">
     <span class='ocr_line' id='line_1_3' title="bbox 4000 312 4115 372; baseline 0.026 -3"><span class='ocrx_word' id='word_1_5' title='bbox 4000 312 4115 372; x_wconf 82' lang='lat'><strong>208</strong></span> 
     </span>
    </p>
   </div>
   <div class='ocr_carea' id='block_1_4' title="bbox 841 416 4108 492">
    <p class='ocr_par' dir='ltr' id='par_1_4' title="bbox 841 416 4108 492">
     <span class='ocr_line' id='line_1_4' title="bbox 841 416 4108 492; baseline 0.002 -18"><span class='ocrx_word' id='word_1_6' title='bbox 841 422 1046 491; x_wconf 87' lang='lat' dir='ltr'><strong>torique</strong></span> <span class='ocrx_word' id='word_1_7' title='bbox 1089 420 1258 474; x_wconf 85' lang='lat' dir='ltr'><strong>amico</strong></span> <span class='ocrx_word' id='word_1_8' title='bbox 1302 421 1622 475; x_wconf 86' lang='lat' dir='ltr'><strong>transmittat</strong></span> <span class='ocrx_word' id='word_1_9' title='bbox 1664 420 1757 462; x_wconf 72' lang='grc' dir='ltr'><strong>¹ι¹³</strong></span> <span class='ocrx_word' id='word_1_10' title='bbox 1783 438 1883 492; x_wconf 88' lang='lat' dir='ltr'><strong>quo</strong></span> <span class='ocrx_word' id='word_1_11' title='bbox 1926 423 2057 476; x_wconf 88' lang='lat' dir='ltr'><strong>sciat</strong></span> <span class='ocrx_word' id='word_1_12' title='bbox 2095 432 2185 475; x_wconf 88' lang='lat' dir='ltr'><strong>aut</strong></span> <span class='ocrx_word' id='word_1_13' title='bbox 2217 421 2415 476; x_wconf 85' lang='lat' dir='ltr'><strong>hostem</strong></span> <span class='ocrx_word' id='word_1_14' title='bbox 2446 428 2495 486; x_wconf 77' lang='grc' dir='ltr'>Α</span> <span class='ocrx_word' id='word_1_15' title='bbox 2522 429 2578 477; x_wconf 89' lang='lat' dir='ltr'><strong>et</strong></span> <span class='ocrx_word' id='word_1_16' title='bbox 2626 420 2980 475; x_wconf 84' lang='lat' dir='ltr'><strong>incommodis</strong></span> <span class='ocrx_word' id='word_1_17' title='bbox 3020 418 3280 490; x_wconf 77' lang='lat' dir='ltr'><strong>repletam</strong></span> <span class='ocrx_word' id='word_1_18' title='bbox 3328 416 3517 490; x_wconf 89' lang='lat' dir='ltr'><strong>pietati</strong></span> <span class='ocrx_word' id='word_1_19' title='bbox 3556 417 3832 476; x_wconf 75' lang='lat' dir='ltr'><strong>Creatoris</strong></span> <span class='ocrx_word' id='word_1_20' title='bbox 3859 424 4108 481; x_wconf 82' lang='lat' dir='ltr'><strong>omnium</strong></span> 
     </span>
    </p>
   </div>
   <div class='ocr_carea' id='block_1_5' title="bbox 834 513 2415 585">
    <p class='ocr_par' dir='ltr' id='par_1_5' title="bbox 834 513 2415 585">
     <span class='ocr_line' id='line_1_5' title="bbox 834 513 2415 585; baseline 0.001 -18"><span class='ocrx_word' id='word_1_21' title='bbox 834 516 1066 569; x_wconf 88' lang='lat' dir='ltr'><strong>occisum</strong></span> <span class='ocrx_word' id='word_1_22' title='bbox 1104 514 1327 569; x_wconf 80' lang='lat' dir='ltr'><strong>irridere</strong></span> <span class='ocrx_word' id='word_1_23' title='bbox 1362 513 1437 569; x_wconf 75' lang='lat' dir='ltr'><strong>vel</strong></span> <span class='ocrx_word' id='word_1_24' title='bbox 1466 525 1601 569; x_wconf 89' lang='lat' dir='ltr'><strong>certe</strong></span> <span class='ocrx_word' id='word_1_25' title='bbox 1629 516 1976 585; x_wconf 86' lang='lat' dir='ltr'><strong>propinquum</strong></span> <span class='ocrx_word' id='word_1_26' title='bbox 2004 515 2211 584; x_wconf 78' lang='lat' dir='ltr'><strong>deﬂere.</strong></span> <span class='ocrx_word' id='word_1_27' title='bbox 2240 514 2306 568; x_wconf 88' lang='lat' dir='ltr'><strong>Et</strong></span> <span class='ocrx_word' id='word_1_28' title='bbox 2331 516 2415 569; x_wconf 83' lang='lat' dir='ltr'><strong>his</strong></span> 
     </span>
    </p>
   </div>
   <div class='ocr_carea' id='block_1_6' title="bbox 834 605 2419 678">
    <p class='ocr_par' dir='ltr' id='par_1_6' title="bbox 834 605 2419 678">
     <span class='ocr_line' id='line_1_6' title="bbox 834 605 2419 678; baseline 0.001 -19"><span class='ocrx_word' id='word_1_29' title='bbox 834 605 1017 673; x_wconf 88' lang='lat' dir='ltr'><strong>dictis,</strong></span> <span class='ocrx_word' id='word_1_30' title='bbox 1048 621 1342 663; x_wconf 88' lang='lat' dir='ltr'><strong>conversus</strong></span> <span class='ocrx_word' id='word_1_31' title='bbox 1366 607 1432 663; x_wconf 88' lang='lat' dir='ltr'><strong>ad</strong></span> <span class='ocrx_word' id='word_1_32' title='bbox 1456 607 1747 674; x_wconf 74' lang='lat' dir='ltr'><strong>orientem,</strong></span> <span class='ocrx_word' id='word_1_33' title='bbox 1778 614 1836 661; x_wconf 91' lang='lat' dir='ltr'><strong>ut</strong></span> <span class='ocrx_word' id='word_1_34' title='bbox 1859 607 2054 678; x_wconf 90' lang='lat' dir='ltr'><strong>potuit,</strong></span> <span class='ocrx_word' id='word_1_35' title='bbox 2084 607 2262 676; x_wconf 89' lang='lat' dir='ltr'><strong>patria</strong></span> <span class='ocrx_word' id='word_1_36' title='bbox 2287 621 2419 661; x_wconf 89' lang='lat' dir='ltr'><strong>voce</strong></span> 
     </span>
    </p>
   </div>
   <div class='ocr_carea' id='block_1_7' title="bbox 834 694 2422 769">
    <p class='ocr_par' dir='ltr' id='par_1_7' title="bbox 834 694 2422 769">
     <span class='ocr_line' id='line_1_7' title="bbox 834 694 2422 769; baseline 0 -17"><span class='ocrx_word' id='word_1_37' title='bbox 834 694 1124 755; x_wconf 89' lang='lat' dir='ltr'><strong>Dominum</strong></span> <span class='ocrx_word' id='word_1_38' title='bbox 1155 697 1248 731; x_wconf 61' lang='lat' dir='ltr'><strong>‘W</strong></span> <span class='ocrx_word' id='word_1_39' title='bbox 1275 698 1544 766; x_wconf 86' lang='lat' dir='ltr'><strong>exoravit,</strong></span> <span class='ocrx_word' id='word_1_40' title='bbox 1595 698 1943 769; x_wconf 85' lang='lat' dir='ltr'><strong>animamque</strong></span> <span class='ocrx_word' id='word_1_41' title='bbox 1970 696 2156 753; x_wconf 90' lang='lat' dir='ltr'><strong>multis</strong></span> <span class='ocrx_word' id='word_1_42' title='bbox 2186 696 2422 752; x_wconf 84' lang='lat' dir='ltr'><strong>miseriis</strong></span> 
     </span>
    </p>
   </div>
   <div class='ocr_carea' id='block_1_8' title="bbox 2524 510 4112 585">
    <p class='ocr_par' dir='ltr' id='par_1_8' title="bbox 2524 510 4112 585">
     <span class='ocr_line' id='line_1_8' title="bbox 2524 510 4112 585; baseline 0.004 -17"><span class='ocrx_word' id='word_1_43' title='bbox 2524 511 2713 569; x_wconf 75' lang='lat' dir='ltr'><strong>effudit</strong></span> <span class='ocrx_word' id='word_1_44' title='bbox 2746 512 2919 583; x_wconf 91' lang='grc'><strong>(511).</strong></span> <span class='ocrx_word' id='word_1_45' title='bbox 2954 511 3003 567; x_wconf 87' lang='lat' dir='ltr'><strong>Is</strong></span> <span class='ocrx_word' id='word_1_46' title='bbox 3037 511 3158 567; x_wconf 84' lang='lat' dir='ltr'><strong>ﬁnis</strong></span> <span class='ocrx_word' id='word_1_47' title='bbox 3188 510 3569 579; x_wconf 84' lang='lat' dir='ltr'><strong>Wicltmanno,</strong></span> <span class='ocrx_word' id='word_1_48' title='bbox 3599 514 3833 585; x_wconf 86' lang='lat' dir='ltr'><strong>talisque</strong></span> <span class='ocrx_word' id='word_1_49' title='bbox 3855 517 4112 574; x_wconf 86' lang='lat' dir='ltr'><strong>omnibus</strong></span> 
     </span>
    </p>
   </div>
   <div class='ocr_carea' id='block_1_9' title="bbox 2526 602 4111 682">
    <p class='ocr_par' dir='ltr' id='par_1_9' title="bbox 2526 602 4111 682">
     <span class='ocr_line' id='line_1_9' title="bbox 2526 602 4111 682; baseline 0.004 -22"><span class='ocrx_word' id='word_1_50' title='bbox 2526 602 2662 669; x_wconf 88' lang='lat' dir='ltr'><strong>fere,</strong></span> <span class='ocrx_word' id='word_1_51' title='bbox 2689 604 2781 674; x_wconf 87' lang='lat' dir='ltr'><strong>qui</strong></span> <span class='ocrx_word' id='word_1_52' title='bbox 2806 612 2997 660; x_wconf 88' lang='lat' dir='ltr'><strong>contra</strong></span> <span class='ocrx_word' id='word_1_53' title='bbox 3020 603 3400 676; x_wconf 86' lang='lat' dir='ltr'><strong>imperatorem</strong></span> <span class='ocrx_word' id='word_1_54' title='bbox 3430 620 3583 662; x_wconf 90' lang='lat' dir='ltr'><strong>arma</strong></span> <span class='ocrx_word' id='word_1_55' title='bbox 3612 617 3962 677; x_wconf 87' lang='lat' dir='ltr'><strong>sumpserunt</strong></span> <span class='ocrx_word' id='word_1_56' title='bbox 3996 607 4111 682; x_wconf 82' lang='lat' dir='ltr'><strong>[pa-</strong></span> 
     </span>
    </p>
   </div>
   <div class='ocr_carea' id='block_1_10' title="bbox 2532 695 3021 770">
    <p class='ocr_par' dir='ltr' id='par_1_10' title="bbox 2532 695 3021 770">
     <span class='ocr_line' id='line_1_10' title="bbox 2532 695 3021 770; baseline 0.002 -19"><span class='ocrx_word' id='word_1_57' title='bbox 2532 704 2670 752; x_wconf 88' lang='lat' dir='ltr'><strong>trem</strong></span> <span class='ocrx_word' id='word_1_58' title='bbox 2700 696 2872 770; x_wconf 91' lang='lat' dir='ltr'><strong>tuum]</strong></span> <span class='ocrx_word' id='word_1_59' title='bbox 2906 695 3021 752; x_wconf 55' lang='lat' dir='ltr'><strong>im.</strong></span> 
     </span>
    </p>
   </div>
   <div class='ocr_carea' id='block_1_11' title="bbox 2028 866 2869 963">
    <p class='ocr_par' dir='ltr' id='par_1_11' title="bbox 2028 866 2869 963">
     <span class='ocr_line' id='line_1_11' title="bbox 2028 866 2869 963; baseline 0.001 -1"><span class='ocrx_word' id='word_1_60' title='bbox 2028 866 2869 963; x_wconf 86' lang='lat' dir='ltr'><strong>CONTINUATIO</strong></span> 
     </span>
    </p>
   </div>
   <div class='ocr_carea' id='block_1_12' title="bbox 899 1070 4110 1146">
    <p class='ocr_par' dir='ltr' id='par_1_12' title="bbox 899 1070 4110 1146">
     <span class='ocr_line' id='line_1_12' title="bbox 899 1070 4110 1146; baseline 0.003 -17"><span class='ocrx_word' id='word_1_61' title='bbox 899 1070 988 1132; x_wconf 89' lang='lat'><strong>70.</strong></span> <span class='ocrx_word' id='word_1_62' title='bbox 1027 1070 1527 1146; x_wconf 78' lang='lat' dir='ltr'><strong>(DCCCCLXVIII.)</strong></span> <span class='ocrx_word' id='word_1_63' title='bbox 1578 1070 1880 1145; x_wconf 81' lang='lat' dir='ltr'><strong>Imperator</strong></span> <span class='ocrx_word' id='word_1_64' title='bbox 1909 1072 2094 1144; x_wconf 85' lang='lat' dir='ltr'><strong>itaque</strong></span> <span class='ocrx_word' id='word_1_65' title='bbox 2111 1112 2126 1139; x_wconf 92' lang='lat'><strong>,</strong></span> <span class='ocrx_word' id='word_1_66' title='bbox 2182 1071 2418 1142; x_wconf 87' lang='lat' dir='ltr'><strong>acceptis</strong></span> <span class='ocrx_word' id='word_1_67' title='bbox 2448 1074 2494 1137; x_wconf 85' lang='grc' dir='ltr'><strong>Β</strong></span> <span class='ocrx_word' id='word_1_68' title='bbox 2521 1088 2651 1130; x_wconf 81' lang='lat' dir='ltr'><strong>vero</strong></span> <span class='ocrx_word' id='word_1_69' title='bbox 2679 1073 2745 1129; x_wconf 90' lang='lat' dir='ltr'><strong>ad</strong></span> <span class='ocrx_word' id='word_1_70' title='bbox 2772 1082 2918 1131; x_wconf 86' lang='lat' dir='ltr'><strong>artes</strong></span> <span class='ocrx_word' id='word_1_71' title='bbox 2937 1082 3193 1146; x_wconf 88' lang='lat' dir='ltr'><strong>paternas</strong></span> <span class='ocrx_word' id='word_1_72' title='bbox 3224 1076 3317 1110; x_wconf 72' lang='grc'><strong>¹⁸³¹</strong></span> <span class='ocrx_word' id='word_1_73' title='bbox 3344 1079 3612 1145; x_wconf 90' lang='lat' dir='ltr'><strong>conversi,</strong></span> <span class='ocrx_word' id='word_1_74' title='bbox 3626 1080 3832 1137; x_wconf 87' lang='lat' dir='ltr'><strong>—&#39;nam</strong></span> <span class='ocrx_word' id='word_1_75' title='bbox 3852 1087 4011 1140; x_wconf 80' lang='lat' dir='ltr'><strong>erant</strong></span> <span class='ocrx_word' id='word_1_76' title='bbox 4034 1082 4110 1141; x_wconf 84' lang='lat' dir='ltr'><strong>ab</strong></span> 
     </span>
    </p>
   </div>
   <div class='ocr_carea' id='block_1_13' title="bbox 829 1163 2411 1238">
    <p class='ocr_par' dir='ltr' id='par_1_13' title="bbox 829 1163 2411 1238">
     <span class='ocr_line' id='line_1_13' title="bbox 829 1163 2411 1238; baseline -0.003 -15"><span class='ocrx_word' id='word_1_77' title='bbox 829 1167 999 1223; x_wconf 85' lang='lat' dir='ltr'><strong>armis</strong></span> <span class='ocrx_word' id='word_1_78' title='bbox 1037 1165 1409 1232; x_wconf 87' lang='lat' dir='ltr'><strong>Wiclnnanni,</strong></span> <span class='ocrx_word' id='word_1_79' title='bbox 1461 1165 1528 1220; x_wconf 95' lang='lat' dir='ltr'><strong>dc</strong></span> <span class='ocrx_word' id='word_1_80' title='bbox 1558 1180 1691 1221; x_wconf 86' lang='lat' dir='ltr'><strong>nece</strong></span> <span class='ocrx_word' id='word_1_81' title='bbox 1716 1166 1832 1237; x_wconf 88' lang='lat' dir='ltr'><strong>ejus</strong></span> <span class='ocrx_word' id='word_1_82' title='bbox 1850 1166 1963 1238; x_wconf 85' lang='lat' dir='ltr'><strong>jam</strong></span> <span class='ocrx_word' id='word_1_83' title='bbox 1994 1174 2177 1222; x_wconf 90' lang='lat' dir='ltr'><strong>certus</strong></span> <span class='ocrx_word' id='word_1_84' title='bbox 2203 1165 2300 1207; x_wconf 72' lang='grc' dir='ltr'><strong>ι⁸²⁸</strong></span> <span class='ocrx_word' id='word_1_85' title='bbox 2329 1163 2411 1219; x_wconf 81' lang='lat' dir='ltr'><strong>fa-</strong></span> 
     </span>
    </p>
   </div>
   <div class='ocr_carea' id='block_1_14' title="bbox 828 1253 2413 1327">
    <p class='ocr_par' dir='ltr' id='par_1_14' title="bbox 828 1253 2413 1327">
     <span class='ocr_line' id='line_1_14' title="bbox 828 1253 2413 1327; baseline -0.002 -15"><span class='ocrx_word' id='word_1_86' title='bbox 828 1266 970 1323; x_wconf 80' lang='lat' dir='ltr'><strong>ctus,</strong></span> <span class='ocrx_word' id='word_1_87' title='bbox 1002 1254 1223 1326; x_wconf 86' lang='lat' dir='ltr'><strong>scripsit</strong></span> <span class='ocrx_word' id='word_1_88' title='bbox 1245 1253 1530 1325; x_wconf 79' lang='lat' dir='ltr'><strong>epistolam</strong></span> <span class='ocrx_word' id='word_1_89' title='bbox 1560 1255 1627 1310; x_wconf 88' lang='lat' dir='ltr'><strong>ad</strong></span> <span class='ocrx_word' id='word_1_90' title='bbox 1654 1255 1820 1312; x_wconf 90' lang='lat' dir='ltr'><strong>duces</strong></span> <span class='ocrx_word' id='word_1_91' title='bbox 1848 1264 1902 1311; x_wconf 85' lang='lat' dir='ltr'><strong>et</strong></span> <span class='ocrx_word' id='word_1_92' title='bbox 1930 1256 2215 1327; x_wconf 57' lang='lat' dir='ltr'><strong>praefectos</strong></span> <span class='ocrx_word' id='word_1_93' title='bbox 2242 1254 2413 1310; x_wconf 81' lang='lat' dir='ltr'><strong>Saxo-</strong></span> 
     </span>
    </p>
   </div>
   <div class='ocr_carea' id='block_1_15' title="bbox 826 1343 2413 1416">
    <p class='ocr_par' dir='ltr' id='par_1_15' title="bbox 826 1343 2413 1416">
     <span class='ocr_line' id='line_1_15' title="bbox 826 1343 2413 1416; baseline -0.002 -14"><span class='ocrx_word' id='word_1_94' title='bbox 826 1346 934 1402; x_wconf 80' lang='lat' dir='ltr'><strong>nia:</strong></span> <span class='ocrx_word' id='word_1_95' title='bbox 978 1345 1031 1399; x_wconf 89' lang='lat' dir='ltr'><strong>in</strong></span> <span class='ocrx_word' id='word_1_96' title='bbox 1083 1344 1230 1399; x_wconf 87' lang='lat' dir='ltr'><strong>hunc</strong></span> <span class='ocrx_word' id='word_1_97' title='bbox 1275 1344 1491 1400; x_wconf 90' lang='lat' dir='ltr'><strong>modum</strong></span> <span class='ocrx_word' id='word_1_98' title='bbox 1523 1363 1536 1400; x_wconf 91' lang='lat'><strong>:</strong></span> <span class='ocrx_word' id='word_1_99' title='bbox 1573 1343 1725 1399; x_wconf 90' lang='lat' dir='ltr'><strong>Oddo</strong></span> <span class='ocrx_word' id='word_1_100' title='bbox 1759 1345 1933 1400; x_wconf 87' lang='lat' dir='ltr'><strong>divino</strong></span> <span class='ocrx_word' id='word_1_101' title='bbox 1973 1356 2102 1400; x_wconf 89' lang='lat' dir='ltr'><strong>nutu</strong></span> <span class='ocrx_word' id='word_1_102' title='bbox 2128 1348 2413 1416; x_wconf 85' lang='lat' dir='ltr'><strong>imperator</strong></span> 
     </span>
    </p>
   </div>
   <div class='ocr_carea' id='block_1_16' title="bbox 826 1433 2410 1507">
    <p class='ocr_par' dir='ltr' id='par_1_16' title="bbox 826 1433 2410 1507">
     <span class='ocr_line' id='line_1_16' title="bbox 826 1433 2410 1507; baseline -0.001 -15"><span class='ocrx_word' id='word_1_103' title='bbox 826 1445 1108 1507; x_wconf 84' lang='lat' dir='ltr'><strong>angustus,</strong></span> <span class='ocrx_word' id='word_1_104' title='bbox 1161 1433 1487 1491; x_wconf 87' lang='lat' dir='ltr'><strong>Herimanno</strong></span> <span class='ocrx_word' id='word_1_105' title='bbox 1536 1445 1583 1490; x_wconf 90' lang='lat' dir='ltr'><strong>et</strong></span> <span class='ocrx_word' id='word_1_106' title='bbox 1625 1435 1907 1490; x_wconf 82' lang='lat' dir='ltr'><strong>TItiadrico</strong></span> <span class='ocrx_word' id='word_1_107' title='bbox 1941 1437 2033 1471; x_wconf 70' lang='lat'><strong>“‘7</strong></span> <span class='ocrx_word' id='word_1_108' title='bbox 2064 1438 2281 1491; x_wconf 85' lang='lat' dir='ltr'><strong>ducibus</strong></span> <span class='ocrx_word' id='word_1_109' title='bbox 2317 1437 2410 1471; x_wconf 79' lang='grc'><strong>¹⁴⁵³³</strong></span> 
     </span>
    </p>
   </div>
   <div class='ocr_carea' id='block_1_17' title="bbox 818 1525 2410 1598">
    <p class='ocr_par' dir='ltr' id='par_1_17' title="bbox 818 1525 2410 1598">
     <span class='ocr_line' id='line_1_17' title="bbox 818 1525 2410 1598; baseline 0.001 -18"><span class='ocrx_word' id='word_1_110' title='bbox 818 1526 1122 1597; x_wconf 78' lang='lat' dir='ltr'><strong>cwtcrisque</strong></span> <span class='ocrx_word' id='word_1_111' title='bbox 1162 1525 1254 1557; x_wconf 70' lang='grc' dir='ltr'><strong>⁸⁵η</strong></span> <span class='ocrx_word' id='word_1_112' title='bbox 1284 1525 1506 1597; x_wconf 76' lang='lat' dir='ltr'><strong>publica:</strong></span> <span class='ocrx_word' id='word_1_113' title='bbox 1538 1527 1611 1581; x_wconf 91' lang='lat' dir='ltr'><strong>rei</strong></span> <span class='ocrx_word' id='word_1_114' title='bbox 1644 1525 1734 1559; x_wconf 75' lang='lat'><strong>“&#39;°</strong></span> <span class='ocrx_word' id='word_1_115' title='bbox 1768 1538 1961 1583; x_wconf 78' lang='lat' dir='ltr'><strong>nostra:</strong></span> <span class='ocrx_word' id='word_1_116' title='bbox 1989 1528 2251 1598; x_wconf 78' lang='lat' dir='ltr'><strong>prtefectis</strong></span> <span class='ocrx_word' id='word_1_117' title='bbox 2298 1545 2410 1582; x_wconf 88' lang='lat' dir='ltr'><strong>om-</strong></span> 
     </span>
    </p>
   </div>
   <div class='ocr_carea' id='block_1_18' title="bbox 823 1616 2409 1690">
    <p class='ocr_par' dir='ltr' id='par_1_18' title="bbox 823 1616 2409 1690">
     <span class='ocr_line' id='line_1_18' title="bbox 823 1616 2409 1690; baseline 0.002 -19"><span class='ocrx_word' id='word_1_118' title='bbox 823 1616 915 1671; x_wconf 86' lang='lat' dir='ltr'><strong>nia</strong></span> <span class='ocrx_word' id='word_1_119' title='bbox 956 1616 1228 1670; x_wconf 78' lang='lat' dir='ltr'><strong>amabilia.</strong></span> <span class='ocrx_word' id='word_1_120' title='bbox 1268 1616 1374 1671; x_wconf 91' lang='lat' dir='ltr'><strong>Deo</strong></span> <span class='ocrx_word' id='word_1_121' title='bbox 1406 1616 1626 1682; x_wconf 86' lang='lat' dir='ltr'><strong>volente,</strong></span> <span class='ocrx_word' id='word_1_122' title='bbox 1666 1618 1814 1672; x_wconf 86' lang='lat' dir='ltr'><strong>salus</strong></span> <span class='ocrx_word' id='word_1_123' title='bbox 1845 1621 2122 1689; x_wconf 88' lang='lat' dir='ltr'><strong>onmiaque</strong></span> <span class='ocrx_word' id='word_1_124' title='bbox 2160 1637 2409 1690; x_wconf 86' lang='lat' dir='ltr'><strong>prospera</strong></span> 
     </span>
    </p>
   </div>
   <div class='ocr_carea' id='block_1_19' title="bbox 818 1709 2409 1783">
    <p class='ocr_par' dir='ltr' id='par_1_19' title="bbox 818 1709 2409 1783">
     <span class='ocr_line' id='line_1_19' title="bbox 818 1709 2409 1783; baseline 0.004 -22"><span class='ocrx_word' id='word_1_125' title='bbox 818 1709 978 1781; x_wconf 82' lang='lat' dir='ltr'><strong>plane</strong></span> <span class='ocrx_word' id='word_1_126' title='bbox 1003 1709 1311 1765; x_wconf 87' lang='lat' dir='ltr'><strong>succedunt.</strong></span> <span class='ocrx_word' id='word_1_127' title='bbox 1344 1709 1605 1765; x_wconf 64' lang='lat' dir='ltr'><strong>Caeterum</strong></span> <span class='ocrx_word' id='word_1_128' title='bbox 1637 1712 1807 1766; x_wconf 82' lang='lat' dir='ltr'><strong>nuntii</strong></span> <span class='ocrx_word' id='word_1_129' title='bbox 1839 1710 2409 1783; x_wconf 81' lang='lat' dir='ltr'><strong>ConstantinOpolitani</strong></span> 
     </span>
    </p>
   </div>
   <div class='ocr_carea' id='block_1_20' title="bbox 817 1800 2408 1873">
    <p class='ocr_par' dir='ltr' id='par_1_20' title="bbox 817 1800 2408 1873">
     <span class='ocr_line' id='line_1_20' title="bbox 817 1800 2408 1873; baseline 0.001 -19"><span class='ocrx_word' id='word_1_130' title='bbox 817 1800 977 1873; x_wconf 84' lang='lat' dir='ltr'><strong>regis,</strong></span> <span class='ocrx_word' id='word_1_131' title='bbox 1002 1801 1260 1871; x_wconf 84' lang='lat' dir='ltr'><strong>dignitate</strong></span> <span class='ocrx_word' id='word_1_132' title='bbox 1281 1802 1415 1856; x_wconf 89' lang='lat' dir='ltr'><strong>satis</strong></span> <span class='ocrx_word' id='word_1_133' title='bbox 1455 1800 1707 1872; x_wconf 75' lang='lat' dir='ltr'><strong>insignes,</strong></span> <span class='ocrx_word' id='word_1_134' title='bbox 1742 1818 1835 1856; x_wconf 88' lang='lat' dir='ltr'><strong>nos</strong></span> <span class='ocrx_word' id='word_1_135' title='bbox 1865 1802 2084 1867; x_wconf 84' lang='lat' dir='ltr'><strong>adeunt,</strong></span> <span class='ocrx_word' id='word_1_136' title='bbox 2110 1819 2310 1872; x_wconf 88' lang='lat' dir='ltr'><strong>pacem,</strong></span> <span class='ocrx_word' id='word_1_137' title='bbox 2352 1810 2408 1855; x_wconf 89' lang='lat' dir='ltr'><strong>ut</strong></span> 
     </span>
    </p>
   </div>
   <div class='ocr_carea' id='block_1_21' title="bbox 816 1891 2406 1963">
    <p class='ocr_par' dir='ltr' id='par_1_21' title="bbox 816 1891 2406 1963">
     <span class='ocr_line' id='line_1_21' title="bbox 816 1891 2406 1963; baseline 0.001 -17"><span class='ocrx_word' id='word_1_138' title='bbox 816 1891 1193 1958; x_wconf 72' lang='lat' dir='ltr'><strong>intelleximus,</strong></span> <span class='ocrx_word' id='word_1_139' title='bbox 1246 1891 1533 1946; x_wconf 87' lang='lat' dir='ltr'><strong>admodum</strong></span> <span class='ocrx_word' id='word_1_140' title='bbox 1594 1904 1905 1962; x_wconf 74' lang='lat' dir='ltr'><strong>quazrentes.</strong></span> <span class='ocrx_word' id='word_1_141' title='bbox 1979 1892 2198 1963; x_wconf 80' lang='lat' dir='ltr'><strong>Quoquo</strong></span> <span class='ocrx_word' id='word_1_142' title='bbox 2254 1894 2406 1947; x_wconf 90' lang='lat' dir='ltr'><strong>modo</strong></span> 
     </span>
    </p>
   </div>
   <div class='ocr_carea' id='block_1_22' title="bbox 815 1986 2405 2057">
    <p class='ocr_par' dir='ltr' id='par_1_22' title="bbox 815 1986 2405 2057">
     <span class='ocr_line' id='line_1_22' title="bbox 815 1986 2405 2057; baseline 0.003 -18"><span class='ocrx_word' id='word_1_143' title='bbox 815 1995 994 2041; x_wconf 87' lang='lat' dir='ltr'><strong>tamen</strong></span> <span class='ocrx_word' id='word_1_144' title='bbox 1026 2002 1107 2041; x_wconf 86' lang='lat' dir='ltr'><strong>res</strong></span> <span class='ocrx_word' id='word_1_145' title='bbox 1134 1996 1345 2057; x_wconf 83' lang='lat' dir='ltr'><strong>agatur,</strong></span> <span class='ocrx_word' id='word_1_146' title='bbox 1381 1986 1533 2052; x_wconf 88' lang='lat' dir='ltr'><strong>bello,</strong></span> <span class='ocrx_word' id='word_1_147' title='bbox 1569 1986 1675 2041; x_wconf 90' lang='lat' dir='ltr'><strong>Deo</strong></span> <span class='ocrx_word' id='word_1_148' title='bbox 1713 1987 1935 2054; x_wconf 86' lang='lat' dir='ltr'><strong>volente,</strong></span> <span class='ocrx_word' id='word_1_149' title='bbox 1964 1988 2108 2041; x_wconf 90' lang='lat' dir='ltr'><strong>nullo</strong></span> <span class='ocrx_word' id='word_1_150' title='bbox 2132 1989 2284 2043; x_wconf 90' lang='lat' dir='ltr'><strong>modo</strong></span> <span class='ocrx_word' id='word_1_151' title='bbox 2312 2006 2405 2043; x_wconf 89' lang='lat' dir='ltr'><strong>nos</strong></span> 
     </span>
    </p>
   </div>
   <div class='ocr_carea' id='block_1_23' title="bbox 814 2078 2405 2151">
    <p class='ocr_par' dir='ltr' id='par_1_23' title="bbox 814 2078 2405 2151">
     <span class='ocr_line' id='line_1_23' title="bbox 814 2078 2405 2151; baseline 0.002 -20"><span class='ocrx_word' id='word_1_152' title='bbox 814 2085 1070 2148; x_wconf 86' lang='lat' dir='ltr'><strong>temptare</strong></span> <span class='ocrx_word' id='word_1_153' title='bbox 1110 2078 1395 2132; x_wconf 89' lang='lat' dir='ltr'><strong>audebunt.</strong></span> <span class='ocrx_word' id='word_1_154' title='bbox 1444 2078 1692 2148; x_wconf 76' lang='lat' dir='ltr'><strong>Apuliam</strong></span> <span class='ocrx_word' id='word_1_155' title='bbox 1734 2079 1826 2119; x_wconf 66' lang='grc' dir='ltr'>¹ι²¹</span> <span class='ocrx_word' id='word_1_156' title='bbox 1856 2089 1903 2133; x_wconf 89' lang='lat' dir='ltr'><strong>et</strong></span> <span class='ocrx_word' id='word_1_157' title='bbox 1933 2078 2233 2133; x_wconf 82' lang='lat' dir='ltr'><strong>Calabriam</strong></span> <span class='ocrx_word' id='word_1_158' title='bbox 2283 2098 2405 2151; x_wconf 88' lang='lat' dir='ltr'><strong>pro—</strong></span> 
     </span>
    </p>
   </div>
   <div class='ocr_carea' id='block_1_24' title="bbox 823 2166 2401 2239">
    <p class='ocr_par' dir='ltr' id='par_1_24' title="bbox 823 2166 2401 2239">
     <span class='ocr_line' id='line_1_24' title="bbox 823 2166 2401 2239; baseline 0.003 -19"><span class='ocrx_word' id='word_1_159' title='bbox 823 2166 1050 2233; x_wconf 79' lang='lat' dir='ltr'><strong>vincias,</strong></span> <span class='ocrx_word' id='word_1_160' title='bbox 1094 2184 1226 2239; x_wconf 85' lang='lat' dir='ltr'><strong>quas</strong></span> <span class='ocrx_word' id='word_1_161' title='bbox 1275 2168 1526 2223; x_wconf 76' lang='lat' dir='ltr'><strong>hactenus</strong></span> <span class='ocrx_word' id='word_1_162' title='bbox 1583 2178 1810 2235; x_wconf 87' lang='lat' dir='ltr'><strong>tenuere,</strong></span> <span class='ocrx_word' id='word_1_163' title='bbox 1864 2170 1965 2224; x_wconf 90' lang='lat' dir='ltr'><strong>nisi</strong></span> <span class='ocrx_word' id='word_1_164' title='bbox 2014 2172 2401 2239; x_wconf 86' lang='lat' dir='ltr'><strong>conveniamus,</strong></span> 
     </span>
    </p>
   </div>
   <div class='ocr_carea' id='block_1_25' title="bbox 813 2256 2399 2330">
    <p class='ocr_par' dir='ltr' id='par_1_25' title="bbox 813 2256 2399 2330">
     <span class='ocr_line' id='line_1_25' title="bbox 813 2256 2399 2330; baseline 0.002 -19"><span class='ocrx_word' id='word_1_165' title='bbox 813 2256 1035 2313; x_wconf 75' lang='lat' dir='ltr'><strong>dabunt.</strong></span> <span class='ocrx_word' id='word_1_166' title='bbox 1070 2257 1129 2313; x_wconf 85' lang='lat' dir='ltr'><strong>Si</strong></span> <span class='ocrx_word' id='word_1_167' title='bbox 1158 2274 1278 2313; x_wconf 85' lang='lat' dir='ltr'><strong>vero</strong></span> <span class='ocrx_word' id='word_1_168' title='bbox 1306 2258 1563 2313; x_wconf 84' lang='lat' dir='ltr'><strong>voluntati</strong></span> <span class='ocrx_word' id='word_1_169' title='bbox 1608 2268 1801 2314; x_wconf 73' lang='lat' dir='ltr'><strong>nostra:</strong></span> <span class='ocrx_word' id='word_1_170' title='bbox 1840 2261 2135 2330; x_wconf 88' lang='lat' dir='ltr'><strong>paruerint,</strong></span> <span class='ocrx_word' id='word_1_171' title='bbox 2166 2271 2221 2314; x_wconf 89' lang='lat' dir='ltr'><strong>ut</strong></span> <span class='ocrx_word' id='word_1_172' title='bbox 2256 2277 2399 2330; x_wconf 75' lang='lat' dir='ltr'><strong>prm-</strong></span> 
     </span>
    </p>
   </div>
   <div class='ocr_carea' id='block_1_26' title="bbox 810 2349 2397 2422">
    <p class='ocr_par' dir='ltr' id='par_1_26' title="bbox 810 2349 2397 2422">
     <span class='ocr_line' id='line_1_26' title="bbox 810 2349 2397 2422; baseline -0.001 -16"><span class='ocrx_word' id='word_1_173' title='bbox 810 2350 946 2406; x_wconf 89' lang='lat' dir='ltr'><strong>senti</strong></span> <span class='ocrx_word' id='word_1_174' title='bbox 971 2360 1154 2407; x_wconf 76' lang='lat' dir='ltr'><strong>testate</strong></span> <span class='ocrx_word' id='word_1_175' title='bbox 1183 2350 1458 2422; x_wconf 88' lang='lat' dir='ltr'><strong>conjugem</strong></span> <span class='ocrx_word' id='word_1_176' title='bbox 1493 2366 1611 2405; x_wconf 89' lang='lat' dir='ltr'><strong>cum</strong></span> <span class='ocrx_word' id='word_1_177' title='bbox 1637 2351 1897 2422; x_wconf 80' lang='lat' dir='ltr'><strong>wquivoco</strong></span> <span class='ocrx_word' id='word_1_178' title='bbox 1927 2362 2101 2405; x_wconf 86' lang='lat' dir='ltr'><strong>nostro</strong></span> <span class='ocrx_word' id='word_1_179' title='bbox 2128 2352 2183 2405; x_wconf 91' lang='lat' dir='ltr'><strong>in</strong></span> <span class='ocrx_word' id='word_1_180' title='bbox 2217 2349 2397 2405; x_wconf 88' lang='lat' dir='ltr'><strong>Fran-</strong></span> 
     </span>
    </p>
   </div>
   <div class='ocr_carea' id='block_1_27' title="bbox 2516 1166 4109 1244">
    <p class='ocr_par' dir='ltr' id='par_1_27' title="bbox 2516 1166 4109 1244">
     <span class='ocr_line' id='line_1_27' title="bbox 2516 1166 4109 1244; baseline 0.007 -22"><span class='ocrx_word' id='word_1_181' title='bbox 2516 1167 2737 1224; x_wconf 86' lang='lat' dir='ltr'><strong>exordio</strong></span> <span class='ocrx_word' id='word_1_182' title='bbox 2767 1166 2881 1223; x_wconf 88' lang='lat' dir='ltr'><strong>fere</strong></span> <span class='ocrx_word' id='word_1_183' title='bbox 2904 1168 3089 1224; x_wconf 90' lang='lat' dir='ltr'><strong>mundi</strong></span> <span class='ocrx_word' id='word_1_184' title='bbox 3115 1170 3469 1241; x_wconf 88' lang='lat' dir='ltr'><strong>plurimarum</strong></span> <span class='ocrx_word' id='word_1_185' title='bbox 3495 1172 3735 1243; x_wconf 91' lang='lat' dir='ltr'><strong>gentium</strong></span> <span class='ocrx_word' id='word_1_186' title='bbox 3771 1174 4013 1244; x_wconf 91' lang='lat' dir='ltr'><strong>domini,</strong></span> <span class='ocrx_word' id='word_1_187' title='bbox 4043 1183 4109 1233; x_wconf 76' lang='lat' dir='ltr'><strong>et</strong></span> 
     </span>
    </p>
   </div>
   <div class='ocr_carea' id='block_1_28' title="bbox 2515 1261 4107 1336">
    <p class='ocr_par' dir='ltr' id='par_1_28' title="bbox 2515 1261 4107 1336">
     <span class='ocr_line' id='line_1_28' title="bbox 2515 1261 4107 1336; baseline 0.004 -21"><span class='ocrx_word' id='word_1_188' title='bbox 2515 1276 2651 1332; x_wconf 91' lang='lat' dir='ltr'><strong>quos</strong></span> <span class='ocrx_word' id='word_1_189' title='bbox 2696 1261 2895 1316; x_wconf 87' lang='lat' dir='ltr'><strong>virtute</strong></span> <span class='ocrx_word' id='word_1_190' title='bbox 2925 1262 3255 1331; x_wconf 87' lang='lat' dir='ltr'><strong>nequibant,</strong></span> <span class='ocrx_word' id='word_1_191' title='bbox 3289 1263 3495 1319; x_wconf 87' lang='lat' dir='ltr'><strong>artibus</strong></span> <span class='ocrx_word' id='word_1_192' title='bbox 3530 1263 3622 1297; x_wconf 61' lang='grc' dir='ltr'><strong>’θ’</strong></span> <span class='ocrx_word' id='word_1_193' title='bbox 3649 1265 4001 1336; x_wconf 83' lang='lat' dir='ltr'><strong>superabant,</strong></span> <span class='ocrx_word' id='word_1_194' title='bbox 4030 1296 4107 1309; x_wconf 88' lang='lat'><strong>—-</strong></span> 
     </span>
    </p>
   </div>
   <div class='ocr_carea' id='block_1_29' title="bbox 2516 1350 4100 1427">
    <p class='ocr_par' dir='ltr' id='par_1_29' title="bbox 2516 1350 4100 1427">
     <span class='ocr_line' id='line_1_29' title="bbox 2516 1350 4100 1427; baseline 0.003 -20"><span class='ocrx_word' id='word_1_195' title='bbox 2516 1352 2695 1408; x_wconf 90' lang='lat' dir='ltr'><strong>subito</strong></span> <span class='ocrx_word' id='word_1_196' title='bbox 2724 1366 2888 1421; x_wconf 82' lang='lat' dir='ltr'><strong>super</strong></span> <span class='ocrx_word' id='word_1_197' title='bbox 2918 1350 3016 1384; x_wconf 70' lang='grc'><strong>⁸⁵³⁵</strong></span> <span class='ocrx_word' id='word_1_198' title='bbox 3044 1353 3368 1423; x_wconf 89' lang='lat' dir='ltr'><strong>improvisos</strong></span> <span class='ocrx_word' id='word_1_199' title='bbox 3396 1362 3451 1409; x_wconf 91' lang='lat' dir='ltr'><strong>et</strong></span> <span class='ocrx_word' id='word_1_200' title='bbox 3481 1354 3649 1410; x_wconf 87' lang='lat' dir='ltr'><strong>nichil</strong></span> <span class='ocrx_word' id='word_1_201' title='bbox 3678 1354 3889 1411; x_wconf 86' lang='lat' dir='ltr'><strong>adversi</strong></span> <span class='ocrx_word' id='word_1_202' title='bbox 3918 1355 4100 1427; x_wconf 80' lang='lat' dir='ltr'><strong>suspi-</strong></span> 
     </span>
    </p>
   </div>
   <div class='ocr_carea' id='block_1_30' title="bbox 2513 1442 4102 1515">
    <p class='ocr_par' dir='ltr' id='par_1_30' title="bbox 2513 1442 4102 1515">
     <span class='ocr_line' id='line_1_30' title="bbox 2513 1442 4102 1515; baseline 0.003 -18"><span class='ocrx_word' id='word_1_203' title='bbox 2513 1450 2705 1498; x_wconf 87' lang='lat' dir='ltr'><strong>cantes</strong></span> <span class='ocrx_word' id='word_1_204' title='bbox 2743 1442 2957 1497; x_wconf 87' lang='lat' dir='ltr'><strong>irruunt</strong></span> <span class='ocrx_word' id='word_1_205' title='bbox 2985 1483 2999 1509; x_wconf 97' lang='lat'><strong>,</strong></span> <span class='ocrx_word' id='word_1_206' title='bbox 3031 1453 3211 1499; x_wconf 89' lang='lat' dir='ltr'><strong>castra</strong></span> <span class='ocrx_word' id='word_1_207' title='bbox 3241 1445 3500 1514; x_wconf 91' lang='lat' dir='ltr'><strong>diripiunt</strong></span> <span class='ocrx_word' id='word_1_208' title='bbox 3529 1485 3543 1511; x_wconf 91' lang='lat'><strong>,</strong></span> <span class='ocrx_word' id='word_1_209' title='bbox 3592 1445 3775 1515; x_wconf 88' lang='lat' dir='ltr'><strong>plures</strong></span> <span class='ocrx_word' id='word_1_210' title='bbox 3803 1447 4059 1502; x_wconf 90' lang='lat' dir='ltr'><strong>occidunt</strong></span> <span class='ocrx_word' id='word_1_211' title='bbox 4083 1486 4102 1513; x_wconf 93' lang='lat'><strong>,</strong></span> 
     </span>
    </p>
   </div>
   <div class='ocr_carea' id='block_1_31' title="bbox 2512 1531 4096 1607">
    <p class='ocr_par' dir='ltr' id='par_1_31' title="bbox 2512 1531 4096 1607">
     <span class='ocr_line' id='line_1_31' title="bbox 2512 1531 4096 1607; baseline 0.003 -22"><span class='ocrx_word' id='word_1_212' title='bbox 2512 1531 2695 1602; x_wconf 90' lang='lat' dir='ltr'><strong>plures</strong></span> <span class='ocrx_word' id='word_1_213' title='bbox 2722 1534 2962 1602; x_wconf 85' lang='lat' dir='ltr'><strong>capiunt,</strong></span> <span class='ocrx_word' id='word_1_214' title='bbox 2990 1548 3129 1603; x_wconf 86' lang='lat' dir='ltr'><strong>quos</strong></span> <span class='ocrx_word' id='word_1_215' title='bbox 3157 1535 3746 1606; x_wconf 83' lang='lat' dir='ltr'><strong>etConstantinopolim</strong></span> <span class='ocrx_word' id='word_1_216' title='bbox 3776 1535 4096 1607; x_wconf 80' lang='lat' dir='ltr'><strong>imperatori</strong></span> 
     </span>
    </p>
   </div>
   <div class='ocr_carea' id='block_1_32' title="bbox 2511 1622 4093 1695">
    <p class='ocr_par' dir='ltr' id='par_1_32' title="bbox 2511 1622 4093 1695">
     <span class='ocr_line' id='line_1_32' title="bbox 2511 1622 4093 1695; baseline 0.002 -17"><span class='ocrx_word' id='word_1_217' title='bbox 2511 1637 2609 1678; x_wconf 90' lang='lat' dir='ltr'><strong>suo</strong></span> <span class='ocrx_word' id='word_1_218' title='bbox 2637 1622 2731 1663; x_wconf 62' lang='grc'>³⁸³⁸</span> <span class='ocrx_word' id='word_1_219' title='bbox 2763 1632 3109 1692; x_wconf 78' lang='lat' dir='ltr'><strong>preesentant.</strong></span> <span class='ocrx_word' id='word_1_220' title='bbox 3147 1622 3249 1691; x_wconf 86' lang='lat' dir='ltr'><strong>Qui</strong></span> <span class='ocrx_word' id='word_1_221' title='bbox 3279 1639 3406 1679; x_wconf 88' lang='lat' dir='ltr'><strong>vero</strong></span> <span class='ocrx_word' id='word_1_222' title='bbox 3428 1624 3663 1695; x_wconf 74' lang='lat' dir='ltr'><strong>effugere</strong></span> <span class='ocrx_word' id='word_1_223' title='bbox 3693 1634 3964 1695; x_wconf 78' lang='lat' dir='ltr'><strong>poterant,</strong></span> <span class='ocrx_word' id='word_1_224' title='bbox 3999 1640 4093 1681; x_wconf 85' lang='lat' dir='ltr'><strong>re-</strong></span> 
     </span>
    </p>
   </div>
   <div class='ocr_carea' id='block_1_33' title="bbox 2510 1713 4092 1784">
    <p class='ocr_par' dir='ltr' id='par_1_33' title="bbox 2510 1713 4092 1784">
     <span class='ocr_line' id='line_1_33' title="bbox 2510 1713 4092 1784; baseline 0.003 -17"><span class='ocrx_word' id='word_1_225' title='bbox 2510 1713 2655 1769; x_wconf 82' lang='lat' dir='ltr'><strong>versi</strong></span> <span class='ocrx_word' id='word_1_226' title='bbox 2686 1714 2751 1768; x_wconf 91' lang='lat' dir='ltr'><strong>ad</strong></span> <span class='ocrx_word' id='word_1_227' title='bbox 2783 1715 3189 1783; x_wconf 86' lang='lat' dir='ltr'><strong>imperatorem,</strong></span> <span class='ocrx_word' id='word_1_228' title='bbox 3217 1730 3335 1784; x_wconf 85' lang='lat' dir='ltr'><strong>quae</strong></span> <span class='ocrx_word' id='word_1_229' title='bbox 3364 1725 3483 1770; x_wconf 86' lang='lat' dir='ltr'><strong>acta</strong></span> <span class='ocrx_word' id='word_1_230' title='bbox 3513 1728 3640 1771; x_wconf 86' lang='lat' dir='ltr'><strong>sunt</strong></span> <span class='ocrx_word' id='word_1_231' title='bbox 3688 1716 3939 1771; x_wconf 77' lang='lat' dir='ltr'><strong>nantiant</strong></span> <span class='ocrx_word' id='word_1_232' title='bbox 3970 1715 4092 1771; x_wconf 70' lang='grc'>1⁸³⁸.</span> 
     </span>
    </p>
   </div>
   <div class='ocr_carea' id='block_1_34' title="bbox 2582 1804 4101 1875">
    <p class='ocr_par' dir='ltr' id='par_1_34' title="bbox 2582 1804 4101 1875">
     <span class='ocr_line' id='line_1_34' title="bbox 2582 1804 4101 1875; baseline 0.004 -17"><span class='ocrx_word' id='word_1_233' title='bbox 2582 1804 2668 1858; x_wconf 84' lang='lat'><strong>72.</strong></span> <span class='ocrx_word' id='word_1_234' title='bbox 2697 1805 2768 1859; x_wconf 84' lang='lat' dir='ltr'><strong>At</strong></span> <span class='ocrx_word' id='word_1_235' title='bbox 2812 1805 2901 1861; x_wconf 91' lang='lat' dir='ltr'><strong>ille</strong></span> <span class='ocrx_word' id='word_1_236' title='bbox 2936 1821 3100 1875; x_wconf 90' lang='lat' dir='ltr'><strong>super</strong></span> <span class='ocrx_word' id='word_1_237' title='bbox 3133 1807 3218 1861; x_wconf 84' lang='lat' dir='ltr'><strong>his</strong></span> <span class='ocrx_word' id='word_1_238' title='bbox 3244 1818 3547 1862; x_wconf 87' lang='lat' dir='ltr'><strong>commotus</strong></span> <span class='ocrx_word' id='word_1_239' title='bbox 3574 1849 3587 1873; x_wconf 95' lang='lat'><strong>,</strong></span> <span class='ocrx_word' id='word_1_240' title='bbox 3620 1808 3686 1862; x_wconf 89' lang='lat' dir='ltr'><strong>ad</strong></span> <span class='ocrx_word' id='word_1_241' title='bbox 3731 1808 3833 1863; x_wconf 85' lang='lat' dir='ltr'><strong>hoc</strong></span> <span class='ocrx_word' id='word_1_242' title='bbox 3864 1808 4101 1865; x_wconf 88' lang='lat' dir='ltr'><strong>dedecus</strong></span> 
     </span>
    </p>
   </div>
   <div class='ocr_carea' id='block_1_35' title="bbox 2512 1895 4097 1967">
    <p class='ocr_par' dir='ltr' id='par_1_35' title="bbox 2512 1895 4097 1967">
     <span class='ocr_line' id='line_1_35' title="bbox 2512 1895 4097 1967; baseline 0.003 -17"><span class='ocrx_word' id='word_1_243' title='bbox 2512 1895 2832 1951; x_wconf 89' lang='lat' dir='ltr'><strong>diluendum</strong></span> <span class='ocrx_word' id='word_1_244' title='bbox 2870 1912 2991 1951; x_wconf 92' lang='lat' dir='ltr'><strong>cum</strong></span> <span class='ocrx_word' id='word_1_245' title='bbox 3041 1898 3191 1967; x_wconf 89' lang='lat' dir='ltr'><strong>gravi</strong></span> <span class='ocrx_word' id='word_1_246' title='bbox 3221 1913 3383 1952; x_wconf 90' lang='lat' dir='ltr'><strong>manu</strong></span> <span class='ocrx_word' id='word_1_247' title='bbox 3408 1899 3554 1954; x_wconf 89' lang='lat' dir='ltr'><strong>viros</strong></span> <span class='ocrx_word' id='word_1_248' title='bbox 3597 1898 3898 1953; x_wconf 82' lang='lat' dir='ltr'><strong>eminentes</strong></span> <span class='ocrx_word' id='word_1_249' title='bbox 3930 1937 3945 1963; x_wconf 90' lang='lat'><strong>,</strong></span> <span class='ocrx_word' id='word_1_250' title='bbox 3997 1898 4097 1954; x_wconf 90' lang='lat' dir='ltr'><strong>do-</strong></span> 
     </span>
    </p>
   </div>
   <div class='ocr_carea' id='block_1_36' title="bbox 2508 1986 4093 2057">
    <p class='ocr_par' dir='ltr' id='par_1_36' title="bbox 2508 1986 4093 2057">
     <span class='ocr_line' id='line_1_36' title="bbox 2508 1986 4093 2057; baseline 0.003 -17"><span class='ocrx_word' id='word_1_251' title='bbox 2508 1986 2747 2041; x_wconf 90' lang='lat' dir='ltr'><strong>mesticis</strong></span> <span class='ocrx_word' id='word_1_252' title='bbox 2793 1995 2848 2041; x_wconf 90' lang='lat' dir='ltr'><strong>et</strong></span> <span class='ocrx_word' id='word_1_253' title='bbox 2880 1987 3119 2041; x_wconf 72' lang='lat' dir='ltr'><strong>externis</strong></span> <span class='ocrx_word' id='word_1_254' title='bbox 3149 1986 3440 2055; x_wconf 89' lang='lat' dir='ltr'><strong>rebusjam</strong></span> <span class='ocrx_word' id='word_1_255' title='bbox 3486 2003 3627 2057; x_wconf 76' lang='lat' dir='ltr'><strong>saepe</strong></span> <span class='ocrx_word' id='word_1_256' title='bbox 3675 1987 3854 2043; x_wconf 88' lang='lat' dir='ltr'><strong>claros</strong></span> <span class='ocrx_word' id='word_1_257' title='bbox 3881 1987 4093 2057; x_wconf 84' lang='lat' dir='ltr'><strong>factos,</strong></span> 
     </span>
    </p>
   </div>
   <div class='ocr_carea' id='block_1_37' title="bbox 2508 2073 4095 2135">
    <p class='ocr_par' dir='ltr' id='par_1_37' title="bbox 2508 2073 4095 2135">
     <span class='ocr_line' id='line_1_37' title="bbox 2508 2073 4095 2135; baseline 0.004 -6"><span class='ocrx_word' id='word_1_258' title='bbox 2508 2073 2875 2130; x_wconf 88' lang='lat' dir='ltr'><strong>Guntharium</strong></span> <span class='ocrx_word' id='word_1_259' title='bbox 2915 2086 2971 2131; x_wconf 89' lang='lat' dir='ltr'><strong>et</strong></span> <span class='ocrx_word' id='word_1_260' title='bbox 3019 2075 3279 2132; x_wconf 88' lang='lat' dir='ltr'><strong>Sifridum</strong></span> <span class='ocrx_word' id='word_1_261' title='bbox 3314 2077 3404 2109; x_wconf 70' lang='lat'><strong>“&#39;7</strong></span> <span class='ocrx_word' id='word_1_262' title='bbox 3456 2079 3622 2133; x_wconf 88' lang='lat' dir='ltr'><strong>mittit</strong></span> <span class='ocrx_word' id='word_1_263' title='bbox 3665 2079 3718 2133; x_wconf 92' lang='lat' dir='ltr'><strong>in</strong></span> <span class='ocrx_word' id='word_1_264' title='bbox 3766 2077 4095 2135; x_wconf 85' lang='lat' dir='ltr'><strong>Calabriam.</strong></span> 
     </span>
    </p>
   </div>
   <div class='ocr_carea' id='block_1_38' title="bbox 2508 2166 4095 2238">
    <p class='ocr_par' dir='ltr' id='par_1_38' title="bbox 2508 2166 4095 2238">
     <span class='ocr_line' id='line_1_38' title="bbox 2508 2166 4095 2238; baseline 0.002 -16"><span class='ocrx_word' id='word_1_265' title='bbox 2508 2166 2684 2223; x_wconf 64' lang='lat' dir='ltr'><strong>Graeci</strong></span> <span class='ocrx_word' id='word_1_266' title='bbox 2720 2176 2900 2224; x_wconf 89' lang='lat' dir='ltr'><strong>autem</strong></span> <span class='ocrx_word' id='word_1_267' title='bbox 2932 2169 3206 2237; x_wconf 82' lang='lat' dir='ltr'><strong>praeterita</strong></span> <span class='ocrx_word' id='word_1_268' title='bbox 3229 2169 3457 2224; x_wconf 85' lang='lat' dir='ltr'><strong>victoria</strong></span> <span class='ocrx_word' id='word_1_269' title='bbox 3485 2169 3613 2224; x_wconf 85' lang='lat' dir='ltr'><strong>elati</strong></span> <span class='ocrx_word' id='word_1_270' title='bbox 3636 2178 3692 2225; x_wconf 85' lang='lat' dir='ltr'><strong>et</strong></span> <span class='ocrx_word' id='word_1_271' title='bbox 3722 2172 3903 2226; x_wconf 90' lang='lat' dir='ltr'><strong>minus</strong></span> <span class='ocrx_word' id='word_1_272' title='bbox 3925 2171 4095 2238; x_wconf 89' lang='lat' dir='ltr'><strong>cauti,</strong></span> 
     </span>
    </p>
   </div>
   <div class='ocr_carea' id='block_1_39' title="bbox 2505 2257 4097 2329">
    <p class='ocr_par' dir='ltr' id='par_1_39' title="bbox 2505 2257 4097 2329">
     <span class='ocr_line' id='line_1_39' title="bbox 2505 2257 4097 2329; baseline 0.003 -18"><span class='ocrx_word' id='word_1_273' title='bbox 2505 2257 2821 2312; x_wconf 88' lang='lat' dir='ltr'><strong>ceciderunt</strong></span> <span class='ocrx_word' id='word_1_274' title='bbox 2862 2258 2917 2312; x_wconf 91' lang='lat' dir='ltr'><strong>in</strong></span> <span class='ocrx_word' id='word_1_275' title='bbox 2949 2273 3140 2313; x_wconf 91' lang='lat' dir='ltr'><strong>manus</strong></span> <span class='ocrx_word' id='word_1_276' title='bbox 3182 2272 3408 2325; x_wconf 91' lang='lat' dir='ltr'><strong>eorum;</strong></span> <span class='ocrx_word' id='word_1_277' title='bbox 3456 2274 3522 2313; x_wconf 85' lang='lat' dir='ltr'><strong>ex</strong></span> <span class='ocrx_word' id='word_1_278' title='bbox 3563 2260 3760 2329; x_wconf 90' lang='lat' dir='ltr'><strong>quibus</strong></span> <span class='ocrx_word' id='word_1_279' title='bbox 3811 2260 4097 2316; x_wconf 87' lang='lat' dir='ltr'><strong>innumera</strong></span> 
     </span>
    </p>
   </div>
   <div class='ocr_carea' id='block_1_40' title="bbox 2515 2349 4097 2422">
    <p class='ocr_par' dir='ltr' id='par_1_40' title="bbox 2515 2349 4097 2422">
     <span class='ocr_line' id='line_1_40' title="bbox 2515 2349 4097 2422; baseline 0.002 -18"><span class='ocrx_word' id='word_1_280' title='bbox 2515 2349 2862 2404; x_wconf 88' lang='lat' dir='ltr'><strong>multitudine</strong></span> <span class='ocrx_word' id='word_1_281' title='bbox 2889 2364 3028 2404; x_wconf 69' lang='lat' dir='ltr'><strong>caesa</strong></span> <span class='ocrx_word' id='word_1_282' title='bbox 3057 2390 3072 2415; x_wconf 94' lang='lat'><strong>,</strong></span> <span class='ocrx_word' id='word_1_283' title='bbox 3103 2365 3240 2420; x_wconf 88' lang='lat' dir='ltr'><strong>quos</strong></span> <span class='ocrx_word' id='word_1_284' title='bbox 3288 2360 3610 2419; x_wconf 85' lang='lat' dir='ltr'><strong>supererant</strong></span> <span class='ocrx_word' id='word_1_285' title='bbox 3658 2350 3750 2385; x_wconf 68' lang='grc'><strong>¹⁸³⁸</strong></span> <span class='ocrx_word' id='word_1_286' title='bbox 3776 2351 4055 2422; x_wconf 87' lang='lat' dir='ltr'><strong>capientes</strong></span> <span class='ocrx_word' id='word_1_287' title='bbox 4080 2393 4097 2419; x_wconf 91' lang='lat'><strong>,</strong></span> 
     </span>
    </p>
   </div>
   <div class='ocr_carea' id='block_1_41' title="bbox 809 2438 4098 2513">
    <p class='ocr_par' dir='ltr' id='par_1_41' title="bbox 809 2438 4098 2513">
     <span class='ocr_line' id='line_1_41' title="bbox 809 2438 4098 2513; baseline 0.001 -20"><span class='ocrx_word' id='word_1_288' title='bbox 809 2439 947 2494; x_wconf 88' lang='lat' dir='ltr'><strong>ciam</strong></span> <span class='ocrx_word' id='word_1_289' title='bbox 970 2440 1275 2511; x_wconf 82' lang='lat' dir='ltr'><strong>dirigentes,</strong></span> <span class='ocrx_word' id='word_1_290' title='bbox 1315 2457 1408 2511; x_wconf 88' lang='lat' dir='ltr'><strong>per</strong></span> <span class='ocrx_word' id='word_1_291' title='bbox 1438 2438 1803 2495; x_wconf 72' lang='lat' dir='ltr'><strong>Fraxanetum</strong></span> <span class='ocrx_word' id='word_1_292' title='bbox 1829 2442 1920 2479; x_wconf 59' lang='grc' dir='ltr'><strong>’θ’</strong></span> <span class='ocrx_word' id='word_1_293' title='bbox 1954 2442 2024 2494; x_wconf 91' lang='lat' dir='ltr'><strong>ad</strong></span> <span class='ocrx_word' id='word_1_294' title='bbox 2051 2442 2397 2496; x_wconf 86' lang='lat' dir='ltr'><strong>destruendos</strong></span> <span class='ocrx_word' id='word_1_295' title='bbox 2426 2439 2473 2501; x_wconf 86' lang='lat' dir='ltr'><strong>C</strong></span> <span class='ocrx_word' id='word_1_296' title='bbox 2503 2439 2843 2494; x_wconf 86' lang='lat' dir='ltr'><strong>obtruncatis</strong></span> <span class='ocrx_word' id='word_1_297' title='bbox 2872 2440 3114 2506; x_wconf 89' lang='lat' dir='ltr'><strong>naribus,</strong></span> <span class='ocrx_word' id='word_1_298' title='bbox 3150 2454 3346 2495; x_wconf 84' lang='lat' dir='ltr'><strong>novam</strong></span> <span class='ocrx_word' id='word_1_299' title='bbox 3373 2439 3603 2496; x_wconf 83' lang='lat' dir='ltr'><strong>Romam</strong></span> <span class='ocrx_word' id='word_1_300' title='bbox 3628 2457 3873 2498; x_wconf 88' lang='lat' dir='ltr'><strong>remeare</strong></span> <span class='ocrx_word' id='word_1_301' title='bbox 3892 2442 4098 2513; x_wconf 89' lang='lat' dir='ltr'><strong>permi-</strong></span> 
     </span>
    </p>
   </div>
   <div class='ocr_carea' id='block_1_42' title="bbox 810 2532 2399 2605">
    <p class='ocr_par' dir='ltr' id='par_1_42' title="bbox 810 2532 2399 2605">
     <span class='ocr_line' id='line_1_42' title="bbox 810 2532 2399 2605; baseline -0.001 -15"><span class='ocrx_word' id='word_1_302' title='bbox 810 2532 1159 2600; x_wconf 88' lang='lat' dir='ltr'><strong>Sarracenos,</strong></span> <span class='ocrx_word' id='word_1_303' title='bbox 1192 2534 1301 2592; x_wconf 80' lang='lat' dir='ltr'><strong>Deo</strong></span> <span class='ocrx_word' id='word_1_304' title='bbox 1331 2537 1539 2602; x_wconf 86' lang='lat' dir='ltr'><strong>comite,</strong></span> <span class='ocrx_word' id='word_1_305' title='bbox 1592 2536 1693 2590; x_wconf 86' lang='lat' dir='ltr'><strong>iter</strong></span> <span class='ocrx_word' id='word_1_306' title='bbox 1734 2535 2074 2605; x_wconf 88' lang='lat' dir='ltr'><strong>arripiemus,</strong></span> <span class='ocrx_word' id='word_1_307' title='bbox 2118 2544 2167 2589; x_wconf 88' lang='lat' dir='ltr'><strong>et</strong></span> <span class='ocrx_word' id='word_1_308' title='bbox 2217 2536 2291 2589; x_wconf 88' lang='lat' dir='ltr'><strong>sic</strong></span> <span class='ocrx_word' id='word_1_309' title='bbox 2330 2535 2399 2589; x_wconf 89' lang='lat' dir='ltr'><strong>ad</strong></span> 
     </span>
    </p>
   </div>
   <div class='ocr_carea' id='block_1_43' title="bbox 812 2624 2400 2697">
    <p class='ocr_par' dir='ltr' id='par_1_43' title="bbox 812 2624 2400 2697">
     <span class='ocr_line' id='line_1_43' title="bbox 812 2624 2400 2697; baseline 0.001 -18"><span class='ocrx_word' id='word_1_310' title='bbox 812 2640 924 2691; x_wconf 79' lang='lat' dir='ltr'><strong>vos,</strong></span> <span class='ocrx_word' id='word_1_311' title='bbox 948 2626 1276 2697; x_wconf 88' lang='lat' dir='ltr'><strong>disponimus</strong></span> <span class='ocrx_word' id='word_1_312' title='bbox 1300 2626 1412 2678; x_wconf 65' lang='lat'><strong>“’8.</strong></span> <span class='ocrx_word' id='word_1_313' title='bbox 1439 2625 1706 2680; x_wconf 78' lang='lat' dir='ltr'><strong>Prwterea</strong></span> <span class='ocrx_word' id='word_1_314' title='bbox 1728 2626 1988 2692; x_wconf 84' lang='lat' dir='ltr'><strong>volumus,</strong></span> <span class='ocrx_word' id='word_1_315' title='bbox 2009 2635 2065 2679; x_wconf 90' lang='lat' dir='ltr'><strong>ut</strong></span> <span class='ocrx_word' id='word_1_316' title='bbox 2090 2627 2135 2679; x_wconf 88' lang='lat' dir='ltr'><strong>si</strong></span> <span class='ocrx_word' id='word_1_317' title='bbox 2150 2624 2400 2693; x_wconf 86' lang='lat' dir='ltr'><strong>Redares,</strong></span> 
     </span>
    </p>
   </div>
   <div class='ocr_carea' id='block_1_44' title="bbox 806 2720 2405 2791">
    <p class='ocr_par' dir='ltr' id='par_1_44' title="bbox 806 2720 2405 2791">
     <span class='ocr_line' id='line_1_44' title="bbox 806 2720 2405 2791; baseline -0.002 -13"><span class='ocrx_word' id='word_1_318' title='bbox 806 2722 943 2779; x_wconf 88' lang='lat' dir='ltr'><strong>sicut</strong></span> <span class='ocrx_word' id='word_1_319' title='bbox 958 2722 1274 2787; x_wconf 87' lang='lat' dir='ltr'><strong>audivimus,</strong></span> <span class='ocrx_word' id='word_1_320' title='bbox 1290 2730 1489 2775; x_wconf 90' lang='lat' dir='ltr'><strong>tantam</strong></span> <span class='ocrx_word' id='word_1_321' title='bbox 1506 2731 1730 2791; x_wconf 81' lang='lat' dir='ltr'><strong>stragem</strong></span> <span class='ocrx_word' id='word_1_322' title='bbox 1748 2721 1889 2790; x_wconf 86' lang='lat' dir='ltr'><strong>passi</strong></span> <span class='ocrx_word' id='word_1_323' title='bbox 1905 2730 2024 2774; x_wconf 86' lang='lat' dir='ltr'><strong>sunt</strong></span> <span class='ocrx_word' id='word_1_324' title='bbox 2040 2720 2208 2789; x_wconf 75' lang='grc'><strong>(512),</strong></span> <span class='ocrx_word' id='word_1_325' title='bbox 2225 2751 2293 2760; x_wconf 95' lang='grc'><strong>-</strong></span> <span class='ocrx_word' id='word_1_326' title='bbox 2308 2722 2405 2775; x_wconf 88' lang='lat' dir='ltr'><strong>sci-</strong></span> 
     </span>
    </p>
   </div>
   <div class='ocr_carea' id='block_1_45' title="bbox 806 2812 2403 2885">
    <p class='ocr_par' dir='ltr' id='par_1_45' title="bbox 806 2812 2403 2885">
     <span class='ocr_line' id='line_1_45' title="bbox 806 2812 2403 2885; baseline -0.001 -15"><span class='ocrx_word' id='word_1_327' title='bbox 806 2814 874 2871; x_wconf 86' lang='lat' dir='ltr'><strong>tis</strong></span> <span class='ocrx_word' id='word_1_328' title='bbox 898 2814 1037 2870; x_wconf 87' lang='lat' dir='ltr'><strong>enim</strong></span> <span class='ocrx_word' id='word_1_329' title='bbox 1055 2830 1214 2885; x_wconf 88' lang='lat' dir='ltr'><strong>quam</strong></span> <span class='ocrx_word' id='word_1_330' title='bbox 1237 2831 1373 2885; x_wconf 59' lang='lat' dir='ltr'><strong>saepe</strong></span> <span class='ocrx_word' id='word_1_331' title='bbox 1404 2813 1562 2883; x_wconf 83' lang='lat' dir='ltr'><strong>[idem</strong></span> <span class='ocrx_word' id='word_1_332' title='bbox 1602 2813 1874 2883; x_wconf 82' lang='lat' dir='ltr'><strong>fregerint,</strong></span> <span class='ocrx_word' id='word_1_333' title='bbox 1901 2830 2032 2883; x_wconf 90' lang='lat' dir='ltr'><strong>quas</strong></span> <span class='ocrx_word' id='word_1_334' title='bbox 2059 2812 2153 2845; x_wconf 72' lang='grc' dir='ltr'><strong>¹⁸²δ</strong></span> <span class='ocrx_word' id='word_1_335' title='bbox 2177 2814 2403 2883; x_wconf 85' lang='lat' dir='ltr'><strong>injurias</strong></span> 
     </span>
    </p>
   </div>
   <div class='ocr_carea' id='block_1_46' title="bbox 806 2904 2397 2973">
    <p class='ocr_par' dir='ltr' id='par_1_46' title="bbox 806 2904 2397 2973">
     <span class='ocr_line' id='line_1_46' title="bbox 806 2904 2397 2973; baseline -0.003 -12"><span class='ocrx_word' id='word_1_336' title='bbox 806 2906 1125 2972; x_wconf 78' lang='lat' dir='ltr'><strong>attulerint,</strong></span> <span class='ocrx_word' id='word_1_337' title='bbox 1161 2933 1233 2947; x_wconf 92' lang='lat'><strong>—-</strong></span> <span class='ocrx_word' id='word_1_338' title='bbox 1272 2904 1473 2958; x_wconf 87' lang='lat' dir='ltr'><strong>nullam</strong></span> <span class='ocrx_word' id='word_1_339' title='bbox 1520 2904 1781 2959; x_wconf 82' lang='lat' dir='ltr'><strong>vobiscum</strong></span> <span class='ocrx_word' id='word_1_340' title='bbox 1816 2904 1915 2936; x_wconf 75' lang='lat'><strong>“&quot;</strong></span> <span class='ocrx_word' id='word_1_341' title='bbox 1942 2921 2123 2973; x_wconf 90' lang='lat' dir='ltr'><strong>pacem</strong></span> <span class='ocrx_word' id='word_1_342' title='bbox 2153 2904 2397 2957; x_wconf 84' lang='lat' dir='ltr'><strong>habeant.</strong></span> 
     </span>
    </p>
   </div>
   <div class='ocr_carea' id='block_1_47' title="bbox 811 2993 2401 3061">
    <p class='ocr_par' dir='ltr' id='par_1_47' title="bbox 811 2993 2401 3061">
     <span class='ocr_line' id='line_1_47' title="bbox 811 2993 2401 3061; baseline -0.003 -7"><span class='ocrx_word' id='word_1_343' title='bbox 811 2996 963 3054; x_wconf 86' lang='lat' dir='ltr'><strong>Unde</strong></span> <span class='ocrx_word' id='word_1_344' title='bbox 982 2998 1095 3053; x_wconf 76' lang='lat' dir='ltr'><strong>[nec</strong></span> <span class='ocrx_word' id='word_1_345' title='bbox 1130 3014 1249 3051; x_wconf 86' lang='lat' dir='ltr'><strong>cum</strong></span> <span class='ocrx_word' id='word_1_346' title='bbox 1278 2995 1609 3051; x_wconf 86' lang='lat' dir='ltr'><strong>Herimanno</strong></span> <span class='ocrx_word' id='word_1_347' title='bbox 1642 2994 1737 3033; x_wconf 68' lang='grc'><strong>³⁸³⁸</strong></span> <span class='ocrx_word' id='word_1_348' title='bbox 1766 2996 1897 3050; x_wconf 91' lang='lat' dir='ltr'><strong>duce</strong></span> <span class='ocrx_word' id='word_1_349' title='bbox 1921 2993 2247 3061; x_wconf 85' lang='lat' dir='ltr'><strong>ventilantes,</strong></span> <span class='ocrx_word' id='word_1_350' title='bbox 2281 2996 2401 3049; x_wconf 91' lang='lat' dir='ltr'><strong>totis</strong></span> 
     </span>
    </p>
   </div>
   <div class='ocr_carea' id='block_1_48' title="bbox 805 3086 2402 3155">
    <p class='ocr_par' dir='ltr' id='par_1_48' title="bbox 805 3086 2402 3155">
     <span class='ocr_line' id='line_1_48' title="bbox 805 3086 2402 3155; baseline -0.003 -11"><span class='ocrx_word' id='word_1_351' title='bbox 805 3089 1005 3144; x_wconf 79' lang='lat' dir='ltr'><strong>viribus</strong></span> <span class='ocrx_word' id='word_1_352' title='bbox 1044 3090 1253 3154; x_wconf 87' lang='lat' dir='ltr'><strong>instate,</strong></span> <span class='ocrx_word' id='word_1_353' title='bbox 1288 3098 1343 3141; x_wconf 88' lang='lat' dir='ltr'><strong>ut</strong></span> <span class='ocrx_word' id='word_1_354' title='bbox 1371 3088 1427 3140; x_wconf 89' lang='lat' dir='ltr'><strong>in</strong></span> <span class='ocrx_word' id='word_1_355' title='bbox 1453 3087 1803 3142; x_wconf 85' lang='lat' dir='ltr'><strong>destructione</strong></span> <span class='ocrx_word' id='word_1_356' title='bbox 1830 3103 2008 3141; x_wconf 88' lang='lat' dir='ltr'><strong>eorum</strong></span> <span class='ocrx_word' id='word_1_357' title='bbox 2056 3087 2213 3155; x_wconf 81' lang='lat' dir='ltr'><strong>ﬁnem</strong></span> <span class='ocrx_word' id='word_1_358' title='bbox 2258 3086 2402 3155; x_wconf 86' lang='lat' dir='ltr'><strong>aperi</strong></span> 
     </span>
    </p>
   </div>
   <div class='ocr_carea' id='block_1_49' title="bbox 808 3175 2398 3250">
    <p class='ocr_par' dir='ltr' id='par_1_49' title="bbox 808 3175 2398 3250">
     <span class='ocr_line' id='line_1_49' title="bbox 808 3175 2398 3250; baseline -0.003 -16"><span class='ocrx_word' id='word_1_359' title='bbox 808 3179 1094 3249; x_wconf 85' lang='lat' dir='ltr'><strong>inponatis.</strong></span> <span class='ocrx_word' id='word_1_360' title='bbox 1131 3178 1264 3250; x_wconf 87' lang='lat' dir='ltr'><strong>Ipsi,</strong></span> <span class='ocrx_word' id='word_1_361' title='bbox 1296 3178 1341 3232; x_wconf 91' lang='lat' dir='ltr'><strong>si</strong></span> <span class='ocrx_word' id='word_1_362' title='bbox 1382 3176 1471 3217; x_wconf 67' lang='grc'><strong>³⁸³⁷</strong></span> <span class='ocrx_word' id='word_1_363' title='bbox 1502 3194 1705 3232; x_wconf 86' lang='lat' dir='ltr'><strong>necesse</strong></span> <span class='ocrx_word' id='word_1_364' title='bbox 1732 3177 1927 3247; x_wconf 82' lang='lat' dir='ltr'><strong>fuerit,</strong></span> <span class='ocrx_word' id='word_1_365' title='bbox 1959 3176 2027 3229; x_wconf 92' lang='lat' dir='ltr'><strong>ad</strong></span> <span class='ocrx_word' id='word_1_366' title='bbox 2067 3192 2153 3231; x_wconf 89' lang='lat' dir='ltr'><strong>eos</strong></span> <span class='ocrx_word' id='word_1_367' title='bbox 2186 3175 2398 3230; x_wconf 89' lang='lat' dir='ltr'><strong>ibimus.</strong></span> 
     </span>
    </p>
   </div>
   <div class='ocr_carea' id='block_1_50' title="bbox 805 3266 2401 3327">
    <p class='ocr_par' dir='ltr' id='par_1_50' title="bbox 805 3266 2401 3327">
     <span class='ocr_line' id='line_1_50' title="bbox 805 3266 2401 3327; baseline -0.004 -1"><span class='ocrx_word' id='word_1_368' title='bbox 805 3268 984 3327; x_wconf 84' lang='lat' dir='ltr'><strong>Filius</strong></span> <span class='ocrx_word' id='word_1_369' title='bbox 1015 3281 1192 3326; x_wconf 85' lang='lat' dir='ltr'><strong>noster</strong></span> <span class='ocrx_word' id='word_1_370' title='bbox 1218 3271 1275 3326; x_wconf 89' lang='lat' dir='ltr'><strong>in</strong></span> <span class='ocrx_word' id='word_1_371' title='bbox 1316 3270 1585 3323; x_wconf 86' lang='lat' dir='ltr'><strong>nativitate</strong></span> <span class='ocrx_word' id='word_1_372' title='bbox 1636 3268 1850 3322; x_wconf 89' lang='lat' dir='ltr'><strong>Domini</strong></span> <span class='ocrx_word' id='word_1_373' title='bbox 1885 3283 2132 3321; x_wconf 87' lang='lat' dir='ltr'><strong>coronam</strong></span> <span class='ocrx_word' id='word_1_374' title='bbox 2180 3284 2211 3319; x_wconf 93' lang='lat' dir='ltr'><strong>a</strong></span> <span class='ocrx_word' id='word_1_375' title='bbox 2253 3266 2401 3320; x_wconf 88' lang='lat' dir='ltr'><strong>beato</strong></span> 
     </span>
    </p>
   </div>
   <div class='ocr_carea' id='block_1_51' title="bbox 812 3356 2401 3433">
    <p class='ocr_par' dir='ltr' id='par_1_51' title="bbox 812 3356 2401 3433">
     <span class='ocr_line' id='line_1_51' title="bbox 812 3356 2401 3433; baseline -0.003 -16"><span class='ocrx_word' id='word_1_376' title='bbox 812 3361 1099 3433; x_wconf 75' lang='lat' dir='ltr'><strong>apostolico</strong></span> <span class='ocrx_word' id='word_1_377' title='bbox 1152 3362 1212 3415; x_wconf 90' lang='lat' dir='ltr'><strong>in</strong></span> <span class='ocrx_word' id='word_1_378' title='bbox 1269 3360 1473 3431; x_wconf 89' lang='lat' dir='ltr'><strong>imperii</strong></span> <span class='ocrx_word' id='word_1_379' title='bbox 1524 3359 1830 3431; x_wconf 84' lang='lat' dir='ltr'><strong>dignitatem</strong></span> <span class='ocrx_word' id='word_1_380' title='bbox 1893 3359 2137 3427; x_wconf 86' lang='lat' dir='ltr'><strong>suscepit.</strong></span> <span class='ocrx_word' id='word_1_381' title='bbox 2190 3356 2401 3427; x_wconf 88' lang='lat' dir='ltr'><strong>Scripta</strong></span> 
     </span>
    </p>
   </div>
   <div class='ocr_carea' id='block_1_52' title="bbox 802 3448 2110 3522">
    <p class='ocr_par' dir='ltr' id='par_1_52' title="bbox 802 3448 2110 3522">
     <span class='ocr_line' id='line_1_52' title="bbox 802 3448 2110 3522; baseline -0.005 -13"><span class='ocrx_word' id='word_1_382' title='bbox 802 3453 873 3511; x_wconf 78' lang='grc'><strong>15</strong></span> <span class='ocrx_word' id='word_1_383' title='bbox 904 3452 1031 3509; x_wconf 82' lang='lat' dir='ltr'><strong>Kal.</strong></span> <span class='ocrx_word' id='word_1_384' title='bbox 1067 3451 1227 3508; x_wconf 85' lang='lat' dir='ltr'><strong>Febr.</strong></span> <span class='ocrx_word' id='word_1_385' title='bbox 1263 3453 1319 3507; x_wconf 92' lang='lat' dir='ltr'><strong>in</strong></span> <span class='ocrx_word' id='word_1_386' title='bbox 1354 3450 1821 3521; x_wconf 75' lang='lat' dir='ltr'><strong>Campaniajnxta</strong></span> <span class='ocrx_word' id='word_1_387' title='bbox 1853 3448 2110 3522; x_wconf 87' lang='lat' dir='ltr'><strong>Capuam.</strong></span> 
     </span>
    </p>
   </div>
   <div class='ocr_carea' id='block_1_53' title="bbox 870 3543 2398 3615">
    <p class='ocr_par' dir='ltr' id='par_1_53' title="bbox 870 3543 2398 3615">
     <span class='ocr_line' id='line_1_53' title="bbox 870 3543 2398 3615; baseline -0.004 -12"><span class='ocrx_word' id='word_1_388' title='bbox 870 3547 968 3603; x_wconf 83' lang='lat' dir='ltr'><strong>His</strong></span> <span class='ocrx_word' id='word_1_389' title='bbox 996 3547 1193 3603; x_wconf 85' lang='lat' dir='ltr'><strong>litteris</strong></span> <span class='ocrx_word' id='word_1_390' title='bbox 1223 3546 1379 3602; x_wconf 86' lang='lat' dir='ltr'><strong>lectis</strong></span> <span class='ocrx_word' id='word_1_391' title='bbox 1416 3546 1469 3601; x_wconf 90' lang='lat' dir='ltr'><strong>in</strong></span> <span class='ocrx_word' id='word_1_392' title='bbox 1502 3556 1769 3601; x_wconf 90' lang='lat' dir='ltr'><strong>conventu</strong></span> <span class='ocrx_word' id='word_1_393' title='bbox 1802 3545 1979 3615; x_wconf 90' lang='lat' dir='ltr'><strong>populi</strong></span> <span class='ocrx_word' id='word_1_394' title='bbox 2014 3585 2030 3610; x_wconf 93' lang='lat'><strong>,</strong></span> <span class='ocrx_word' id='word_1_395' title='bbox 2069 3544 2123 3598; x_wconf 91' lang='lat' dir='ltr'><strong>iu</strong></span> <span class='ocrx_word' id='word_1_396' title='bbox 2159 3543 2278 3599; x_wconf 91' lang='lat' dir='ltr'><strong>loco</strong></span> <span class='ocrx_word' id='word_1_397' title='bbox 2304 3544 2398 3613; x_wconf 88' lang='lat' dir='ltr'><strong>qui</strong></span> 
     </span>
    </p>
   </div>
   <div class='ocr_carea' id='block_1_54' title="bbox 805 3634 2398 3708">
    <p class='ocr_par' dir='ltr' id='par_1_54' title="bbox 805 3634 2398 3708">
     <span class='ocr_line' id='line_1_54' title="bbox 805 3634 2398 3708; baseline -0.005 -11"><span class='ocrx_word' id='word_1_398' title='bbox 805 3639 1005 3697; x_wconf 85' lang='lat' dir='ltr'><strong>dicitur</strong></span> <span class='ocrx_word' id='word_1_399' title='bbox 1027 3638 1209 3695; x_wconf 85' lang='lat' dir='ltr'><strong>Werla</strong></span> <span class='ocrx_word' id='word_1_400' title='bbox 1234 3680 1248 3702; x_wconf 91' lang='lat'><strong>,</strong></span> <span class='ocrx_word' id='word_1_401' title='bbox 1280 3654 1463 3695; x_wconf 88' lang='lat' dir='ltr'><strong>coram</strong></span> <span class='ocrx_word' id='word_1_402' title='bbox 1489 3636 1826 3708; x_wconf 88' lang='lat' dir='ltr'><strong>principibus</strong></span> <span class='ocrx_word' id='word_1_403' title='bbox 1866 3645 1922 3690; x_wconf 89' lang='lat' dir='ltr'><strong>et</strong></span> <span class='ocrx_word' id='word_1_404' title='bbox 1950 3635 2256 3705; x_wconf 80' lang='lat' dir='ltr'><strong>frequentia</strong></span> <span class='ocrx_word' id='word_1_405' title='bbox 2285 3634 2398 3705; x_wconf 88' lang='lat' dir='ltr'><strong>ple-</strong></span> 
     </span>
    </p>
   </div>
   <div class='ocr_carea' id='block_1_55' title="bbox 800 3728 2395 3802">
    <p class='ocr_par' dir='ltr' id='par_1_55' title="bbox 800 3728 2395 3802">
     <span class='ocr_line' id='line_1_55' title="bbox 800 3728 2395 3802; baseline -0.004 -14"><span class='ocrx_word' id='word_1_406' title='bbox 800 3733 907 3798; x_wconf 88' lang='lat' dir='ltr'><strong>bis,</strong></span> <span class='ocrx_word' id='word_1_407' title='bbox 936 3733 1111 3787; x_wconf 87' lang='lat' dir='ltr'><strong>visum</strong></span> <span class='ocrx_word' id='word_1_408' title='bbox 1132 3739 1236 3797; x_wconf 89' lang='lat' dir='ltr'><strong>est,</strong></span> <span class='ocrx_word' id='word_1_409' title='bbox 1272 3746 1462 3802; x_wconf 84' lang='lat' dir='ltr'><strong>pacem</strong></span> <span class='ocrx_word' id='word_1_410' title='bbox 1489 3729 1603 3800; x_wconf 90' lang='lat' dir='ltr'><strong>jam</strong></span> <span class='ocrx_word' id='word_1_411' title='bbox 1637 3730 1819 3784; x_wconf 87' lang='lat' dir='ltr'><strong>datam</strong></span> <span class='ocrx_word' id='word_1_412' title='bbox 1853 3728 2101 3783; x_wconf 86' lang='lat' dir='ltr'><strong>Redariis</strong></span> <span class='ocrx_word' id='word_1_413' title='bbox 2138 3736 2395 3799; x_wconf 79' lang='lat' dir='ltr'><strong>Oportere</strong></span> 
     </span>
    </p>
   </div>
   <div class='ocr_carea' id='block_1_56' title="bbox 2511 2531 4096 2605">
    <p class='ocr_par' dir='ltr' id='par_1_56' title="bbox 2511 2531 4096 2605">
     <span class='ocr_line' id='line_1_56' title="bbox 2511 2531 4096 2605; baseline 0.002 -17"><span class='ocrx_word' id='word_1_414' title='bbox 2511 2541 2717 2588; x_wconf 89' lang='lat' dir='ltr'><strong>serunt.</strong></span> <span class='ocrx_word' id='word_1_415' title='bbox 2769 2531 3053 2588; x_wconf 89' lang='lat' dir='ltr'><strong>Tributum</strong></span> <span class='ocrx_word' id='word_1_416' title='bbox 3100 2533 3153 2587; x_wconf 92' lang='lat' dir='ltr'><strong>in</strong></span> <span class='ocrx_word' id='word_1_417' title='bbox 3187 2532 3436 2589; x_wconf 87' lang='lat' dir='ltr'><strong>Calabria</strong></span> <span class='ocrx_word' id='word_1_418' title='bbox 3486 2543 3541 2589; x_wconf 90' lang='lat' dir='ltr'><strong>et</strong></span> <span class='ocrx_word' id='word_1_419' title='bbox 3592 2534 3785 2605; x_wconf 86' lang='lat' dir='ltr'><strong>Apulia</strong></span> <span class='ocrx_word' id='word_1_420' title='bbox 3816 2550 3850 2589; x_wconf 90' lang='lat' dir='ltr'><strong>a</strong></span> <span class='ocrx_word' id='word_1_421' title='bbox 3891 2534 4096 2592; x_wconf 75' lang='lat' dir='ltr'><strong>Graecis</strong></span> 
     </span>
    </p>
   </div>
   <div class='ocr_carea' id='block_1_57' title="bbox 2508 2623 4098 2697">
    <p class='ocr_par' dir='ltr' id='par_1_57' title="bbox 2508 2623 4098 2697">
     <span class='ocr_line' id='line_1_57' title="bbox 2508 2623 4098 2697; baseline 0.004 -19"><span class='ocrx_word' id='word_1_422' title='bbox 2508 2631 2880 2689; x_wconf 82' lang='lat' dir='ltr'><strong>extorserunt,</strong></span> <span class='ocrx_word' id='word_1_423' title='bbox 2912 2623 3114 2694; x_wconf 89' lang='lat' dir='ltr'><strong>talique</strong></span> <span class='ocrx_word' id='word_1_424' title='bbox 3142 2624 3368 2680; x_wconf 89' lang='lat' dir='ltr'><strong>victoria</strong></span> <span class='ocrx_word' id='word_1_425' title='bbox 3390 2625 3627 2681; x_wconf 89' lang='lat' dir='ltr'><strong>illustres</strong></span> <span class='ocrx_word' id='word_1_426' title='bbox 3653 2624 3805 2693; x_wconf 83' lang='lat' dir='ltr'><strong>facti,</strong></span> <span class='ocrx_word' id='word_1_427' title='bbox 3828 2635 3884 2682; x_wconf 89' lang='lat' dir='ltr'><strong>et</strong></span> <span class='ocrx_word' id='word_1_428' title='bbox 3908 2626 4098 2697; x_wconf 88' lang='lat' dir='ltr'><strong>spoliis</strong></span> 
     </span>
    </p>
   </div>
   <div class='ocr_carea' id='block_1_58' title="bbox 2508 2715 4052 2793">
    <p class='ocr_par' dir='ltr' id='par_1_58' title="bbox 2508 2715 4052 2793">
     <span class='ocr_line' id='line_1_58' title="bbox 2508 2715 4052 2793; baseline 0.002 -21"><span class='ocrx_word' id='word_1_429' title='bbox 2508 2715 2745 2772; x_wconf 88' lang='lat' dir='ltr'><strong>hostium</strong></span> <span class='ocrx_word' id='word_1_430' title='bbox 2776 2717 2952 2783; x_wconf 80' lang='lat' dir='ltr'><strong>dilati,</strong></span> <span class='ocrx_word' id='word_1_431' title='bbox 2977 2717 3044 2771; x_wconf 89' lang='lat' dir='ltr'><strong>ad</strong></span> <span class='ocrx_word' id='word_1_432' title='bbox 3070 2718 3452 2787; x_wconf 88' lang='lat' dir='ltr'><strong>imperatorem</strong></span> <span class='ocrx_word' id='word_1_433' title='bbox 3486 2719 3691 2774; x_wconf 90' lang='lat' dir='ltr'><strong>reversi</strong></span> <span class='ocrx_word' id='word_1_434' title='bbox 3720 2729 3848 2775; x_wconf 87' lang='lat' dir='ltr'><strong>sunt</strong></span> <span class='ocrx_word' id='word_1_435' title='bbox 3878 2719 4052 2793; x_wconf 88' lang='grc'><strong>(515).</strong></span> 
     </span>
    </p>
   </div>
   <div class='ocr_carea' id='block_1_59' title="bbox 2578 2807 4095 2880">
    <p class='ocr_par' dir='ltr' id='par_1_59' title="bbox 2578 2807 4095 2880">
     <span class='ocr_line' id='line_1_59' title="bbox 2578 2807 4095 2880; baseline 0.003 -20"><span class='ocrx_word' id='word_1_436' title='bbox 2578 2808 2668 2863; x_wconf 87' lang='grc'><strong>75.</strong></span> <span class='ocrx_word' id='word_1_437' title='bbox 2697 2807 2933 2878; x_wconf 87' lang='lat' dir='ltr'><strong>Populus</strong></span> <span class='ocrx_word' id='word_1_438' title='bbox 2960 2817 3143 2863; x_wconf 89' lang='lat' dir='ltr'><strong>autem</strong></span> <span class='ocrx_word' id='word_1_439' title='bbox 3167 2808 3797 2880; x_wconf 89' lang='lat' dir='ltr'><strong>Constantinopolitanus</strong></span> <span class='ocrx_word' id='word_1_440' title='bbox 3818 2811 4046 2867; x_wconf 87' lang='lat' dir='ltr'><strong>audiens</strong></span> <span class='ocrx_word' id='word_1_441' title='bbox 4063 2826 4095 2866; x_wconf 91' lang='lat' dir='ltr'><strong>a</strong></span> 
     </span>
    </p>
   </div>
   <div class='ocr_carea' id='block_1_60' title="bbox 2508 2900 4095 2971">
    <p class='ocr_par' dir='ltr' id='par_1_60' title="bbox 2508 2900 4095 2971">
     <span class='ocr_line' id='line_1_60' title="bbox 2508 2900 4095 2971; baseline 0.004 -16"><span class='ocrx_word' id='word_1_442' title='bbox 2508 2900 2621 2955; x_wconf 90' lang='lat' dir='ltr'><strong>suis</strong></span> <span class='ocrx_word' id='word_1_443' title='bbox 2652 2900 2745 2939; x_wconf 70' lang='grc'>³⁸³⁸</span> <span class='ocrx_word' id='word_1_444' title='bbox 2790 2901 2928 2955; x_wconf 88' lang='lat' dir='ltr'><strong>male</strong></span> <span class='ocrx_word' id='word_1_445' title='bbox 2962 2911 3260 2971; x_wconf 88' lang='lat' dir='ltr'><strong>pugnatum</strong></span> <span class='ocrx_word' id='word_1_446' title='bbox 3282 2942 3296 2966; x_wconf 94' lang='lat'><strong>,</strong></span> <span class='ocrx_word' id='word_1_447' title='bbox 3336 2913 3795 2959; x_wconf 83' lang='lat' dir='ltr'><strong>consurrexerunt</strong></span> <span class='ocrx_word' id='word_1_448' title='bbox 3833 2906 4095 2961; x_wconf 86' lang='lat' dir='ltr'><strong>adversus</strong></span> 
     </span>
    </p>
   </div>
   <div class='ocr_carea' id='block_1_61' title="bbox 2506 2990 4093 3067">
    <p class='ocr_par' dir='ltr' id='par_1_61' title="bbox 2506 2990 4093 3067">
     <span class='ocr_line' id='line_1_61' title="bbox 2506 2990 4093 3067; baseline 0.004 -22"><span class='ocrx_word' id='word_1_449' title='bbox 2506 2990 2893 3060; x_wconf 87' lang='lat' dir='ltr'><strong>imperatorem</strong></span> <span class='ocrx_word' id='word_1_450' title='bbox 2926 3007 3083 3046; x_wconf 87' lang='lat' dir='ltr'><strong>suum</strong></span> <span class='ocrx_word' id='word_1_451' title='bbox 3116 3033 3130 3057; x_wconf 92' lang='lat'><strong>,</strong></span> <span class='ocrx_word' id='word_1_452' title='bbox 3164 3000 3219 3048; x_wconf 86' lang='lat' dir='ltr'><strong>et</strong></span> <span class='ocrx_word' id='word_1_453' title='bbox 3246 2992 3644 3050; x_wconf 78' lang='lat' dir='ltr'><strong>machinatione</strong></span> <span class='ocrx_word' id='word_1_454' title='bbox 3683 2994 3927 3067; x_wconf 77' lang='lat' dir='ltr'><strong>conjugis</strong></span> <span class='ocrx_word' id='word_1_455' title='bbox 3958 3010 4093 3066; x_wconf 90' lang='lat' dir='ltr'><strong>pro-</strong></span> 
     </span>
    </p>
   </div>
   <div class='ocr_carea' id='block_1_62' title="bbox 2504 3082 4091 3159">
    <p class='ocr_par' dir='ltr' id='par_1_62' title="bbox 2504 3082 4091 3159">
     <span class='ocr_line' id='line_1_62' title="bbox 2504 3082 4091 3159; baseline 0.005 -23"><span class='ocrx_word' id='word_1_456' title='bbox 2504 3084 2638 3153; x_wconf 76' lang='lat' dir='ltr'><strong>priae</strong></span> <span class='ocrx_word' id='word_1_457' title='bbox 2668 3082 2947 3152; x_wconf 87' lang='lat' dir='ltr'><strong>cujusdam</strong></span> <span class='ocrx_word' id='word_1_458' title='bbox 2976 3084 3164 3139; x_wconf 90' lang='lat' dir='ltr'><strong>militis</strong></span> <span class='ocrx_word' id='word_1_459' title='bbox 3214 3084 3428 3139; x_wconf 90' lang='lat' dir='ltr'><strong>insidiis</strong></span> <span class='ocrx_word' id='word_1_460' title='bbox 3456 3086 3773 3142; x_wconf 86' lang='lat' dir='ltr'><strong>occiderunt</strong></span> <span class='ocrx_word' id='word_1_461' title='bbox 3800 3128 3815 3151; x_wconf 92' lang='lat'><strong>,</strong></span> <span class='ocrx_word' id='word_1_462' title='bbox 3861 3088 4091 3159; x_wconf 86' lang='lat' dir='ltr'><strong>locoque</strong></span> 
     </span>
    </p>
   </div>
   <div class='ocr_carea' id='block_1_63' title="bbox 2506 3174 4091 3250">
    <p class='ocr_par' dir='ltr' id='par_1_63' title="bbox 2506 3174 4091 3250">
     <span class='ocr_line' id='line_1_63' title="bbox 2506 3174 4091 3250; baseline 0.003 -21"><span class='ocrx_word' id='word_1_463' title='bbox 2506 3174 2707 3229; x_wconf 91' lang='lat' dir='ltr'><strong>domini</strong></span> <span class='ocrx_word' id='word_1_464' title='bbox 2740 3174 2967 3230; x_wconf 88' lang='lat' dir='ltr'><strong>militem</strong></span> <span class='ocrx_word' id='word_1_465' title='bbox 2990 3174 3217 3246; x_wconf 90' lang='lat' dir='ltr'><strong>imperio</strong></span> <span class='ocrx_word' id='word_1_466' title='bbox 3245 3174 3336 3215; x_wconf 52' lang='lat'><strong>“5°</strong></span> <span class='ocrx_word' id='word_1_467' title='bbox 3365 3175 3714 3247; x_wconf 88' lang='lat' dir='ltr'><strong>designantes</strong></span> <span class='ocrx_word' id='word_1_468' title='bbox 3745 3176 3917 3250; x_wconf 75' lang='lat' dir='ltr'><strong>(5M).</strong></span> <span class='ocrx_word' id='word_1_469' title='bbox 3947 3176 4091 3235; x_wconf 87' lang='lat' dir='ltr'><strong>Con-</strong></span> 
     </span>
    </p>
   </div>
   <div class='ocr_carea' id='block_1_64' title="bbox 2505 3267 4092 3341">
    <p class='ocr_par' dir='ltr' id='par_1_64' title="bbox 2505 3267 4092 3341">
     <span class='ocr_line' id='line_1_64' title="bbox 2505 3267 4092 3341; baseline 0.004 -21"><span class='ocrx_word' id='word_1_470' title='bbox 2505 3267 2668 3323; x_wconf 87' lang='lat' dir='ltr'><strong>stitus</strong></span> <span class='ocrx_word' id='word_1_471' title='bbox 2723 3267 2813 3307; x_wconf 46' lang='lat' dir='ltr'><strong>’i“</strong></span> <span class='ocrx_word' id='word_1_472' title='bbox 2854 3277 3036 3323; x_wconf 90' lang='lat' dir='ltr'><strong>autem</strong></span> <span class='ocrx_word' id='word_1_473' title='bbox 3080 3283 3177 3323; x_wconf 81' lang='lat' dir='ltr'><strong>rex</strong></span> <span class='ocrx_word' id='word_1_474' title='bbox 3225 3268 3482 3325; x_wconf 91' lang='lat' dir='ltr'><strong>continuo</strong></span> <span class='ocrx_word' id='word_1_475' title='bbox 3540 3272 3783 3341; x_wconf 89' lang='lat' dir='ltr'><strong>captivos</strong></span> <span class='ocrx_word' id='word_1_476' title='bbox 3825 3270 4092 3340; x_wconf 84' lang='lat' dir='ltr'><strong>absolvit,</strong></span> 
     </span>
    </p>
   </div>
   <div class='ocr_carea' id='block_1_65' title="bbox 2504 3356 4086 3427">
    <p class='ocr_par' dir='ltr' id='par_1_65' title="bbox 2504 3356 4086 3427">
     <span class='ocr_line' id='line_1_65' title="bbox 2504 3356 4086 3427; baseline 0.008 -17"><span class='ocrx_word' id='word_1_477' title='bbox 2504 3356 2737 3427; x_wconf 87' lang='lat' dir='ltr'><strong>puellam</strong></span> <span class='ocrx_word' id='word_1_478' title='bbox 2756 3373 2880 3412; x_wconf 93' lang='lat' dir='ltr'><strong>cum</strong></span> <span class='ocrx_word' id='word_1_479' title='bbox 2908 3372 3105 3427; x_wconf 85' lang='lat' dir='ltr'><strong>magno</strong></span> <span class='ocrx_word' id='word_1_480' title='bbox 3131 3359 3377 3415; x_wconf 80' lang='lat' dir='ltr'><strong>exercitu</strong></span> <span class='ocrx_word' id='word_1_481' title='bbox 3402 3368 3456 3414; x_wconf 90' lang='lat' dir='ltr'><strong>et</strong></span> <span class='ocrx_word' id='word_1_482' title='bbox 3485 3361 3649 3417; x_wconf 88' lang='lat' dir='ltr'><strong>claris</strong></span> <span class='ocrx_word' id='word_1_483' title='bbox 3674 3364 3989 3420; x_wconf 89' lang='lat' dir='ltr'><strong>muneribus</strong></span> <span class='ocrx_word' id='word_1_484' title='bbox 4014 3366 4086 3423; x_wconf 88' lang='lat' dir='ltr'><strong>ad</strong></span> 
     </span>
    </p>
   </div>
   <div class='ocr_carea' id='block_1_66' title="bbox 2505 3449 4089 3526">
    <p class='ocr_par' dir='ltr' id='par_1_66' title="bbox 2505 3449 4089 3526">
     <span class='ocr_line' id='line_1_66' title="bbox 2505 3449 4089 3526; baseline 0.004 -20"><span class='ocrx_word' id='word_1_485' title='bbox 2505 3450 2887 3521; x_wconf 90' lang='lat' dir='ltr'><strong>imperatorem</strong></span> <span class='ocrx_word' id='word_1_486' title='bbox 2911 3450 3218 3506; x_wconf 87' lang='lat' dir='ltr'><strong>destinavit.</strong></span> <span class='ocrx_word' id='word_1_487' title='bbox 3249 3449 3722 3524; x_wconf 72' lang='lat' dir='ltr'><strong>(DCCCCLXXII.)</strong></span> <span class='ocrx_word' id='word_1_488' title='bbox 3753 3453 3928 3522; x_wconf 87' lang='lat' dir='ltr'><strong>Quam</strong></span> <span class='ocrx_word' id='word_1_489' title='bbox 3970 3455 4089 3526; x_wconf 84' lang='lat' dir='ltr'><strong>ipse</strong></span> 
     </span>
    </p>
   </div>
   <div class='ocr_carea' id='block_1_67' title="bbox 2510 3541 4088 3616">
    <p class='ocr_par' dir='ltr' id='par_1_67' title="bbox 2510 3541 4088 3616">
     <span class='ocr_line' id='line_1_67' title="bbox 2510 3541 4088 3616; baseline 0.003 -20"><span class='ocrx_word' id='word_1_490' title='bbox 2510 3542 2698 3597; x_wconf 91' lang='lat' dir='ltr'><strong>statim</strong></span> <span class='ocrx_word' id='word_1_491' title='bbox 2724 3541 2837 3596; x_wconf 88' lang='lat' dir='ltr'><strong>filio</strong></span> <span class='ocrx_word' id='word_1_492' title='bbox 2863 3542 3107 3607; x_wconf 86' lang='lat' dir='ltr'><strong>tradidit,</strong></span> <span class='ocrx_word' id='word_1_493' title='bbox 3136 3541 3531 3612; x_wconf 81' lang='lat' dir='ltr'><strong>celebratisque</strong></span> <span class='ocrx_word' id='word_1_494' title='bbox 3553 3543 3839 3615; x_wconf 86' lang='lat' dir='ltr'><strong>magnifice</strong></span> <span class='ocrx_word' id='word_1_495' title='bbox 3866 3546 4088 3616; x_wconf 86' lang='lat' dir='ltr'><strong>nuptiis,</strong></span> 
     </span>
    </p>
   </div>
   <div class='ocr_carea' id='block_1_68' title="bbox 2504 3633 4093 3702">
    <p class='ocr_par' dir='ltr' id='par_1_68' title="bbox 2504 3633 4093 3702">
     <span class='ocr_line' id='line_1_68' title="bbox 2504 3633 4093 3702; baseline 0.003 -12"><span class='ocrx_word' id='word_1_496' title='bbox 2504 3649 2721 3690; x_wconf 89' lang='lat' dir='ltr'><strong>omnem</strong></span> <span class='ocrx_word' id='word_1_497' title='bbox 2751 3634 2957 3688; x_wconf 85' lang='lat' dir='ltr'><strong>italiam</strong></span> <span class='ocrx_word' id='word_1_498' title='bbox 2998 3648 3160 3702; x_wconf 90' lang='lat' dir='ltr'><strong>super</strong></span> <span class='ocrx_word' id='word_1_499' title='bbox 3207 3634 3312 3689; x_wconf 88' lang='lat' dir='ltr'><strong>hoc</strong></span> <span class='ocrx_word' id='word_1_500' title='bbox 3358 3642 3412 3690; x_wconf 82' lang='lat' dir='ltr'><strong>et</strong></span> <span class='ocrx_word' id='word_1_501' title='bbox 3457 3633 3809 3691; x_wconf 86' lang='lat' dir='ltr'><strong>Germaniam</strong></span> <span class='ocrx_word' id='word_1_502' title='bbox 3855 3634 4093 3694; x_wconf 66' lang='lat' dir='ltr'><strong>laetiores</strong></span> 
     </span>
    </p>
   </div>
   <div class='ocr_carea' id='block_1_69' title="bbox 2504 3723 4091 3796">
    <p class='ocr_par' dir='ltr' id='par_1_69' title="bbox 2504 3723 4091 3796">
     <span class='ocr_line' id='line_1_69' title="bbox 2504 3723 4091 3796; baseline 0.002 -17"><span class='ocrx_word' id='word_1_503' title='bbox 2504 3723 2757 3780; x_wconf 88' lang='lat' dir='ltr'><strong>reddidit.</strong></span> <span class='ocrx_word' id='word_1_504' title='bbox 2791 3724 2869 3778; x_wconf 90' lang='lat' dir='ltr'><strong>Eo</strong></span> <span class='ocrx_word' id='word_1_505' title='bbox 2901 3733 3142 3794; x_wconf 89' lang='lat' dir='ltr'><strong>tempore</strong></span> <span class='ocrx_word' id='word_1_506' title='bbox 3168 3763 3183 3788; x_wconf 92' lang='lat'><strong>,</strong></span> <span class='ocrx_word' id='word_1_507' title='bbox 3223 3738 3332 3793; x_wconf 92' lang='lat' dir='ltr'><strong>quo</strong></span> <span class='ocrx_word' id='word_1_508' title='bbox 3360 3724 3476 3779; x_wconf 72' lang='lat' dir='ltr'><strong>hinc</strong></span> <span class='ocrx_word' id='word_1_509' title='bbox 3511 3725 3652 3779; x_wconf 90' lang='lat' dir='ltr'><strong>intra</strong></span> <span class='ocrx_word' id='word_1_510' title='bbox 3679 3724 3886 3779; x_wconf 84' lang='lat' dir='ltr'><strong>italiam</strong></span> <span class='ocrx_word' id='word_1_511' title='bbox 3931 3740 4091 3796; x_wconf 83' lang='lat' dir='ltr'><strong>gere-</strong></span> 
     </span>
    </p>
   </div>
   <div class='ocr_carea' id='block_1_70' title="bbox 801 3801 4089 3893">
    <p class='ocr_par' dir='ltr' id='par_1_70' title="bbox 801 3801 4089 3893">
     <span class='ocr_line' id='line_1_70' title="bbox 801 3801 4089 3893; baseline -0.003 -14"><span class='ocrx_word' id='word_1_512' title='bbox 801 3834 971 3887; x_wconf 89' lang='lat' dir='ltr'><strong>stare,</strong></span> <span class='ocrx_word' id='word_1_513' title='bbox 1000 3839 1065 3879; x_wconf 89' lang='lat' dir='ltr'><strong>eo</strong></span> <span class='ocrx_word' id='word_1_514' title='bbox 1097 3824 1238 3893; x_wconf 90' lang='lat' dir='ltr'><strong>quod</strong></span> <span class='ocrx_word' id='word_1_515' title='bbox 1268 3801 1394 3878; x_wconf 82' lang='lat' dir='ltr'><strong>tunc</strong></span> <span class='ocrx_word' id='word_1_516' title='bbox 1422 3821 1617 3877; x_wconf 89' lang='lat' dir='ltr'><strong>bellum</strong></span> <span class='ocrx_word' id='word_1_517' title='bbox 1669 3823 1930 3877; x_wconf 88' lang='lat' dir='ltr'><strong>adversus</strong></span> <span class='ocrx_word' id='word_1_518' title='bbox 1960 3822 2051 3859; x_wconf 59' lang='lat'><strong>“&#39;9</strong></span> <span class='ocrx_word' id='word_1_519' title='bbox 2079 3820 2256 3875; x_wconf 88' lang='lat' dir='ltr'><strong>Danos</strong></span> <span class='ocrx_word' id='word_1_520' title='bbox 2300 3835 2393 3874; x_wconf 89' lang='lat' dir='ltr'><strong>ur-</strong></span> <span class='ocrx_word' id='word_1_521' title='bbox 2423 3801 2479 3863; x_wconf 79' lang='grc' dir='ltr'>Ῑ)</span> <span class='ocrx_word' id='word_1_522' title='bbox 2501 3814 2721 3878; x_wconf 87' lang='lat' dir='ltr'><strong>bantur,</strong></span> <span class='ocrx_word' id='word_1_523' title='bbox 2752 3828 2995 3868; x_wconf 91' lang='lat' dir='ltr'><strong>summus</strong></span> <span class='ocrx_word' id='word_1_524' title='bbox 3025 3811 3267 3882; x_wconf 82' lang='lat' dir='ltr'><strong>pontifex</strong></span> <span class='ocrx_word' id='word_1_525' title='bbox 3298 3812 3631 3869; x_wconf 85' lang='lat' dir='ltr'><strong>Wilbelmus</strong></span> <span class='ocrx_word' id='word_1_526' title='bbox 3670 3813 3816 3887; x_wconf 85' lang='grc'><strong>(515)</strong></span> <span class='ocrx_word' id='word_1_527' title='bbox 3842 3854 3858 3881; x_wconf 89' lang='grc'><strong><em>,</em></strong></span> <span class='ocrx_word' id='word_1_528' title='bbox 3886 3814 3973 3887; x_wconf 75' lang='lat' dir='ltr'><strong>vir</strong></span> <span class='ocrx_word' id='word_1_529' title='bbox 3996 3822 4089 3875; x_wconf 74' lang='lat' dir='ltr'><strong>sa,-</strong></span> 
     </span>
    </p>
   </div>
   <div class='ocr_carea' id='block_1_71' title="bbox 803 3910 2392 3984">
    <p class='ocr_par' dir='ltr' id='par_1_71' title="bbox 803 3910 2392 3984">
     <span class='ocr_line' id='line_1_71' title="bbox 803 3910 2392 3984; baseline -0.001 -16"><span class='ocrx_word' id='word_1_530' title='bbox 803 3922 975 3984; x_wconf 82' lang='lat' dir='ltr'><strong>geret,</strong></span> <span class='ocrx_word' id='word_1_531' title='bbox 1008 3925 1063 3968; x_wconf 91' lang='lat' dir='ltr'><strong>et</strong></span> <span class='ocrx_word' id='word_1_532' title='bbox 1092 3914 1217 3983; x_wconf 90' lang='lat' dir='ltr'><strong>quia</strong></span> <span class='ocrx_word' id='word_1_533' title='bbox 1251 3914 1419 3984; x_wconf 76' lang='lat' dir='ltr'><strong>cepim</strong></span> <span class='ocrx_word' id='word_1_534' title='bbox 1452 3912 1630 3966; x_wconf 90' lang='lat' dir='ltr'><strong>minus</strong></span> <span class='ocrx_word' id='word_1_535' title='bbox 1660 3910 1971 3967; x_wconf 79' lang='lat' dir='ltr'><strong>suilleerent</strong></span> <span class='ocrx_word' id='word_1_536' title='bbox 2014 3912 2081 3968; x_wconf 90' lang='lat' dir='ltr'><strong>ad</strong></span> <span class='ocrx_word' id='word_1_537' title='bbox 2114 3912 2218 3968; x_wconf 91' lang='lat' dir='ltr'><strong>duo</strong></span> <span class='ocrx_word' id='word_1_538' title='bbox 2254 3912 2392 3968; x_wconf 85' lang='lat' dir='ltr'><strong>bella</strong></span> 
     </span>
    </p>
   </div>
   <div class='ocr_carea' id='block_1_72' title="bbox 798 4008 1403 4080">
    <p class='ocr_par' dir='ltr' id='par_1_72' title="bbox 798 4008 1403 4080">
     <span class='ocr_line' id='line_1_72' title="bbox 798 4008 1403 4080; baseline -0.002 -17"><span class='ocrx_word' id='word_1_539' title='bbox 798 4010 1009 4080; x_wconf 89' lang='lat' dir='ltr'><strong>pariter</strong></span> <span class='ocrx_word' id='word_1_540' title='bbox 1043 4008 1403 4065; x_wconf 75' lang='lat' dir='ltr'><strong>conficienda.</strong></span> 
     </span>
    </p>
   </div>
   <div class='ocr_carea' id='block_1_73' title="bbox 876 4096 2392 4173">
    <p class='ocr_par' dir='ltr' id='par_1_73' title="bbox 876 4096 2392 4173">
     <span class='ocr_line' id='line_1_73' title="bbox 876 4096 2392 4173; baseline -0.002 -18"><span class='ocrx_word' id='word_1_541' title='bbox 876 4101 963 4156; x_wconf 87' lang='grc'><strong>71.</strong></span> <span class='ocrx_word' id='word_1_542' title='bbox 998 4098 1329 4173; x_wconf 62' lang='grc' dir='ltr'><strong>(ΟΜΕΧΙΧ.)</strong></span> <span class='ocrx_word' id='word_1_543' title='bbox 1356 4098 1666 4155; x_wconf 81' lang='lat' dir='ltr'><strong>Graecorum</strong></span> <span class='ocrx_word' id='word_1_544' title='bbox 1684 4098 1865 4170; x_wconf 86' lang='lat' dir='ltr'><strong>itaque</strong></span> <span class='ocrx_word' id='word_1_545' title='bbox 1886 4096 2077 4169; x_wconf 89' lang='lat' dir='ltr'><strong>legatis</strong></span> <span class='ocrx_word' id='word_1_546' title='bbox 2100 4097 2392 4165; x_wconf 88' lang='lat' dir='ltr'><strong>imperator</strong></span> 
     </span>
    </p>
   </div>
   <div class='ocr_carea' id='block_1_74' title="bbox 800 4188 2392 4263">
    <p class='ocr_par' dir='ltr' id='par_1_74' title="bbox 800 4188 2392 4263">
     <span class='ocr_line' id='line_1_74' title="bbox 800 4188 2392 4263; baseline -0.004 -14"><span class='ocrx_word' id='word_1_547' title='bbox 800 4191 937 4249; x_wconf 88' lang='lat' dir='ltr'><strong>satis</strong></span> <span class='ocrx_word' id='word_1_548' title='bbox 959 4192 1183 4249; x_wconf 88' lang='lat' dir='ltr'><strong>credens</strong></span> <span class='ocrx_word' id='word_1_549' title='bbox 1207 4232 1221 4258; x_wconf 93' lang='lat'><strong>,</strong></span> <span class='ocrx_word' id='word_1_550' title='bbox 1258 4200 1469 4263; x_wconf 90' lang='lat' dir='ltr'><strong>partem</strong></span> <span class='ocrx_word' id='word_1_551' title='bbox 1504 4189 1595 4221; x_wconf 65' lang='grc' dir='ltr'><strong>ιη’</strong></span> <span class='ocrx_word' id='word_1_552' title='bbox 1627 4191 1901 4246; x_wconf 84' lang='lat' dir='ltr'><strong>exercitus</strong></span> <span class='ocrx_word' id='word_1_553' title='bbox 1941 4204 2068 4245; x_wconf 91' lang='lat' dir='ltr'><strong>cum</strong></span> <span class='ocrx_word' id='word_1_554' title='bbox 2111 4188 2392 4258; x_wconf 90' lang='lat' dir='ltr'><strong>plerisque</strong></span> 
     </span>
    </p>
   </div>
   <div class='ocr_carea' id='block_1_75' title="bbox 801 4280 2393 4356">
    <p class='ocr_par' dir='ltr' id='par_1_75' title="bbox 801 4280 2393 4356">
     <span class='ocr_line' id='line_1_75' title="bbox 801 4280 2393 4356; baseline -0.003 -17"><span class='ocrx_word' id='word_1_555' title='bbox 801 4283 1191 4356; x_wconf 86' lang='lat' dir='ltr'><strong>principalibus</strong></span> <span class='ocrx_word' id='word_1_556' title='bbox 1218 4284 1352 4340; x_wconf 89' lang='lat' dir='ltr'><strong>viris</strong></span> <span class='ocrx_word' id='word_1_557' title='bbox 1390 4284 1591 4340; x_wconf 80' lang='lat' dir='ltr'><strong>direxit</strong></span> <span class='ocrx_word' id='word_1_558' title='bbox 1618 4284 1688 4339; x_wconf 90' lang='lat' dir='ltr'><strong>ad</strong></span> <span class='ocrx_word' id='word_1_559' title='bbox 1717 4282 2028 4339; x_wconf 90' lang='lat' dir='ltr'><strong>condictum</strong></span> <span class='ocrx_word' id='word_1_560' title='bbox 2057 4280 2255 4347; x_wconf 90' lang='lat' dir='ltr'><strong>locum,</strong></span> <span class='ocrx_word' id='word_1_561' title='bbox 2284 4295 2393 4351; x_wconf 91' lang='lat' dir='ltr'><strong>quo</strong></span> 
     </span>
    </p>
   </div>
   <div class='ocr_carea' id='block_1_76' title="bbox 803 4372 2392 4447">
    <p class='ocr_par' dir='ltr' id='par_1_76' title="bbox 803 4372 2392 4447">
     <span class='ocr_line' id='line_1_76' title="bbox 803 4372 2392 4447; baseline -0.003 -16"><span class='ocrx_word' id='word_1_562' title='bbox 803 4374 886 4432; x_wconf 88' lang='lat' dir='ltr'><strong>eis</strong></span> <span class='ocrx_word' id='word_1_563' title='bbox 914 4390 1073 4432; x_wconf 89' lang='lat' dir='ltr'><strong>secus</strong></span> <span class='ocrx_word' id='word_1_564' title='bbox 1099 4374 1193 4407; x_wconf 75' lang='lat'><strong>“&#39;°</strong></span> <span class='ocrx_word' id='word_1_565' title='bbox 1223 4375 1567 4447; x_wconf 91' lang='lat' dir='ltr'><strong>sponsionem</strong></span> <span class='ocrx_word' id='word_1_566' title='bbox 1607 4374 1907 4446; x_wconf 81' lang='lat' dir='ltr'><strong>legatorum</strong></span> <span class='ocrx_word' id='word_1_567' title='bbox 1940 4372 2037 4405; x_wconf 67' lang='grc' dir='ltr'><strong>⁸⁸η</strong></span> <span class='ocrx_word' id='word_1_568' title='bbox 2077 4372 2251 4442; x_wconf 89' lang='lat' dir='ltr'><strong>puella</strong></span> <span class='ocrx_word' id='word_1_569' title='bbox 2283 4382 2392 4427; x_wconf 82' lang='lat' dir='ltr'><strong>tra-</strong></span> 
     </span>
    </p>
   </div>
   <div class='ocr_carea' id='block_1_77' title="bbox 805 4465 2391 4537">
    <p class='ocr_par' dir='ltr' id='par_1_77' title="bbox 805 4465 2391 4537">
     <span class='ocr_line' id='line_1_77' title="bbox 805 4465 2391 4537; baseline -0.004 -10"><span class='ocrx_word' id='word_1_570' title='bbox 805 4467 1064 4537; x_wconf 90' lang='lat' dir='ltr'><strong>deretur,</strong></span> <span class='ocrx_word' id='word_1_571' title='bbox 1115 4476 1170 4525; x_wconf 91' lang='lat' dir='ltr'><strong>et</strong></span> <span class='ocrx_word' id='word_1_572' title='bbox 1223 4483 1345 4525; x_wconf 92' lang='lat' dir='ltr'><strong>cum</strong></span> <span class='ocrx_word' id='word_1_573' title='bbox 1399 4470 1607 4526; x_wconf 90' lang='lat' dir='ltr'><strong>honore</strong></span> <span class='ocrx_word' id='word_1_574' title='bbox 1636 4467 1750 4525; x_wconf 81' lang='lat' dir='ltr'><strong>tilio</strong></span> <span class='ocrx_word' id='word_1_575' title='bbox 1803 4467 2180 4524; x_wconf 85' lang='lat' dir='ltr'><strong>adduceretur.</strong></span> <span class='ocrx_word' id='word_1_576' title='bbox 2215 4465 2391 4523; x_wconf 82' lang='lat' dir='ltr'><strong>Graeci</strong></span> 
     </span>
    </p>
   </div>
   <div class='ocr_carea' id='block_1_78' title="bbox 2496 3904 4091 3977">
    <p class='ocr_par' dir='ltr' id='par_1_78' title="bbox 2496 3904 4091 3977">
     <span class='ocr_line' id='line_1_78' title="bbox 2496 3904 4091 3977; baseline 0.003 -18"><span class='ocrx_word' id='word_1_577' title='bbox 2496 3907 2652 3976; x_wconf 89' lang='lat' dir='ltr'><strong>piens</strong></span> <span class='ocrx_word' id='word_1_578' title='bbox 2683 3912 2739 3958; x_wconf 92' lang='lat' dir='ltr'><strong>et</strong></span> <span class='ocrx_word' id='word_1_579' title='bbox 2783 3904 3041 3975; x_wconf 88' lang='lat' dir='ltr'><strong>prudens,</strong></span> <span class='ocrx_word' id='word_1_580' title='bbox 3067 3904 3189 3973; x_wconf 87' lang='lat' dir='ltr'><strong>pius</strong></span> <span class='ocrx_word' id='word_1_581' title='bbox 3232 3912 3288 3959; x_wconf 89' lang='lat' dir='ltr'><strong>et</strong></span> <span class='ocrx_word' id='word_1_582' title='bbox 3316 3904 3529 3959; x_wconf 92' lang='lat' dir='ltr'><strong>cunctis</strong></span> <span class='ocrx_word' id='word_1_583' title='bbox 3558 3905 3785 3962; x_wconf 72' lang='lat' dir='ltr'><strong>affabilis</strong></span> <span class='ocrx_word' id='word_1_584' title='bbox 3809 3945 3825 3972; x_wconf 90' lang='lat'><strong>,</strong></span> <span class='ocrx_word' id='word_1_585' title='bbox 3876 3921 3907 3962; x_wconf 89' lang='lat' dir='ltr'><strong>a</strong></span> <span class='ocrx_word' id='word_1_586' title='bbox 3933 3915 4091 3977; x_wconf 85' lang='lat' dir='ltr'><strong>patre</strong></span> 
     </span>
    </p>
   </div>
   <div class='ocr_carea' id='block_1_79' title="bbox 2502 3994 4029 4067">
    <p class='ocr_par' dir='ltr' id='par_1_79' title="bbox 2502 3994 4029 4067">
     <span class='ocr_line' id='line_1_79' title="bbox 2502 3994 4029 4067; baseline -0.001 -14"><span class='ocrx_word' id='word_1_587' title='bbox 2502 3997 2606 4053; x_wconf 89' lang='lat' dir='ltr'><strong>sibi</strong></span> <span class='ocrx_word' id='word_1_588' title='bbox 2637 3996 3073 4053; x_wconf 86' lang='lat' dir='ltr'><strong>commendatum</strong></span> <span class='ocrx_word' id='word_1_589' title='bbox 3104 3995 3326 4065; x_wconf 84' lang='lat' dir='ltr'><strong>regebat</strong></span> <span class='ocrx_word' id='word_1_590' title='bbox 3354 3994 3689 4050; x_wconf 86' lang='lat' dir='ltr'><strong>Francorum</strong></span> <span class='ocrx_word' id='word_1_591' title='bbox 3721 3996 4029 4067; x_wconf 89' lang='lat' dir='ltr'><strong>imperium.</strong></span> 
     </span>
    </p>
   </div>
   <div class='ocr_carea' id='block_1_80' title="bbox 2572 4087 4089 4158">
    <p class='ocr_par' dir='ltr' id='par_1_80' title="bbox 2572 4087 4089 4158">
     <span class='ocr_line' id='line_1_80' title="bbox 2572 4087 4089 4158; baseline 0 -13"><span class='ocrx_word' id='word_1_592' title='bbox 2572 4090 2660 4145; x_wconf 73' lang='grc'><strong>74.</strong></span> <span class='ocrx_word' id='word_1_593' title='bbox 2691 4087 2856 4158; x_wconf 87' lang='lat' dir='ltr'><strong>Cujus</strong></span> <span class='ocrx_word' id='word_1_594' title='bbox 2883 4098 3055 4143; x_wconf 88' lang='lat' dir='ltr'><strong>mater</strong></span> <span class='ocrx_word' id='word_1_595' title='bbox 3077 4087 3203 4143; x_wconf 85' lang='lat' dir='ltr'><strong>licet</strong></span> <span class='ocrx_word' id='word_1_596' title='bbox 3224 4088 3534 4158; x_wconf 85' lang='lat' dir='ltr'><strong>peregrina,</strong></span> <span class='ocrx_word' id='word_1_597' title='bbox 3562 4087 3731 4143; x_wconf 89' lang='lat' dir='ltr'><strong>nobili</strong></span> <span class='ocrx_word' id='word_1_598' title='bbox 3762 4098 3941 4145; x_wconf 90' lang='lat' dir='ltr'><strong>tamen</strong></span> <span class='ocrx_word' id='word_1_599' title='bbox 3966 4096 4089 4145; x_wconf 85' lang='lat' dir='ltr'><strong>erat</strong></span> 
     </span>
    </p>
   </div>
   <div class='ocr_carea' id='block_1_81' title="bbox 2501 4180 4090 4257">
    <p class='ocr_par' dir='ltr' id='par_1_81' title="bbox 2501 4180 4090 4257">
     <span class='ocr_line' id='line_1_81' title="bbox 2501 4180 4090 4257; baseline -0.001 -16"><span class='ocrx_word' id='word_1_600' title='bbox 2501 4200 2697 4257; x_wconf 81' lang='lat' dir='ltr'><strong>genere</strong></span> <span class='ocrx_word' id='word_1_601' title='bbox 2730 4183 2823 4216; x_wconf 73' lang='lat'>““</span> <span class='ocrx_word' id='word_1_602' title='bbox 2849 4190 3131 4254; x_wconf 89' lang='lat' dir='ltr'><strong>procreata</strong></span> <span class='ocrx_word' id='word_1_603' title='bbox 3164 4180 3333 4252; x_wconf 89' lang='grc'><strong>(516).</strong></span> <span class='ocrx_word' id='word_1_604' title='bbox 3366 4180 3466 4236; x_wconf 89' lang='lat' dir='ltr'><strong>Hic</strong></span> <span class='ocrx_word' id='word_1_605' title='bbox 3494 4196 3618 4236; x_wconf 92' lang='lat' dir='ltr'><strong>eum</strong></span> <span class='ocrx_word' id='word_1_606' title='bbox 3646 4180 3890 4237; x_wconf 89' lang='lat' dir='ltr'><strong>audisset</strong></span> <span class='ocrx_word' id='word_1_607' title='bbox 3916 4196 4090 4254; x_wconf 65' lang='lat' dir='ltr'><strong>agro-</strong></span> 
     </span>
    </p>
   </div>
   <div class='ocr_carea' id='block_1_82' title="bbox 2500 4270 4088 4347">
    <p class='ocr_par' dir='ltr' id='par_1_82' title="bbox 2500 4270 4088 4347">
     <span class='ocr_line' id='line_1_82' title="bbox 2500 4270 4088 4347; baseline -0.003 -14"><span class='ocrx_word' id='word_1_608' title='bbox 2500 4286 2617 4333; x_wconf 86' lang='lat' dir='ltr'><strong>tare</strong></span> <span class='ocrx_word' id='word_1_609' title='bbox 2630 4275 2860 4347; x_wconf 88' lang='lat' dir='ltr'><strong>coepisse</strong></span> <span class='ocrx_word' id='word_1_610' title='bbox 2874 4282 3102 4328; x_wconf 91' lang='lat' dir='ltr'><strong>matrem</strong></span> <span class='ocrx_word' id='word_1_611' title='bbox 3116 4271 3458 4343; x_wconf 88' lang='lat' dir='ltr'><strong>imperatoris</strong></span> <span class='ocrx_word' id='word_1_612' title='bbox 3478 4270 3949 4344; x_wconf 82' lang='lat' dir='ltr'><strong>(DCCCCLXVlll)</strong></span> <span class='ocrx_word' id='word_1_613' title='bbox 3960 4312 3975 4339; x_wconf 91' lang='lat'><strong>,</strong></span> <span class='ocrx_word' id='word_1_614' title='bbox 3990 4273 4088 4329; x_wconf 89' lang='lat' dir='ltr'><strong>mi-</strong></span> 
     </span>
    </p>
   </div>
   <div class='ocr_carea' id='block_1_83' title="bbox 2501 4358 4087 4430">
    <p class='ocr_par' dir='ltr' id='par_1_83' title="bbox 2501 4358 4087 4430">
     <span class='ocr_line' id='line_1_83' title="bbox 2501 4358 4087 4430; baseline -0.005 -5"><span class='ocrx_word' id='word_1_615' title='bbox 2501 4366 2894 4424; x_wconf 66' lang='lat' dir='ltr'><strong>rm’sanctitatis</strong></span> <span class='ocrx_word' id='word_1_616' title='bbox 2910 4363 3164 4420; x_wconf 88' lang='lat' dir='ltr'><strong>feminam</strong></span> <span class='ocrx_word' id='word_1_617' title='bbox 3176 4402 3191 4430; x_wconf 93' lang='lat'><strong>,</strong></span> <span class='ocrx_word' id='word_1_618' title='bbox 3206 4362 3422 4418; x_wconf 90' lang='lat' dir='ltr'><strong>nomine</strong></span> <span class='ocrx_word' id='word_1_619' title='bbox 3434 4361 3787 4417; x_wconf 85' lang='lat' dir='ltr'><strong>Mabtbildam</strong></span> <span class='ocrx_word' id='word_1_620' title='bbox 3802 4358 3921 4430; x_wconf 78' lang='lat'><strong>““,</strong></span> <span class='ocrx_word' id='word_1_621' title='bbox 3937 4364 4087 4419; x_wconf 85' lang='lat' dir='ltr'><strong>dum-</strong></span> 
     </span>
    </p>
   </div>
   <div class='ocr_carea' id='block_1_84' title="bbox 2499 4454 4086 4533">
    <p class='ocr_par' dir='ltr' id='par_1_84' title="bbox 2499 4454 4086 4533">
     <span class='ocr_line' id='line_1_84' title="bbox 2499 4454 4086 4533; baseline 0 -17"><span class='ocrx_word' id='word_1_622' title='bbox 2499 4476 2604 4533; x_wconf 86' lang='lat' dir='ltr'><strong>que</strong></span> <span class='ocrx_word' id='word_1_623' title='bbox 2632 4458 2748 4530; x_wconf 89' lang='lat' dir='ltr'><strong>ejus</strong></span> <span class='ocrx_word' id='word_1_624' title='bbox 2769 4466 3019 4531; x_wconf 85' lang='lat' dir='ltr'><strong>expectat</strong></span> <span class='ocrx_word' id='word_1_625' title='bbox 3041 4456 3222 4526; x_wconf 84' lang='lat' dir='ltr'><strong>funus,</strong></span> <span class='ocrx_word' id='word_1_626' title='bbox 3244 4455 3467 4530; x_wconf 89' lang='lat' dir='ltr'><strong>proprio</strong></span> <span class='ocrx_word' id='word_1_627' title='bbox 3497 4454 3691 4513; x_wconf 89' lang='lat' dir='ltr'><strong>funere</strong></span> <span class='ocrx_word' id='word_1_628' title='bbox 3721 4456 3894 4530; x_wconf 86' lang='lat' dir='ltr'><strong>ipsius</strong></span> <span class='ocrx_word' id='word_1_629' title='bbox 3919 4455 4086 4516; x_wconf 87' lang='lat' dir='ltr'><strong>funus</strong></span> 
     </span>
    </p>
   </div>
   <div class='ocr_carea' id='block_1_85' title="bbox 2088 4570 2762 4636">
    <p class='ocr_par' dir='ltr' id='par_1_85' title="bbox 2088 4570 2762 4636">
     <span class='ocr_line' id='line_1_85' title="bbox 2088 4570 2762 4636; baseline -0.012 0"><span class='ocrx_word' id='word_1_630' title='bbox 2088 4577 2321 4636; x_wconf 75' lang='lat' dir='ltr'><strong>VARLE</strong></span> <span class='ocrx_word' id='word_1_631' title='bbox 2360 4570 2762 4633; x_wconf 82' lang='lat' dir='ltr'><strong>LECTIONES.</strong></span> 
     </span>
    </p>
   </div>
   <div class='ocr_carea' id='block_1_86' title="bbox 886 4662 3022 4733">
    <p class='ocr_par' dir='ltr' id='par_1_86' title="bbox 886 4662 3022 4733">
     <span class='ocr_line' id='line_1_86' title="bbox 886 4662 3022 4733; baseline -0.008 1"><span class='ocrx_word' id='word_1_632' title='bbox 886 4674 984 4710; x_wconf 71' lang='grc'><strong>¹⁸¹³</strong></span> <span class='ocrx_word' id='word_1_633' title='bbox 1012 4675 1163 4733; x_wconf 90' lang='lat' dir='ltr'><strong>illum</strong></span> <span class='ocrx_word' id='word_1_634' title='bbox 1200 4677 1381 4733; x_wconf 88' lang='lat' dir='ltr'><strong>tradat</strong></span> <span class='ocrx_word' id='word_1_635' title='bbox 1409 4675 1496 4733; x_wconf 86' lang='lat' dir='ltr'><strong>vel</strong></span> <span class='ocrx_word' id='word_1_636' title='bbox 1532 4674 1865 4731; x_wconf 88' lang='lat' dir='ltr'><strong>transmittat</strong></span> <span class='ocrx_word' id='word_1_637' title='bbox 1891 4671 1945 4727; x_wconf 88' lang='lat'><strong>2.</strong></span> <span class='ocrx_word' id='word_1_638' title='bbox 1980 4671 2126 4726; x_wconf 90' lang='lat' dir='ltr'><strong>illum</strong></span> <span class='ocrx_word' id='word_1_639' title='bbox 2161 4670 2497 4726; x_wconf 83' lang='lat' dir='ltr'><strong>transmittat</strong></span> <span class='ocrx_word' id='word_1_640' title='bbox 2521 4666 2573 4733; x_wconf 85' lang='lat'><strong>7_.</strong></span> <span class='ocrx_word' id='word_1_641' title='bbox 2651 4663 2742 4695; x_wconf 55' lang='lat' dir='ltr'><strong>“i‘</strong></span> <span class='ocrx_word' id='word_1_642' title='bbox 2769 4662 2927 4719; x_wconf 91' lang='lat' dir='ltr'><strong>deum</strong></span> <span class='ocrx_word' id='word_1_643' title='bbox 2956 4662 3022 4717; x_wconf 87' lang='lat' dir='ltr'><strong>A.</strong></span> 
     </span>
    </p>
   </div>
   <div class='ocr_carea' id='block_1_87' title="bbox 879 4729 3190 4877">
    <p class='ocr_par' dir='ltr' id='par_1_87' title="bbox 879 4729 3190 4877">
     <span class='ocr_line' id='line_1_87' title="bbox 879 4729 3188 4818; baseline -0.009 -15"><span class='ocrx_word' id='word_1_644' title='bbox 879 4748 896 4803; x_wconf 92' lang='lat' dir='ltr'><strong>i</strong></span> <span class='ocrx_word' id='word_1_645' title='bbox 929 4729 1493 4818; x_wconf 29' lang='lat' dir='ltr'><strong>Itis&#39;uerbisnfinwiturf</strong></span> <span class='ocrx_word' id='word_1_646' title='bbox 1516 4729 1612 4782; x_wconf 58' lang='grc' dir='ltr'><strong>ωδ</strong></span> <span class='ocrx_word' id='word_1_647' title='bbox 1637 4729 1837 4802; x_wconf 86' lang='lat' dir='ltr'><strong>certior</strong></span> <span class='ocrx_word' id='word_1_648' title='bbox 1865 4744 1918 4799; x_wconf 89' lang='grc'><strong>5.</strong></span> <span class='ocrx_word' id='word_1_649' title='bbox 1993 4742 2085 4775; x_wconf 71' lang='lat'><strong>“‘7</strong></span> <span class='ocrx_word' id='word_1_650' title='bbox 2125 4740 2420 4797; x_wconf 85' lang='lat' dir='ltr'><strong>thiederico</strong></span> <span class='ocrx_word' id='word_1_651' title='bbox 2447 4738 2502 4792; x_wconf 94' lang='lat'><strong>2.</strong></span> <span class='ocrx_word' id='word_1_652' title='bbox 2534 4729 2586 4791; x_wconf 86' lang='grc'><strong>5.</strong></span> <span class='ocrx_word' id='word_1_653' title='bbox 2640 4734 2759 4818; x_wconf 39' lang='grc' dir='ltr'><strong>ο¹⁴ι⁸</strong></span> <span class='ocrx_word' id='word_1_654' title='bbox 2803 4735 2940 4789; x_wconf 89' lang='lat' dir='ltr'><strong>deest</strong></span> <span class='ocrx_word' id='word_1_655' title='bbox 2980 4734 3032 4787; x_wconf 94' lang='grc'><strong>1.</strong></span> <span class='ocrx_word' id='word_1_656' title='bbox 3122 4733 3188 4771; x_wconf 62' lang='grc' dir='ltr'><strong>ιιι</strong></span> 
     </span>
     <span class='ocr_line' id='line_1_88' title="bbox 900 4803 3190 4877; baseline -0.007 -4"><span class='ocrx_word' id='word_1_657' title='bbox 900 4819 955 4873; x_wconf 85' lang='grc'><strong>7.</strong></span> <span class='ocrx_word' id='word_1_658' title='bbox 1033 4819 1129 4853; x_wconf 74' lang='grc'>¹⁸¹¹</span> <span class='ocrx_word' id='word_1_659' title='bbox 1159 4836 1361 4877; x_wconf 74' lang='lat' dir='ltr'><strong>semper</strong></span> <span class='ocrx_word' id='word_1_660' title='bbox 1387 4817 1693 4877; x_wconf 82' lang='lat' dir='ltr'><strong>Annuliam.</strong></span> <span class='ocrx_word' id='word_1_661' title='bbox 1772 4816 1869 4851; x_wconf 76' lang='lat'>““</span> <span class='ocrx_word' id='word_1_662' title='bbox 1904 4813 2230 4869; x_wconf 78' lang='lat' dir='ltr'><strong>fraxinetum</strong></span> <span class='ocrx_word' id='word_1_663' title='bbox 2256 4814 2311 4868; x_wconf 90' lang='grc'><strong>5.</strong></span> <span class='ocrx_word' id='word_1_664' title='bbox 2342 4812 2393 4865; x_wconf 94' lang='grc'><strong>7.</strong></span> <span class='ocrx_word' id='word_1_665' title='bbox 2476 4807 2570 4840; x_wconf 52' lang='lat' dir='ltr'><strong>im</strong></span> <span class='ocrx_word' id='word_1_666' title='bbox 2602 4806 2947 4877; x_wconf 71' lang='lat' dir='ltr'><strong>disponemus</strong></span> <span class='ocrx_word' id='word_1_667' title='bbox 2966 4804 3019 4858; x_wconf 91' lang='grc'><strong>5.</strong></span> <span class='ocrx_word' id='word_1_668' title='bbox 3049 4873 3070 4877; x_wconf 34' lang='grc' dir='ltr'><strong>Α</strong></span> <span class='ocrx_word' id='word_1_669' title='bbox 3096 4803 3190 4877; x_wconf 58' lang='lat' dir='ltr'><strong>mf</strong></span> 
     </span>
    </p>
   </div>
   <div class='ocr_carea' id='block_1_88' title="bbox 848 4812 2393 4890">
    <p class='ocr_par' dir='ltr' id='par_1_88' title="bbox 848 4812 2393 4890">
     <span class='ocr_line' id='line_1_89' title="bbox 848 4812 2393 4890; baseline -0.006 -16"><span class='ocrx_word' id='word_1_670' title='bbox 848 4859 863 4874; x_wconf 94' lang='lat'><strong>.</strong></span> <span class='ocrx_word' id='word_1_671' title='bbox 900 4819 955 4873; x_wconf 84' lang='lat'><strong>7.</strong></span> <span class='ocrx_word' id='word_1_672' title='bbox 1033 4819 1129 4853; x_wconf 73' lang='grc'>¹⁸¹¹</span> <span class='ocrx_word' id='word_1_673' title='bbox 1159 4812 1361 4889; x_wconf 80' lang='lat' dir='ltr'><strong>semper</strong></span> <span class='ocrx_word' id='word_1_674' title='bbox 1387 4817 1724 4890; x_wconf 24' lang='lat' dir='ltr'><strong>Appuliam.‘</strong></span> <span class='ocrx_word' id='word_1_675' title='bbox 1772 4816 1869 4851; x_wconf 76' lang='lat'>““</span> <span class='ocrx_word' id='word_1_676' title='bbox 1883 4813 2230 4890; x_wconf 61' lang='lat' dir='ltr'><strong>fraxinetutn</strong></span> <span class='ocrx_word' id='word_1_677' title='bbox 2256 4814 2311 4868; x_wconf 89' lang='grc'><strong>5.</strong></span> <span class='ocrx_word' id='word_1_678' title='bbox 2342 4812 2393 4865; x_wconf 95' lang='grc'><strong>7.</strong></span> 
     </span>
    </p>
   </div>
   <div class='ocr_carea' id='block_1_89' title="bbox 807 4890 1472 4947">
    <p class='ocr_par' dir='ltr' id='par_1_89' title="bbox 807 4890 1472 4947">
     <span class='ocr_line' id='line_1_90' title="bbox 807 4890 1472 4947; baseline -0.005 0"><span class='ocrx_word' id='word_1_679' title='bbox 807 4891 863 4947; x_wconf 91' lang='lat'><strong>7.</strong></span> <span class='ocrx_word' id='word_1_680' title='bbox 940 4890 1034 4924; x_wconf 69' lang='grc'><strong>³⁸³⁸</strong></span> <span class='ocrx_word' id='word_1_681' title='bbox 1087 4890 1372 4946; x_wconf 90' lang='lat' dir='ltr'><strong>erimanuo</strong></span> <span class='ocrx_word' id='word_1_682' title='bbox 1421 4892 1472 4944; x_wconf 87' lang='grc'><strong>1.</strong></span> 
     </span>
    </p>
   </div>
   <div class='ocr_carea' id='block_1_90' title="bbox 811 4955 2140 5034">
    <p class='ocr_par' dir='ltr' id='par_1_90' title="bbox 811 4955 2140 5034">
     <span class='ocr_line' id='line_1_91' title="bbox 811 4955 2140 5034; baseline -0.006 -17"><span class='ocrx_word' id='word_1_683' title='bbox 811 4959 913 5034; x_wconf 46' lang='lat' dir='ltr'><strong>if?</strong></span> <span class='ocrx_word' id='word_1_684' title='bbox 942 4961 1149 5034; x_wconf 88' lang='lat' dir='ltr'><strong>primas</strong></span> <span class='ocrx_word' id='word_1_685' title='bbox 1206 4961 1254 5034; x_wconf 83' lang='lat' dir='ltr'><strong>l_.</strong></span> <span class='ocrx_word' id='word_1_686' title='bbox 1331 4961 1426 5034; x_wconf 55' lang='lat' dir='ltr'><strong>‘f’?</strong></span> <span class='ocrx_word' id='word_1_687' title='bbox 1462 4957 1687 5034; x_wconf 81' lang='lat' dir='ltr'><strong>arte_5.</strong></span> <span class='ocrx_word' id='word_1_688' title='bbox 1764 4955 1863 5034; x_wconf 62' lang='lat' dir='ltr'><strong>ff“</strong></span> <span class='ocrx_word' id='word_1_689' title='bbox 1916 4957 2059 5034; x_wconf 63' lang='lat' dir='ltr'><strong>deest</strong></span> <span class='ocrx_word' id='word_1_690' title='bbox 2088 4956 2140 5034; x_wconf 59' lang='lat'><strong>1.</strong></span> 
     </span>
    </p>
   </div>
   <div class='ocr_carea' id='block_1_91' title="bbox 1554 4875 2834 5006">
    <p class='ocr_par' dir='ltr' id='par_1_91' title="bbox 1554 4875 2834 5006">
     <span class='ocr_line' id='line_1_92' title="bbox 1554 4875 2834 4942; baseline -0.009 0"><span class='ocrx_word' id='word_1_691' title='bbox 1554 4887 1643 4922; x_wconf 72' lang='lat'><strong>“’7</strong></span> <span class='ocrx_word' id='word_1_692' title='bbox 1691 4887 1830 4942; x_wconf 86' lang='lat' dir='ltr'><strong>deest</strong></span> <span class='ocrx_word' id='word_1_693' title='bbox 1877 4884 1931 4940; x_wconf 78' lang='lat'><strong>2.</strong></span> <span class='ocrx_word' id='word_1_694' title='bbox 2013 4884 2103 4919; x_wconf 62' lang='lat'><strong>“&#39;3</strong></span> <span class='ocrx_word' id='word_1_695' title='bbox 2161 4884 2448 4939; x_wconf 89' lang='lat' dir='ltr'><strong>adversum</strong></span> <span class='ocrx_word' id='word_1_696' title='bbox 2501 4878 2555 4931; x_wconf 87' lang='lat'><strong>2.</strong></span> <span class='ocrx_word' id='word_1_697' title='bbox 2612 4875 2703 4932; x_wconf 42' lang='lat'><strong>7._</strong></span> <span class='ocrx_word' id='word_1_698' title='bbox 2743 4876 2834 4907; x_wconf 64' lang='lat'><strong>“&#39;9</strong></span> 
     </span>
     <span class='ocr_line' id='line_1_93' title="bbox 1554 4945 2834 5006; baseline -0.005 0"><span class='ocrx_word' id='word_1_699' title='bbox 1554 4975 1579 5006; x_wconf 61' lang='grc' dir='ltr'>ρ</span> <span class='ocrx_word' id='word_1_700' title='bbox 1635 4957 1687 5006; x_wconf 80' lang='grc'><strong>5.</strong></span> <span class='ocrx_word' id='word_1_701' title='bbox 1766 4955 1863 4991; x_wconf 67' lang='grc' dir='ltr'><strong>ωδ</strong></span> <span class='ocrx_word' id='word_1_702' title='bbox 1916 4956 2140 5006; x_wconf 73' lang='grc' dir='ltr'><strong>Δεεεε1.</strong></span> <span class='ocrx_word' id='word_1_703' title='bbox 2218 4953 2315 4987; x_wconf 49' lang='lat' dir='ltr'><strong>ii”</strong></span> <span class='ocrx_word' id='word_1_704' title='bbox 2344 4952 2483 5006; x_wconf 87' lang='lat' dir='ltr'><strong>deest</strong></span> <span class='ocrx_word' id='word_1_705' title='bbox 2535 4948 2588 5002; x_wconf 83' lang='grc'><strong>1.</strong></span> <span class='ocrx_word' id='word_1_706' title='bbox 2666 4945 2763 4979; x_wconf 54' lang='lat' dir='ltr'><strong>im</strong></span> <span class='ocrx_word' id='word_1_707' title='bbox 2824 4962 2834 5000; x_wconf 81' lang='grc' dir='ltr'>ι</span> 
     </span>
    </p>
   </div>
   <div class='ocr_carea' id='block_1_92' title="bbox 2382 4968 2588 5005">
    <p class='ocr_par' dir='ltr' id='par_1_92' title="bbox 2382 4968 2588 5005">
     <span class='ocr_line' id='line_1_94' title="bbox 2382 4968 2588 5005; baseline -0.019 0"><span class='ocrx_word' id='word_1_708' title='bbox 2382 4968 2483 5005; x_wconf 82' lang='lat' dir='ltr'><strong>eest</strong></span> <span class='ocrx_word' id='word_1_709' title='bbox 2535 4968 2560 5002; x_wconf 83' lang='grc' dir='ltr'>ἰ</span> <span class='ocrx_word' id='word_1_710' title='bbox 2574 4986 2588 5001; x_wconf 73' lang='grc' dir='ltr'><strong>ο</strong></span> 
     </span>
    </p>
   </div>
   <div class='ocr_carea' id='block_1_93' title="bbox 3100 4660 4081 4733">
    <p class='ocr_par' dir='ltr' id='par_1_93' title="bbox 3100 4660 4081 4733">
     <span class='ocr_line' id='line_1_95' title="bbox 3100 4660 4081 4733; baseline 0.029 -42"><span class='ocrx_word' id='word_1_711' title='bbox 3100 4660 3209 4733; x_wconf 69' lang='grc' dir='ltr'><strong>ιιιιιΔ</strong></span> <span class='ocrx_word' id='word_1_712' title='bbox 3232 4668 3439 4733; x_wconf 55' lang='lat' dir='ltr'><strong>patrem</strong></span> <span class='ocrx_word' id='word_1_713' title='bbox 3470 4666 3633 4733; x_wconf 77' lang='lat' dir='ltr'><strong>tuum</strong></span> <span class='ocrx_word' id='word_1_714' title='bbox 3646 4674 3787 4733; x_wconf 78' lang='lat' dir='ltr'><strong>unus</strong></span> <span class='ocrx_word' id='word_1_715' title='bbox 3803 4730 3812 4733; x_wconf 22' lang='grc' dir='ltr'><strong>Α</strong></span> <span class='ocrx_word' id='word_1_716' title='bbox 3834 4660 3967 4733; x_wconf 70' lang='lat' dir='ltr'><strong>eod.</strong></span> <span class='ocrx_word' id='word_1_717' title='bbox 3981 4660 4081 4733; x_wconf 74' lang='grc' dir='ltr'><strong>Α..</strong></span> 
     </span>
    </p>
   </div>
   <div class='ocr_carea' id='block_1_94' title="bbox 3122 4728 4072 4800">
    <p class='ocr_par' dir='ltr' id='par_1_94' title="bbox 3122 4728 4072 4800">
     <span class='ocr_line' id='line_1_96' title="bbox 3122 4728 4072 4800; baseline 0.022 -30"><span class='ocrx_word' id='word_1_718' title='bbox 3122 4731 3215 4771; x_wconf 68' lang='grc' dir='ltr'><strong>μιν</strong></span> <span class='ocrx_word' id='word_1_719' title='bbox 3232 4728 3461 4785; x_wconf 65' lang='grc' dir='ltr'><strong>“οωιθι·ἰε</strong></span> <span class='ocrx_word' id='word_1_720' title='bbox 3488 4730 3541 4785; x_wconf 89' lang='grc'><strong>1.</strong></span> <span class='ocrx_word' id='word_1_721' title='bbox 3620 4728 3715 4800; x_wconf 44' lang='grc' dir='ltr'>ίξιο</span> <span class='ocrx_word' id='word_1_722' title='bbox 3738 4730 3815 4786; x_wconf 89' lang='lat' dir='ltr'><strong>rei</strong></span> <span class='ocrx_word' id='word_1_723' title='bbox 3845 4728 4072 4800; x_wconf 67' lang='lat' dir='ltr'><strong>publicas</strong></span> 
     </span>
    </p>
   </div>
   <div class='ocr_carea' id='block_1_95' title="bbox 3242 4799 4079 4871">
    <p class='ocr_par' dir='ltr' id='par_1_95' title="bbox 3242 4799 4079 4871">
     <span class='ocr_line' id='line_1_97' title="bbox 3242 4799 4079 4871; baseline 0.006 -16"><span class='ocrx_word' id='word_1_724' title='bbox 3242 4800 3397 4871; x_wconf 88' lang='lat' dir='ltr'><strong>quasi</strong></span> <span class='ocrx_word' id='word_1_725' title='bbox 3432 4800 3483 4854; x_wconf 91' lang='grc'><strong>1.</strong></span> <span class='ocrx_word' id='word_1_726' title='bbox 3526 4799 3652 4871; x_wconf 17' lang='grc' dir='ltr'><strong>γ¹⁸²⁸</strong></span> <span class='ocrx_word' id='word_1_727' title='bbox 3691 4799 3973 4871; x_wconf 84' lang='lat' dir='ltr'><strong>nobiscum</strong></span> <span class='ocrx_word' id='word_1_728' title='bbox 4021 4803 4079 4861; x_wconf 90' lang='lat'><strong>2.</strong></span> 
     </span>
    </p>
   </div>
   <div class='ocr_carea' id='block_1_96' title="bbox 2884 4870 4080 4946">
    <p class='ocr_par' dir='ltr' id='par_1_96' title="bbox 2884 4870 4080 4946">
     <span class='ocr_line' id='line_1_98' title="bbox 2884 4870 4080 4946; baseline 0.002 -18"><span class='ocrx_word' id='word_1_729' title='bbox 2884 4890 2999 4946; x_wconf 90' lang='lat' dir='ltr'><strong>par.</strong></span> <span class='ocrx_word' id='word_1_730' title='bbox 3030 4873 3097 4946; x_wconf 9' lang='lat'><strong>,2.</strong></span> <span class='ocrx_word' id='word_1_731' title='bbox 3176 4870 3273 4946; x_wconf 45' lang='lat'><strong>“1“</strong></span> <span class='ocrx_word' id='word_1_732' title='bbox 3313 4870 3566 4946; x_wconf 76' lang='lat' dir='ltr'><strong>deest__i.</strong></span> <span class='ocrx_word' id='word_1_733' title='bbox 3602 4941 3613 4946; x_wconf 31' lang='grc' dir='ltr'><strong>Α</strong></span> <span class='ocrx_word' id='word_1_734' title='bbox 3644 4870 3739 4946; x_wconf 59' lang='lat'>‘_*_“_</span> <span class='ocrx_word' id='word_1_735' title='bbox 3765 4871 3973 4946; x_wconf 66' lang='lat' dir='ltr'><strong>legatis</strong></span> <span class='ocrx_word' id='word_1_736' title='bbox 4022 4874 4080 4946; x_wconf 72' lang='lat'><strong>2.</strong></span> 
     </span>
    </p>
   </div>
   <div class='ocr_carea' id='block_1_97' title="bbox 2666 4939 4076 5001">
    <p class='ocr_par' dir='ltr' id='par_1_97' title="bbox 2666 4939 4076 5001">
     <span class='ocr_line' id='line_1_99' title="bbox 2666 4939 4076 5001; baseline 0.007 -4"><span class='ocrx_word' id='word_1_737' title='bbox 2666 4945 2763 4979; x_wconf 68' lang='grc'>³⁸³⁸</span> <span class='ocrx_word' id='word_1_738' title='bbox 2824 4939 3158 5000; x_wconf 73' lang='lat' dir='ltr'><strong>nunciabant</strong></span> <span class='ocrx_word' id='word_1_739' title='bbox 3201 4943 3255 4997; x_wconf 84' lang='lat'><strong>2.</strong></span> <span class='ocrx_word' id='word_1_740' title='bbox 3313 4943 3366 4999; x_wconf 82' lang='grc'><strong>5.</strong></span> <span class='ocrx_word' id='word_1_741' title='bbox 3443 4940 3535 4979; x_wconf 69' lang='grc'>⁸⁸⁸⁷</span> <span class='ocrx_word' id='word_1_742' title='bbox 3571 4939 3872 5001; x_wconf 68' lang='grc' dir='ltr'><strong>εἱαίἶτίὀυιὶι</strong></span> <span class='ocrx_word' id='word_1_743' title='bbox 3905 4945 3961 4999; x_wconf 71' lang='grc' dir='ltr'><strong>2ο</strong></span> <span class='ocrx_word' id='word_1_744' title='bbox 4021 4944 4076 5001; x_wconf 73' lang='lat'><strong>5-</strong></span> 
     </span>
    </p>
   </div>
   <div class='ocr_carea' id='block_1_98' title="bbox 813 5011 4078 5105">
    <p class='ocr_par' dir='ltr' id='par_1_98' title="bbox 813 5011 4078 5105">
     <span class='ocr_line' id='line_1_100' title="bbox 813 5011 4078 5105; baseline -0.006 -17"><span class='ocrx_word' id='word_1_745' title='bbox 813 5024 912 5065; x_wconf 77' lang='grc'><strong>⁸⁸³⁸</strong></span> <span class='ocrx_word' id='word_1_746' title='bbox 937 5011 1278 5105; x_wconf 49' lang='lat' dir='ltr'><strong>eruperant—2.</strong></span> <span class='ocrx_word' id='word_1_747' title='bbox 1356 5027 1447 5067; x_wconf 68' lang='grc'><strong>⁸⁸³⁸</strong></span> <span class='ocrx_word' id='word_1_748' title='bbox 1465 5011 1514 5085; x_wconf 61' lang='lat'>3</span> <span class='ocrx_word' id='word_1_749' title='bbox 1531 5011 1656 5086; x_wconf 66' lang='lat' dir='ltr'><strong>suis</strong></span> <span class='ocrx_word' id='word_1_750' title='bbox 1677 5026 1914 5105; x_wconf 71' lang='lat' dir='ltr'><strong>audiens</strong></span> <span class='ocrx_word' id='word_1_751' title='bbox 1932 5027 1984 5081; x_wconf 88' lang='grc'><strong>5.</strong></span> <span class='ocrx_word' id='word_1_752' title='bbox 2012 5024 2081 5105; x_wconf 86' lang='lat' dir='ltr'><strong>I_n</strong></span> <span class='ocrx_word' id='word_1_753' title='bbox 2119 5021 2531 5105; x_wconf 31' lang='lat' dir='ltr'><strong>2._foliote..rciso</strong></span> <span class='ocrx_word' id='word_1_754' title='bbox 2563 5034 2680 5105; x_wconf 64' lang='lat' dir='ltr'><strong>quia</strong></span> <span class='ocrx_word' id='word_1_755' title='bbox 2733 5025 3024 5105; x_wconf 45' lang='lat' dir='ltr'><strong>.sequ‘uptur</strong></span> <span class='ocrx_word' id='word_1_756' title='bbox 3064 5029 3227 5105; x_wconf 69' lang='lat' dir='ltr'><strong>usque</strong></span> <span class='ocrx_word' id='word_1_757' title='bbox 3262 5011 3541 5105; x_wconf 44' lang='grc' dir='ltr'><strong>αξιιιικενιξιξΔ</strong></span> <span class='ocrx_word' id='word_1_758' title='bbox 3546 5011 3740 5105; x_wconf 38' lang='lat' dir='ltr'><strong>9:15..L</strong></span> <span class='ocrx_word' id='word_1_759' title='bbox 3750 5027 3820 5105; x_wconf 65' lang='lat' dir='ltr'><strong>au</strong></span> <span class='ocrx_word' id='word_1_760' title='bbox 3826 5015 4078 5105; x_wconf 43' lang='lat' dir='ltr'><strong>internis</strong></span> 
     </span>
    </p>
   </div>
   <div class='ocr_carea' id='block_1_99' title="bbox 820 5080 4077 5175">
    <p class='ocr_par' dir='ltr' id='par_1_99' title="bbox 820 5080 4077 5175">
     <span class='ocr_line' id='line_1_101' title="bbox 820 5080 4077 5175; baseline -0.006 -14"><span class='ocrx_word' id='word_1_761' title='bbox 820 5080 1201 5161; x_wconf 42' lang='lat' dir='ltr'><strong>candidi-(atro</strong></span> <span class='ocrx_word' id='word_1_762' title='bbox 1221 5080 1328 5160; x_wconf 61' lang='lat' dir='ltr'><strong>cie.</strong></span> <span class='ocrx_word' id='word_1_763' title='bbox 1357 5080 1916 5158; x_wconf 36' lang='lat' dir='ltr'><strong>desideranturzmlm</strong></span> <span class='ocrx_word' id='word_1_764' title='bbox 1944 5080 2003 5152; x_wconf 85' lang='lat' dir='ltr'><strong>in</strong></span> <span class='ocrx_word' id='word_1_765' title='bbox 2031 5096 2160 5168; x_wconf 91' lang='lat' dir='ltr'><strong>imp.</strong></span> <span class='ocrx_word' id='word_1_766' title='bbox 2184 5080 2238 5151; x_wconf 84' lang='grc'><strong>5.</strong></span> <span class='ocrx_word' id='word_1_767' title='bbox 2319 5092 2407 5128; x_wconf 70' lang='grc'>¹⁸⁶¹</span> <span class='ocrx_word' id='word_1_768' title='bbox 2434 5080 2699 5175; x_wconf 74' lang='lat' dir='ltr'><strong>consiitus</strong></span> <span class='ocrx_word' id='word_1_769' title='bbox 2728 5080 2813 5141; x_wconf 84' lang='grc'><strong>1.’</strong></span> <span class='ocrx_word' id='word_1_770' title='bbox 2856 5085 2948 5119; x_wconf 70' lang='grc' dir='ltr'><strong>¹⁶δ²</strong></span> <span class='ocrx_word' id='word_1_771' title='bbox 2977 5080 3176 5156; x_wconf 81' lang='lat' dir='ltr'><strong>genere</strong></span> <span class='ocrx_word' id='word_1_772' title='bbox 3199 5093 3317 5141; x_wconf 86' lang='lat' dir='ltr'><strong>erat</strong></span> <span class='ocrx_word' id='word_1_773' title='bbox 3342 5082 3397 5139; x_wconf 82' lang='grc'><strong>5.</strong></span> <span class='ocrx_word' id='word_1_774' title='bbox 3474 5080 3567 5120; x_wconf 71' lang='grc' dir='ltr'><strong>¹δ⁴⁸</strong></span> <span class='ocrx_word' id='word_1_775' title='bbox 3595 5082 3911 5144; x_wconf 79' lang='lat' dir='ltr'><strong>matbildam</strong></span> <span class='ocrx_word' id='word_1_776' title='bbox 3942 5085 3996 5144; x_wconf 82' lang='grc'><strong>1.</strong></span> <span class='ocrx_word' id='word_1_777' title='bbox 4018 5086 4077 5145; x_wconf 83' lang='grc'><strong>5.</strong></span> 
     </span>
    </p>
   </div>
   <div class='ocr_carea' id='block_1_100' title="bbox 2308 5207 2542 5268">
    <p class='ocr_par' dir='ltr' id='par_1_100' title="bbox 2308 5207 2542 5268">
     <span class='ocr_line' id='line_1_102' title="bbox 2308 5207 2542 5268; baseline -0.004 -3"><span class='ocrx_word' id='word_1_778' title='bbox 2308 5207 2542 5268; x_wconf 68' lang='lat' dir='ltr'><strong>NOTAE.</strong></span> 
     </span>
    </p>
   </div>
   <div class='ocr_carea' id='block_1_101' title="bbox 904 5300 2398 5385">
    <p class='ocr_par' dir='ltr' id='par_1_101' title="bbox 904 5300 2398 5385">
     <span class='ocr_line' id='line_1_103' title="bbox 904 5300 2398 5385; baseline -0.009 -16"><span class='ocrx_word' id='word_1_779' title='bbox 904 5310 1031 5385; x_wconf 87' lang='grc'><strong>511)</strong></span> <span class='ocrx_word' id='word_1_780' title='bbox 1063 5310 1490 5385; x_wconf 65' lang='lat' dir='ltr'><strong>piem__mortis_</strong></span> <span class='ocrx_word' id='word_1_781' title='bbox 1504 5306 1750 5385; x_wconf 37' lang='lat' dir='ltr'><strong>licere]...</strong></span> <span class='ocrx_word' id='word_1_782' title='bbox 1776 5304 2222 5385; x_wconf 44' lang='lat' dir='ltr'><strong>Luneburgense‘</strong></span> <span class='ocrx_word' id='word_1_783' title='bbox 2247 5300 2398 5385; x_wconf 65' lang='lat' dir='ltr'><strong>(We-</strong></span> 
     </span>
    </p>
   </div>
   <div class='ocr_carea' id='block_1_102' title="bbox 812 5374 2393 5453">
    <p class='ocr_par' dir='ltr' id='par_1_102' title="bbox 812 5374 2393 5453">
     <span class='ocr_line' id='line_1_104' title="bbox 812 5374 2393 5453; baseline -0.01 -12"><span class='ocrx_word' id='word_1_784' title='bbox 812 5374 1025 5441; x_wconf 60' lang='lat' dir='ltr'><strong>deltind&#39;</strong></span> <span class='ocrx_word' id='word_1_785' title='bbox 1061 5382 1184 5439; x_wconf 86' lang='lat' dir='ltr'><strong>Not.</strong></span> <span class='ocrx_word' id='word_1_786' title='bbox 1236 5381 1323 5437; x_wconf 86' lang='lat' dir='ltr'><strong>lll.</strong></span> <span class='ocrx_word' id='word_1_787' title='bbox 1363 5398 1418 5453; x_wconf 88' lang='lat' dir='ltr'><strong>p.</strong></span> <span class='ocrx_word' id='word_1_788' title='bbox 1462 5377 1784 5453; x_wconf 81' lang='lat' dir='ltr'><strong>70.)___n_obis</strong></span> <span class='ocrx_word' id='word_1_789' title='bbox 1838 5374 2079 5431; x_wconf 80' lang='lat' dir='ltr'><strong>indicare</strong></span> <span class='ocrx_word' id='word_1_790' title='bbox 2134 5374 2355 5453; x_wconf 71' lang='lat' dir='ltr'><strong>videtur</strong></span> <span class='ocrx_word' id='word_1_791' title='bbox 2380 5389 2393 5453; x_wconf 68' lang='grc' dir='ltr'><strong>ς</strong></span> 
     </span>
    </p>
   </div>
   <div class='ocr_carea' id='block_1_103' title="bbox 807 5442 2399 5522">
    <p class='ocr_par' dir='ltr' id='par_1_103' title="bbox 807 5442 2399 5522">
     <span class='ocr_line' id='line_1_105' title="bbox 807 5442 2399 5522; baseline -0.009 -11"><span class='ocrx_word' id='word_1_792' title='bbox 807 5470 847 5511; x_wconf 81' lang='lat' dir='ltr'><strong>x</strong></span> <span class='ocrx_word' id='word_1_793' title='bbox 890 5455 1009 5511; x_wconf 79' lang='lat' dir='ltr'><strong>Kal.</strong></span> <span class='ocrx_word' id='word_1_794' title='bbox 1038 5453 1158 5511; x_wconf 88' lang='lat' dir='ltr'><strong>Oct.</strong></span> <span class='ocrx_word' id='word_1_795' title='bbox 1190 5453 1298 5522; x_wconf 87' lang='lat'><strong>(22.</strong></span> <span class='ocrx_word' id='word_1_796' title='bbox 1328 5442 1503 5522; x_wconf 61' lang='lat' dir='ltr'><strong>Sépt.)</strong></span> <span class='ocrx_word' id='word_1_797' title='bbox 1530 5442 1958 5506; x_wconf 54' lang='lat' dir='ltr'><strong>z&#39;Wichmannus</strong></span> <span class='ocrx_word' id='word_1_798' title='bbox 1983 5461 2153 5501; x_wconf 85' lang='lat' dir='ltr'><strong>comes</strong></span> <span class='ocrx_word' id='word_1_799' title='bbox 2176 5454 2224 5500; x_wconf 90' lang='lat' dir='ltr'><strong>et</strong></span> <span class='ocrx_word' id='word_1_800' title='bbox 2246 5442 2399 5499; x_wconf 88' lang='lat' dir='ltr'><strong>multi</strong></span> 
     </span>
    </p>
   </div>
   <div class='ocr_carea' id='block_1_104' title="bbox 2502 5294 3240 5371">
    <p class='ocr_par' dir='ltr' id='par_1_104' title="bbox 2502 5294 3240 5371">
     <span class='ocr_line' id='line_1_106' title="bbox 2502 5294 3240 5371; baseline -0.008 -17"><span class='ocrx_word' id='word_1_801' title='bbox 2502 5297 2627 5371; x_wconf 70' lang='grc'><strong>416)</strong></span> <span class='ocrx_word' id='word_1_802' title='bbox 2661 5296 2989 5371; x_wconf 84' lang='lat' dir='ltr'><strong>mentionem</strong></span> <span class='ocrx_word' id='word_1_803' title='bbox 3017 5294 3240 5371; x_wconf 70' lang='lat' dir='ltr'><strong>faciunt.</strong></span> 
     </span>
    </p>
   </div>
   <div class='ocr_carea' id='block_1_105' title="bbox 2574 5364 4079 5443">
    <p class='ocr_par' dir='ltr' id='par_1_105' title="bbox 2574 5364 4079 5443">
     <span class='ocr_line' id='line_1_107' title="bbox 2574 5364 4079 5443; baseline -0.001 -18"><span class='ocrx_word' id='word_1_804' title='bbox 2574 5364 2721 5443; x_wconf 76' lang='grc'><strong>(514)</strong></span> <span class='ocrx_word' id='word_1_805' title='bbox 2734 5370 2955 5443; x_wconf 75' lang='lat' dir='ltr'><strong>impera</strong></span> <span class='ocrx_word' id='word_1_806' title='bbox 2965 5376 3074 5443; x_wconf 39' lang='lat' dir='ltr'><strong>tor”</strong></span> <span class='ocrx_word' id='word_1_807' title='bbox 3090 5364 3426 5443; x_wconf 57' lang='lat' dir='ltr'><strong>Nicepbgrus</strong></span> <span class='ocrx_word' id='word_1_808' title='bbox 3440 5367 3665 5443; x_wconf 56' lang='lat' dir='ltr'><strong>_i{hoeas</strong></span> <span class='ocrx_word' id='word_1_809' title='bbox 3676 5368 3878 5443; x_wconf 73' lang='lat' dir='ltr'><strong>uxoris</strong></span> <span class='ocrx_word' id='word_1_810' title='bbox 3903 5367 4079 5443; x_wconf 63' lang='lat' dir='ltr'><strong>Theo-</strong></span> 
     </span>
    </p>
   </div>
   <div class='ocr_carea' id='block_1_106' title="bbox 2502 5435 4078 5522">
    <p class='ocr_par' dir='ltr' id='par_1_106' title="bbox 2502 5435 4078 5522">
     <span class='ocr_line' id='line_1_108' title="bbox 2502 5435 4078 5522; baseline -0.001 -26"><span class='ocrx_word' id='word_1_811' title='bbox 2502 5435 2945 5522; x_wconf 47' lang='lat' dir='ltr'><strong>phanu&#39;insi‘diis</strong></span> <span class='ocrx_word' id='word_1_812' title='bbox 2979 5452 3009 5491; x_wconf 90' lang='lat' dir='ltr'><strong>a</strong></span> <span class='ocrx_word' id='word_1_813' title='bbox 3047 5435 3255 5520; x_wconf 78' lang='lat' dir='ltr'><strong>Joanne</strong></span> <span class='ocrx_word' id='word_1_814' title='bbox 3281 5435 3551 5522; x_wconf 70' lang='lat' dir='ltr'><strong>Tzimislte</strong></span> <span class='ocrx_word' id='word_1_815' title='bbox 3578 5442 3635 5522; x_wconf 83' lang='lat' dir='ltr'><strong>d.</strong></span> <span class='ocrx_word' id='word_1_816' title='bbox 3668 5440 3771 5522; x_wconf 46' lang='lat' dir='ltr'><strong>th</strong></span> <span class='ocrx_word' id='word_1_817' title='bbox 3802 5439 3930 5522; x_wconf 76' lang='lat' dir='ltr'><strong>Dee.</strong></span> <span class='ocrx_word' id='word_1_818' title='bbox 3972 5438 4078 5495; x_wconf 86' lang='lat'><strong>969</strong></span> 
     </span>
    </p>
   </div>
  </div>
