4472 5522
360 491 466 550 209

1357 491 1493 551 RES
1531 490 1779 551 GESTAE
1824 487 2210 545 ΞᾹΧΟΜῼᾸΞ.
2241 518 2309 528 --
2340 489 2466 542 LIB.
2502 490 2584 544 III.

3527 490 3632 547 210

359 606 608 680 procedit
635 603 750 662 ⁸⁸⁸⁸.
794 606 871 664 De
901 606 1254 677 enjus’laude
1283 607 1376 643 “"'
1420 609 1465 663 si
1515 608 1712 677 aliquid
1764 607 1941 661 dicere
1970 608 2018 667 Α
2050 604 2125 659 fur

1850 619 1941 660 ere
1970 608 2018 667 Α
2050 604 2260 660 functus
2305 616 2387 661 est
2438 606 2529 639 "”
2562 606 2729 677 (519),
2771 638 2841 648 -
2865 606 3130 676 judicavit
3175 605 3243 660 ab
3270 604 3615 676 expeditione

364 700 635 769 cupimus,
665 698 949 754 deﬁcimus
975 740 989 762 ,
1014 700 1141 769 quia
1176 715 1339 754 omne
1370 708 1747 770 argumentum
1796 699 1944 767 inge-

362 789 491 844 nioli
525 788 701 843 nostri
730 797 949 857 superat
973 789 1148 843 virtus
1187 798 1349 844 tanta:
1382 789 1615 843 femina}.
1648 786 1778 854 Quis
1801 787 1946 841 enim

364 881 523 954 digne
552 881 725 953 possit
748 880 1021 950 explicare
1050 880 1166 950 ejus
1197 882 1288 913 ““
1316 884 1647 953 vigilantiam
1685 898 1809 953 erga
1837 881 1949 937 eul-

364 980 479 1027 tum
512 972 795 1027 divinum?
841 970 1030 1028 Omnis
1079 988 1183 1027 nox
1217 974 1364 1044 (517)
1394 974 1644 1029 omnibus
1674 975 1846 1028 modis
1895 981 1950 1029 et

366 1061 516 1117 omni
560 1075 759 1132 genere
801 1061 1047 1116 cellulam
1104 1078 1257 1117 suam
1290 1064 1597 1119 divinorum
1646 1064 1947 1119 carminum

366 1151 603 1209 melodia
640 1152 899 1224 inplebat.
944 1154 1075 1208 Erat
1103 1155 1246 1210 enim
1268 1155 1315 1209 ei
1352 1155 1442 1187 ³³⁸⁷
1476 1155 1667 1211 cellula
1709 1156 1951 1211 ecclesiae

366 1246 638 1317 proxima,
666 1246 718 1300 in
752 1262 856 1316 qua
889 1247 1097 1302 modice
1124 1248 1520 1319 requiescebat;
1554 1250 1617 1304 de
1639 1264 1743 1320 qua
1778 1249 1951 1303 omni-

367 1339 470 1395 bus
502 1339 755 1395 noctibus
791 1354 1122 1410 consurgens
1153 1341 1322 1395 intrat
1348 1341 1637 1397 ecclesiam
1663 1382 1677 1406 ,
1718 1341 1951 1396 IIICIIIIO-

368 1432 553 1487 minus
577 1434 895 1487 cantoribus
924 1443 978 1487 et
1012 1433 1345 1489 cantricibus
1378 1433 1469 1465 ⁸⁸⁸³
1518 1434 1658 1488 intra
1704 1432 1951 1489 cellulam

368 1533 423 1581 et
451 1541 552 1596 pro
582 1524 789 1580 foribus
817 1536 871 1580 et
903 1526 955 1580 in
984 1526 1067 1580 via
1094 1525 1416 1581 triformiter
1456 1527 1767 1582 constitutis
1792 1568 1806 1592 ,
1859 1526 1950 1597 qui

370 1616 612 1671 divinam
648 1617 989 1672 clementiam
1030 1617 1315 1672 laudarent
1358 1626 1520 1688 atque
1550 1618 1949 1672 benedicerent.

369 1707 489 1779 Ipsa
517 1709 660 1763 intra
684 1708 967 1765 ecclesiam
1004 1709 1057 1764 in
1089 1710 1289 1781 vigiliis
1317 1718 1371 1765 et
1398 1710 1734 1765 orationibus
1764 1725 1952 1781 perse-

370 1818 609 1869 verans,
656 1805 947 1859 missarum
989 1804 1307 1875 sollempnia
1358 1806 1701 1874 expectabat.
1750 1803 1954 1860 Deinde

372 1894 639 1959 inﬁrmos,
667 1896 992 1967 ubicumque
1020 1896 1245 1961 audivit,
1273 1896 1328 1950 in
1360 1897 1538 1951 vicino
1567 1896 1829 1959 visitavit,
1862 1910 1955 1949 ne-

2050 698 2337 753 Fraxaueti
2371 698 2460 732 W’
2485 701 2778 763 abstinere,
2808 709 2863 753 et
2890 698 3164 768 dispositis
3187 699 3239 751 in
3267 697 3419 751 Italia
3450 696 3631 760 rebus,

2049 792 2285 861 patriam
2318 806 2580 846 remeare.
2620 791 2859 845 Pulsavit
2887 806 3104 861 quoque
3121 790 3265 843 fama
3294 807 3439 855 eum,
3472 790 3627 859 quasi

2049 882 2292 953 plerique
2325 882 2598 937 Saxonum
2632 883 2891 937 rebellare
2922 882 3260 948 voluissent;
3307 882 3450 952 quod
3499 867 3643 951 quia.

2051 975 2239 1029 inutile
2282 984 2399 1030 erat
2426 1017 2439 1040 ,
2468 992 2567 1031 nec
2599 976 2861 1031 relatione
2894 975 2987 1007 “'°
3015 976 3235 1045 dignum
3280 974 3630 1029 arbitramur.

2050 1066 2522 1139 (DCCCCLXXIIJ
2556 1068 2817 1139 Egressus
2836 1077 2917 1123 est
2939 1069 3119 1136 itaque
3142 1066 3230 1098 ¹¹⁵⁸¹
3262 1066 3327 1121 de
3344 1064 3489 1120 Italia
3514 1080 3639 1120 cum

2052 1178 2248 1233 magna
2278 1162 2471 1231 gloria,
2503 1173 2663 1232 capto
2687 1178 2814 1234 rege
2844 1159 3346 1232 Longobardorum,
3371 1157 3642 1228 superatis

2053 1253 2261 1309 Graecis
2310 1254 2573 1323 victisque
2606 1252 2958 1316 Sarracenis;
3009 1268 3130 1307 cum
3156 1250 3475 1305 victricibus
3521 1247 3644 1303 aliis

2053 1344 2278 1401 Galliam
2315 1346 2589 1415 ingressus
2617 1356 2719 1409 est,
2750 1345 2874 1400 inde
2903 1345 3247 1399 Germaniam
3273 1341 3601 1397 transiturus
3627 1379 3643 1404 ,

2053 1446 2108 1492 et
2136 1438 2439 1507 proximum
2470 1437 2677 1493 Pascha
2705 1438 2823 1492 loco
2862 1437 3058 1493 celebri
3084 1432 3642 1505 Quidilingaburg‘m

2055 1527 2445 1591 celebraturus,
2464 1528 2552 1581 ubi
2573 1528 2907 1582 diversarum
2935 1527 3174 1598 gentium
3203 1526 3487 1580 multitudo
3510 1539 3642 1580 eon-

2054 1620 2297 1684 veniens,
2328 1620 2635 1674 restitutum
2664 1621 2850 1690 patriae
2864 1636 2985 1675 cum
3012 1618 3121 1673 ﬁlio
3151 1634 3272 1673 cum
3310 1632 3503 1686 magno
3520 1630 3649 1686 gau-

2057 1710 2144 1765 dio
2174 1709 2518 1765 celebrabant
2548 1709 2659 1763 “5'.
2688 1709 3183 1781 (DCCCCLXXIII.)
3220 1709 3440 1763 Maneus
3468 1716 3649 1762 autem

2059 1802 2131 1857 ibi
2163 1803 2348 1857 decem
2372 1812 2427 1857 et
2453 1811 2656 1873 septem
2686 1818 2792 1857 non
2821 1802 3051 1871 amplius
3078 1800 3171 1832 ³⁸⁸⁵
3191 1798 3401 1864 diebus,
3431 1798 3652 1853 descen-

2060 1892 2136 1947 dit
2162 1893 2305 1958 inde,
2333 1895 2710 1949 ascensionem
2733 1894 2945 1949 Domini
2969 1892 3109 1961 apud
3133 1890 3415 1959 Mersburg
3442 1889 3534 1930 “'8
3564 1902 3655 1943 ce-

372 1988 610 2043 cessaria
655 1966 919 2058 prmbuit,
966 1987 1160 2043 deinde
1208 1989 1537 2059 pauperibus
1576 2003 1795 2043 manum
1828 2003 1954 2058 por-
1983 1966 2030 2027 Β
2058 1985 2384 2040 lebraturus.
2415 1985 2611 2041 Tristis
2646 1995 2827 2041 autem
2859 1985 2948 2040 illa
2999 1985 3115 2040 loca
3152 1983 3494 2055 perambulat
3558 1980 3652 2015 “"

371 2077 554 2141 rexit,
596 2075 792 2130 deinde
838 2077 1113 2145 hospites,
1144 2078 1235 2147 qui
1264 2093 1480 2148 semper
1506 2076 1731 2132 aderant
1767 2118 1781 2143 ,
1832 2093 1954 2132 cum

370 2167 519 2221 omni
550 2166 801 2237 largitate
829 2168 1094 2238 suscepit;
1129 2168 1398 2223 neminem
1425 2169 1541 2222 sine
1568 2168 1729 2222 aﬁ'atn
1762 2168 1957 2224 blando

372 2258 619 2324 dimisit,
651 2259 854 2314 nullum
884 2260 996 2315 fere
1048 2260 1139 2293 “‘9
1191 2262 1308 2317 sine
1350 2261 1685 2316 munusculis
1730 2260 1817 2312 vel
1864 2275 1959 2315 ne-

370 2348 625 2404 cessariis
655 2349 977 2420 adjumentis
1010 2366 1239 2405 vacuum
1277 2352 1512 2422 reliquit.
1555 2353 1709 2423 Szepe
1737 2353 1960 2408 viatori-

369 2437 475 2494 bus
502 2478 518 2505 ,
567 2454 703 2509 quos
732 2440 944 2511 longius
986 2441 1050 2495 de
1105 2441 1237 2495 cella
1272 2444 1588 2512 prospexit,
1644 2445 1954 2498 necessaria

371 2533 700 2589 transmisit.
730 2518 880 2587 Talia
910 2549 1076 2604 opera
1108 2534 1235 2589 licet
1264 2535 1419 2590 valde
1453 2535 1730 2591 humiliter
1761 2536 1950 2591 diebus

372 2640 437 2680 ac
468 2626 721 2680 noctibus
742 2635 1054 2692 exerceret,
1092 2634 1272 2681 tamen
1298 2627 1460 2681 nichil
1486 2628 1549 2682 de
1578 2628 1782 2682 honore
1811 2628 1960 2697 regio

371 2719 689 2783 minuebat,
739 2727 793 2773 et
840 2720 981 2775 sicut
1011 2719 1272 2788 scriptum
1299 2729 1381 2774 est
1406 2761 1419 2785 ,
1456 2720 1707 2789 quamvis
1747 2718 1963 2774 sederet

372 2820 646 2881 tamquam
670 2812 856 2882 regina
891 2813 982 2846 “5°
1010 2812 1399 2866 circumstante
1423 2811 1641 2881 populo,
1668 2826 1889 2881 semper
1907 2818 1963 2865 et

372 2903 573 2972 ubique
623 2912 801 2957 tamen
863 2912 977 2956 erat
1035 2903 1383 2957 mmrentium
1432 2902 1761 2956 consolatrix
1822 2902 1957 2972 (Job

373 3008 501 3045 χιιι
523 3034 535 3054 ,
559 2992 671 3063 25).
704 2993 1041 3047 Domesticos
1068 3007 1257 3047 omnes
1286 2992 1516 3047 famulos
1543 3002 1599 3048 et
1624 2992 1847 3047 ancillas
1876 3008 1964 3046 va-

372 3080 469 3135 riis
505 3082 713 3136 artibus
740 3125 753 3147 ,
801 3082 995 3137 litteris
1038 3098 1255 3152 quoque
1284 3083 1552 3147 instituit;
1586 3099 1709 3136 nam
1760 3091 1813 3137 et
1842 3082 1961 3151 ipsa

373 3171 580 3229 litteras
612 3176 782 3238 novit,
814 3190 949 3243 quas
978 3184 1098 3244 post
1142 3184 1370 3229 mortem
1404 3176 1549 3245 regis
1598 3175 1775 3230 lucule
1823 3175 1959 3230 satis

373 3264 560 3320 didicit
582 3265 753 3336 (5I8).
788 3264 927 3333 Ergo
966 3266 1009 3319 si
1034 3281 1221 3320 omnes
1248 3267 1476 3320 virtutes
1512 3264 1627 3333 ejus
1648 3265 1809 3320 velim
1834 3282 1961 3320 nar-

375 3370 499 3410 rare
528 3397 542 3420 ,
570 3356 701 3411 hora
732 3355 1026 3420 deﬁceret;
1060 3356 1311 3411 facundia
1358 3356 1575 3412 Homeri
1608 3358 1697 3398 “5‘
1727 3358 1810 3411 vel
1847 3357 1961 3411 Ma-
1991 3339 2036 3401 (ἶ

372 3448 524 3503 ronis
569 3447 733 3501 michi
772 3447 862 3482 “"
900 3447 945 3500 si
993 3446 1246 3513 adesset,
1295 3464 1399 3502 non
1456 3448 1744 3503 suﬁiceret.
1793 3449 1963 3518 Igitur

372 3538 535 3610 plena
570 3539 780 3592 dierum
811 3578 825 3603 ,
868 3537 1026 3607 plena
1058 3540 1204 3592 omni
1233 3539 1472 3603 honore,
1504 3540 1662 3608 plena
1708 3540 1964 3609 operibus

370 3629 534 3683 bonis
561 3636 617 3682 et
639 3628 951 3683 elemosiuis
972 3669 986 3695 ,
1012 3630 1222 3683 cunctis
1248 3629 1452 3684 divitiis
1479 3630 1751 3699 regalibus
1778 3630 1963 3685 distri-

372 3722 523 3777 butis
547 3722 718 3776 servis
750 3722 844 3776 Dei
877 3730 932 3776 et
967 3722 1179 3777 ancillis
1209 3737 1272 3777 ac
1319 3723 1649 3792 pauperibus
1676 3762 1690 3787 ,
1723 3722 1963 3777 secundo

369 3811 500 3866 Idus
529 3811 753 3868 Martias
778 3813 1015 3867 animam
1040 3814 1257 3869 Christo
1290 3813 1523 3867 reddidit
1559 3814 1671 3867 ³⁸⁸⁸.
1697 3814 1790 3868 Illo
1825 3829 1964 3883 quo-

368 3916 483 3972 que
512 3911 754 3973 tempore
782 3901 1150 3968 Bernhardus,
1180 3914 1239 3959 ut
1264 3904 1331 3959 ab
1372 3904 1518 3959 omni
1551 3905 1746 3975 pepulo
1771 3905 1966 3974 praedi-

369 3993 607 4048 cabatur
646 3994 761 4049 suis
832 3994 1167 4065 temporibus
1222 3996 1530 4051 sacerdOtio
1566 3996 1916 4067 dignissimus
1949 4036 1965 4061 ,

366 4084 521 4139 diem
552 4083 729 4141 Iunxit
753 4084 848 4120 ³⁵⁸⁸
873 4095 1196 4142 extremum.
1246 4086 1399 4142 Piam
1444 4087 1643 4142 famam
1688 4103 1850 4158 super
1884 4088 1969 4144 his

366 4194 539 4236 nemo
574 4196 671 4236 nos
722 4182 995 4253 vituperet
1044 4183 1346 4254 prodidisse
1376 4226 1395 4252 ,
1447 4186 1574 4241 dum
1614 4187 1727 4241 veri
1757 4186 1846 4220 ¹⁸⁸⁵
1876 4202 1972 4258 pe-

364 4272 553 4330 riculo
592 4289 698 4330 non
730 4277 1162 4333 subcumhimus.
1213 4278 1533 4335 Audivimus
1579 4281 1724 4335 enim
1761 4297 1791 4335 a
1836 4296 1971 4352 quo-

366 4363 509 4421 dam
551 4364 802 4421 solitario
830 4408 846 4433 ,
891 4367 946 4422 in
976 4368 1169 4438 spiritu
1212 4370 1398 4425 nescio
1443 4385 1511 4425 an
1556 4371 1844 4427 manifesta
1892 4373 1971 4426 vi-

364 4456 574 4526 sione,
614 4459 857 4514 animam
894 4461 1097 4532 regina:
1132 4470 1188 4516 et
1214 4462 1449 4532 episcopi
1490 4462 1699 4517 inﬁnita
1724 4446 1970 4519 mﬁltitu-

366 4544 506 4605 dine
530 4548 628 4583 “"
658 4551 971 4622 angelorum
1010 4568 1133 4607 cum
1165 4553 1338 4624 gloria
1367 4552 1624 4609 ineﬁabili
1655 4555 1826 4611 eaalos
1873 4566 1967 4610 oe.

2059 2076 2206 2131 obitu
2236 2077 2427 2145 optimi
2452 2076 2551 2130 viri
2585 2077 2738 2131 ducis
2768 2076 3103 2143 IIerimanni,
3134 2076 3225 2147 qui
3256 2075 3555 2145 prudentiae
3589 2089 3656 2130 ac

2054 2166 2277 2236 justitite
2329 2169 2588 2238 mirazque
2638 2168 2928 2240 vigilantiae
2981 2168 3034 2222 in
3097 2168 3259 2222 rebus
3305 2166 3558 2222 civilibus
3600 2173 3658 2223 et

2061 2261 2323 2325 externis,
2350 2261 2561 2315 cunctis
2584 2269 2730 2316 retro
2762 2261 3077 2315 mortalibus
3106 2258 3196 2291 “‘7
3229 2269 3488 2315 aeternam
3522 2259 3656 2315 reli-

2064 2353 2180 2421 quit
2206 2352 2550 2406 memoriam.
2594 2351 2722 2407 Post
2764 2361 3046 2422 SUSCt'pIOS
3078 2351 3146 2405 ab
3174 2351 3354 2407 Africa
3383 2350 3479 2383 “'3
3510 2351 3657 2423 lega-

2065 2455 2171 2511 tos,
2204 2462 2326 2501 eum
2356 2446 2447 2484 “'9
2480 2448 2626 2518 regio
2654 2447 2859 2501 honore
2888 2456 2943 2501 et
2968 2460 3193 2501 munere
3223 2446 3507 2501 visitantes
3526 2486 3541 2511 ,
3563 2460 3653 2499 se-

2064 2554 2185 2593 cum
2212 2537 2341 2592 fecit
2372 2552 2611 2591 manere.
2632 2536 2812 2591 Tertia
2838 2546 3019 2592 autem
3047 2536 3181 2592 feria
3211 2546 3336 2593 ante
3363 2536 3656 2593 Pentecos-

2066 2639 2155 2685 ten
2184 2629 2296 2695 “7°,
2328 2629 2505 2684 locum
2530 2628 2852 2684 “"devenit
2879 2629 2969 2698 qui
2993 2627 3191 2682 dicitur
3217 2625 3655 2683 Miminlevu‘m.

2065 2720 2322 2775 Proxima
2354 2727 2511 2773 noeta
2542 2719 2698 2788 juxta
2744 2732 2953 2771 morem
2985 2716 3223 2771 diluculo
3252 2716 3318 2772 de
3348 2716 3489 2771 lecto
3531 2731 3661 2771 con-

2068 2825 2298 2879 surgens
2326 2850 2339 2873 ,
2369 2808 2649 2862 nocturnis
2696 2815 2749 2862 et
2776 2807 3054 2861 matutinis
3086 2806 3339 2861 laudibus
3372 2806 3654 2860 intererat.

2066 2902 2194 2956 Post
2225 2904 2339 2956 hare
2369 2899 2645 2973 paululum
2686 2900 2778 2930 ³⁸⁷³
2808 2900 3094 2968 requievit.
3143 2898 3429 2953 Missarum
3463 2896 3659 2954 deinde

2065 2994 2255 3051 olliciis
2284 2993 2613 3057 celebratis,
2664 2990 3167 3061 pauperibusjuxla
3211 3005 3417 3045 morem
3462 3003 3657 3044 manus

2066 3086 2332 3157 porrexit,
2366 3083 2638 3154 paululum
2669 3082 2939 3152 gustavit,
2964 3081 3271 3152 iterumque
3303 3080 3358 3135 in
3403 3079 3546 3135 lecto
3576 3093 3666 3135 re-

2068 3179 2294 3249 quievit.
2330 3177 2465 3231 Cum
2498 3184 2680 3230 autem
2713 3176 2846 3229 hora
2896 3183 3073 3238 esset,
3106 3173 3376 3243 processit
3421 3172 3577 3228 laetus
3603 3180 3661 3227 et

2068 3270 2289 3333 hilaris,
2324 3269 2390 3323 ad
2445 3283 2688 3322 mensam
2746 3266 2969 3321 resedit.
3030 3266 3259 3320 Peracto
3309 3263 3662 3333 ministerio,

2068 3359 2391 3429 vespertinis
2424 3357 2674 3411 laudibus
2705 3355 2970 3411 interfuit.
3000 3355 3232 3411 Peracto
3252 3356 3464 3410 cantico
3492 3369 3662 3410 evan-

2068 3452 2191 3523 gelii
2226 3450 2319 3483 "‘7‘
2346 3492 2361 3517 ,
2391 3451 2610 3506 :cstuari
2639 3458 2801 3520 atque
2852 3447 3073 3519 fatigari
3116 3449 3229 3518 jam
3282 3449 3467 3519 coepit.
3502 3448 3662 3516 Quod

2069 3559 2192 3599 cum
2221 3542 2613 3597 intellexissent
2664 3541 2938 3612 principes
2988 3540 3456 3607 circumstantes,
3506 3539 3663 3597 sedili

2070 3647 2193 3687 eum
2246 3632 2640 3702 imposuerunt.
2695 3630 3051 3684 lnclinantem
3096 3628 3189 3661 “7'
3237 3638 3418 3684 autem
3459 3638 3666 3699 caput,

2070 3723 2363 3795 quasijam
2402 3723 2728 3790 defecisset,
2762 3722 3200 3778 refoeillaverunt
3231 3722 3357 3788 “7‘,
3398 3722 3669 3793 expetito-

2071 3830 2177 3885 que
2203 3812 2296 3845 ’⁸⁷⁷
2327 3824 2670 3870 sacramento
2697 3814 2864 3869 divini
2892 3814 3139 3884 corporis
3168 3828 3233 3867 ac
3257 3810 3350 3843 ¹¹⁶⁷⁶
3386 3812 3669 3884 sanguinis

2072 3918 2128 3963 et
2158 3917 2381 3979 accepto
2405 3948 2420 3973 ,
2473 3908 2593 3963 sine
2638 3908 2842 3980 gemitu
2891 3922 3013 3962 eum
3042 3921 3235 3974 magna
3268 3904 3667 3977 tranquillitate

2071 4002 2320 4056 ultimum
2370 4001 2619 4073 spiritum
2675 4016 2798 4057 cum
2849 4000 3047 4055 divinis
3094 3999 3186 4032 ⁸⁸⁷³
3227 3997 3423 4053 ofﬁciis
3472 3997 3667 4068 pietati

2074 4094 2351 4151 Creatoris
2399 4094 2642 4150 omnium
2675 4093 2919 4148 tradidit.
2966 4091 3398 4162 Transportatur
3428 4089 3554 4145 inde
3605 4090 3662 4146 in

2073 4187 2407 4253 cubiculum;
2443 4195 2499 4242 et
2522 4202 2647 4242 eum
2678 4195 2822 4242 esset
2842 4185 2954 4257 jam
2982 4200 3128 4251 sero,
3160 4184 3444 4239 nuntiatur
3464 4182 3666 4254 populo

2074 4295 2224 4335 mors
2270 4279 2406 4349 ejus.
2449 4279 2684 4351 Populus
2737 4279 2833 4311 “3°
2870 4287 3052 4334 autem
3097 4293 3198 4350 pro
3250 4275 3368 4347 ejus
3407 4276 3567 4332 laude
3611 4285 3670 4334 et

2076 4376 2374 4447 gratiarum
2399 4376 2613 4430 actione
2642 4374 2811 4429 multa
2846 4374 3078 4438 locutus,
3115 4371 3441 4427 memoravit
3470 4412 3485 4437 ,
3535 4385 3664 4426 eum

2074 4480 2297 4542 paterna
2329 4469 2600 4539 subjectos
2626 4470 2832 4525 rexisse
2855 4468 3077 4539 pietate,
3104 4466 3172 4520 ab
3202 4464 3447 4521 hostibus
3475 4478 3572 4519 eos
3592 4462 3657 4518 li-

2080 4564 2305 4617 herasse
2330 4603 2344 4628 ,
2391 4561 2652 4632 superbos
2678 4560 2864 4615 hostes
2895 4561 3100 4614 Avares
3126 4598 3142 4624 ,
3173 4555 3509 4612 Sarracenos
3535 4553 3629 4589 ¹⁸⁸¹
3648 4596 3666 4625 ,

363 4640 524 4697 ferre
550 4640 641 4684 ⁸⁸⁸⁷
663 4642 883 4698 vidisse.
910 4643 1081 4714 Igitur
1102 4645 1399 4715 imperator
1437 4646 1620 4699 audita
1646 4654 1823 4701 morte
1852 4662 1969 4701 ma-
1992 4632 2046 4692 D
2071 4656 2273 4720 Danos,
2304 4653 2496 4709 Slavos
2526 4654 2694 4709 armis
2718 4652 2940 4718 vicisse,
2961 4651 3172 4706 Italiam
3197 4650 3540 4720 subjugasse,
3570 4647 3669 4704 de-

363 4733 475 4788 tris
512 4739 571 4787 et
599 4732 696 4788 ﬁlii
729 4744 1158 4807 caeterorumque
1198 4736 1578 4808 principalium
1607 4738 1869 4806 virorum,
1896 4771 1966 4782 —

363 4840 506 4881 nam
527 4834 583 4880 ct
605 4824 749 4883 Gero
773 4868 788 4894 ,
819 4828 903 4884 vir
924 4842 1152 4898 magnus
1174 4839 1231 4886 et
1254 4840 1476 4901 potens,
1521 4830 1634 4900 jam
1682 4840 1840 4887 antea
1869 4832 1964 4888 de-

2073 4746 2228 4801 lubra
2256 4746 2478 4801 deorum
2508 4745 2561 4799 in
2585 4744 2783 4799 vicinis
2799 4743 3050 4815 gentibus
3080 4740 3435 4803 destruxisse,
3464 4738 3668 4811 templa

2070 4835 2556 4906 ministrorumque
2581 4834 2801 4891 ordines
2829 4833 3213 4899 constituisse;
3244 4830 3526 4901 multaque
3557 4829 3667 4886 alia

1664 4941 1898 4999 VARIIE
1935 4944 2337 5005 LECTIONES.

442 5052 547 5087 iw.
574 5054 832 5124 praecedit
872 5057 929 5111 δ,
1006 5054 1100 5090 tm
1121 5056 1264 5112 άεεεε
1314 5057 1366 5112 ι,
1453 5054 1546 5089 HM
1588 5056 1729 5111 deest
1783 5058 1838 5112 1.

362 5128 495 5186 fere
541 5124 597 5180 5.
675 5124 770 5157 ¹⁸⁸⁰
797 5127 948 5195 regio
975 5125 1029 5181 5.
1102 5126 1193 5160 ³⁸⁸³
1224 5128 1395 5183 omeri
1428 5128 1479 5183 1.
1558 5124 1653 5166 ⁸⁸⁵⁸
1685 5128 1849 5183 nichil
1889 5129 1941 5185 1.

359 5200 590 5257 ﬁnitam
628 5196 1028 5252 multitudinem
1057 5195 1109 5251 5.
1188 5198 1283 5231 “'7
1312 5198 1507 5254 deferri
1540 5199 1593 5253 7.

364 5268 474 5337 ιιξξ
527 5264 975 5337 Quidilingeburg
1023 5268 1076 5322 5.
1152 5269 1250 5302 ¹⁶⁶³
1272 5268 1549 5325 celebrant
1577 5271 1631 5325 5.

1914 5058 2007 5091 ¹⁸⁵⁷
2057 5061 2201 5117 deest
2240 5065 2294 5119 1.

1685 5131 1849 5183 nichil
1889 5131 1941 5185 1.
2020 5131 2117 5165 ¹⁸⁸³
2148 5136 2345 5191 redidit
2373 5134 2424 5187 I.

1670 5198 1766 5231 ⁸⁸⁸⁸
1792 5208 1912 5254 erat
1957 5203 2011 5259 5.
2091 5203 2185 5236 "'"
2219 5206 2418 5259 Fraxin

1712 5270 2050 5346 ff“_d_iebus
2082 5288 2189 5328 non
2238 5276 2469 5346 amplius
2511 5278 2564 5332 5.

2372 5061 2465 5096 ¹⁸⁸⁸
2492 5061 2886 5120 cantatricibus
2931 5064 2986 5120 5.
3064 5061 3158 5097 ’⁸⁸⁸
3196 5060 3312 5117 sine
3334 5061 3674 5119 munusculis

2506 5132 2597 5167 ³⁸⁸⁸
2641 5134 2815 5189 ﬁnivit
2857 5134 2912 5190 5.
2992 5135 3088 5173 ³⁸³⁵
3142 5146 3273 5190 vero
3325 5133 3379 5188 5.
3458 5134 3673 5188 "‘“in-

2091 5203 2185 5236 ¹¹⁶⁸⁹
2219 5206 2495 5262 Fraxineti
2520 5207 2573 5260 5.
2653 5205 2747 5238 ¹⁶⁶⁰
2783 5206 2996 5262 ratione
3028 5204 3084 5262 5.
3162 5203 3254 5239 ⁸⁵⁸³
3294 5203 3478 5272 itaque
3503 5213 3590 5261 est
3615 5203 3673 5259 5.

2091 5288 2206 5351 non
2238 5276 2564 5351 amplius?»
2644 5276 2738 5310 ““
2756 5279 3051 5351 _mesburg.
3110 5278 3164 5333 1.
3210 5273 3559 5351 Inerseburg.
3620 5274 3673 5330 5.

361 5332 919 5420 1““perambu.l;abat
943 5338 996 5393 5.
1020 5408 1050 5420 _
1075 5338 1493 5420 “‘f_ltic__perg_it
1519 5341 1575 5395 2.
1604 5339 1964 5420 -ίδδξξςῒτίςξι
1991 5345 2067 5420 ,2.
2116 5332 2558 5420 εριιπιίοᾷγ5.ν¹δ⁶⁹
2585 5362 2708 5403 cum
2749 5347 2804 5401 2.
2842 5332 2970 5405 eum
2999 5332 3160 5405 acum,
3210 5344 3263 5399 7.
3340 5342 3434 5420 ξ⁶⁷⁰
3473 5332 3686 5420 ﬁcale-
