4472 5522
399 448 507 507 215

1402 446 1687 508 ΒΕῪΙΤᾹ
1728 453 1784 508 S.
1824 453 2161 509 GLODESH
2198 457 2230 507 )2
2256 456 2295 508 ὅ.
2332 485 2396 496 --
2428 454 2535 509 Llil

3566 454 3671 511 2M

401 574 618 623 nestum
644 604 661 632 ,
695 578 884 621 verum
921 566 1141 621 omnino
1171 566 1451 621 constabat
1473 568 1799 638 religiosum,
1828 568 1983 637 idque
2012 573 2058 631 Α
2090 568 2247 622 Ωιιρηι
2274 586 2442 639 usque
2472 568 2700 625 feliciter
2718 574 3151 625 consummatum
3168 566 3667 640 exstiterint,qnan-

399 671 489 713 me
541 671 795 713 recusare
842 672 969 712 cum
1028 658 1327 729 indignum,
1358 668 1469 713 tum
1497 661 1657 713 etiam
1690 660 1985 714 sentiebam

399 750 788 824 periculosum.
807 750 919 807 Etsi
936 752 1080 807 vires
1114 751 1503 820 aliquantulum
1529 754 1839 821 reputabam
1858 769 1985 823 przco

400 843 707 914 ponderare
739 844 1037 916 negotium,
1086 859 1275 900 rursus
1304 846 1541 899 animum
1566 844 1799 909 subibat,
1844 846 1986 915 quod

404 935 673 1002 charitas,
692 950 812 1006 qua:
834 952 939 991 non
962 951 1080 1002 sua,
1105 937 1199 992 sed
1221 952 1341 1008 qua:
1360 937 1723 1007 proximorum
1740 947 1870 991 sunt
1896 953 1988 991 co-

401 1026 481 1098 git
502 1042 720 1093 curare,
752 1043 860 1098 quo
892 1027 1280 1084 difﬁcilioribus
1307 1027 1423 1097 ejus
1444 1043 1606 1083 causa
1634 1028 1885 1092 instatur,
1926 1042 1989 1084 eo

401 1124 518 1172 tum
544 1115 851 1175 faciliorem
882 1133 1229 1175 successurum
1262 1119 1413 1174 novit
1436 1120 1614 1175 aditus
1655 1120 1981 1174 ministrare.

401 1197 590 1269 Neque
613 1201 666 1255 in
692 1216 853 1257 causa
893 1201 987 1257 Dei
1016 1202 1330 1267 verendum,
1372 1217 1494 1258 eum
1534 1203 1621 1258 cui
1664 1219 1749 1257 res
1790 1202 1983 1273 agitur,

397 1305 503 1363 pro
538 1306 601 1348 se
650 1295 897 1364 operanti
926 1295 1154 1351 deesse:
1190 1304 1395 1350 tantum
1443 1296 1545 1351 ﬁde
1572 1311 1676 1351 non
1722 1296 1989 1352 infirmari

401 1383 700 1455 contingat.
728 1385 1003 1456 lmpellitis
1044 1388 1246 1458 itaque,
1278 1396 1337 1443 ut
1357 1388 1737 1445 sacratissima:
1765 1388 1989 1460 virginis

400 1472 606 1531 Christi
633 1474 1009 1546 Glodesindis,
1057 1480 1144 1535 cui
1174 1479 1383 1537 devotis
1407 1482 1662 1537 continue
1702 1482 1991 1537 adhaerens

395 1566 802 1640 excubiis,qu:e
814 1571 1244 1627 conversationis
1269 1571 1555 1643 initia,qni
1582 1571 1743 1627 medii
1766 1580 1919 1626 actus
1936 1572 1989 1625 in

2090 670 2200 715 tum
2228 677 2292 714 ex
2321 662 2537 731 scriptis
2556 677 2676 731 quae
2699 661 2766 715 ad
2790 671 3032 716 nostram
3060 670 3272 717 aetatem
3287 660 3668 731 qualibuscun-

2090 770 2192 824 que
2208 754 2399 809 litteris
2414 755 2665 809 adnotata
2686 756 3197 824 pcrdurant,qneam
3220 753 3669 825 advertere,stylo

2090 858 2306 913 quoquo
2350 845 2604 913 possibile
2651 844 2720 899 sit
2752 845 2977 898 amicam
3020 853 3349 915 pertentare.
3378 841 3496 910 Quo
3521 851 3672 897 tanto

2094 941 2334 1003 tempore
2361 943 2613 1004 tantaque
2644 934 2898 989 instantia
2919 932 3237 1005 flagitatum,
3260 934 3385 1004 quia
3414 933 3671 988 indecens

2092 1025 2304 1078 videtur
2338 1026 2530 1089 obniti,
2561 1040 2661 1096 ape
2682 1024 2921 1093 ejusdem
2959 1024 3421 1095 prmstantissimm
3448 1024 3673 1095 virginis

2092 1114 2201 1169 Deo
2231 1116 2421 1185 spiritu
2475 1118 2674 1171 mundo
2721 1116 3030 1171 inhzerentis
3069 1117 3389 1181 virtutibus,
3434 1125 3545 1169 tum
3576 1129 3671 1167 ve-

2090 1206 2221 1258 stris
2249 1208 2452 1276 pariter
2501 1205 2673 1261 fretus
2715 1208 3021 1261 orationum
3073 1205 3357 1271 subsidiis;
3404 1206 3503 1260 etsi
3564 1220 3672 1259 non

2093 1297 2210 1351 sine
2240 1299 2473 1368 quodam
2505 1300 2720 1363 rubore,
2752 1298 2829 1353 uti
2859 1299 2949 1367 qui
2978 1298 3295 1367 parcitatem
3323 1296 3525 1368 proprii
3552 1311 3674 1366 pcr-

2092 1391 2322 1460 pendam
2372 1391 2593 1462 ingenii,
2624 1407 2729 1446 non
2765 1391 2854 1445 diu
2878 1406 2975 1462 per
2998 1390 3156 1462 longa
3189 1398 3427 1448 moratus
3450 1388 3674 1447 exordia

2092 1486 2245 1542 ocius
2282 1486 2578 1542 narrationi
2608 1486 2885 1542 accedam.

1585 1747 2045 1837 INCIPIT
2112 1751 2435 1841 VITA.

467 1917 521 1972 2.
572 1917 931 1988 Temporibus
976 1918 1264 1975 Childerici
1309 1919 1458 1989 (321)
1510 1918 1650 1988 apud
1697 1917 1985 1973 historicos
2014 1920 2060 1979 B
2088 1934 2208 1974 sum
2237 1920 2513 1978 Christum
2541 1924 2721 1979 cordis
2761 1922 3009 1980 medullis
3045 1922 3352 1989 imbiberat,
3388 1924 3517 1980 totis
3544 1923 3679 1981 nisi-

397 2008 812 2066 celebratissimi
860 2011 1002 2081 regis
1046 2010 1401 2075 Francorum,
1448 2012 1503 2065 in
1554 2009 1724 2066 Gallia
1775 2010 1989 2082 Belgica

400 2115 520 2169 qtae
554 2115 621 2154 ex
653 2109 812 2170 gente
838 2110 1023 2170 postea
1055 2100 1299 2156 Francia:
1337 2117 1529 2155 nomen
1556 2103 1780 2156 mutavit
1801 2144 1815 2167 ,
1841 2103 1991 2173 virgo

400 2190 614 2246 Domini
642 2190 986 2247 Glodesiudis
1011 2193 1228 2257 eximia,
1254 2194 1387 2249 satis
1411 2194 1573 2249 nobili
1596 2196 1808 2264 generis
1831 2206 1993 2250 stem-

399 2292 544 2337 mate
574 2291 880 2354 procreata,
913 2293 1068 2352 patre
1117 2284 1483 2340 illustrissimo
1520 2288 1817 2357 eodemque
1856 2287 1993 2342 duce

396 2372 736 2439 clarissimo,
786 2375 876 2428 cui
946 2375 1264 2429 vocabulum
1318 2375 1533 2431 Wintro
1585 2378 1764 2447 (329.),
1819 2388 1993 2433 matre

397 2464 589 2521 Godila
630 2467 749 2521 luce
791 2468 1172 2538 generositatis
1220 2485 1325 2523 non
1376 2469 1613 2541 dispari,
1645 2471 1713 2525 ab
1755 2474 1995 2529 ineuntis

397 2558 577 2612 aetatis
618 2558 863 2629 ingressu
909 2558 1073 2614 multa
1104 2560 1363 2616 virtutum
1405 2563 1530 2618 dote
1559 2565 1804 2634 insignis,
1856 2565 1994 2620 mul-

400 2649 578 2719 tisque
608 2651 855 2720 exemplo
883 2652 936 2705 in
970 2651 1057 2706 via
1089 2653 1360 2708 castitatis
1391 2654 1567 2709 futura
1589 2696 1602 2719 ,
1634 2658 1743 2711 vita
1780 2665 1833 2711 ct
1873 2672 1989 2711 mo-

398 2740 553 2795 ribus
601 2740 745 2796 clara
793 2742 1004 2797 enituit.
1056 2742 1183 2799 Haec
1228 2760 1349 2799 cum
1404 2747 1455 2800 in
1505 2749 1664 2803 domo
1706 2759 1991 2818 parentum

394 2835 576 2903 quoad
632 2834 898 2905 puellares
955 2852 1125 2892 annos
1174 2839 1478 2903 excederet.
1531 2842 1739 2909 integre
1790 2851 1843 2897 et
1892 2844 1993 2899 sub

397 2926 547 2981 omni
583 2935 728 2982 esset
773 2927 999 2981 educata
1032 2928 1305 3000 diligentia
1335 2950 1346 2984 :
1384 2932 1473 2987 ubi
1512 2934 1622 3003 jam
1653 2944 1861 3004 tempus
1884 2951 1991 3005 quo

392 3032 457 3071 se
481 3017 658 3088 dignis
682 3019 949 3073 natalibus
978 3022 1234 3088 despondi
1278 3024 1501 3078 deberet
1531 3027 1778 3090 accessit,
1807 3026 1992 3095 juveni

398 3108 613 3162 cuidam
634 3110 853 3165 nomine
878 3108 1119 3165 Oboleno
1144 3127 1172 3165 a
1194 3115 1509 3182 parentibus
1532 3130 1597 3169 ex
1626 3130 1773 3171 more
1797 3132 1991 3185 sponsa

397 3201 716 3256 decernitur
743 3221 756 3256 :
796 3201 1017 3258 Christo
1048 3220 1173 3259 vero
1202 3220 1260 3260 se
1292 3207 1488 3277 ubique
1516 3218 1854 3279 protegente,
1881 3226 1989 3268 non

2094 2009 2195 2064 bus
2233 2012 2515 2077 resultare,
2548 2028 2647 2067 nec
2679 2014 2731 2067 in
2755 2028 2873 2068 eam
2900 2014 3073 2069 labem
3102 2014 3286 2068 virtuti
3316 2014 3483 2070 semel
3514 2014 3679 2071 fixum

2096 2104 2333 2157 animum
2384 2104 2693 2159 inductione
2740 2106 2980 2173 qualibet
3024 2104 3304 2159 inclinare.
3337 2104 3433 2159 Dic
3474 2105 3679 2161 interea

2095 2194 2404 2263 nuptiarum
2456 2209 2523 2248 ex
2572 2193 2821 2249 condicto
2873 2204 3155 2264 parentum
3211 2195 3464 2259 instante,
3518 2196 3678 2252 beata

2094 2285 2246 2355 virgo
2296 2299 2406 2353 pra:
2450 2285 2567 2354 ejus
2601 2286 2781 2354 spccie
2830 2300 2990 2355 quem
3038 2284 3210 2340 oculis
3257 2287 3453 2340 mentis
3502 2287 3680 2342 incor-

2095 2374 2427 2444 ruptibilem,
2460 2375 2959 2430 immarcessibilem
2982 2416 2997 2440 ,
3028 2376 3390 2430 immortalem
3426 2391 3680 2447 concepe-

2098 2474 2205 2528 rat,
2250 2465 2391 2520 hunc
2432 2475 2553 2535 post
2583 2465 2859 2535 paululum
2903 2468 3244 2536 putredinem
3287 2475 3343 2521 et
3386 2466 3552 2522 filium
3583 2469 3681 2523 ho-

2097 2556 2257 2610 minis
2285 2571 2525 2611 vermem
2564 2557 2873 2621 attendens,
2908 2568 3059 2628 patre
3105 2558 3191 2627 pie
3224 2565 3556 2626 contempto,
3584 2556 3681 2613 Dei

2097 2664 2162 2703 ac
2205 2658 2406 2702 sancta“:
2454 2650 2644 2703 matris
2683 2650 2939 2705 Ecclesiae
2977 2647 3286 2720 confugium
3332 2649 3506 2720 petiit.
3553 2648 3683 2703 Erat

2096 2743 2238 2813 patri
2290 2758 2447 2797 soror
2494 2744 2858 2797 memoranda:
2916 2744 3222 2799 sanctitatis
3270 2742 3537 2797 Rotlindis
3591 2756 3685 2797 no-

2098 2837 2262 2901 mine,
2287 2834 2429 2889 fama
2448 2836 2723 2907 religionis
2749 2837 3000 2892 Treveris
3021 2837 3413 2907 Opinatissima.
3438 2836 3518 2891 Ad
3542 2837 3685 2894 hanc

2097 2944 2218 2983 eam
2249 2943 2433 2984 secum
2458 2928 2727 2984 abducere
2758 2930 3019 2994 tentabat,
3052 2938 3110 2983 nt
3140 2929 3332 2984 saltem
3370 2929 3486 2999 ejus
3516 2943 3680 2983 suasu

2096 3022 2311 3077 animus
2361 3022 2551 3091 puella:
2620 3023 2890 3078 cmollitus
2950 3025 3191 3093 paternis
3251 3039 3356 3077 non
3406 3032 3683 3080 recusaret

2096 3116 2473 3187 obtemperare
2498 3116 2758 3172 consiliis.
2796 3116 2903 3171 Sed
2930 3118 3057 3187 quid
3090 3127 3281 3172 contra
3310 3118 3487 3172 lumen
3518 3127 3682 3173 teter-

2097 3207 2285 3264 nitatis
2316 3224 2457 3264 casca
2490 3210 2711 3263 molitur
2751 3211 3042 3265 instantia?
3087 3210 3282 3265 Sancta
3316 3211 3467 3283 virgo
3514 3212 3683 3281 patris

398 3296 581 3351 minus
639 3311 866 3367 corpore
917 3315 1076 3369 quam
1123 3310 1304 3356 mente
1354 3313 1601 3358 servatur
1659 3305 1876 3361 intacta,
1925 3308 1990 3362 Et
2016 3285 2061 3350 C
2091 3297 2259 3369 jussis
2287 3301 2471 3355 animo
2500 3301 2641 3355 virili
2667 3300 2972 3366 obluctans,
3007 3303 3195 3357 urbem
3229 3303 3466 3372 populis,
3493 3313 3681 3373 poten-

398 3389 587 3459 (quam
616 3405 833 3462 semper
885 3392 1022 3445 mira
1065 3392 1118 3446 in
1163 3393 1353 3449 electis
1386 3394 1499 3450 suis
1540 3394 1635 3451 Dei
1681 3398 1989 3455 miserentis

396 3482 701 3553 custodia!)
727 3498 850 3538 cum
882 3492 1127 3555 tempore
1154 3486 1585 3556 desponsationis
1608 3501 1799 3546 exacto
1828 3492 1989 3562 juve-

396 3573 485 3627 nis
509 3574 793 3643 virginem,
843 3586 904 3630 ut
950 3576 1028 3642 fit,
1085 3592 1117 3632 a
1168 3581 1480 3648 parentibus
1525 3585 1871 3653 suscepisset,
1904 3588 1992 3642 do-

398 3679 545 3718 mum
575 3681 696 3720 cum
722 3668 910 3737 grandi
938 3666 1240 3739 frequentia
1265 3674 1481 3741 nuptias
1510 3683 1798 3743 paraturus
1824 3676 1990 3731 dedu-

399 3755 494 3809 cit.
526 3754 630 3833 Sed
651 3757 777 3827 quia
806 3768 991 3813 sancta
1018 3760 1169 3831 virgo
1195 3760 1403 3817 caelesti
1444 3779 1641 3833 sponso
1658 3765 1769 3835 jam
1795 3780 1991 3837 corpus

397 3857 457 3903 et
484 3850 721 3904 animam
753 3866 908 3905 suam
960 3862 1396 3919 consecraverat,
1454 3855 1644 3910 eodem
1680 3856 1819 3912 forte
1848 3873 1988 3927 pra:-

398 3940 542 3996 dicto
568 3957 792 4013 sponso,
819 3945 1047 3999 consilio
1073 3946 1260 4016 utique
1291 3948 1599 4003 Divinitatis
1623 3990 1637 4014 ,
1662 3948 1818 4016 jussu
1844 3950 1991 4021 regio

399 4043 646 4100 evocato,
671 4034 932 4105 palatium
958 4034 1174 4104 juvenis
1210 4039 1326 4094 sine
1359 4055 1511 4095 mora
1542 4042 1839 4097 contendit.
1874 4042 1990 4110 Quo

396 4140 521 4181 cum
548 4128 909 4198 pervenisset,
940 4131 1125 4185 multis
1152 4139 1205 4185 et
1232 4130 1455 4187 nefariis
1492 4133 1541 4187 ei
1572 4134 1797 4205 ingestis
1825 4134 1991 4191 scele-

399 4220 550 4275 ribus
577 4222 816 4290 graviter
858 4221 912 4275 in
952 4236 1076 4276 eum
1107 4222 1304 4293 regalis
1328 4232 1411 4279 est
1442 4224 1659 4279 incensa
1707 4227 1988 4282 severitas.

396 4308 475 4364 Ita
506 4318 626 4366 acta
652 4320 897 4366 retrusns
924 4312 1188 4376 custodia,
1215 4329 1467 4385 annoque
1492 4315 1701 4385 integro
1726 4316 1795 4369 ibi
1828 4317 1990 4385 digno

398 4403 651 4473 squalore
719 4402 1028 4469 confectus,
1085 4420 1151 4459 eo
1220 4414 1412 4461 exacto
1460 4406 1685 4461 eductus
1749 4408 1991 4478 jndiciali

402 4494 691 4549 damnatus
742 4497 1015 4551 sententia
1060 4498 1237 4567 capite
1292 4498 1665 4553 detruncatur.
1701 4499 1791 4554 Sic
1826 4502 1990 4571 virgi-

390 4589 545 4643 nitas
593 4599 783 4645 sancta
812 4630 827 4654 ,
877 4590 1003 4645 dum
1053 4601 1164 4647 toto
1210 4593 1327 4647 nisu
1384 4594 1588 4648 carnali
1640 4594 1985 4651 oblectationi

2096 3393 2192 3457 tia,
2222 3392 2443 3463 ipsaque
2479 3393 2561 3446 sui
2598 3392 2918 3461 antiquitate
2949 3402 3086 3448 terra
3128 3395 3371 3463 marique
3414 3410 3685 3449 memora-

2093 3486 2256 3542 bilem
2288 3485 2491 3541 Mettim
2536 3499 2630 3541 seu
2671 3484 3133 3541 Mediomatricum
3184 3487 3371 3540 maluit
3421 3497 3679 3558 expeten-

2095 3578 2243 3633 dam.
2277 3576 2373 3631 Est
2412 3576 2465 3631 in
2497 3577 2685 3631 eadem
2724 3578 2858 3632 urbe
2908 3577 3133 3632 basilica
3176 3578 3471 3633 beatissimi
3502 3589 3682 3649 proto-

2094 3671 2357 3741 martyris
2380 3669 2664 3739 Stephani,
2687 3686 2847 3741 quam
2868 3671 3051 3725 multis
3072 3686 3213 3741 sazpe
3236 3672 3474 3741 operatio
3501 3672 3681 3727 divina

2095 3759 2373 3815 miraculis
2413 3760 2722 3816 illustravit.
2758 3760 2911 3817 lianc
2958 3761 3150 3817 ancilla
3183 3762 3385 3818 Christi
3416 3779 3537 3818 cum
3565 3762 3681 3832 jam

2094 3850 2196 3904 sibi
2225 3865 2314 3904 res
2339 3865 2506 3921 prope
2552 3850 2619 3904 ad
2644 3851 2752 3905 vim
2799 3860 3097 3921 spectaret,
3144 3852 3405 3923 ingressa,
3439 3853 3513 3909 ibi
3540 3854 3683 3910 intra

2095 3942 2264 3998 altare
2308 3953 2363 3998 et
2404 3942 2821 4009 confessionem,
2864 3943 2955 3998 ubi
2986 3959 3107 3997 cum
3132 3943 3373 4015 ejusdem
3427 3945 3683 4017 martyris

2095 4034 2357 4105 sanguine
2389 4034 2533 4105 (523)
2576 4034 2932 4105 plurimorum
2973 4037 3321 4092 continentur
3368 4050 3680 4094 sanctorum

2098 4128 2355 4197 reliquire,
2403 4142 2461 4183 se
2505 4127 2784 4199 profugam
2829 4129 3129 4185 collocavit.
3164 4130 3208 4186 Ο
3237 4132 3409 4187 saeclis
3431 4134 3684 4189 omnibus

2094 4219 2363 4274 castitatis
2414 4220 2652 4274 stndimn
2712 4222 2907 4275 merito
2954 4220 3316 4277 etl‘erendum!
3370 4224 3485 4290 Quo
3532 4226 3681 4281 enim

2092 4310 2237 4366 ﬂuxa
2287 4311 2589 4366 mortalitas
2632 4320 2826 4366 natura
2872 4314 2986 4383 ipsa
3014 4315 3266 4383 quamvis
3290 4317 3575 4385 poenaliter
3599 4319 3680 4373 vi-

2097 4406 2226 4460 tiata
2261 4405 2506 4460 trahente
2534 4406 2817 4461 descendit
2861 4408 3095 4477 captiva,
3123 4408 3224 4464 hoc
3253 4409 3427 4479 puclla
3453 4411 3679 4480 spiritus

2092 4497 2275 4566 vigore
2302 4510 2363 4550 se
2390 4496 2602 4550 fortiter
2643 4496 2935 4562 retinente,
2981 4498 3135 4567 quasi
3184 4499 3438 4555 immanis
3485 4502 3677 4571 μηθεί-

2091 4590 2206 4661 pitii
2236 4590 2549 4660 voraginem
2598 4590 3019 4656 exhorrescens,
3066 4593 3191 4662 quia
3237 4593 3372 4647 alias
3416 4594 3679 4649 evadendi

398 4692 684 4752 repugnat,
718 4691 972 4738 cunctam
1006 4683 1189 4755 gloriae
1212 4686 1524 4757 temporalis
1551 4704 1801 4759 pompam
1832 4689 1985 4744 nihili
2018 4659 2066 4719 θ
2095 4659 2273 4737 aditus
2298 4659 2399 4737 sibi
2433 4682 2754 4747 obducitur,
2806 4681 2945 4753 fuga:
2970 4659 3138 4738 solius
3170 4684 3315 4753 capit
3344 4684 3678 4754 prazsidium.

397 4780 646 4843 reputat;
696 4774 925 4829 Domino
954 4773 1172 4832 Christo
1201 4792 1360 4846 quem
1399 4779 1651 4834 erunibus
1691 4779 1986 4836 labentium
2095 4776 2207 4833 Nec
2237 4792 2367 4833 sane
2401 4777 2453 4831 in
2479 4778 2600 4832 sinu
2632 4791 2799 4847 egens
2831 4775 3120 4849 (mendum)
3146 4786 3243 4833 aut
3266 4779 3575 4850 quicunque
3616 4782 3682 4838 de

362 4880 584 4925 rerum
629 4864 957 4935 praeferebat
997 4866 1207 4923 deliciis
1244 4884 1342 4939 pro
1371 4884 1430 4924 se
1457 4870 1790 4935 decertante,
1818 4874 1867 4929 ei
1894 4877 1988 4931 uni
2094 4872 2253 4927 turba
2308 4880 2466 4925 erant
2522 4869 2614 4942 qui
2667 4879 2945 4941 cogerent.
3012 4872 3125 4925 Dux
3178 4881 3327 4927 certe
3376 4882 3681 4942 praepotens

362 4970 561 5026 .quem
584 4970 799 5025 semper
822 4966 1140 5028 optaverat,
1172 4960 1335 5016 corde
1362 4961 1631 5018 inhaerens
1658 4975 1713 5019 et
1738 4980 1987 5037 corpore,
2094 4975 2249 5037 pater
2287 4974 2425 5029 erat,
2475 4966 2565 5035 qui
2612 4972 2667 5018 et
2712 4963 2843 5032 ipsis
2889 4965 3081 5019 terrori
3120 4963 3477 5035 locupletibus
3512 4976 3681 5034 esset,

360 5048 518 5104 .lzeta
561 5050 840 5106 etvictrix
889 5050 955 5107 de
1003 5052 1166 5109 t0lius
1208 5052 1327 5123 jam
1379 5054 1578 5113 damno
1623 5061 1988 5129 corruptionis
2092 5072 2326 5129 eumque
2383 5056 2908 5127 circumstipantium
2954 5060 3151 5114 cohors
3207 5059 3388 5113 minax
3446 5059 3686 5116 instabat

391 5141 717 5214 triumphat.
2097 5160 2263 5223 atque
2302 5151 2580 5207 terribilis.
2614 5148 2836 5205 Sedilla
2869 5151 3003 5205 mori
3034 5150 3277 5223 paratior
3306 5166 3467 5221 quam
3492 5150 3683 5207 florem
3710 5186 3717 5192 -

368 5292 376 5300 ,
466 5232 521 5289 3.
553 5233 669 5291 Nec
695 5250 755 5292 se
774 5251 988 5309 quoque
1012 5238 1255 5297 adversae
1276 5244 1560 5312 potestatis
1581 5242 1835 5301 defecere
1856 5244 1985 5302 doli.
2092 5242 2425 5315 virginitatis
2452 5254 2509 5301 et
2533 5242 2873 5315 splendorem
2904 5242 3153 5314 gloriosas
3179 5243 3429 5298 amittere
3454 5244 3683 5315 integri-

383 5327 557 5385 Pater
581 5342 723 5385 nece
766 5330 949 5401 sponsi
991 5334 1189 5403 prioris
1219 5334 1401 5389 audita
1434 5336 1663 5406 puellam
1699 5337 1988 5392 venerabi-
2092 5339 2242 5405 tatis,
2270 5350 2371 5391 nec
2396 5341 2566 5396 minis
2592 5352 2889 5405 concussa,
2922 5353 3022 5394 nec
3049 5335 3324 5393 blanditiis
3351 5348 3519 5402 mota,
3564 5346 3686 5391 tan-

381 5419 497 5477 lem
527 5434 728 5477 rursus
758 5422 902 5490 cogit
928 5425 994 5479 ad
1041 5426 1359 5482 thalamum.
1396 5424 1489 5483 llla
1533 5427 1793 5490 anteiam
1824 5442 1989 5490 spon»
2090 5447 2252 5490 anam
2299 5431 2580 5488 tutissimo
2630 5443 2793 5488 nortu
2833 5434 3088 5488 manebat
3145 5430 3409 5487 interrita.
3466 5431 3691 5486 Discant
