4472 5522
829 456 943 526 215

1691 461 1972 521 JOANNIS
2009 456 2300 516 ABBATIS
2338 453 2395 510 S.
2438 452 2742 509 ARNULFI
2782 454 3120 512 METENSIS

3986 452 4094 511 216

828 582 1072 654 virgines
1107 578 1360 653 praesenti
1398 577 1648 649 exemplo
1683 593 1788 632 non
1824 577 2107 649 pulchrum
2145 573 2246 628 sibi
2293 584 2413 625 esse
2439 569 2490 630 Α
2515 569 2834 624 exstiterant
2872 569 3213 640 posthabitis,
3247 567 3299 625 iu
3335 567 3597 640 integram
3631 581 3750 624 cum
3781 562 4098 637 parentibus

829 672 1175 731 maritalibus
1219 669 1412 741 subjici
1461 669 1711 733 vinculis,
1763 684 1868 724 non
1920 669 1972 722 in
2011 665 2412 737 possessionum

827 762 1206 834 amplitudine,
1237 777 1344 816 non
1380 761 1434 817 in
1478 775 1759 817 servorum
1787 759 2211 834 ancillarumque
2232 755 2414 827 gregi-

823 855 950 922 bus,
976 870 1084 912 non
1112 855 1165 910 in
1190 863 1635 911 ornamentorum
1668 853 1864 909 diversi
1889 852 2102 923 generis
2129 859 2411 922 apparatu,

827 961 938 1004 non
981 946 1035 1002 in
1084 960 1532 1017 quorumcunque
1580 945 1990 1015 obsequentium
2038 941 2224 998 cuneis
2271 939 2414 995 delc-

825 1035 989 1104 ctari,
1021 1050 1144 1092 cum
1175 1035 1292 1090 haec
1339 1034 1519 1090 omnia
1550 1034 1718 1089 variis
1767 1033 1867 1089 sibi
1890 1032 2105 1088 casibus
2151 1046 2255 1086 non
2297 1030 2414 1085 sine

823 1132 996 1184 multo
1025 1127 1213 1196 utique
1259 1124 1441 1180 dolore
1477 1125 1729 1179 noverint
1769 1122 2080 1186 amittenda,
2116 1137 2214 1176 nec
2253 1120 2410 1191 quid-

821 1233 989 1292 quam
1016 1233 1207 1275 eorum
1239 1232 1296 1273 se
1329 1227 1506 1273 morte
1549 1217 1730 1273 omnia
1767 1222 2152 1286 prorumpente
2181 1213 2262 1268 vel
2315 1228 2411 1268 co-

822 1311 1007 1367 mitari
1041 1326 1224 1382 posse,
1255 1310 1340 1364 vel
1365 1310 1517 1380 sequi
1541 1328 1553 1363 :
1589 1309 1716 1379 quin
1745 1309 1924 1379 potius
1950 1323 2068 1377 quae
2095 1307 2267 1376 majus
2295 1320 2413 1360 om-

819 1404 983 1461 nibus
1030 1413 1113 1460 est
1169 1404 1378 1474 species
1424 1402 1567 1457 beati
1611 1401 1871 1472 pudoris,
1903 1399 2012 1456 Deo
2044 1398 2411 1468 angelicisque

817 1498 980 1553 unice
1007 1497 1170 1553 chara
1203 1495 1531 1567 agminibus,
1579 1510 1740 1564 super
1787 1493 1967 1547 omnia
2009 1493 2120 1546 haec
2150 1491 2330 1544 infima
2356 1497 2410 1544 et

821 1588 1010 1644 mundi
1066 1588 1266 1643 caduca
1321 1586 1714 1641 oblectamenta
1773 1585 1854 1639 sui
1903 1583 2067 1638 solius
2115 1582 2407 1652 voluptate,

819 1691 1120 1751 sanctoque
1151 1689 1202 1735 et
1227 1679 1570 1734 immaculato
1593 1679 1733 1734 allici
1764 1678 2055 1734 desiderio.

887 1770 941 1824 4.
995 1769 1100 1826 Sed
1131 1779 1188 1824 ut
1213 1779 1388 1840 coepta
1419 1785 1745 1839 sequamur,
1784 1777 2036 1838 parentes
2061 1765 2292 1837 puellam
2322 1765 2405 1818 fu-

814 1860 1052 1933 gientem
1082 1876 1112 1916 e
1146 1863 1372 1932 vestigio
1417 1861 1664 1924 insecuti,
1701 1859 1843 1914 facto
1870 1867 2152 1925 stupentes
2174 1898 2186 1920 ,
2215 1858 2407 1924 iraque

2517 673 2572 718 et
2599 665 2812 718 caeteris
2852 664 3011 719 rediit
3034 665 3281 735 gratiam.
3313 663 3608 718 Attendant
3635 663 3722 718 hic
3751 661 4008 733 virgines,
4037 668 4097 717 et

2517 756 2780 812 castitatis
2823 757 3080 811 thesauro
3125 755 3254 810 nihil
3301 754 3410 810 Deo
3439 755 3643 826 gratius
3669 754 3753 808 vel
3779 754 3984 825 angelis
4013 753 4098 809 di-

2516 859 2670 905 scant
2699 849 3041 907 familiarius.
3088 850 3393 922 Virginitati
3441 849 3691 905 Christus
3733 849 3874 904 inter
3911 847 4094 904 omnia

2516 942 2670 998 adest
2708 943 3042 1008 discrimina,
3088 943 3312 1013 spiritus
3344 942 3593 999 caalestes
3639 942 3716 996 uti
3748 956 3959 1012 sponsa:
3990 941 4086 998 im-

2514 1035 2782 1108 peratoris
2832 1037 2912 1091 sui
2952 1036 3137 1091 famuli
3169 1036 3500 1091 devotissimi
3544 1036 3932 1105 obsequuntur.
3965 1032 4094 1093 Haec

2515 1127 2626 1184 sola
2661 1127 3002 1182 immaculata
3032 1129 3242 1198 Agnum
3274 1129 3517 1196 sequitur
3545 1127 3743 1196 ubique
3782 1127 4095 1183 immaculao

2516 1230 2627 1277 tum
2655 1239 2666 1274 :
2700 1230 3011 1290 quantoque
3037 1221 3086 1274 ei
3121 1221 3360 1276 adlueret
3385 1220 3638 1286 vicinius,
3673 1228 3822 1274 tanto
3847 1220 3914 1274 ad
3947 1234 4096 1289 qua:-

2514 1311 2642 1366 libet
2671 1310 2937 1380 postulata
2969 1311 3185 1364 auditur
3211 1310 3465 1365 velocius.
3504 1310 3642 1365 Ecce
3687 1325 3847 1379 quam
3897 1316 4094 1380 praesto

2513 1403 2639 1458 huic
2665 1404 2873 1459 ancillae
2897 1419 3008 1458 sua?
3031 1404 3201 1473 gratia
3222 1403 3308 1456 illa
3334 1401 3724 1457 inaestimabilis
3744 1399 3936 1456 adfuit.
3954 1400 4094 1455 Vere

2511 1510 2679 1567 prope
2725 1496 2983 1550 Dominus
3039 1494 3290 1549 omnibus
3349 1494 3439 1563 qui
3491 1493 3830 1547 obtriverunt
3879 1506 3994 1555 cor,
4037 1497 4094 1544 et

2512 1603 2678 1658 prope
2710 1588 2960 1642 timentes
2996 1603 3118 1642 eum
3146 1585 3383 1641 salutare
3408 1585 3593 1654 ipsius.
3633 1583 3748 1650 Quo
3777 1599 3904 1638 vero
3935 1590 4093 1652 putas

2512 1692 2605 1732 ore
2635 1693 2753 1730 eam
2794 1686 2920 1732 tunc
2951 1678 3003 1730 in
3038 1677 3250 1731 laudem
3280 1675 3359 1730 sui
3390 1676 3632 1744 erupisse
3663 1674 3960 1738 Creatoris,
3998 1679 4093 1726 aut

2512 1769 2664 1839 cujus
2712 1785 2908 1839 genere
2962 1769 3108 1821 vocis
3170 1769 3428 1838 hymnum
3481 1765 3840 1819 inaestimabili
3888 1763 4092 1819 fudisse

2513 1877 2632 1916 cum
2680 1860 2869 1931 jubilo,
2922 1875 3041 1912 cum
3071 1859 3254 1913 oculos
3306 1858 3440 1913 lucis
3478 1857 3621 1912 illius
3670 1856 3954 1911 invisibilis
3977 1863 4091 1910 tarn

815 1952 1049 2018 incensi,
1076 1952 1311 2005 maxime
1339 1967 1461 2005 cum
1488 1949 1822 2020 sponsalium
1849 1948 2148 2002 administri
2181 1963 2238 2001 se
2268 1962 2401 2001 con-
2437 1943 2478 2002 Β
2508 1952 2719 2022 placide
2754 1951 2803 2004 in
2855 1965 2911 2004 se
2943 1951 3210 2016 deiectos,
3260 1957 3314 2004 et
3365 1964 3525 2003 aures
3554 1947 3674 2002 illas
3696 1945 4094 2002 secretissimae

812 2044 992 2116 questi
1037 2043 1252 2098 delusos
1285 2043 1478 2096 acriori
1530 2041 2001 2095 instimularcntur
2030 2039 2252 2102 dolore;
2305 2053 2399 2091 an-

810 2137 993 2194 cillam
1041 2135 1241 2192 Christi
1290 2152 1355 2190 ex
1404 2150 1559 2189 sacro
1607 2133 1836 2202 confugii
1879 2132 2014 2196 loco,
2047 2131 2088 2186 si
2123 2146 2226 2200 qua
2285 2139 2400 2183 arte

806 2228 1086 2292 valerent,
1141 2226 1477 2280 conabantur
1532 2225 1867 2278 abstrahere.
1925 2221 2010 2274 Fit
2075 2221 2218 2291 jugis
2276 2228 2400 2274 ante

807 2317 1008 2372 ostium
1038 2317 1170 2372 mdis
1202 2325 1402 2371 sancta:
1447 2313 1805 2384 pernoctatio,
1838 2313 2150 2380 intentaque
2193 2311 2278 2363 die
2304 2324 2399 2362 no-

807 2419 1008 2480 ctuque
1062 2409 1393 2472 observatio,
1441 2415 1501 2461 ut
1546 2406 1785 2476 qualibet
1837 2404 1974 2458 forte
2005 2405 2106 2456 sibi
2143 2403 2398 2457 facultate

805 2500 989 2556 oblata
1023 2500 1072 2554 vi
1121 2500 1390 2553 abducere
1430 2505 1802 2566 properarent.
1843 2494 2021 2548 Puella
2073 2492 2396 2547 venerabilis

806 2593 1000 2664 spiritu
1049 2590 1366 2656 robustiori,
1422 2590 1710 2656 animoque
1760 2601 1816 2639 se
1846 2587 2115 2640 obstinato
2148 2582 2394 2636 immobi-

804 2686 913 2742 lem
945 2695 1136 2741 tenens
1158 2725 1171 2750 ,
1205 2693 1263 2738 ut
1287 2691 1636 2738 sacrosancto
1664 2679 1974 2733 adlucrebat
2016 2677 2206 2739 altari,
2251 2675 2394 2728 nulla

801 2777 929 2833 inde
963 2777 1174 2831 ratione
1205 2775 1286 2830 vel
1312 2782 1510 2845 puncto
1552 2772 1806 2841 temporis
1847 2770 2184 2840 aliquatenus
2223 2767 2395 2837 quivit

801 2870 983 2938 avelli,
1014 2878 1070 2926 et
1101 2869 1317 2939 (mirum
1349 2869 1494 2924 dictu
1521 2867 1561 2937 !)
1616 2881 1708 2920 sex
1756 2864 2026 2919 continuis
2055 2861 2246 2915 diebus
2281 2875 2396 2912 ma-

801 2977 942 3019 nens
971 2961 1026 3017 in
1056 2961 1303 3026 ecclesia,
1335 2977 1441 3015 non
1472 2958 1632 3013 modo
1653 2972 1757 3012 non
1785 2971 2022 3026 egressa,
2053 2953 2145 3010 sed
2169 2961 2221 3007 et
2247 2952 2392 3007 omni

799 3066 1030 3124 prorsus
1057 3052 1180 3107 cibo
1203 3051 1438 3106 abstinet
1463 3059 1517 3104 et
1539 3057 1686 3118 potu.
1726 3048 1926 3100 Verum
1955 3046 2046 3114 qui
2083 3045 2173 3098 dat
2209 3058 2392 3098 escam

799 3144 952 3202 cmni
997 3145 1170 3210 carni,
1218 3153 1274 3198 et
1319 3143 1493 3214 replet
1540 3155 1702 3196 omne
1748 3139 1944 3193 animal
1993 3137 2390 3202 benedictione,

797 3233 1061 3290 famulam
1106 3247 1258 3288 suam
1307 3231 1558 3286 humanis
1589 3229 1930 3292 frustratam,
1962 3227 2157 3281 divinis
2184 3233 2394 3280 recreat

2508 2045 2623 2098 voci
2651 2058 2761 2096 sua:
2792 2051 2898 2095 tam
2932 2057 3158 2110 propere
3181 2041 3437 2111 cognovit
3467 2039 3736 2103 admotas,
3771 2047 3988 2107 tamque
4018 2037 4092 2092 fa-

2507 2136 2593 2190 cili
2625 2135 2710 2188 via
2741 2148 2930 2204 preces
2959 2133 3114 2186 datas
3143 2131 3352 2187 effectui
3376 2173 3390 2196 ,
3436 2141 3495 2186 ut
3543 2131 3790 2201 angelum
3842 2138 4090 2184 sanctum

2505 2227 2605 2280 sub
2645 2225 2774 2294 ipsis
2829 2223 3135 2278 mortalium
3181 2222 3352 2277 oculis
3401 2221 3468 2275 ad
3511 2237 3569 2275 se
3619 2219 3998 2274 lzctificandum
4034 2225 4091 2273 et

2504 2317 2891 2372 consolandum
2910 2316 3224 2385 praepotenti
3257 2313 3538 2382 majestate
3579 2314 3860 2367 advenisse
3886 2309 4090 2382 gaude-

2504 2411 2619 2464 ret?
2650 2409 2971 2478 Prophetica
3011 2408 3270 2461 nimirum
3303 2407 3662 2462 exsultatione
3687 2447 3700 2469 ,
3743 2403 3855 2472 jam
3889 2415 4088 2472 sponsa

2502 2500 2739 2555 caelestis
2785 2498 3005 2563 effecta,
3043 2499 3116 2552 uti
3154 2507 3364 2568 poterat
3403 2513 3465 2552 ac
3515 2498 3694 2551 dicere
3731 2514 3742 2549 :
3781 2495 3964 2548 Induit
4003 2508 4088 2549 me

2501 2593 2754 2646 Dominus
2782 2591 3081 2643 vestimento
3128 2589 3312 2642 salutis
3337 2599 3380 2641 et
3405 2589 3704 2640 indumento
3725 2585 3948 2655 justitim
3977 2584 4088 2637 Cir--

2500 2684 2763 2738 cumdedit
2788 2699 2866 2735 me
2890 2682 3024 2752 (lsa.
3065 2697 3173 2744 th,
3201 2681 3311 2749 lO).
3341 2680 3579 2748 Itemque
3607 2695 3736 2734 voce
3764 2676 4085 2733 universalis

2499 2776 2751 2830 Ecclesizc
2792 2792 2856 2830 ex
2903 2783 3130 2842 utroque
3163 2789 3292 2827 sexu
3343 2771 3581 2826 eullectze
3633 2771 3721 2824 uni
3780 2770 3942 2839 capiti
3986 2783 4087 2825 suo

2503 2868 2894 2939 gratulabunda
2922 2867 3287 2936 proclamare:
3311 2863 3456 2918 Sicut
3480 2881 3668 2933 sponso
3693 2865 3936 2932 imposuit
3957 2861 4085 2916 mihi

2499 2961 2724 3022 mitram,
2743 2972 2788 3014 et
2817 2962 2948 3013 sicut
2977 2977 3219 3029 sponsam
3243 2959 3442 3012 ornavit
3470 2974 3549 3011 me
3580 2967 3882 3011 ornamento
3907 2956 4082 3028 (ibid..

2489 3055 2644 3123 juxta
2672 3052 2860 3124 LXX).

2567 3145 2619 3199 6.
2662 3145 2827 3200 Beata
2859 3147 3040 3216 itaque
3083 3146 3235 3216 virgo
3281 3161 3402 3200 cum
3461 3145 3541 3215 (ut
3585 3144 3928 3216 praemissum
3979 3143 4083 3215 est)

2495 3235 2795 3290 visceribus
2824 3234 3046 3289 aﬂluens
3075 3235 3297 3305 pietatis
3327 3243 3552 3290 cunctos
3602 3234 3705 3288 sibi
3751 3233 3956 3303 pridem
4002 3233 4085 3287 in-

797 3326 1107 3391 alimentis,
1144 3338 1374 3394 eamque
1410 3322 1662 3393 precibus
1693 3319 1925 3375 assiduis
1960 3319 2098 3374 coelo
2130 3317 2390 3372 intentam
2419 3306 2462 3368 C
2497 3327 2563 3382 re.

2317 3332 2390 3370 1m
2419 3306 2462 3368 Ο
2497 3327 2678 3382 fensos
2723 3327 2890 3380 venia:
2925 3326 3223 3381 clementer
3272 3325 3615 3389 admisisset,
3672 3331 3726 3379 et
3765 3322 4083 3393 parentibus

799 3416 1045 3489 angelica
1097 3415 1360 3470 duntaxat
1402 3412 1663 3484 probatur
1704 3411 1919 3482 pavisse
1959 3409 2202 3465 refectio.
2258 3407 2390 3462 Fide

796 3509 1008 3564 interea
1055 3515 1163 3560 tarn
1214 3503 1481 3560 constanti
1517 3501 1936 3572 perseverantiae
1985 3512 2097 3553 suae
2135 3514 2388 3554 remune-

801 3597 1075 3654 rationem
1100 3595 1351 3663 exigente
1373 3592 1761 3649 consolationis
1786 3591 1983 3646 divinae
2004 3631 2018 3656 ,
2047 3605 2166 3660 quae
2205 3591 2388 3644 tandiu

796 3698 1132 3748 contractam
1223 3688 1419 3743 nubem
1503 3686 1756 3741 mmroris
1840 3686 2217 3756 abstergeret,
2298 3685 2388 3740 lux

797 3792 1026 3856 repente
1075 3789 1229 3855 grata
1296 3779 1646 3851 resplenduit.
1688 3778 1927 3834 Instante
2000 3793 2231 3848 namque
2273 3778 2387 3848 jam

803 3877 1035 3950 septima
1092 3875 1180 3930 die
1238 3889 1358 3944 quae
1410 3873 1687 3928 Dominica
1745 3883 1896 3938 erat,
1951 3887 2077 3928 ecce
2133 3873 2218 3926 vir
2265 3872 2386 3942 qui-

801 3971 930 4026 dam
954 3968 1102 4023 vultu
1133 3967 1399 4039 angelico,
1440 3963 1787 4037 sequentibus
1824 3963 2006 4033 pueris
2046 3962 2253 4018 duobus
2273 3961 2390 4032 pul-

794 4061 1084 4118 cherrimis
1114 4058 1214 4116 sub
1258 4058 1501 4113 omnium
1549 4064 1839 4125 conspectu
1888 4054 2126 4118 advenit,
2157 4063 2390 4124 partem-

796 4168 904 4225 que
945 4152 1133 4208 altaris
1178 4166 1284 4222 qua
1319 4151 1472 4220 virgo
1493 4148 1858 4204 sacratissima
1901 4145 2161 4214 pudorem
2190 4143 2389 4199 tuendo

794 4245 1107 4310 celabatur,
1150 4251 1295 4298 recta
1330 4241 1634 4312 ingressus,
1663 4238 1926 4294 velamine
1955 4237 2006 4290 in
2033 4244 2234 4290 sanctm
2261 4251 2384 4306 spe-

794 4336 971 4393 cimen
997 4331 1272 4405 religionis
1293 4329 1638 4386 cernentibus
1659 4328 1865 4383 cunctis
1885 4326 1945 4381 Β.
1976 4326 2199 4398 virginis
2226 4334 2386 4394 caput

793 4425 1040 4483 obnubit.
1067 4422 1176 4479 Nec
1203 4436 1376 4485 mora,
1409 4419 1583 4475 oculis
1614 4417 1961 4482 intuentium,
1993 4432 2115 4472 cum
2149 4415 2232 4470 bis
2266 4414 2385 4485 qui-

793 4519 896 4573 bus
923 4514 1173 4587 apparuit
1203 4513 1471 4575 sublatus,
1504 4510 1872 4580 magnitudine
1902 4507 2049 4573 facti,
2082 4516 2301 4578 stupore
2331 4516 2386 4562 et

794 4606 1056 4664 miraculo
1077 4603 1308 4677 perculit
1338 4605 1639 4666 universos,
1655 4615 1774 4654 cum
1807 4607 1983 4653 terror
2004 4599 2118 4668 ipse
2143 4613 2238 4653 eos
2259 4613 2322 4653 ac
2337 4598 2380 4654 si

2493 3419 2744 3485 deinceps
2766 3418 2818 3470 in
2859 3416 3004 3470 nullo
3031 3416 3320 3486 impatiens
3342 3415 3608 3485 placidam
3638 3429 3696 3469 se
3717 3414 4078 3482 subdidisset;

2491 3509 2555 3563 ad
2583 3508 2892 3578 praedictam
2921 3506 3140 3561 amitam
3183 3522 3334 3562 suam
3377 3506 3689 3561 Rothildam
3723 3521 3933 3577 magnae
3957 3519 4081 3577 pro-

2498 3601 2684 3656 bitatis
2715 3599 2854 3654 fama
2884 3599 3151 3654 celebrem
3179 3614 3339 3670 quam
3377 3599 3692 3675 insecundo
3736 3608 3858 3653 actu
3884 3598 3952 3654 de
3977 3613 4079 3653 nu-

2488 3693 2636 3763 ptiis,
2668 3691 2858 3761 pudori
2889 3699 3156 3756 metuens,
3181 3707 3286 3745 non
3316 3691 3621 3747 contumaci
3658 3697 3841 3745 mente
3866 3688 4081 3759 refuge-

2489 3792 2592 3849 rat,
2618 3782 2728 3852 jam
2765 3782 2818 3836 in
2847 3783 3014 3851 gratia
3074 3791 3328 3853 percepta
3381 3797 3487 3837 non
3553 3781 3836 3835 minimum
3885 3794 4082 3850 gerens

2489 3876 2720 3940 ﬁduciae,
2778 3874 3032 3930 Treviros
3083 3884 3273 3945 sponte
3327 3873 3626 3930 contendit.
3671 3873 3747 3928 lbi
3788 3888 3886 3944 pro
3923 3873 4081 3929 modo

2489 3967 2914 4024 conversationis
2955 3976 3196 4036 tempore
3244 3982 3351 4022 non
3401 3965 3570 4022 multo
3617 3972 3832 4030 exacto,
3861 3964 4075 4020 cunctis

2482 4057 2594 4128 jam
2623 4059 2888 4113 bonorum
2928 4059 3124 4114 studiis
3173 4073 3386 4113 morum
3441 4065 3772 4127 actuumque
3816 4065 3962 4112 statu
4007 4054 4078 4112 ad

2487 4166 2734 4206 normam
2762 4149 2998 4205 caelestis
3025 4149 3324 4220 disciplinae
3345 4148 3603 4219 quidquid
3625 4147 3882 4202 divinitus
3904 4155 3958 4202 et
3980 4146 4081 4202 hu-

2487 4242 2723 4298 manitus
2767 4257 2923 4312 aequo
2950 4243 3210 4312 competit
3233 4250 3288 4297 et
3315 4241 3544 4296 honesto
3574 4239 3884 4309 plenissime
3911 4237 4079 4294 infor-

2486 4342 2656 4399 mata,
2699 4333 2888 4387 urbem
2918 4334 3020 4388 sibi
3047 4332 3365 4404 patrociniis
3392 4331 3589 4386 divinis
3611 4331 3839 4384 amicam
3866 4329 4074 4386 Mettim

2485 4424 2719 4495 repetiit.
2748 4423 2884 4478 Vitae
2912 4423 3051 4478 illico
3089 4424 3343 4479 arctioris
3370 4423 3697 4494 ingressum,
3727 4423 3816 4478 cui
3835 4421 3948 4490 jam
3976 4421 4076 4476 du-

2484 4515 2609 4570 dum
2640 4523 2860 4570 sanctus
2885 4515 3002 4585 ejus
3041 4514 3262 4585 spiritus
3312 4523 3422 4570 toto
3467 4514 3733 4569 desiderio
3770 4513 4072 4584 aspirabat,

2486 4605 2800 4660 ancillarum
2849 4606 3050 4661 Christi
3091 4623 3149 4662 se
3178 4622 3299 4662 cum
3328 4621 3488 4677 grege
3517 4606 3742 4662 collecto
3781 4621 3993 4661 summa
4020 4603 4072 4661 vi

790 4698 1015 4756 stolidos
1057 4707 1115 4753 et
1157 4696 1359 4752 mentis
1387 4709 1570 4750 vacua:
1608 4693 1689 4750 sic
1734 4691 2070 4752 reddidisset,
2114 4700 2174 4746 ut
2208 4706 2382 4764 neque
2410 4668 2460 4729 Ι)
2489 4707 2650 4770 atque
2678 4712 2778 4769 0pc
2804 4698 2984 4753 nitens
3007 4698 3256 4769 arripuit.
3299 4668 3568 4752 Est-locus
3595 4696 3735 4753 infra
3758 4697 3956 4752 moenia
3986 4711 4077 4752 ur-

793 4790 1064 4863 proloqui,
1093 4803 1270 4859 neque
1304 4789 1465 4852 unde,
1511 4795 1604 4840 aut
1630 4784 1719 4855 qui
1755 4790 1937 4840 essent
1975 4781 2066 4852 qui
2091 4791 2376 4851 venerant,

789 4887 1014 4954 possent
1035 4877 1299 4934 ediscere.

859 4971 913 5027 5.
952 4970 1086 5043 Cum
1115 4985 1246 5025 vero
1274 4975 1398 5040 post
1439 4967 1731 5024 discessum
1763 4976 1925 5022 tanta:
1952 4965 2176 5024 visionis
2215 4967 2282 5023 ad
2320 4980 2378 5024 se

787 5066 995 5124 reversi
1027 5076 1271 5122 sanctam
1305 5065 1568 5135 virginem
1601 5079 1666 5120 eo
1717 5064 1902 5119 habitu
1951 5073 2220 5120 astantem
2251 5081 2377 5136 per-

789 5159 1087 5232 spicerent,
1129 5155 1286 5212 facile
1330 5157 1822 5212 animadvertentes
1869 5156 2166 5226 angelicam
2216 5172 2381 5227 appa-

789 5251 969 5308 ruisse
1011 5250 1380 5322 prtesentiam,
1429 5258 1706 5320 totumque
1759 5249 1811 5304 id
1869 5249 2128 5304 divinitus
2177 5248 2379 5305 factum

785 5359 909 5401 esse
935 5343 1077 5415 quod
1104 5343 1390 5408 viderant,
1426 5342 1559 5399 nihil
1584 5357 1691 5414 quo
1723 5341 1865 5397 ultro
1894 5341 2206 5397 resisterent
2238 5350 2376 5397 erat.

787 5437 1026 5491 Tantum
1050 5437 1164 5491 solo
1193 5437 1384 5491 strati.
1426 5437 1775 5491 vestieiisaue
1806 5438 1977 5491 beata:
2013 5437 2232 5491 virginis
2256 5436 2380 5489 sub-

2488 4791 2571 4846 bis
2598 4790 2783 4862 ipsius,
2807 4789 2928 4859 jure
2957 4790 3288 4845 hereditario
3312 4799 3439 4846 tunc
3464 4799 3747 4860 parentum
3779 4789 4069 4860 possessio,

2487 4883 2805 4955 religiosiori
2857 4883 3124 4939 institutio
3168 4883 3452 4938 admodum
3511 4890 3863 4952 opportunus.
3914 4879 4071 4937 Hunc

2485 4989 2669 5035 sancta
2695 4979 2848 5050 virgo
2891 4978 3084 5033 divinis
3122 4978 3310 5033 usibus
3339 4976 3479 5032 dono
3503 4975 3618 5031 dari
3666 4975 3768 5031 sibi
3815 4985 4071 5047 expostu-

2485 5073 2628 5140 lans,
2673 5088 2772 5128 nec
2797 5088 2947 5128 mora
2992 5072 3334 5143 paratissima
3374 5086 3561 5128 eorum
3591 5070 3916 5127 liberalitate
3944 5071 4067 5127 ade-

2482 5173 2633 5237 ptum
2664 5163 3050 5220 monasterium
3080 5162 3379 5235 puellarum
3419 5162 3513 5218 Dei
3542 5163 3700 5219 hodie
3732 5177 3906 5234 usque
3935 5163 4064 5218 insi-

2484 5273 2586 5331 gne
2601 5257 2825 5327 pulchro
2846 5257 3200 5312 materialiter
3219 5259 3413 5314 decore
3429 5258 3756 5322 construxit,
3773 5253 4058 5329 pulchriori

2483 5349 2832 5406 nihilominus
2857 5349 3120 5404 virtutum
3153 5351 3347 5406 robore
3398 5349 3654 5404 nobiliter
3700 5349 4055 5418 gubernavit.

2483 5443 2536 5489 in
2563 5457 2670 5489 nun
2691 5459 2860 5489 usmm
2881 5445 2945 5489 ml
2975 5453 3261 5489 centenum
3288 5458 3570 5487 numerum
3598 5441 3882 5487 collegium
3911 5441 4052 5485 Chi-L
