4472 5522
338 384 447 455 21⁸1

1352 384 1440 440 DE
1482 384 2011 443 TRANSLATIONE
2054 388 2109 444 S.
2149 390 2613 448 GLODESINSIS.

3511 398 3621 460 218

342 504 625 586 presserit,
648 510 704 561 et
727 500 939 561 czeteris
975 502 1192 573 superni
1224 502 1328 558 dux
1362 503 1504 561 facta
1530 506 1764 571 itineris,
1792 506 1846 562 in
1871 522 1928 564 se
1957 512 2003 573 Α
2033 519 2286 567 contactu
2303 511 2519 568 assiduo
2536 519 2974 585 corrumpantur,
2996 520 3291 571 attcstante
3312 512 3416 570 hoc
3430 514 3620 572 eadem

344 600 487 675 quod
516 606 874 670 sequeremur
898 597 1231 666 praestiterit,
1262 606 1422 668 atque
1475 599 1524 655 ei
1564 602 1743 670 potius
1769 617 1931 672 quam

344 692 448 752 sibi
472 690 703 757 vixerit;
736 688 839 744 [ide
864 697 1026 759 atque
1060 688 1323 745 arbitratu
1356 707 1501 747 sana:
1542 693 1931 762 intelligentiae,

346 798 507 857 quam
540 780 759 851 scriptis
782 780 992 836 aestimo
1018 782 1527 837 commendandum.
1555 784 1931 840 Consideranti

345 873 490 931 enim
543 873 824 938 attentius,
865 872 1069 944 liquido
1100 883 1249 929 caret
1284 876 1425 945 quod
1462 877 1520 933 Β.
1570 879 1720 950 virgo
1750 880 1935 935 visita-

348 966 547 1023 tionem
579 964 721 1020 illam
769 968 821 1020 iu
853 980 911 1021 se
953 974 1062 1019 tam
1103 982 1133 1021 a
1176 968 1423 1038 supernis
1444 970 1679 1041 jucunde
1708 971 1933 1028 ell‘usam

345 1076 455 1135 pm
481 1060 653 1115 oculis
696 1060 874 1115 cordis
918 1061 1170 1115 continue
1202 1077 1449 1126 versans,
1479 1065 1769 1119 exterioris
1808 1081 1935 1136 ope-

348 1154 424 1210 ris
457 1154 861 1210 exsecutionem
913 1155 1157 1210 interiori
1208 1173 1315 1211 non
1363 1158 1635 1229 disparem
1682 1160 1936 1215 servabat

348 1247 571 1304 fervori.
1256 1309 1261 1315 ,

418 1342 471 1397 7.
512 1342 803 1413 Postquam
845 1343 985 1397 idem
1018 1346 1408 1399 monasterium
1436 1347 1502 1399 ad
1532 1361 1813 1400 numerum
1843 1361 1936 1401 sex

348 1434 561 1491 illorum
609 1436 840 1500 dierum,
887 1437 1083 1504 quibus
1113 1439 1527 1507 praeparationis
1572 1448 1771 1494 sancta:
1800 1441 1937 1493 inte-

349 1526 564 1598 gritatis
591 1527 826 1581 mirabili
878 1526 969 1580 illo
1001 1529 1051 1579 iu
1085 1528 1316 1581 ecclesia
1366 1530 1652 1583 duraverat
1689 1528 1935 1599 jejunio;

348 1631 442 1671 sex
470 1617 596 1672 item
626 1632 793 1671 annos
823 1616 1050 1671 feliciter
1081 1628 1295 1673 rexerat
1320 1662 1333 1684 ,
1368 1620 1476 1673 Deo
1520 1620 1937 1689 hominibusque

349 1714 527 1777 grata,
557 1706 667 1759 vita
693 1721 905 1776 quoque
934 1715 987 1761 cl
1028 1708 1196 1777 signis
1229 1710 1544 1780 magniﬁca;
1580 1711 1633 1764 in
1672 1711 1933 1764 sanctita-

348 1801 419 1855 tis
464 1801 744 1871 propOsito
784 1816 944 1855 cursu
975 1801 1205 1855 ﬁdeliter
1235 1812 1631 1867 consummato,
1680 1818 1934 1857 coronam

342 1866 918 1965 justi-tice'perceptura
951 1910 979 1947 a
1006 1893 1253 1949 Domino.
1290 1894 1610 1965 Sponsoque
1636 1894 1725 1949 diu
1753 1896 1936 1965 cupito
1965 1866 2011 1925 Β

347 1984 557 2041 εωιθειί
578 1984 691 2053 jam
719 1984 969 2040 socianda
1000 1986 1052 2039 in
1084 1986 1340 2049 thalamo,
1368 1987 1708 2041 immaculata
1738 1989 1939 2056 migra-

344 2075 482 2131 vita
520 2075 718 2131 sarculo
764 2075 933 2146 (324).
987 2075 1182 2130 Totqu
1220 2085 1481 2146 prmterea
1518 2076 1677 2146 hujus
1705 2079 1936 2148 spatium

345 2166 696 2223 mortalitatis
744 2169 961 2237 triginta
1007 2183 1273 2221 annorum
1323 2183 1484 2222 cursu
1515 2184 1631 2223 eam
1664 2183 1937 2223 emensam

345 2274 469 2315 esse
498 2260 839 2315 conﬁrmant.
866 2258 974 2313 Nec
1004 2275 1132 2313 sane
1154 2260 1219 2315 de
1244 2260 1420 2314 (etatis
1451 2262 1577 2329 quid
1608 2260 1940 2331 plenitudine

345 2352 791 2423 perquirendum,
823 2368 943 2408 cum
975 2354 1236 2423 quidquid
1273 2354 1545 2407 fructuum
1590 2369 1807 2408 annosa:
1849 2369 1936 2407 se-

345 2445 553 2501 nectuti
603 2455 748 2501 esset
797 2461 1162 2511 accessurum,
1212 2448 1317 2501 hoc
1361 2448 1510 2501 brevi
1564 2455 1938 2502 consummata

345 2538 485 2593 nihil
525 2536 785 2607 juventus
830 2539 1147 2593 detraxerit.
1182 2535 1315 2591 Sunt
1360 2538 1683 2607 enimjuxta
1711 2538 1939 2608 Sapien-

346 2630 503 2695 tiam,
528 2631 645 2683 cani
677 2648 857 2684 sensus
886 2632 1130 2694 hominis,
1166 2640 1211 2683 et
1249 2641 1377 2684 a’tas
1399 2633 1678 2685 senectutis
1708 2631 1811 2683 vita
1837 2631 1940 2682 int-

326 2721 618 2803 ‘maculala
643 2722 795 2792 (Sap.
828 2725 923 2791 tv).
960 2722 1098 2790 Quin
1142 2723 1322 2793 potius
1351 2738 1545 2794 magno
1572 2722 1663 2776 Dei
1691 2720 1939 2790 donoju-

350 2814 417 2868 sti
439 2822 644 2869 aeterna
678 2815 855 2883 quiete
887 2815 1086 2883 recepti
1128 2814 1328 2868 mundo
1356 2814 1577 2884 provide
1608 2812 1939 2867 subtrahun-

332 2884 455 2970 |tur,
484 2920 552 2959 ne
583 2905 826 2959 videntes
856 2906 994 2959 mala
1029 2922 1146 2974 quzc
1176 2906 1309 2959 ﬁunt
1335 2905 1433 2960 sub
1460 2904 1572 2958 sole
1598 2946 1613 2969 ,
1643 2914 1733 2958 aut
1768 2904 1939 2958 inter-

352 2998 436 3053 nis
463 2996 742 3067 paululum
775 3007 1115 3053 remorentur
1161 2998 1402 3063 deliciis;
1436 3006 1530 3051 aut
1571 2997 1716 3050 vitiis
1771 2996 1941 3065 ipsius

2036 604 2311 675 Sapientia
2348 623 2361 659 :
2398 604 2617 676 Raptus,
2652 606 2844 676 inquit,
2883 616 2977 670 est,
3026 623 3089 662 ne
3140 608 3346 661 malitia
3394 616 3621 663 mutaret

2034 719 2241 756 sensum
2264 702 2400 773 ejus,
2429 712 2519 757 aut
2544 703 2688 772 ﬁctio
2711 703 2962 773 deciperet
2986 706 3218 758 animant
3244 704 3385 760 illius
3406 704 3620 778 (lbid.).

2034 794 2220 849 Funus
2247 797 2450 851 interea
2478 812 2541 852 ex
2568 797 2919 866 consequenti
2943 796 3123 852 debito
3139 797 3342 853 honore
3372 807 3621 867 curatur,

2035 888 2179 944 etde
2219 902 2369 942 more
2415 903 2444 942 a
2490 903 2547 942 se
2595 888 2647 942 in
2692 889 2878 944 eodem
2906 887 3367 959 monasteriojam
3398 889 3520 945 inde
3549 890 3623 947 ab

2037 981 2193 1037 initio
2220 982 2466 1036 instituto
2496 997 2692 1053 corpus
2725 982 2791 1036 ad
2836 983 3115 1038 basilicam
3146 992 3457 1040 sanctorum
3492 1000 3625 1055 apo-

2036 1075 2298 1131 stolorum
2342 1073 2484 1129 haud
2532 1075 2687 1146 longe
2718 1091 2747 1130 a
2791 1077 3059 1132 montibus
3106 1078 3259 1132 urbis
3303 1077 3367 1131 ad
3413 1086 3623 1149 portam

2035 1168 2316 1223 meridiem
2344 1184 2532 1223 versus
2560 1167 2803 1231 ell'ertur,
2834 1177 2993 1238 atque
3037 1169 3109 1224 ibi
3143 1169 3195 1223 in
3247 1178 3436 1240 crypta
3463 1170 3624 1241 longe

2037 1258 2263 1315 inferius
2292 1260 2533 1315 demersa
2562 1260 2628 1312 ad
2661 1258 2799 1313 latus
2828 1259 3107 1314 sinistrum
3136 1259 3439 1329 deponitur.
3488 1258 3625 1315 Nam

2038 1354 2142 1409 hoc
2193 1354 2331 1408 idem
2380 1354 2493 1423 ipsa
2543 1352 2730 1407 vivens
2774 1360 2831 1405 ut
2880 1351 3034 1406 ﬁeret
3066 1351 3298 1421 jusseral
3330 1368 3345 1405 :
3376 1366 3440 1407 eo
3483 1350 3628 1422 quod

2040 1448 2405 1503 cmmcterium
2442 1456 2747 1500 sanctarum
2780 1444 3076 1515 puellarum
3120 1445 3362 1515 ejusdem
3408 1444 3511 1499 loci
3559 1444 3615 1500 in

2036 1543 2291 1613 prmdicta
2322 1541 2689 1609 apostolorum
2729 1538 2954 1593 ecclesia
2999 1548 3125 1593 tunc
3160 1537 3417 1607 temporis
3460 1537 3631 1592 habe—

2039 1642 2189 1687 retur
2226 1650 2236 1685 :
2272 1631 2504 1685 necdum
2528 1630 2674 1700 (325)
2706 1645 2902 1699 corpus
2933 1628 3308 1699 gloriosissimi
3349 1626 3627 1683 confesso-

2039 1723 2115 1777 ris
2146 1720 2345 1777 Christi
2377 1720 2607 1783 Arnulii,
2639 1734 2795 1790 quem
2824 1728 2944 1789 post
2974 1716 3137 1771 multa
3160 1716 3352 1772 exinde
3377 1726 3620 1787 tempora

2040 1813 2251 1884 magnis
2284 1814 2405 1867 vita:
2444 1824 2497 1866 et
2522 1813 2782 1865 virtutum
2833 1811 2902 1865 ibi
2944 1817 3159 1865 constat
3205 1808 3468 1863 enituisse
3498 1807 3631 1864 insi-

2042 1905 2253 1977 gnibus,
2291 1904 2477 1958 eadem
2526 1902 2755 1957 ecclesia
2789 1913 3015 1972 augusto
3047 1903 3129 1975 (ut
3176 1919 3318 1958 nunc
3367 1900 3631 1974 cernitur)

2042 1997 2252 2051 tumulo
2281 1996 2627 2065 suscepisset.
2660 1995 2813 2051 Unde
2841 1996 2965 2051 huic
3000 1996 3119 2051 loco
3154 2006 3341 2067 postea
3369 2005 3475 2051 tam
3504 2011 3631 2067 pro-

2041 2097 2162 2157 pter
2201 2086 2388 2140 crchra
2439 2086 2699 2140 miracula
2739 2085 2874 2154 ejus,
2916 2102 3077 2157 quam
3124 2096 3345 2158 propter
3380 2088 3633 2141 nobilita-

2043 2187 2149 2231 tem
2196 2176 2409 2248 generis
2449 2174 2564 2243 ejus
2612 2191 2805 2230 nomen
2845 2176 3093 2241 indilttm,
3146 2193 3244 2233 nec
3272 2186 3631 2248 praeterquam

2041 2270 2184 2325 beati
2220 2269 2388 2338 ipsius
2432 2268 2689 2321 antistitis
2724 2267 2958 2329 nomine,
3006 2267 3163 2323 ullius
3205 2267 3428 2323 alterius
3457 2266 3633 2323 sancti

2042 2359 2180 2429 apud
2204 2359 2421 2426 vulgum
2453 2357 2521 2411 ibi
2548 2366 2767 2411 notatur
2787 2356 3067 2410 memoria.
3097 2356 3294 2412 Mansit
3317 2357 3631 2415 venerabile

2041 2449 2237 2519 pignus
2290 2463 2387 2519 per
2444 2463 2613 2508 annos
2672 2447 2891 2501 circiter
2948 2448 3139 2518 viginti
3187 2457 3241 2502 et
3289 2449 3526 2518 quinque
3575 2450 3632 2507 in

2042 2540 2232 2594 eodem
2266 2537 2386 2591 loco
2423 2538 2476 2591 in
2507 2552 2641 2607 pace
2682 2536 2969 2607 sepultum,
3001 2538 3193 2607 spiritu
3240 2538 3379 2592 inter
3410 2538 3633 2608 praemia

2042 2630 2361 2685 mternitatis
2392 2629 2538 2684 omni
2565 2626 2676 2696 jam
2720 2628 2979 2697 temporis
3006 2628 3366 2683 mutabilitate
3407 2628 3631 2686 subacta

2043 2723 2144 2792 ipsi
2174 2722 2265 2792 qui
2293 2736 2421 2776 vere
2468 2720 2614 2776 solus
2660 2720 2819 2774 habet
2850 2720 3311 2776 immortalitatem
3336 2761 3351 2787 ,
3383 2729 3438 2775 et
3459 2720 3636 2777 lucem

2044 2814 2253 2869 habitat
2293 2812 2747 2879 inacccssibilem,
2796 2813 3125 2877 adltmrente,
3171 2812 3391 2883 vitaque
3416 2828 3481 2868 eo
3510 2827 3638 2870 vere

2044 2906 2440 2968 immortaliter,
2460 2920 2566 2975 quo
2584 2904 3014 2970 immutabiliter,
3033 2920 3156 2959 cum
3174 2905 3289 2975 ipso
3299 2904 3634 2975 perfruente,

2042 2999 2128 3054 cui
2159 2997 2572 3062 immortalitati,
2605 2996 2861 3051 invisibili
2892 2996 2989 3053 soli
3029 2996 3143 3053 Deo
3184 2998 3359 3055 honor
3382 3007 3437 3055 et
3464 2998 3636 3071 gloria

350 3091 719 3156 mortalitatis,
743 3106 972 3161 quorum
1002 3092 1114 3161 ipse
1135 3105 1349 3160 quoque
1372 3090 1637 3145 obnoxius
1664 3097 1748 3144 est
1768 3091 1939 3156 visus,
1969 3077 2015 3142 C
2046 3092 2099 3147 in
2130 3091 2326 3147 saecula
2354 3089 2695 3147 saeculorum.
2726 3090 2921 3145 Amen.

336 3192 345 3220 '
418 3205 573 3278 (324)
616 3203 819 3278 Nempe
850 3220 943 3260 vtn
980 3203 1392 3278 Kalend._§ug.,
1423 3204 1643 3278 quodie
1672 3202 1723 3257 in
1752 3202 1936 3278 Addit.

352 3273 436 3333 ad
458 3273 769 3333 Usuardttui
800 3285 853 3328 et
887 3278 938 3329 in
967 3274 1171 3329 Adonis
1208 3273 1589 3345 Martyrologio
1613 3274 1939 3345 interpolato

351 3349 467 3415 ejus
508 3346 771 3401 memoria
794 3346 1129 3415 celebratur.
1152 3346 1222 3398 At
1250 3360 1358 3414 quo
1394 3344 1535 3399 anno
1569 3344 1625 3399 S.
1658 3344 1939 3399 Glodesin-

351 3414 434 3473 dis
458 3417 659 3472 obiisse
701 3417 923 3470 dicenda
954 3416 1075 3469 est?
1104 3414 1262 3469 Certe
1296 3431 1494 3469 annum
1528 3415 1631 3469 610
1658 3415 1798 3468 haud
1843 3430 1939 3469 ex-

353 3490 584 3545 cessisse
622 3486 857 3541 videtur.
891 3487 1099 3556 Quippe
1134 3486 1422 3539 tricenaria
1453 3486 1607 3550 obiit,
1653 3494 1936 3556 postquam

351 3570 507 3629 pater
534 3572 598 3613 ea
628 3557 797 3611 semel
823 3566 877 3611 et
909 3559 1105 3629 iterum
1135 3556 1340 3629 nuptiis,
1360 3556 1938 3629 devover_at._Curn_seo

354 3626 547 3687 cundis
568 3628 909 3700 sponsalibus
936 3627 1183 3682 nuntium
1212 3628 1419 3682 remisit
1443 3667 1457 3693 ,
1495 3626 1683 3697 viginti
1721 3626 1961 3721 circiter.

364 3835 2442 3867 Μ

2048 3220 2221 3261 annos
2250 3213 2378 3258 nata
2408 3213 2527 3258 erat
2566 3204 2688 3257 vivo
2717 3203 2891 3259 adhuc
2931 3212 3104 3273 patre,
3152 3220 3315 3273 quem
3358 3219 3503 3261 anno
3533 3204 3636 3264 698

2046 3276 2375 3331 exstinctum
2399 3275 2564 3329 fuisse
2590 3274 2842 3329 diximus.
2867 3275 3037 3329 Porro
3060 3275 3117 3329 S.
3148 3274 3493 3331 Glodesindis
3514 3285 3639 3332 ante

2048 3346 2107 3402 S.
2144 3345 2428 3399 Arnull‘um
2461 3359 2603 3399 anno
2634 3345 2780 3399 circa
2811 3345 2918 3399 640
2955 3356 3228 3400 mortuum
3260 3347 3515 3412 decessit,
3556 3346 3635 3402 uti

2048 3426 2241 3472 auctor
2270 3416 2429 3485 paulo
2464 3414 2605 3469 infra
2641 3417 2826 3470 tradit.

2118 3486 2268 3559 (525)
2306 3486 2424 3559 llic
2456 3485 2630 3559 locus_
2650 3486 2808 3559 aliter
2836 3486 2975 3559 apud
3006 3486 3285 3543 Labbeum
3315 3485 3550 3559 legitur;
3583 3496 3640 3543 at

2046 3556 2278 3613 Suriana
2305 3557 2465 3613 lectio
2492 3555 2825 3628 praeferenda
2852 3555 2967 3612 visa
2996 3566 3099 3614 est.

2442 3835 3606 3862 ῃ

1658 3994 2336 4110 HISTORIA

796 4238 1753 4333 TBANSLATIONIS
1823 4238 2301 4329 SANCTZE
2377 4238 3181 4334 GLODESINDIS

1618 4448 1969 4493 ABBATISSE
2008 4448 2343 4503 METENSIS,

1121 4600 1393 4663 Auctore
1433 4599 1676 4660 Joanne
1718 4596 1933 4659 abbate
1973 4600 2177 4659 sancti
2216 4594 2468 4677 Arnulﬁ
2512 4596 2834 4661 Metensis.

1322 4768 1502 4840 (Apud
1527 4766 1753 4835 Mabill.,
1779 4764 1911 4819 Acta
1941 4761 2044 4819 SS.
2072 4764 2213 4822 Sate.
2243 4766 2309 4823 ν.
2333 4782 2459 4840 pag.
2488 4764 2640 4839 455.)

1731 5057 2262 5140 MONITUM.

430 5239 570 5315 Tres
615 5237 867 5315 leguntur
889 5240 940 5297 in
969 5236 1461 5315 subjecto_libellq
1489 5245 1687 5294 sancta!
1731 5235 2071 5315 Glodesindis
2123 5239 2374 5315 c0rpo_ris
2422 5233 2856 5315 translationes:
2899 5237 3074 5315 prima
3121 5238 3320 5315 seculo
3345 5258 3447 5303 vui
3488 5243 3644 5315 facta

362 5304 772 5395 anno_ince_rto;
802 5312 967 5395 altera
1006 5304 1150 5367 an'uo
1176 5309 1279 5367 8'50
1303 5330 1400 5386 per
1428 5309 1730 5384 Drogonem
1756 5312 2064 5382 episcopum
2084 5352 2098 5379 ,
2133 5310 2185 5363 iu
2217 5304 2375 5381 cujus
2402 5308 2680 5379 epitaphio
2726 5304 2989 5371 iStius'rei
3019 5311 3337 5369 memoriam
3369 5304 3677 5395 consig'rﬁ;

361 5391 472 5441 tam
502 5384 624 5456 lego
653 5381 736 5438 his
764 5383 1010 5442 versibus
1047 5400 1062 5438 :

1391 5476 1497 5522 Isle
1525 5478 1833 5522 Glndcsindis
1856 5475 2146 5522 solemniter
2163 5487 2273 5522 ossa
2298 5475 2509 5522 levavit.
