  <div class='ocr_page' id='page_1' title='image "/cluster/home/n/w/nwhite01/storage/ocr_20150623/137/hvd.32044021286828/115.png"; bbox 0 0 4472 5522; ppageno 0'>
   <div class='ocr_carea' id='block_1_1' title="bbox 833 436 942 498">
    <p class='ocr_par' dir='ltr' id='par_1_1' title="bbox 833 436 942 498">
     <span class='ocr_line' id='line_1_1' title="bbox 833 436 942 498; baseline 0.028 -3"><span class='ocrx_word' id='word_1_1' title='bbox 833 436 942 498; x_wconf 69' lang='grc'><strong>219</strong></span> 
     </span>
    </p>
   </div>
   <div class='ocr_carea' id='block_1_2' title="bbox 1753 426 4093 516">
    <p class='ocr_par' dir='ltr' id='par_1_2' title="bbox 1753 426 4093 516">
     <span class='ocr_line' id='line_1_2' title="bbox 1753 426 4093 516; baseline 0.002 -13"><span class='ocrx_word' id='word_1_2' title='bbox 1753 446 2036 507; x_wconf 75' lang='lat' dir='ltr'><strong>JO.\NNIS</strong></span> <span class='ocrx_word' id='word_1_3' title='bbox 2076 451 2365 507; x_wconf 79' lang='lat' dir='ltr'><strong>ABB.\T|S</strong></span> <span class='ocrx_word' id='word_1_4' title='bbox 2406 452 2466 509; x_wconf 91' lang='lat' dir='ltr'><strong>s.</strong></span> <span class='ocrx_word' id='word_1_5' title='bbox 2508 454 2810 512; x_wconf 76' lang='lat' dir='ltr'><strong>ARNULFI</strong></span> <span class='ocrx_word' id='word_1_6' title='bbox 2849 457 3187 516; x_wconf 75' lang='lat' dir='ltr'><strong>METENSIS</strong></span> <span class='ocrx_word' id='word_1_7' title='bbox 3986 426 4093 507; x_wconf 62' lang='lat' dir='ltr'><strong>eeo</strong></span> 
     </span>
    </p>
   </div>
   <div class='ocr_carea' id='block_1_3' title="bbox 839 553 4100 596">
    <p class='ocr_par' dir='ltr' id='par_1_3' title="bbox 839 553 4100 596">
     <span class='ocr_line' id='line_1_3' title="bbox 839 553 4100 596; baseline -0.003 -22"><span class='ocrx_word' id='word_1_8' title='bbox 839 553 4100 596; x_wconf 53' lang='lat' dir='ltr'><strong>mw</strong></span> 
     </span>
    </p>
   </div>
   <div class='ocr_carea' id='block_1_4' title="bbox 1897 666 3043 749">
    <p class='ocr_par' dir='ltr' id='par_1_4' title="bbox 1897 666 3043 749">
     <span class='ocr_line' id='line_1_4' title="bbox 1897 666 3043 749; baseline 0.005 -7"><span class='ocrx_word' id='word_1_9' title='bbox 1897 666 2445 747; x_wconf 85' lang='lat' dir='ltr'><strong>PROLOGUS</strong></span> <span class='ocrx_word' id='word_1_10' title='bbox 2512 669 3043 749; x_wconf 84' lang='lat' dir='ltr'><strong>AUCTORIS.</strong></span> 
     </span>
    </p>
   </div>
   <div class='ocr_carea' id='block_1_5' title="bbox 907 838 4101 921">
    <p class='ocr_par' dir='ltr' id='par_1_5' title="bbox 907 838 4101 921">
     <span class='ocr_line' id='line_1_5' title="bbox 907 838 4101 921; baseline 0.003 -24"><span class='ocrx_word' id='word_1_11' title='bbox 907 840 968 900; x_wconf 75' lang='grc' dir='ltr'><strong>Ι.</strong></span> <span class='ocrx_word' id='word_1_12' title='bbox 1008 838 1263 897; x_wconf 88' lang='lat' dir='ltr'><strong>Partibus</strong></span> <span class='ocrx_word' id='word_1_13' title='bbox 1308 840 1498 911; x_wconf 83' lang='lat' dir='ltr'><strong>primis</strong></span> <span class='ocrx_word' id='word_1_14' title='bbox 1542 850 1817 913; x_wconf 88' lang='lat' dir='ltr'><strong>gestorum</strong></span> <span class='ocrx_word' id='word_1_15' title='bbox 1864 860 2030 901; x_wconf 85' lang='lat' dir='ltr'><strong>sacrae</strong></span> <span class='ocrx_word' id='word_1_16' title='bbox 2069 846 2311 919; x_wconf 72' lang='lat' dir='ltr'><strong>virginis,</strong></span> <span class='ocrx_word' id='word_1_17' title='bbox 2361 856 2420 905; x_wconf 94' lang='lat' dir='ltr'><strong>ut</strong></span> <span class='ocrx_word' id='word_1_18' title='bbox 2446 849 2497 912; x_wconf 85' lang='grc' dir='ltr'>Λ</span> <span class='ocrx_word' id='word_1_19' title='bbox 2524 849 2706 917; x_wconf 93' lang='lat' dir='ltr'><strong>ritate,</strong></span> <span class='ocrx_word' id='word_1_20' title='bbox 2752 849 2971 907; x_wconf 89' lang='lat' dir='ltr'><strong>Christo</strong></span> <span class='ocrx_word' id='word_1_21' title='bbox 3008 850 3236 906; x_wconf 92' lang='lat' dir='ltr'><strong>Domino</strong></span> <span class='ocrx_word' id='word_1_22' title='bbox 3285 858 3470 906; x_wconf 89' lang='lat' dir='ltr'><strong>nostro</strong></span> <span class='ocrx_word' id='word_1_23' title='bbox 3512 849 3733 921; x_wconf 67' lang='lat' dir='ltr'><strong>prmio,</strong></span> <span class='ocrx_word' id='word_1_24' title='bbox 3786 848 4101 919; x_wconf 87' lang='lat' dir='ltr'><strong>meritisque</strong></span> 
     </span>
    </p>
   </div>
   <div class='ocr_carea' id='block_1_6' title="bbox 836 931 2419 1005">
    <p class='ocr_par' dir='ltr' id='par_1_6' title="bbox 836 931 2419 1005">
     <span class='ocr_line' id='line_1_6' title="bbox 836 931 2419 1005; baseline 0.006 -14"><span class='ocrx_word' id='word_1_25' title='bbox 836 931 1050 991; x_wconf 81' lang='lat' dir='ltr'><strong>dicendi</strong></span> <span class='ocrx_word' id='word_1_26' title='bbox 1082 933 1301 991; x_wconf 76' lang='lat' dir='ltr'><strong>siccitas</strong></span> <span class='ocrx_word' id='word_1_27' title='bbox 1325 933 1645 1005; x_wconf 86' lang='lat' dir='ltr'><strong>patiebatur,</strong></span> <span class='ocrx_word' id='word_1_28' title='bbox 1682 951 1749 993; x_wconf 85' lang='lat' dir='ltr'><strong>ex</strong></span> <span class='ocrx_word' id='word_1_29' title='bbox 1774 948 2015 995; x_wconf 87' lang='lat' dir='ltr'><strong>veterum</strong></span> <span class='ocrx_word' id='word_1_30' title='bbox 2040 940 2249 996; x_wconf 89' lang='lat' dir='ltr'><strong>illarum</strong></span> <span class='ocrx_word' id='word_1_31' title='bbox 2274 942 2419 1000; x_wconf 82' lang='lat' dir='ltr'><strong>litte-</strong></span> 
     </span>
    </p>
   </div>
   <div class='ocr_carea' id='block_1_7' title="bbox 835 1028 2417 1099">
    <p class='ocr_par' dir='ltr' id='par_1_7' title="bbox 835 1028 2417 1099">
     <span class='ocr_line' id='line_1_7' title="bbox 835 1028 2417 1099; baseline 0.005 -15"><span class='ocrx_word' id='word_1_32' title='bbox 835 1042 1017 1084; x_wconf 88' lang='lat' dir='ltr'><strong>rarum</strong></span> <span class='ocrx_word' id='word_1_33' title='bbox 1060 1028 1166 1084; x_wconf 90' lang='lat' dir='ltr'><strong>situ</strong></span> <span class='ocrx_word' id='word_1_34' title='bbox 1193 1028 1245 1082; x_wconf 93' lang='lat' dir='ltr'><strong>in</strong></span> <span class='ocrx_word' id='word_1_35' title='bbox 1275 1042 1411 1084; x_wconf 88' lang='lat' dir='ltr'><strong>nova</strong></span> <span class='ocrx_word' id='word_1_36' title='bbox 1440 1029 1670 1099; x_wconf 91' lang='lat' dir='ltr'><strong>quadam</strong></span> <span class='ocrx_word' id='word_1_37' title='bbox 1694 1028 1833 1087; x_wconf 90' lang='lat' dir='ltr'><strong>facie</strong></span> <span class='ocrx_word' id='word_1_38' title='bbox 1856 1033 1964 1088; x_wconf 93' lang='lat' dir='ltr'><strong>Deo</strong></span> <span class='ocrx_word' id='word_1_39' title='bbox 1995 1036 2285 1091; x_wconf 89' lang='lat' dir='ltr'><strong>miserante</strong></span> <span class='ocrx_word' id='word_1_40' title='bbox 2328 1050 2417 1091; x_wconf 87' lang='lat' dir='ltr'><strong>re-</strong></span> 
     </span>
    </p>
   </div>
   <div class='ocr_carea' id='block_1_8' title="bbox 836 1119 2419 1200">
    <p class='ocr_par' dir='ltr' id='par_1_8' title="bbox 836 1119 2419 1200">
     <span class='ocr_line' id='line_1_8' title="bbox 836 1119 2419 1200; baseline 0.005 -24"><span class='ocrx_word' id='word_1_41' title='bbox 836 1119 1049 1188; x_wconf 87' lang='lat' dir='ltr'><strong>ductis,</strong></span> <span class='ocrx_word' id='word_1_42' title='bbox 1098 1122 1413 1193; x_wconf 85' lang='lat' dir='ltr'><strong>priusquam</strong></span> <span class='ocrx_word' id='word_1_43' title='bbox 1457 1122 1681 1195; x_wconf 73' lang='lat' dir='ltr'><strong>reliquis</strong></span> <span class='ocrx_word' id='word_1_44' title='bbox 1721 1126 2066 1197; x_wconf 82' lang='lat' dir='ltr'><strong>expediendis</strong></span> <span class='ocrx_word' id='word_1_45' title='bbox 2111 1130 2419 1200; x_wconf 84' lang='lat' dir='ltr'><strong>succedam,</strong></span> 
     </span>
    </p>
   </div>
   <div class='ocr_carea' id='block_1_9' title="bbox 835 1211 2420 1290">
    <p class='ocr_par' dir='ltr' id='par_1_9' title="bbox 835 1211 2420 1290">
     <span class='ocr_line' id='line_1_9' title="bbox 835 1211 2420 1290; baseline 0.005 -22"><span class='ocrx_word' id='word_1_46' title='bbox 835 1211 1112 1279; x_wconf 90' lang='lat' dir='ltr'><strong>lectorem,</strong></span> <span class='ocrx_word' id='word_1_47' title='bbox 1160 1214 1206 1270; x_wconf 88' lang='lat' dir='ltr'><strong>si</strong></span> <span class='ocrx_word' id='word_1_48' title='bbox 1242 1215 1365 1285; x_wconf 92' lang='lat' dir='ltr'><strong>quis</strong></span> <span class='ocrx_word' id='word_1_49' title='bbox 1398 1214 1540 1272; x_wconf 88' lang='lat' dir='ltr'><strong>forte</strong></span> <span class='ocrx_word' id='word_1_50' title='bbox 1570 1217 1685 1272; x_wconf 79' lang='lat' dir='ltr'><strong>haec</strong></span> <span class='ocrx_word' id='word_1_51' title='bbox 1714 1218 1767 1273; x_wconf 89' lang='lat' dir='ltr'><strong>in</strong></span> <span class='ocrx_word' id='word_1_52' title='bbox 1796 1234 1987 1275; x_wconf 69' lang='lat' dir='ltr'><strong>melius</strong></span> <span class='ocrx_word' id='word_1_53' title='bbox 2034 1231 2153 1290; x_wconf 92' lang='lat' dir='ltr'><strong>post</strong></span> <span class='ocrx_word' id='word_1_54' title='bbox 2191 1220 2277 1276; x_wconf 90' lang='lat' dir='ltr'><strong>illa</strong></span> <span class='ocrx_word' id='word_1_55' title='bbox 2330 1238 2420 1278; x_wconf 87' lang='lat' dir='ltr'><strong>su-</strong></span> 
     </span>
    </p>
   </div>
   <div class='ocr_carea' id='block_1_10' title="bbox 832 1302 2417 1383">
    <p class='ocr_par' dir='ltr' id='par_1_10' title="bbox 832 1302 2417 1383">
     <span class='ocr_line' id='line_1_10' title="bbox 832 1302 2417 1383; baseline 0.004 -21"><span class='ocrx_word' id='word_1_56' title='bbox 832 1316 983 1362; x_wconf 86' lang='lat' dir='ltr'><strong>mere</strong></span> <span class='ocrx_word' id='word_1_57' title='bbox 1015 1318 1122 1360; x_wconf 92' lang='lat' dir='ltr'><strong>non</strong></span> <span class='ocrx_word' id='word_1_58' title='bbox 1152 1302 1417 1371; x_wconf 78' lang='lat' dir='ltr'><strong>fastidiet,</strong></span> <span class='ocrx_word' id='word_1_59' title='bbox 1458 1307 1598 1363; x_wconf 89' lang='lat' dir='ltr'><strong>bona</strong></span> <span class='ocrx_word' id='word_1_60' title='bbox 1630 1309 1785 1365; x_wconf 89' lang='lat' dir='ltr'><strong>venia</strong></span> <span class='ocrx_word' id='word_1_61' title='bbox 1818 1312 2005 1381; x_wconf 84' lang='lat' dir='ltr'><strong>paucis</strong></span> <span class='ocrx_word' id='word_1_62' title='bbox 2035 1321 2243 1368; x_wconf 90' lang='lat' dir='ltr'><strong>oratum</strong></span> <span class='ocrx_word' id='word_1_63' title='bbox 2277 1314 2417 1383; x_wconf 90' lang='lat' dir='ltr'><strong>volo,</strong></span> 
     </span>
    </p>
   </div>
   <div class='ocr_carea' id='block_1_11' title="bbox 832 1398 2419 1469">
    <p class='ocr_par' dir='ltr' id='par_1_11' title="bbox 832 1398 2419 1469">
     <span class='ocr_line' id='line_1_11' title="bbox 832 1398 2419 1469; baseline 0.006 -15"><span class='ocrx_word' id='word_1_64' title='bbox 832 1410 902 1454; x_wconf 84' lang='lat' dir='ltr'><strong>ne</strong></span> <span class='ocrx_word' id='word_1_65' title='bbox 931 1411 1015 1453; x_wconf 92' lang='lat' dir='ltr'><strong>me</strong></span> <span class='ocrx_word' id='word_1_66' title='bbox 1038 1398 1193 1469; x_wconf 90' lang='lat' dir='ltr'><strong>quasi</strong></span> <span class='ocrx_word' id='word_1_67' title='bbox 1236 1400 1584 1455; x_wconf 85' lang='lat' dir='ltr'><strong>temerarium</strong></span> <span class='ocrx_word' id='word_1_68' title='bbox 1612 1408 1668 1456; x_wconf 91' lang='lat' dir='ltr'><strong>et</strong></span> <span class='ocrx_word' id='word_1_69' title='bbox 1695 1402 1945 1459; x_wconf 88' lang='lat' dir='ltr'><strong>omnibus</strong></span> <span class='ocrx_word' id='word_1_70' title='bbox 1990 1402 2212 1461; x_wconf 85' lang='lat' dir='ltr'><strong>forsitan</strong></span> <span class='ocrx_word' id='word_1_71' title='bbox 2263 1406 2419 1463; x_wconf 86' lang='lat' dir='ltr'><strong>seriis</strong></span> 
     </span>
    </p>
   </div>
   <div class='ocr_carea' id='block_1_12' title="bbox 830 1489 2419 1561">
    <p class='ocr_par' dir='ltr' id='par_1_12' title="bbox 830 1489 2419 1561">
     <span class='ocr_line' id='line_1_12' title="bbox 830 1489 2419 1561; baseline 0.006 -19"><span class='ocrx_word' id='word_1_72' title='bbox 830 1499 1064 1543; x_wconf 79' lang='lat' dir='ltr'><strong>vacuum</strong></span> <span class='ocrx_word' id='word_1_73' title='bbox 1104 1489 1301 1544; x_wconf 90' lang='lat' dir='ltr'><strong>mentis</strong></span> <span class='ocrx_word' id='word_1_74' title='bbox 1329 1490 1560 1561; x_wconf 87' lang='lat' dir='ltr'><strong>quadam</strong></span> <span class='ocrx_word' id='word_1_75' title='bbox 1604 1491 1885 1549; x_wconf 82' lang='lat' dir='ltr'><strong>nobilitate</strong></span> <span class='ocrx_word' id='word_1_76' title='bbox 1924 1494 1991 1549; x_wconf 88' lang='lat' dir='ltr'><strong>ad</strong></span> <span class='ocrx_word' id='word_1_77' title='bbox 2039 1494 2153 1550; x_wconf 57' lang='lat' dir='ltr'><strong>haec</strong></span> <span class='ocrx_word' id='word_1_78' title='bbox 2200 1495 2419 1552; x_wconf 84' lang='lat' dir='ltr'><strong>denotet</strong></span> 
     </span>
    </p>
   </div>
   <div class='ocr_carea' id='block_1_13' title="bbox 831 1583 2419 1661">
    <p class='ocr_par' dir='ltr' id='par_1_13' title="bbox 831 1583 2419 1661">
     <span class='ocr_line' id='line_1_13' title="bbox 831 1583 2419 1661; baseline 0.006 -24"><span class='ocrx_word' id='word_1_79' title='bbox 831 1583 1163 1655; x_wconf 85' lang='lat' dir='ltr'><strong>prorupisse,</strong></span> <span class='ocrx_word' id='word_1_80' title='bbox 1193 1598 1492 1657; x_wconf 84' lang='lat' dir='ltr'><strong>causasque</strong></span> <span class='ocrx_word' id='word_1_81' title='bbox 1526 1602 1681 1658; x_wconf 69' lang='lat' dir='ltr'><strong>aequo</strong></span> <span class='ocrx_word' id='word_1_82' title='bbox 1711 1588 1895 1643; x_wconf 89' lang='lat' dir='ltr'><strong>animo</strong></span> <span class='ocrx_word' id='word_1_83' title='bbox 1941 1604 2045 1644; x_wconf 90' lang='lat' dir='ltr'><strong>non</strong></span> <span class='ocrx_word' id='word_1_84' title='bbox 2099 1604 2419 1661; x_wconf 88' lang='lat' dir='ltr'><strong>aspernetur</strong></span> 
     </span>
    </p>
   </div>
   <div class='ocr_carea' id='block_1_14' title="bbox 831 1673 2417 1751">
    <p class='ocr_par' dir='ltr' id='par_1_14' title="bbox 831 1673 2417 1751">
     <span class='ocr_line' id='line_1_14' title="bbox 831 1673 2417 1751; baseline 0.005 -22"><span class='ocrx_word' id='word_1_85' title='bbox 831 1673 1132 1732; x_wconf 85' lang='lat' dir='ltr'><strong>addiscere.</strong></span> <span class='ocrx_word' id='word_1_86' title='bbox 1182 1676 1240 1731; x_wconf 89' lang='lat' dir='ltr'><strong>In</strong></span> <span class='ocrx_word' id='word_1_87' title='bbox 1285 1678 1473 1749; x_wconf 89' lang='lat' dir='ltr'><strong>primis</strong></span> <span class='ocrx_word' id='word_1_88' title='bbox 1517 1693 1676 1749; x_wconf 88' lang='lat' dir='ltr'><strong>quam</strong></span> <span class='ocrx_word' id='word_1_89' title='bbox 1707 1679 1929 1735; x_wconf 84' lang='lat' dir='ltr'><strong>exordio</strong></span> <span class='ocrx_word' id='word_1_90' title='bbox 1956 1680 2229 1751; x_wconf 91' lang='lat' dir='ltr'><strong>professus</strong></span> <span class='ocrx_word' id='word_1_91' title='bbox 2274 1698 2417 1749; x_wconf 90' lang='lat' dir='ltr'><strong>sum,</strong></span> 
     </span>
    </p>
   </div>
   <div class='ocr_carea' id='block_1_15' title="bbox 828 1768 2418 1843">
    <p class='ocr_par' dir='ltr' id='par_1_15' title="bbox 828 1768 2418 1843">
     <span class='ocr_line' id='line_1_15' title="bbox 828 1768 2418 1843; baseline 0.006 -22"><span class='ocrx_word' id='word_1_92' title='bbox 828 1780 1060 1838; x_wconf 63' lang='lat' dir='ltr'><strong>qumque</strong></span> <span class='ocrx_word' id='word_1_93' title='bbox 1077 1769 1289 1825; x_wconf 70' lang='lat' dir='ltr'><strong>caeteris</strong></span> <span class='ocrx_word' id='word_1_94' title='bbox 1320 1770 1692 1840; x_wconf 64' lang='lat' dir='ltr'><strong>praeponderat</strong></span> <span class='ocrx_word' id='word_1_95' title='bbox 1715 1768 1974 1843; x_wconf 84' lang='lat' dir='ltr'><strong>ﬂagitatio</strong></span> <span class='ocrx_word' id='word_1_96' title='bbox 2000 1782 2308 1829; x_wconf 86' lang='lat' dir='ltr'><strong>sanctarum</strong></span> <span class='ocrx_word' id='word_1_97' title='bbox 2333 1778 2418 1830; x_wconf 92' lang='lat' dir='ltr'><strong>ni-</strong></span> 
     </span>
    </p>
   </div>
   <div class='ocr_carea' id='block_1_16' title="bbox 830 1856 2420 1937">
    <p class='ocr_par' dir='ltr' id='par_1_16' title="bbox 830 1856 2420 1937">
     <span class='ocr_line' id='line_1_16' title="bbox 830 1856 2420 1937; baseline 0.005 -21"><span class='ocrx_word' id='word_1_98' title='bbox 830 1856 1001 1916; x_wconf 86' lang='lat' dir='ltr'><strong>mium</strong></span> <span class='ocrx_word' id='word_1_99' title='bbox 1042 1857 1369 1932; x_wconf 88' lang='lat' dir='ltr'><strong>importuna,</strong></span> <span class='ocrx_word' id='word_1_100' title='bbox 1423 1862 1720 1933; x_wconf 89' lang='lat' dir='ltr'><strong>eademque</strong></span> <span class='ocrx_word' id='word_1_101' title='bbox 1764 1865 1969 1920; x_wconf 85' lang='lat' dir='ltr'><strong>diutina</strong></span> <span class='ocrx_word' id='word_1_102' title='bbox 2017 1868 2230 1937; x_wconf 86' lang='lat' dir='ltr'><strong>subegit</strong></span> <span class='ocrx_word' id='word_1_103' title='bbox 2269 1884 2420 1924; x_wconf 90' lang='lat' dir='ltr'><strong>soro-</strong></span> 
     </span>
    </p>
   </div>
   <div class='ocr_carea' id='block_1_17' title="bbox 829 1948 2423 2028">
    <p class='ocr_par' dir='ltr' id='par_1_17' title="bbox 829 1948 2423 2028">
     <span class='ocr_line' id='line_1_17' title="bbox 829 1948 2423 2028; baseline 0.005 -21"><span class='ocrx_word' id='word_1_104' title='bbox 829 1962 976 2014; x_wconf 84' lang='lat' dir='ltr'><strong>rum.</strong></span> <span class='ocrx_word' id='word_1_105' title='bbox 998 1948 1193 2020; x_wconf 89' lang='lat' dir='ltr'><strong>quibus</strong></span> <span class='ocrx_word' id='word_1_106' title='bbox 1220 1951 1495 2022; x_wconf 86' lang='lat' dir='ltr'><strong>quidpiam</strong></span> <span class='ocrx_word' id='word_1_107' title='bbox 1523 1952 1789 2023; x_wconf 82' lang='lat' dir='ltr'><strong>denegare</strong></span> <span class='ocrx_word' id='word_1_108' title='bbox 1828 1953 2045 2011; x_wconf 72' lang='lat' dir='ltr'><strong>offensae</strong></span> <span class='ocrx_word' id='word_1_109' title='bbox 2089 1972 2225 2028; x_wconf 90' lang='lat' dir='ltr'><strong>pene</strong></span> <span class='ocrx_word' id='word_1_110' title='bbox 2271 1960 2423 2015; x_wconf 89' lang='lat' dir='ltr'><strong>vide-</strong></span> 
     </span>
    </p>
   </div>
   <div class='ocr_carea' id='block_1_18' title="bbox 818 2041 2417 2120">
    <p class='ocr_par' dir='ltr' id='par_1_18' title="bbox 818 2041 2417 2120">
     <span class='ocr_line' id='line_1_18' title="bbox 818 2041 2417 2120; baseline 0.004 -21"><span class='ocrx_word' id='word_1_111' title='bbox 818 2042 994 2107; x_wconf 77' lang='lat' dir='ltr'><strong>batur</strong></span> <span class='ocrx_word' id='word_1_112' title='bbox 1022 2041 1078 2098; x_wconf 90' lang='lat' dir='ltr'><strong>in</strong></span> <span class='ocrx_word' id='word_1_113' title='bbox 1107 2042 1299 2098; x_wconf 89' lang='lat' dir='ltr'><strong>Deum.</strong></span> <span class='ocrx_word' id='word_1_114' title='bbox 1356 2042 1560 2098; x_wconf 88' lang='lat' dir='ltr'><strong>Deinde</strong></span> <span class='ocrx_word' id='word_1_115' title='bbox 1598 2046 1823 2099; x_wconf 88' lang='lat' dir='ltr'><strong>materia</strong></span> <span class='ocrx_word' id='word_1_116' title='bbox 1871 2055 1977 2101; x_wconf 88' lang='lat' dir='ltr'><strong>tam</strong></span> <span class='ocrx_word' id='word_1_117' title='bbox 2029 2050 2417 2120; x_wconf 89' lang='lat' dir='ltr'><strong>perspicabilis,</strong></span> 
     </span>
    </p>
   </div>
   <div class='ocr_carea' id='block_1_19' title="bbox 826 2134 2417 2215">
    <p class='ocr_par' dir='ltr' id='par_1_19' title="bbox 826 2134 2417 2215">
     <span class='ocr_line' id='line_1_19' title="bbox 826 2134 2417 2215; baseline 0.005 -24"><span class='ocrx_word' id='word_1_118' title='bbox 826 2149 994 2209; x_wconf 91' lang='lat' dir='ltr'><strong>quam</strong></span> <span class='ocrx_word' id='word_1_119' title='bbox 1032 2135 1228 2191; x_wconf 89' lang='lat' dir='ltr'><strong>merito</strong></span> <span class='ocrx_word' id='word_1_120' title='bbox 1263 2134 1345 2191; x_wconf 90' lang='lat' dir='ltr'><strong>sui</strong></span> <span class='ocrx_word' id='word_1_121' title='bbox 1376 2137 1838 2206; x_wconf 72' lang='lat' dir='ltr'><strong>praestantissimis</strong></span> <span class='ocrx_word' id='word_1_122' title='bbox 1876 2138 2175 2211; x_wconf 85' lang='lat' dir='ltr'><strong>quibusque</strong></span> <span class='ocrx_word' id='word_1_123' title='bbox 2226 2142 2417 2215; x_wconf 85' lang='lat' dir='ltr'><strong>(libere</strong></span> 
     </span>
    </p>
   </div>
   <div class='ocr_carea' id='block_1_20' title="bbox 2520 938 4103 1011">
    <p class='ocr_par' dir='ltr' id='par_1_20' title="bbox 2520 938 4103 1011">
     <span class='ocr_line' id='line_1_20' title="bbox 2520 938 4103 1011; baseline -0.001 -16"><span class='ocrx_word' id='word_1_124' title='bbox 2520 939 2689 1010; x_wconf 89' lang='lat' dir='ltr'><strong>ipsius</strong></span> <span class='ocrx_word' id='word_1_125' title='bbox 2746 955 2960 1011; x_wconf 67' lang='lat' dir='ltr'><strong>sponsae</strong></span> <span class='ocrx_word' id='word_1_126' title='bbox 3005 940 3199 996; x_wconf 81' lang='lat' dir='ltr'><strong>divinae</strong></span> <span class='ocrx_word' id='word_1_127' title='bbox 3238 939 3569 1007; x_wconf 88' lang='lat' dir='ltr'><strong>faventibus,</strong></span> <span class='ocrx_word' id='word_1_128' title='bbox 3620 939 3872 995; x_wconf 87' lang='lat' dir='ltr'><strong>narrandi</strong></span> <span class='ocrx_word' id='word_1_129' title='bbox 3913 938 4103 995; x_wconf 84' lang='lat' dir='ltr'><strong>ordine</strong></span> 
     </span>
    </p>
   </div>
   <div class='ocr_carea' id='block_1_21' title="bbox 2520 1032 3407 1105">
    <p class='ocr_par' dir='ltr' id='par_1_21' title="bbox 2520 1032 3407 1105">
     <span class='ocr_line' id='line_1_21' title="bbox 2520 1032 3407 1105; baseline 0.001 -18"><span class='ocrx_word' id='word_1_130' title='bbox 2520 1032 2708 1088; x_wconf 89' lang='lat' dir='ltr'><strong>eadem</strong></span> <span class='ocrx_word' id='word_1_131' title='bbox 2743 1033 2965 1104; x_wconf 89' lang='lat' dir='ltr'><strong>vestigia</strong></span> <span class='ocrx_word' id='word_1_132' title='bbox 3003 1048 3407 1105; x_wconf 88' lang='lat' dir='ltr'><strong>persequemur.</strong></span> 
     </span>
    </p>
   </div>
   <div class='ocr_carea' id='block_1_22' title="bbox 2590 1123 4101 1198">
    <p class='ocr_par' dir='ltr' id='par_1_22' title="bbox 2590 1123 4101 1198">
     <span class='ocr_line' id='line_1_22' title="bbox 2590 1123 4101 1198; baseline 0.003 -20"><span class='ocrx_word' id='word_1_133' title='bbox 2590 1123 2643 1178; x_wconf 79' lang='grc'><strong>5.</strong></span> <span class='ocrx_word' id='word_1_134' title='bbox 2679 1123 2900 1182; x_wconf 89' lang='lat' dir='ltr'><strong>Gratum</strong></span> <span class='ocrx_word' id='word_1_135' title='bbox 2927 1136 3188 1197; x_wconf 70' lang='lat' dir='ltr'><strong>prmterea</strong></span> <span class='ocrx_word' id='word_1_136' title='bbox 3211 1127 3496 1183; x_wconf 87' lang='lat' dir='ltr'><strong>admodum</strong></span> <span class='ocrx_word' id='word_1_137' title='bbox 3516 1127 3796 1192; x_wconf 89' lang='lat' dir='ltr'><strong>habemus,</strong></span> <span class='ocrx_word' id='word_1_138' title='bbox 3821 1125 3962 1198; x_wconf 92' lang='lat' dir='ltr'><strong>quod</strong></span> <span class='ocrx_word' id='word_1_139' title='bbox 3984 1125 4101 1182; x_wconf 66' lang='lat' dir='ltr'><strong>hac</strong></span> 
     </span>
    </p>
   </div>
   <div class='ocr_carea' id='block_1_23' title="bbox 2519 1216 4102 1289">
    <p class='ocr_par' dir='ltr' id='par_1_23' title="bbox 2519 1216 4102 1289">
     <span class='ocr_line' id='line_1_23' title="bbox 2519 1216 4102 1289; baseline 0 -18"><span class='ocrx_word' id='word_1_140' title='bbox 2519 1216 2814 1288; x_wconf 85' lang='lat' dir='ltr'><strong>posteriora</strong></span> <span class='ocrx_word' id='word_1_141' title='bbox 2854 1218 3070 1273; x_wconf 90' lang='lat' dir='ltr'><strong>certiori</strong></span> <span class='ocrx_word' id='word_1_142' title='bbox 3095 1218 3205 1289; x_wconf 89' lang='lat' dir='ltr'><strong>jam</strong></span> <span class='ocrx_word' id='word_1_143' title='bbox 3236 1218 3626 1288; x_wconf 89' lang='lat' dir='ltr'><strong>aliquantulum</strong></span> <span class='ocrx_word' id='word_1_144' title='bbox 3656 1218 3860 1274; x_wconf 90' lang='lat' dir='ltr'><strong>ducunt</strong></span> <span class='ocrx_word' id='word_1_145' title='bbox 3885 1217 4102 1284; x_wconf 78' lang='lat' dir='ltr'><strong>itinere,</strong></span> 
     </span>
    </p>
   </div>
   <div class='ocr_carea' id='block_1_24' title="bbox 2520 1309 4104 1382">
    <p class='ocr_par' dir='ltr' id='par_1_24' title="bbox 2520 1309 4104 1382">
     <span class='ocr_line' id='line_1_24' title="bbox 2520 1309 4104 1382; baseline 0.001 -19"><span class='ocrx_word' id='word_1_146' title='bbox 2520 1309 2779 1379; x_wconf 90' lang='lat' dir='ltr'><strong>temporis</strong></span> <span class='ocrx_word' id='word_1_147' title='bbox 2806 1310 3037 1365; x_wconf 79' lang='lat' dir='ltr'><strong>maxime</strong></span> <span class='ocrx_word' id='word_1_148' title='bbox 3059 1310 3270 1375; x_wconf 88' lang='lat' dir='ltr'><strong>notitia,</strong></span> <span class='ocrx_word' id='word_1_149' title='bbox 3298 1325 3417 1382; x_wconf 76' lang='lat' dir='ltr'><strong>quae</strong></span> <span class='ocrx_word' id='word_1_150' title='bbox 3440 1310 3745 1382; x_wconf 89' lang='lat' dir='ltr'><strong>superiores</strong></span> <span class='ocrx_word' id='word_1_151' title='bbox 3768 1319 3949 1381; x_wconf 89' lang='lat' dir='ltr'><strong>partes</strong></span> <span class='ocrx_word' id='word_1_152' title='bbox 3967 1324 4104 1364; x_wconf 85' lang='lat' dir='ltr'><strong>non-</strong></span> 
     </span>
    </p>
   </div>
   <div class='ocr_carea' id='block_1_25' title="bbox 2521 1397 4105 1473">
    <p class='ocr_par' dir='ltr' id='par_1_25' title="bbox 2521 1397 4105 1473">
     <span class='ocr_line' id='line_1_25' title="bbox 2521 1397 4105 1473; baseline 0 -20"><span class='ocrx_word' id='word_1_153' title='bbox 2521 1398 2655 1453; x_wconf 79' lang='lat' dir='ltr'><strong>nihil</strong></span> <span class='ocrx_word' id='word_1_154' title='bbox 2714 1399 2985 1465; x_wconf 74' lang='lat' dir='ltr'><strong>infuscat,</strong></span> <span class='ocrx_word' id='word_1_155' title='bbox 3042 1398 3272 1455; x_wconf 90' lang='lat' dir='ltr'><strong>lucidius</strong></span> <span class='ocrx_word' id='word_1_156' title='bbox 3338 1400 3613 1473; x_wconf 87' lang='lat' dir='ltr'><strong>insignita.</strong></span> <span class='ocrx_word' id='word_1_157' title='bbox 3691 1397 3827 1453; x_wconf 80' lang='lat' dir='ltr'><strong>Nam</strong></span> <span class='ocrx_word' id='word_1_158' title='bbox 3878 1405 4105 1468; x_wconf 80' lang='lat' dir='ltr'><strong>excepto</strong></span> 
     </span>
    </p>
   </div>
   <div class='ocr_carea' id='block_1_26' title="bbox 2519 1488 4104 1563">
    <p class='ocr_par' dir='ltr' id='par_1_26' title="bbox 2519 1488 4104 1563">
     <span class='ocr_line' id='line_1_26' title="bbox 2519 1488 4104 1563; baseline -0.001 -18"><span class='ocrx_word' id='word_1_159' title='bbox 2519 1491 2692 1562; x_wconf 90' lang='lat' dir='ltr'><strong>prima</strong></span> <span class='ocrx_word' id='word_1_160' title='bbox 2724 1490 2898 1546; x_wconf 87' lang='lat' dir='ltr'><strong>fronte</strong></span> <span class='ocrx_word' id='word_1_161' title='bbox 2926 1491 3142 1547; x_wconf 84' lang='lat' dir='ltr'><strong>nomine</strong></span> <span class='ocrx_word' id='word_1_162' title='bbox 3183 1491 3470 1547; x_wconf 82' lang='lat' dir='ltr'><strong>Cltilderici</strong></span> <span class='ocrx_word' id='word_1_163' title='bbox 3518 1490 3666 1563; x_wconf 73' lang='lat'><strong>(326)</strong></span> <span class='ocrx_word' id='word_1_164' title='bbox 3696 1489 3857 1561; x_wconf 85' lang='lat' dir='ltr'><strong>regis,</strong></span> <span class='ocrx_word' id='word_1_165' title='bbox 3900 1498 3955 1545; x_wconf 90' lang='lat' dir='ltr'><strong>et</strong></span> <span class='ocrx_word' id='word_1_166' title='bbox 4000 1488 4104 1544; x_wconf 88' lang='lat' dir='ltr'><strong>hoc</strong></span> 
     </span>
    </p>
   </div>
   <div class='ocr_carea' id='block_1_27' title="bbox 2520 1578 4101 1654">
    <p class='ocr_par' dir='ltr' id='par_1_27' title="bbox 2520 1578 4101 1654">
     <span class='ocr_line' id='line_1_27' title="bbox 2520 1578 4101 1654; baseline -0.003 -17"><span class='ocrx_word' id='word_1_167' title='bbox 2520 1582 2620 1637; x_wconf 89' lang='lat' dir='ltr'><strong>sub</strong></span> <span class='ocrx_word' id='word_1_168' title='bbox 2646 1582 2895 1652; x_wconf 89' lang='lat' dir='ltr'><strong>opinione</strong></span> <span class='ocrx_word' id='word_1_169' title='bbox 2916 1583 3159 1653; x_wconf 88' lang='lat' dir='ltr'><strong>apposito</strong></span> <span class='ocrx_word' id='word_1_170' title='bbox 3178 1599 3273 1654; x_wconf 91' lang='lat' dir='ltr'><strong>per</strong></span> <span class='ocrx_word' id='word_1_171' title='bbox 3299 1590 3467 1637; x_wconf 92' lang='lat' dir='ltr'><strong>totam</strong></span> <span class='ocrx_word' id='word_1_172' title='bbox 3488 1581 3683 1637; x_wconf 79' lang='lat' dir='ltr'><strong>exinde</strong></span> <span class='ocrx_word' id='word_1_173' title='bbox 3703 1578 4101 1644; x_wconf 88' lang='lat' dir='ltr'><strong>narrationem;</strong></span> 
     </span>
    </p>
   </div>
   <div class='ocr_carea' id='block_1_28' title="bbox 2519 1670 4104 1750">
    <p class='ocr_par' dir='ltr' id='par_1_28' title="bbox 2519 1670 4104 1750">
     <span class='ocr_line' id='line_1_28' title="bbox 2519 1670 4104 1750; baseline -0.004 -18"><span class='ocrx_word' id='word_1_174' title='bbox 2519 1680 2669 1749; x_wconf 91' lang='lat' dir='ltr'><strong>quid,</strong></span> <span class='ocrx_word' id='word_1_175' title='bbox 2696 1679 2796 1734; x_wconf 90' lang='lat' dir='ltr'><strong>sub</strong></span> <span class='ocrx_word' id='word_1_176' title='bbox 2820 1695 2927 1749; x_wconf 90' lang='lat' dir='ltr'><strong>quo</strong></span> <span class='ocrx_word' id='word_1_177' title='bbox 2958 1694 3084 1750; x_wconf 88' lang='lat' dir='ltr'><strong>rege</strong></span> <span class='ocrx_word' id='word_1_178' title='bbox 3114 1678 3195 1732; x_wconf 89' lang='lat' dir='ltr'><strong>vel</strong></span> <span class='ocrx_word' id='word_1_179' title='bbox 3219 1677 3461 1747; x_wconf 85' lang='lat' dir='ltr'><strong>principe</strong></span> <span class='ocrx_word' id='word_1_180' title='bbox 3486 1684 3697 1748; x_wconf 87' lang='lat' dir='ltr'><strong>gestum</strong></span> <span class='ocrx_word' id='word_1_181' title='bbox 3722 1674 3815 1740; x_wconf 89' lang='lat' dir='ltr'><strong>sit,</strong></span> <span class='ocrx_word' id='word_1_182' title='bbox 3854 1672 3929 1727; x_wconf 90' lang='lat' dir='ltr'><strong>ita</strong></span> <span class='ocrx_word' id='word_1_183' title='bbox 3969 1670 4104 1727; x_wconf 86' lang='lat' dir='ltr'><strong>sile-</strong></span> 
     </span>
    </p>
   </div>
   <div class='ocr_carea' id='block_1_29' title="bbox 2519 1756 4106 1837">
    <p class='ocr_par' dir='ltr' id='par_1_29' title="bbox 2519 1756 4106 1837">
     <span class='ocr_line' id='line_1_29' title="bbox 2519 1756 4106 1837; baseline -0.006 -14"><span class='ocrx_word' id='word_1_184' title='bbox 2519 1777 2629 1835; x_wconf 89' lang='lat' dir='ltr'><strong>tur,</strong></span> <span class='ocrx_word' id='word_1_185' title='bbox 2667 1778 2726 1824; x_wconf 89' lang='lat' dir='ltr'><strong>ut</strong></span> <span class='ocrx_word' id='word_1_186' title='bbox 2766 1768 2929 1823; x_wconf 90' lang='lat' dir='ltr'><strong>etiam</strong></span> <span class='ocrx_word' id='word_1_187' title='bbox 2977 1768 3090 1837; x_wconf 88' lang='lat' dir='ltr'><strong>ipse</strong></span> <span class='ocrx_word' id='word_1_188' title='bbox 3128 1765 3486 1832; x_wconf 89' lang='lat' dir='ltr'><strong>Childericus,</strong></span> <span class='ocrx_word' id='word_1_189' title='bbox 3530 1765 3621 1837; x_wconf 89' lang='lat' dir='ltr'><strong>qui</strong></span> <span class='ocrx_word' id='word_1_190' title='bbox 3666 1764 3719 1819; x_wconf 93' lang='lat' dir='ltr'><strong>in</strong></span> <span class='ocrx_word' id='word_1_191' title='bbox 3756 1777 3884 1819; x_wconf 90' lang='lat' dir='ltr'><strong>nece</strong></span> <span class='ocrx_word' id='word_1_192' title='bbox 3921 1756 4106 1833; x_wconf 83' lang='lat' dir='ltr'><strong>sponsi</strong></span> 
     </span>
    </p>
   </div>
   <div class='ocr_carea' id='block_1_30' title="bbox 2518 1856 4110 1931">
    <p class='ocr_par' dir='ltr' id='par_1_30' title="bbox 2518 1856 4110 1931">
     <span class='ocr_line' id='line_1_30' title="bbox 2518 1856 4110 1931; baseline -0.004 -16"><span class='ocrx_word' id='word_1_193' title='bbox 2518 1861 2692 1915; x_wconf 87' lang='lat' dir='ltr'><strong>beatae</strong></span> <span class='ocrx_word' id='word_1_194' title='bbox 2720 1860 2946 1931; x_wconf 77' lang='lat' dir='ltr'><strong>virginis</strong></span> <span class='ocrx_word' id='word_1_195' title='bbox 2977 1860 3301 1916; x_wconf 87' lang='lat' dir='ltr'><strong>sententiam</strong></span> <span class='ocrx_word' id='word_1_196' title='bbox 3334 1858 3512 1914; x_wconf 86' lang='lat' dir='ltr'><strong>ferens</strong></span> <span class='ocrx_word' id='word_1_197' title='bbox 3550 1856 3838 1927; x_wconf 88' lang='lat' dir='ltr'><strong>reperitur,</strong></span> <span class='ocrx_word' id='word_1_198' title='bbox 3877 1870 3981 1911; x_wconf 92' lang='lat' dir='ltr'><strong>non</strong></span> <span class='ocrx_word' id='word_1_199' title='bbox 4017 1868 4110 1909; x_wconf 78' lang='lat' dir='ltr'><strong>sa—</strong></span> 
     </span>
    </p>
   </div>
   <div class='ocr_carea' id='block_1_31' title="bbox 2520 1945 4107 2025">
    <p class='ocr_par' dir='ltr' id='par_1_31' title="bbox 2520 1945 4107 2025">
     <span class='ocr_line' id='line_1_31' title="bbox 2520 1945 4107 2025; baseline -0.005 -14"><span class='ocrx_word' id='word_1_200' title='bbox 2520 1958 2589 2012; x_wconf 88' lang='lat' dir='ltr'><strong>tis</strong></span> <span class='ocrx_word' id='word_1_201' title='bbox 2616 1963 2795 2010; x_wconf 90' lang='lat' dir='ltr'><strong>certos</strong></span> <span class='ocrx_word' id='word_1_202' title='bbox 2826 1954 3079 2025; x_wconf 87' lang='lat' dir='ltr'><strong>temporis</strong></span> <span class='ocrx_word' id='word_1_203' title='bbox 3110 1952 3319 2008; x_wconf 88' lang='lat' dir='ltr'><strong>reddat.</strong></span> <span class='ocrx_word' id='word_1_204' title='bbox 3374 1951 3529 2007; x_wconf 87' lang='lat' dir='ltr'><strong>Hunc</strong></span> <span class='ocrx_word' id='word_1_205' title='bbox 3574 1949 3837 2021; x_wconf 88' lang='lat' dir='ltr'><strong>siquidem</strong></span> <span class='ocrx_word' id='word_1_206' title='bbox 3888 1945 4107 2003; x_wconf 82' lang='lat' dir='ltr'><strong>Cliilde-</strong></span> 
     </span>
    </p>
   </div>
   <div class='ocr_carea' id='block_1_32' title="bbox 2520 2033 4108 2113">
    <p class='ocr_par' dir='ltr' id='par_1_32' title="bbox 2520 2033 4108 2113">
     <span class='ocr_line' id='line_1_32' title="bbox 2520 2033 4108 2113; baseline -0.005 -14"><span class='ocrx_word' id='word_1_207' title='bbox 2520 2046 2712 2109; x_wconf 90' lang='lat' dir='ltr'><strong>ricum,</strong></span> <span class='ocrx_word' id='word_1_208' title='bbox 2743 2045 2785 2099; x_wconf 93' lang='lat' dir='ltr'><strong>si</strong></span> <span class='ocrx_word' id='word_1_209' title='bbox 2816 2053 2994 2098; x_wconf 87' lang='lat' dir='ltr'><strong>tamen</strong></span> <span class='ocrx_word' id='word_1_210' title='bbox 3028 2044 3142 2113; x_wconf 91' lang='lat' dir='ltr'><strong>ipse</strong></span> <span class='ocrx_word' id='word_1_211' title='bbox 3180 2049 3282 2106; x_wconf 92' lang='lat' dir='ltr'><strong>est,</strong></span> <span class='ocrx_word' id='word_1_212' title='bbox 3333 2038 3475 2093; x_wconf 89' lang='lat' dir='ltr'><strong>fama</strong></span> <span class='ocrx_word' id='word_1_213' title='bbox 3524 2048 3727 2095; x_wconf 89' lang='lat' dir='ltr'><strong>tantum</strong></span> <span class='ocrx_word' id='word_1_214' title='bbox 3778 2035 3883 2092; x_wconf 88' lang='lat' dir='ltr'><strong>fert</strong></span> <span class='ocrx_word' id='word_1_215' title='bbox 3927 2033 4108 2092; x_wconf 83' lang='lat' dir='ltr'><strong>Caroli</strong></span> 
     </span>
    </p>
   </div>
   <div class='ocr_carea' id='block_1_33' title="bbox 2522 2127 4106 2202">
    <p class='ocr_par' dir='ltr' id='par_1_33' title="bbox 2522 2127 4106 2202">
     <span class='ocr_line' id='line_1_33' title="bbox 2522 2127 4106 2202; baseline -0.006 -11"><span class='ocrx_word' id='word_1_216' title='bbox 2522 2135 2765 2191; x_wconf 89' lang='lat' dir='ltr'><strong>Senioris</strong></span> <span class='ocrx_word' id='word_1_217' title='bbox 2796 2150 2903 2190; x_wconf 88' lang='lat' dir='ltr'><strong>non</strong></span> <span class='ocrx_word' id='word_1_218' title='bbox 2943 2133 3169 2189; x_wconf 90' lang='lat' dir='ltr'><strong>multum</strong></span> <span class='ocrx_word' id='word_1_219' title='bbox 3208 2132 3456 2202; x_wconf 90' lang='lat' dir='ltr'><strong>superius</strong></span> <span class='ocrx_word' id='word_1_220' title='bbox 3505 2142 3745 2202; x_wconf 87' lang='lat' dir='ltr'><strong>tempora</strong></span> <span class='ocrx_word' id='word_1_221' title='bbox 3795 2127 4106 2201; x_wconf 82' lang='lat' dir='ltr'><strong>contigisse,</strong></span> 
     </span>
    </p>
   </div>
   <div class='ocr_carea' id='block_1_34' title="bbox 827 2218 4108 2301">
    <p class='ocr_par' dir='ltr' id='par_1_34' title="bbox 827 2218 4108 2301">
     <span class='ocr_line' id='line_1_34' title="bbox 827 2218 4108 2301; baseline -0.002 -17"><span class='ocrx_word' id='word_1_222' title='bbox 827 2228 1309 2301; x_wconf 84' lang='lat' dir='ltr'><strong>pronuntiaverim)</strong></span> <span class='ocrx_word' id='word_1_223' title='bbox 1344 2230 1690 2301; x_wconf 60' lang='lat' dir='ltr'><strong>coaequanda,</strong></span> <span class='ocrx_word' id='word_1_224' title='bbox 1717 2232 1769 2286; x_wconf 90' lang='lat' dir='ltr'><strong>in</strong></span> <span class='ocrx_word' id='word_1_225' title='bbox 1794 2232 1874 2287; x_wconf 90' lang='lat' dir='ltr'><strong>sui</strong></span> <span class='ocrx_word' id='word_1_226' title='bbox 1896 2233 2417 2290; x_wconf 87' lang='lat' dir='ltr'><strong>commendationem</strong></span> <span class='ocrx_word' id='word_1_227' title='bbox 2450 2218 2493 2278; x_wconf 81' lang='grc' dir='ltr'><strong><em>Β</em></strong></span> <span class='ocrx_word' id='word_1_228' title='bbox 2522 2231 2678 2300; x_wconf 90' lang='lat' dir='ltr'><strong>eique</strong></span> <span class='ocrx_word' id='word_1_229' title='bbox 2706 2230 2883 2284; x_wconf 89' lang='lat' dir='ltr'><strong>adhuc</strong></span> <span class='ocrx_word' id='word_1_230' title='bbox 2924 2230 3210 2300; x_wconf 89' lang='lat' dir='ltr'><strong>superstite</strong></span> <span class='ocrx_word' id='word_1_231' title='bbox 3248 2227 3543 2298; x_wconf 72' lang='lat' dir='ltr'><strong>genitorem</strong></span> <span class='ocrx_word' id='word_1_232' title='bbox 3575 2226 3743 2297; x_wconf 90' lang='lat' dir='ltr'><strong>ipsius</strong></span> <span class='ocrx_word' id='word_1_233' title='bbox 3771 2222 3949 2280; x_wconf 87' lang='lat' dir='ltr'><strong>Caroli</strong></span> <span class='ocrx_word' id='word_1_234' title='bbox 3978 2221 4108 2292; x_wconf 86' lang='lat' dir='ltr'><strong>Pip-</strong></span> 
     </span>
    </p>
   </div>
   <div class='ocr_carea' id='block_1_35' title="bbox 825 2320 2417 2398">
    <p class='ocr_par' dir='ltr' id='par_1_35' title="bbox 825 2320 2417 2398">
     <span class='ocr_line' id='line_1_35' title="bbox 825 2320 2417 2398; baseline 0.004 -22"><span class='ocrx_word' id='word_1_235' title='bbox 825 2335 928 2393; x_wconf 88' lang='lat' dir='ltr'><strong>per</strong></span> <span class='ocrx_word' id='word_1_236' title='bbox 967 2322 1143 2391; x_wconf 87' lang='lat' dir='ltr'><strong>seipsa</strong></span> <span class='ocrx_word' id='word_1_237' title='bbox 1189 2320 1480 2387; x_wconf 85' lang='lat' dir='ltr'><strong>sulliciens,</strong></span> <span class='ocrx_word' id='word_1_238' title='bbox 1529 2324 1768 2380; x_wconf 90' lang='lat' dir='ltr'><strong>animum</strong></span> <span class='ocrx_word' id='word_1_239' title='bbox 1806 2327 1858 2380; x_wconf 93' lang='lat' dir='ltr'><strong>in</strong></span> <span class='ocrx_word' id='word_1_240' title='bbox 1887 2342 1945 2381; x_wconf 90' lang='lat' dir='ltr'><strong>se</strong></span> <span class='ocrx_word' id='word_1_241' title='bbox 1975 2336 2081 2382; x_wconf 92' lang='lat' dir='ltr'><strong>tota</strong></span> <span class='ocrx_word' id='word_1_242' title='bbox 2128 2328 2417 2398; x_wconf 87' lang='lat' dir='ltr'><strong>cupiditate</strong></span> 
     </span>
    </p>
   </div>
   <div class='ocr_carea' id='block_1_36' title="bbox 826 2413 2419 2489">
    <p class='ocr_par' dir='ltr' id='par_1_36' title="bbox 826 2413 2419 2489">
     <span class='ocr_line' id='line_1_36' title="bbox 826 2413 2419 2489; baseline 0.004 -21"><span class='ocrx_word' id='word_1_243' title='bbox 826 2413 1114 2470; x_wconf 87' lang='lat' dir='ltr'><strong>convertit.</strong></span> <span class='ocrx_word' id='word_1_244' title='bbox 1146 2413 1257 2471; x_wconf 83' lang='lat' dir='ltr'><strong>Nec</strong></span> <span class='ocrx_word' id='word_1_245' title='bbox 1288 2416 1554 2485; x_wconf 89' lang='lat' dir='ltr'><strong>scriptura</strong></span> <span class='ocrx_word' id='word_1_246' title='bbox 1586 2417 1694 2481; x_wconf 90' lang='lat' dir='ltr'><strong>illa,</strong></span> <span class='ocrx_word' id='word_1_247' title='bbox 1724 2418 1972 2489; x_wconf 87' lang='lat' dir='ltr'><strong>quamvis</strong></span> <span class='ocrx_word' id='word_1_248' title='bbox 2003 2419 2181 2476; x_wconf 89' lang='lat' dir='ltr'><strong>silenti</strong></span> <span class='ocrx_word' id='word_1_249' title='bbox 2212 2420 2419 2476; x_wconf 88' lang='lat' dir='ltr'><strong>feratur</strong></span> 
     </span>
    </p>
   </div>
   <div class='ocr_carea' id='block_1_37' title="bbox 826 2507 2416 2581">
    <p class='ocr_par' dir='ltr' id='par_1_37' title="bbox 826 2507 2416 2581">
     <span class='ocr_line' id='line_1_37' title="bbox 826 2507 2416 2581; baseline 0.007 -21"><span class='ocrx_word' id='word_1_250' title='bbox 826 2513 1073 2575; x_wconf 87' lang='lat' dir='ltr'><strong>auctore,</strong></span> <span class='ocrx_word' id='word_1_251' title='bbox 1102 2507 1309 2564; x_wconf 88' lang='lat' dir='ltr'><strong>viribus</strong></span> <span class='ocrx_word' id='word_1_252' title='bbox 1337 2523 1516 2565; x_wconf 77' lang='lat' dir='ltr'><strong>rerum</strong></span> <span class='ocrx_word' id='word_1_253' title='bbox 1550 2510 1750 2581; x_wconf 90' lang='lat' dir='ltr'><strong>aliquid</strong></span> <span class='ocrx_word' id='word_1_254' title='bbox 1782 2513 2035 2579; x_wconf 81' lang='lat' dir='ltr'><strong>detrahit,</strong></span> <span class='ocrx_word' id='word_1_255' title='bbox 2068 2530 2189 2570; x_wconf 91' lang='lat' dir='ltr'><strong>cum</strong></span> <span class='ocrx_word' id='word_1_256' title='bbox 2213 2516 2416 2571; x_wconf 88' lang='lat' dir='ltr'><strong>semine</strong></span> 
     </span>
    </p>
   </div>
   <div class='ocr_carea' id='block_1_38' title="bbox 824 2597 2417 2673">
    <p class='ocr_par' dir='ltr' id='par_1_38' title="bbox 824 2597 2417 2673">
     <span class='ocr_line' id='line_1_38' title="bbox 824 2597 2417 2673; baseline 0.007 -21"><span class='ocrx_word' id='word_1_257' title='bbox 824 2597 1018 2669; x_wconf 90' lang='lat' dir='ltr'><strong>utique</strong></span> <span class='ocrx_word' id='word_1_258' title='bbox 1047 2613 1112 2655; x_wconf 91' lang='lat' dir='ltr'><strong>ac</strong></span> <span class='ocrx_word' id='word_1_259' title='bbox 1152 2600 1196 2656; x_wconf 88' lang='lat' dir='ltr'><strong>si</strong></span> <span class='ocrx_word' id='word_1_260' title='bbox 1234 2616 1359 2656; x_wconf 90' lang='lat' dir='ltr'><strong>raro</strong></span> <span class='ocrx_word' id='word_1_261' title='bbox 1386 2616 1628 2673; x_wconf 87' lang='lat' dir='ltr'><strong>aspersa,</strong></span> <span class='ocrx_word' id='word_1_262' title='bbox 1662 2619 1765 2659; x_wconf 89' lang='lat' dir='ltr'><strong>non</strong></span> <span class='ocrx_word' id='word_1_263' title='bbox 1798 2606 2040 2661; x_wconf 84' lang='lat' dir='ltr'><strong>sterilem</strong></span> <span class='ocrx_word' id='word_1_264' title='bbox 2089 2609 2277 2664; x_wconf 89' lang='lat' dir='ltr'><strong>usibus</strong></span> <span class='ocrx_word' id='word_1_265' title='bbox 2320 2624 2417 2663; x_wconf 88' lang='lat' dir='ltr'><strong>no-</strong></span> 
     </span>
    </p>
   </div>
   <div class='ocr_carea' id='block_1_39' title="bbox 824 2693 2413 2771">
    <p class='ocr_par' dir='ltr' id='par_1_39' title="bbox 824 2693 2413 2771">
     <span class='ocr_line' id='line_1_39' title="bbox 824 2693 2413 2771; baseline 0.005 -22"><span class='ocrx_word' id='word_1_266' title='bbox 824 2693 956 2749; x_wconf 84' lang='lat' dir='ltr'><strong>stris</strong></span> <span class='ocrx_word' id='word_1_267' title='bbox 978 2693 1030 2748; x_wconf 93' lang='lat' dir='ltr'><strong>in</strong></span> <span class='ocrx_word' id='word_1_268' title='bbox 1063 2694 1383 2751; x_wconf 86' lang='lat' dir='ltr'><strong>immensum</strong></span> <span class='ocrx_word' id='word_1_269' title='bbox 1412 2698 1804 2753; x_wconf 78' lang='lat' dir='ltr'><strong>extendendam</strong></span> <span class='ocrx_word' id='word_1_270' title='bbox 1831 2714 2054 2755; x_wconf 89' lang='lat' dir='ltr'><strong>messem</strong></span> <span class='ocrx_word' id='word_1_271' title='bbox 2079 2703 2413 2771; x_wconf 78' lang='lat' dir='ltr'><strong>produxerit.</strong></span> 
     </span>
    </p>
   </div>
   <div class='ocr_carea' id='block_1_40' title="bbox 824 2782 2417 2863">
    <p class='ocr_par' dir='ltr' id='par_1_40' title="bbox 824 2782 2417 2863">
     <span class='ocr_line' id='line_1_40' title="bbox 824 2782 2417 2863; baseline 0.004 -23"><span class='ocrx_word' id='word_1_272' title='bbox 824 2782 1011 2854; x_wconf 86' lang='lat' dir='ltr'><strong>Neque</strong></span> <span class='ocrx_word' id='word_1_273' title='bbox 1039 2786 1182 2840; x_wconf 90' lang='lat' dir='ltr'><strong>enim</strong></span> <span class='ocrx_word' id='word_1_274' title='bbox 1222 2785 1391 2842; x_wconf 90' lang='lat' dir='ltr'><strong>refert</strong></span> <span class='ocrx_word' id='word_1_275' title='bbox 1428 2788 1617 2857; x_wconf 91' lang='lat' dir='ltr'><strong>quovis</strong></span> <span class='ocrx_word' id='word_1_276' title='bbox 1647 2789 1845 2844; x_wconf 90' lang='lat' dir='ltr'><strong>indicio</strong></span> <span class='ocrx_word' id='word_1_277' title='bbox 1878 2806 1945 2846; x_wconf 85' lang='lat' dir='ltr'><strong>ex</strong></span> <span class='ocrx_word' id='word_1_278' title='bbox 1975 2807 2293 2863; x_wconf 85' lang='lat' dir='ltr'><strong>quacunque</strong></span> <span class='ocrx_word' id='word_1_279' title='bbox 2321 2808 2417 2849; x_wconf 88' lang='lat' dir='ltr'><strong>ca-</strong></span> 
     </span>
    </p>
   </div>
   <div class='ocr_carea' id='block_1_41' title="bbox 824 2876 2417 2951">
    <p class='ocr_par' dir='ltr' id='par_1_41' title="bbox 824 2876 2417 2951">
     <span class='ocr_line' id='line_1_41' title="bbox 824 2876 2417 2951; baseline 0.008 -21"><span class='ocrx_word' id='word_1_280' title='bbox 824 2876 1048 2932; x_wconf 80' lang='lat' dir='ltr'><strong>vernula</strong></span> <span class='ocrx_word' id='word_1_281' title='bbox 1084 2894 1294 2949; x_wconf 86' lang='lat' dir='ltr'><strong>gemma</strong></span> <span class='ocrx_word' id='word_1_282' title='bbox 1333 2878 1695 2949; x_wconf 88' lang='lat' dir='ltr'><strong>pulcherrima</strong></span> <span class='ocrx_word' id='word_1_283' title='bbox 1738 2884 2081 2951; x_wconf 81' lang='lat' dir='ltr'><strong>extrahatur,</strong></span> <span class='ocrx_word' id='word_1_284' title='bbox 2129 2886 2417 2942; x_wconf 87' lang='lat' dir='ltr'><strong>dummodo</strong></span> 
     </span>
    </p>
   </div>
   <div class='ocr_carea' id='block_1_42' title="bbox 824 2967 2416 3047">
    <p class='ocr_par' dir='ltr' id='par_1_42' title="bbox 824 2967 2416 3047">
     <span class='ocr_line' id='line_1_42' title="bbox 824 2967 2416 3047; baseline 0.004 -22"><span class='ocrx_word' id='word_1_285' title='bbox 824 2967 1109 3025; x_wconf 85' lang='lat' dir='ltr'><strong>avaritiam</strong></span> <span class='ocrx_word' id='word_1_286' title='bbox 1137 2970 1443 3026; x_wconf 88' lang='lat' dir='ltr'><strong>mortalium</strong></span> <span class='ocrx_word' id='word_1_287' title='bbox 1479 2988 1577 3026; x_wconf 84' lang='lat' dir='ltr'><strong>usu</strong></span> <span class='ocrx_word' id='word_1_288' title='bbox 1608 2974 1820 3043; x_wconf 79' lang='lat' dir='ltr'><strong>expleat</strong></span> <span class='ocrx_word' id='word_1_289' title='bbox 1849 2984 1903 3029; x_wconf 89' lang='lat' dir='ltr'><strong>et</strong></span> <span class='ocrx_word' id='word_1_290' title='bbox 1926 2974 2137 3032; x_wconf 89' lang='lat' dir='ltr'><strong>decore.</strong></span> <span class='ocrx_word' id='word_1_291' title='bbox 2182 2976 2249 3031; x_wconf 91' lang='lat' dir='ltr'><strong>Et</strong></span> <span class='ocrx_word' id='word_1_292' title='bbox 2278 2992 2416 3047; x_wconf 83' lang='lat' dir='ltr'><strong>quo-</strong></span> 
     </span>
    </p>
   </div>
   <div class='ocr_carea' id='block_1_43' title="bbox 826 3062 2417 3139">
    <p class='ocr_par' dir='ltr' id='par_1_43' title="bbox 826 3062 2417 3139">
     <span class='ocr_line' id='line_1_43' title="bbox 826 3062 2417 3139; baseline 0.006 -21"><span class='ocrx_word' id='word_1_293' title='bbox 826 3062 973 3118; x_wconf 89' lang='lat' dir='ltr'><strong>niam</strong></span> <span class='ocrx_word' id='word_1_294' title='bbox 1002 3063 1134 3117; x_wconf 92' lang='lat' dir='ltr'><strong>tanti</strong></span> <span class='ocrx_word' id='word_1_295' title='bbox 1164 3064 1323 3134; x_wconf 86' lang='lat' dir='ltr'><strong>pretii</strong></span> <span class='ocrx_word' id='word_1_296' title='bbox 1349 3065 1723 3135; x_wconf 83' lang='lat' dir='ltr'><strong>margaritam,</strong></span> <span class='ocrx_word' id='word_1_297' title='bbox 1754 3065 1998 3137; x_wconf 87' lang='lat' dir='ltr'><strong>pluribus</strong></span> <span class='ocrx_word' id='word_1_298' title='bbox 2018 3068 2273 3139; x_wconf 88' lang='lat' dir='ltr'><strong>pretiosis</strong></span> <span class='ocrx_word' id='word_1_299' title='bbox 2295 3084 2417 3127; x_wconf 88' lang='lat' dir='ltr'><strong>me-</strong></span> 
     </span>
    </p>
   </div>
   <div class='ocr_carea' id='block_1_44' title="bbox 824 3153 2418 3230">
    <p class='ocr_par' dir='ltr' id='par_1_44' title="bbox 824 3153 2418 3230">
     <span class='ocr_line' id='line_1_44' title="bbox 824 3153 2418 3230; baseline 0.004 -19"><span class='ocrx_word' id='word_1_300' title='bbox 824 3154 935 3212; x_wconf 90' lang='lat' dir='ltr'><strong>rito</strong></span> <span class='ocrx_word' id='word_1_301' title='bbox 976 3153 1390 3226; x_wconf 70' lang='lat' dir='ltr'><strong>praeferendam,</strong></span> <span class='ocrx_word' id='word_1_302' title='bbox 1431 3156 1573 3213; x_wconf 90' lang='lat' dir='ltr'><strong>inter</strong></span> <span class='ocrx_word' id='word_1_303' title='bbox 1596 3158 1720 3212; x_wconf 62' lang='lat' dir='ltr'><strong>vitae</strong></span> <span class='ocrx_word' id='word_1_304' title='bbox 1746 3158 1904 3230; x_wconf 84' lang='lat' dir='ltr'><strong>hujus</strong></span> <span class='ocrx_word' id='word_1_305' title='bbox 1930 3176 2199 3217; x_wconf 67' lang='lat' dir='ltr'><strong>aerumnas</strong></span> <span class='ocrx_word' id='word_1_306' title='bbox 2228 3162 2418 3218; x_wconf 85' lang='lat' dir='ltr'><strong>multi-</strong></span> 
     </span>
    </p>
   </div>
   <div class='ocr_carea' id='block_1_45' title="bbox 822 3245 2414 3319">
    <p class='ocr_par' dir='ltr' id='par_1_45' title="bbox 822 3245 2414 3319">
     <span class='ocr_line' id='line_1_45' title="bbox 822 3245 2414 3319; baseline 0.004 -18"><span class='ocrx_word' id='word_1_307' title='bbox 822 3246 989 3319; x_wconf 88' lang='lat' dir='ltr'><strong>plices</strong></span> <span class='ocrx_word' id='word_1_308' title='bbox 1014 3245 1316 3303; x_wconf 88' lang='lat' dir='ltr'><strong>infirmitali</strong></span> <span class='ocrx_word' id='word_1_309' title='bbox 1349 3256 1548 3305; x_wconf 64' lang='lat' dir='ltr'><strong>nostra:</strong></span> <span class='ocrx_word' id='word_1_310' title='bbox 1576 3249 1825 3305; x_wconf 89' lang='lat' dir='ltr'><strong>solatium</strong></span> <span class='ocrx_word' id='word_1_311' title='bbox 1869 3260 1973 3305; x_wconf 90' lang='lat' dir='ltr'><strong>tam</strong></span> <span class='ocrx_word' id='word_1_312' title='bbox 2012 3250 2199 3307; x_wconf 69' lang='lat' dir='ltr'><strong>efficax</strong></span> <span class='ocrx_word' id='word_1_313' title='bbox 2234 3253 2414 3309; x_wconf 87' lang='lat' dir='ltr'><strong>divina</strong></span> 
     </span>
    </p>
   </div>
   <div class='ocr_carea' id='block_1_46' title="bbox 824 3339 2411 3412">
    <p class='ocr_par' dir='ltr' id='par_1_46' title="bbox 824 3339 2411 3412">
     <span class='ocr_line' id='line_1_46' title="bbox 824 3339 2411 3412; baseline 0.003 -20"><span class='ocrx_word' id='word_1_314' title='bbox 824 3339 1077 3411; x_wconf 71' lang='lat' dir='ltr'><strong>praestitit</strong></span> <span class='ocrx_word' id='word_1_315' title='bbox 1123 3339 1331 3409; x_wconf 90' lang='lat' dir='ltr'><strong>pietas,</strong></span> <span class='ocrx_word' id='word_1_316' title='bbox 1378 3341 1656 3412; x_wconf 91' lang='lat' dir='ltr'><strong>indignum</strong></span> <span class='ocrx_word' id='word_1_317' title='bbox 1710 3341 2036 3397; x_wconf 89' lang='lat' dir='ltr'><strong>omnimodis</strong></span> <span class='ocrx_word' id='word_1_318' title='bbox 2078 3341 2411 3412; x_wconf 86' lang='lat' dir='ltr'><strong>judicabam,</strong></span> 
     </span>
    </p>
   </div>
   <div class='ocr_carea' id='block_1_47' title="bbox 824 3431 2413 3506">
    <p class='ocr_par' dir='ltr' id='par_1_47' title="bbox 824 3431 2413 3506">
     <span class='ocr_line' id='line_1_47' title="bbox 824 3431 2413 3506; baseline 0.001 -19"><span class='ocrx_word' id='word_1_319' title='bbox 824 3431 871 3487; x_wconf 92' lang='lat' dir='ltr'><strong>si</strong></span> <span class='ocrx_word' id='word_1_320' title='bbox 896 3431 963 3486; x_wconf 87' lang='lat' dir='ltr'><strong>ad</strong></span> <span class='ocrx_word' id='word_1_321' title='bbox 993 3441 1196 3487; x_wconf 86' lang='lat' dir='ltr'><strong>tantam</strong></span> <span class='ocrx_word' id='word_1_322' title='bbox 1231 3433 1460 3503; x_wconf 84' lang='lat' dir='ltr'><strong>gratiam</strong></span> <span class='ocrx_word' id='word_1_323' title='bbox 1490 3432 1684 3505; x_wconf 67' lang='lat' dir='ltr'><strong>lingua:</strong></span> <span class='ocrx_word' id='word_1_324' title='bbox 1711 3433 1955 3504; x_wconf 90' lang='lat' dir='ltr'><strong>improba</strong></span> <span class='ocrx_word' id='word_1_325' title='bbox 1982 3442 2038 3489; x_wconf 90' lang='lat' dir='ltr'><strong>et</strong></span> <span class='ocrx_word' id='word_1_326' title='bbox 2060 3434 2266 3506; x_wconf 84' lang='lat' dir='ltr'><strong>ingrata</strong></span> <span class='ocrx_word' id='word_1_327' title='bbox 2298 3444 2413 3490; x_wconf 87' lang='lat' dir='ltr'><strong>tor-</strong></span> 
     </span>
    </p>
   </div>
   <div class='ocr_carea' id='block_1_48' title="bbox 826 3522 2413 3595">
    <p class='ocr_par' dir='ltr' id='par_1_48' title="bbox 826 3522 2413 3595">
     <span class='ocr_line' id='line_1_48' title="bbox 826 3522 2413 3595; baseline 0.001 -18"><span class='ocrx_word' id='word_1_328' title='bbox 826 3530 1019 3593; x_wconf 88' lang='lat' dir='ltr'><strong>perent</strong></span> <span class='ocrx_word' id='word_1_329' title='bbox 1061 3522 1295 3589; x_wconf 90' lang='lat' dir='ltr'><strong>silentia,</strong></span> <span class='ocrx_word' id='word_1_330' title='bbox 1326 3532 1386 3579; x_wconf 93' lang='lat' dir='ltr'><strong>ut</strong></span> <span class='ocrx_word' id='word_1_331' title='bbox 1413 3524 1457 3578; x_wconf 92' lang='lat' dir='ltr'><strong>si</strong></span> <span class='ocrx_word' id='word_1_332' title='bbox 1488 3538 1595 3579; x_wconf 84' lang='lat' dir='ltr'><strong>non</strong></span> <span class='ocrx_word' id='word_1_333' title='bbox 1627 3533 1829 3595; x_wconf 88' lang='lat' dir='ltr'><strong>quanto</strong></span> <span class='ocrx_word' id='word_1_334' title='bbox 1868 3524 2087 3595; x_wconf 85' lang='lat' dir='ltr'><strong>dignum</strong></span> <span class='ocrx_word' id='word_1_335' title='bbox 2123 3532 2267 3579; x_wconf 87' lang='lat' dir='ltr'><strong>esset</strong></span> <span class='ocrx_word' id='word_1_336' title='bbox 2303 3524 2413 3579; x_wconf 87' lang='lat' dir='ltr'><strong>elo-</strong></span> 
     </span>
    </p>
   </div>
   <div class='ocr_carea' id='block_1_49' title="bbox 825 3616 2423 3688">
    <p class='ocr_par' dir='ltr' id='par_1_49' title="bbox 825 3616 2423 3688">
     <span class='ocr_line' id='line_1_49' title="bbox 825 3616 2423 3688; baseline 0.003 -19"><span class='ocrx_word' id='word_1_337' title='bbox 825 3616 937 3687; x_wconf 90' lang='lat' dir='ltr'><strong>quii</strong></span> <span class='ocrx_word' id='word_1_338' title='bbox 963 3616 1161 3683; x_wconf 87' lang='lat' dir='ltr'><strong>nitore,</strong></span> <span class='ocrx_word' id='word_1_339' title='bbox 1187 3617 1362 3672; x_wconf 88' lang='lat' dir='ltr'><strong>oratio</strong></span> <span class='ocrx_word' id='word_1_340' title='bbox 1383 3626 1566 3688; x_wconf 85' lang='lat' dir='ltr'><strong>posset</strong></span> <span class='ocrx_word' id='word_1_341' title='bbox 1589 3617 1797 3679; x_wconf 88' lang='lat' dir='ltr'><strong>vestiri,</strong></span> <span class='ocrx_word' id='word_1_342' title='bbox 1828 3617 2001 3673; x_wconf 91' lang='lat' dir='ltr'><strong>nudus</strong></span> <span class='ocrx_word' id='word_1_343' title='bbox 2025 3617 2218 3672; x_wconf 88' lang='lat' dir='ltr'><strong>saltem</strong></span> <span class='ocrx_word' id='word_1_344' title='bbox 2244 3632 2423 3673; x_wconf 86' lang='lat' dir='ltr'><strong>sermo</strong></span> 
     </span>
    </p>
   </div>
   <div class='ocr_carea' id='block_1_50' title="bbox 827 3710 2423 3782">
    <p class='ocr_par' dir='ltr' id='par_1_50' title="bbox 827 3710 2423 3782">
     <span class='ocr_line' id='line_1_50' title="bbox 827 3710 2423 3782; baseline 0.001 -18"><span class='ocrx_word' id='word_1_345' title='bbox 827 3719 1131 3779; x_wconf 72' lang='lat' dir='ltr'><strong>praestaret,</strong></span> <span class='ocrx_word' id='word_1_346' title='bbox 1158 3726 1226 3767; x_wconf 89' lang='lat' dir='ltr'><strong>ne</strong></span> <span class='ocrx_word' id='word_1_347' title='bbox 1255 3711 1417 3775; x_wconf 90' lang='lat' dir='ltr'><strong>salus,</strong></span> <span class='ocrx_word' id='word_1_348' title='bbox 1457 3726 1576 3782; x_wconf 72' lang='lat' dir='ltr'><strong>qua:</strong></span> <span class='ocrx_word' id='word_1_349' title='bbox 1613 3718 1729 3767; x_wconf 88' lang='lat' dir='ltr'><strong>erat</strong></span> <span class='ocrx_word' id='word_1_350' title='bbox 1756 3711 1811 3765; x_wconf 93' lang='lat' dir='ltr'><strong>in</strong></span> <span class='ocrx_word' id='word_1_351' title='bbox 1847 3724 2134 3766; x_wconf 90' lang='lat' dir='ltr'><strong>commune</strong></span> <span class='ocrx_word' id='word_1_352' title='bbox 2164 3751 2178 3776; x_wconf 95' lang='lat'><strong>,</strong></span> <span class='ocrx_word' id='word_1_353' title='bbox 2207 3710 2423 3766; x_wconf 89' lang='lat' dir='ltr'><strong>videre-</strong></span> 
     </span>
    </p>
   </div>
   <div class='ocr_carea' id='block_1_51' title="bbox 831 3804 1603 3861">
    <p class='ocr_par' dir='ltr' id='par_1_51' title="bbox 831 3804 1603 3861">
     <span class='ocr_line' id='line_1_51' title="bbox 831 3804 1603 3861; baseline -0.001 -1"><span class='ocrx_word' id='word_1_354' title='bbox 831 3812 922 3861; x_wconf 90' lang='lat' dir='ltr'><strong>tur</strong></span> <span class='ocrx_word' id='word_1_355' title='bbox 948 3804 1264 3861; x_wconf 89' lang='lat' dir='ltr'><strong>mortalibus</strong></span> <span class='ocrx_word' id='word_1_356' title='bbox 1294 3804 1603 3861; x_wconf 89' lang='lat' dir='ltr'><strong>intercludi.</strong></span> 
     </span>
    </p>
   </div>
   <div class='ocr_carea' id='block_1_52' title="bbox 900 3896 2427 3967">
    <p class='ocr_par' dir='ltr' id='par_1_52' title="bbox 900 3896 2427 3967">
     <span class='ocr_line' id='line_1_52' title="bbox 900 3896 2427 3967; baseline 0.001 -15"><span class='ocrx_word' id='word_1_357' title='bbox 900 3898 955 3953; x_wconf 78' lang='grc'><strong>2.</strong></span> <span class='ocrx_word' id='word_1_358' title='bbox 1001 3896 1117 3952; x_wconf 83' lang='grc' dir='ltr'><strong>Νοη</strong></span> <span class='ocrx_word' id='word_1_359' title='bbox 1162 3906 1341 3953; x_wconf 88' lang='lat' dir='ltr'><strong>autem</strong></span> <span class='ocrx_word' id='word_1_360' title='bbox 1388 3898 1590 3954; x_wconf 90' lang='lat' dir='ltr'><strong>certius</strong></span> <span class='ocrx_word' id='word_1_361' title='bbox 1633 3912 1733 3953; x_wconf 91' lang='lat' dir='ltr'><strong>nos</strong></span> <span class='ocrx_word' id='word_1_362' title='bbox 1774 3896 1974 3967; x_wconf 90' lang='lat' dir='ltr'><strong>aliquid</strong></span> <span class='ocrx_word' id='word_1_363' title='bbox 2015 3898 2275 3954; x_wconf 88' lang='lat' dir='ltr'><strong>allaturos</strong></span> <span class='ocrx_word' id='word_1_364' title='bbox 2323 3896 2427 3953; x_wconf 89' lang='lat' dir='ltr'><strong>hac</strong></span> 
     </span>
    </p>
   </div>
   <div class='ocr_carea' id='block_1_53' title="bbox 832 3989 2427 4062">
    <p class='ocr_par' dir='ltr' id='par_1_53' title="bbox 832 3989 2427 4062">
     <span class='ocr_line' id='line_1_53' title="bbox 832 3989 2427 4062; baseline -0.001 -16"><span class='ocrx_word' id='word_1_365' title='bbox 832 3990 1019 4062; x_wconf 87' lang='lat' dir='ltr'><strong>scripti</strong></span> <span class='ocrx_word' id='word_1_366' title='bbox 1050 3991 1287 4045; x_wconf 82' lang='lat' dir='ltr'><strong>novitate</strong></span> <span class='ocrx_word' id='word_1_367' title='bbox 1318 3989 1572 4057; x_wconf 88' lang='lat' dir='ltr'><strong>fatemur,</strong></span> <span class='ocrx_word' id='word_1_368' title='bbox 1604 4006 1782 4062; x_wconf 87' lang='lat' dir='ltr'><strong>neque</strong></span> <span class='ocrx_word' id='word_1_369' title='bbox 1813 3991 1956 4046; x_wconf 87' lang='lat' dir='ltr'><strong>enim</strong></span> <span class='ocrx_word' id='word_1_370' title='bbox 1985 3990 2245 4046; x_wconf 89' lang='lat' dir='ltr'><strong>intactam</strong></span> <span class='ocrx_word' id='word_1_371' title='bbox 2279 3991 2427 4045; x_wconf 89' lang='lat' dir='ltr'><strong>ordi-</strong></span> 
     </span>
    </p>
   </div>
   <div class='ocr_carea' id='block_1_54' title="bbox 831 4084 2423 4159">
    <p class='ocr_par' dir='ltr' id='par_1_54' title="bbox 831 4084 2423 4159">
     <span class='ocr_line' id='line_1_54' title="bbox 831 4084 2423 4159; baseline -0.001 -17"><span class='ocrx_word' id='word_1_372' title='bbox 831 4100 957 4142; x_wconf 88' lang='lat' dir='ltr'><strong>mur</strong></span> <span class='ocrx_word' id='word_1_373' title='bbox 994 4100 1130 4153; x_wconf 90' lang='lat' dir='ltr'><strong>rem,</strong></span> <span class='ocrx_word' id='word_1_374' title='bbox 1168 4100 1289 4141; x_wconf 92' lang='lat' dir='ltr'><strong>cum</strong></span> <span class='ocrx_word' id='word_1_375' title='bbox 1320 4084 1512 4141; x_wconf 90' lang='lat' dir='ltr'><strong>alienis</strong></span> <span class='ocrx_word' id='word_1_376' title='bbox 1559 4094 1771 4141; x_wconf 90' lang='lat' dir='ltr'><strong>tantum</strong></span> <span class='ocrx_word' id='word_1_377' title='bbox 1818 4086 2059 4159; x_wconf 87' lang='lat' dir='ltr'><strong>vestigiis</strong></span> <span class='ocrx_word' id='word_1_378' title='bbox 2103 4085 2423 4142; x_wconf 90' lang='lat' dir='ltr'><strong>innitamur.</strong></span> 
     </span>
    </p>
   </div>
   <div class='ocr_carea' id='block_1_55' title="bbox 833 4178 2424 4252">
    <p class='ocr_par' dir='ltr' id='par_1_55' title="bbox 833 4178 2424 4252">
     <span class='ocr_line' id='line_1_55' title="bbox 833 4178 2424 4252; baseline -0.001 -16"><span class='ocrx_word' id='word_1_379' title='bbox 833 4178 944 4236; x_wconf 90' lang='lat' dir='ltr'><strong>Sed</strong></span> <span class='ocrx_word' id='word_1_380' title='bbox 980 4179 1236 4252; x_wconf 88' lang='lat' dir='ltr'><strong>quoniam</strong></span> <span class='ocrx_word' id='word_1_381' title='bbox 1276 4179 1503 4235; x_wconf 89' lang='lat' dir='ltr'><strong>historia</strong></span> <span class='ocrx_word' id='word_1_382' title='bbox 1547 4180 1634 4234; x_wconf 90' lang='lat' dir='ltr'><strong>illa</strong></span> <span class='ocrx_word' id='word_1_383' title='bbox 1681 4178 1856 4236; x_wconf 74' lang='lat' dir='ltr'><strong>beata:</strong></span> <span class='ocrx_word' id='word_1_384' title='bbox 1896 4180 2119 4251; x_wconf 90' lang='lat' dir='ltr'><strong>virginis</strong></span> <span class='ocrx_word' id='word_1_385' title='bbox 2172 4179 2424 4251; x_wconf 88' lang='lat' dir='ltr'><strong>simplici,</strong></span> 
     </span>
    </p>
   </div>
   <div class='ocr_carea' id='block_1_56' title="bbox 830 4273 2427 4345">
    <p class='ocr_par' dir='ltr' id='par_1_56' title="bbox 830 4273 2427 4345">
     <span class='ocr_line' id='line_1_56' title="bbox 830 4273 2427 4345; baseline -0.004 -12"><span class='ocrx_word' id='word_1_386' title='bbox 830 4284 895 4333; x_wconf 90' lang='lat' dir='ltr'><strong>ut</strong></span> <span class='ocrx_word' id='word_1_387' title='bbox 939 4273 1080 4332; x_wconf 90' lang='lat' dir='ltr'><strong>forte</strong></span> <span class='ocrx_word' id='word_1_388' title='bbox 1120 4274 1416 4345; x_wconf 89' lang='lat' dir='ltr'><strong>antiquitas</strong></span> <span class='ocrx_word' id='word_1_389' title='bbox 1441 4273 1509 4330; x_wconf 89' lang='lat' dir='ltr'><strong>de</strong></span> <span class='ocrx_word' id='word_1_390' title='bbox 1545 4282 1769 4345; x_wconf 85' lang='lat' dir='ltr'><strong>repente</strong></span> <span class='ocrx_word' id='word_1_391' title='bbox 1806 4274 2083 4329; x_wconf 90' lang='lat' dir='ltr'><strong>mandavit</strong></span> <span class='ocrx_word' id='word_1_392' title='bbox 2127 4273 2427 4339; x_wconf 66' lang='lat' dir='ltr'><strong>memoriae,</strong></span> 
     </span>
    </p>
   </div>
   <div class='ocr_carea' id='block_1_57' title="bbox 831 4364 2431 4443">
    <p class='ocr_par' dir='ltr' id='par_1_57' title="bbox 831 4364 2431 4443">
     <span class='ocr_line' id='line_1_57' title="bbox 831 4364 2431 4443; baseline -0.004 -19"><span class='ocrx_word' id='word_1_393' title='bbox 831 4368 975 4443; x_wconf 87' lang='lat' dir='ltr'><strong>stylo</strong></span> <span class='ocrx_word' id='word_1_394' title='bbox 1006 4382 1286 4440; x_wconf 85' lang='lat' dir='ltr'><strong>compacta</strong></span> <span class='ocrx_word' id='word_1_395' title='bbox 1311 4366 1471 4438; x_wconf 89' lang='lat' dir='ltr'><strong>vulgo</strong></span> <span class='ocrx_word' id='word_1_396' title='bbox 1509 4366 1684 4421; x_wconf 92' lang='lat' dir='ltr'><strong>solum</strong></span> <span class='ocrx_word' id='word_1_397' title='bbox 1719 4375 1838 4422; x_wconf 90' lang='lat' dir='ltr'><strong>erat</strong></span> <span class='ocrx_word' id='word_1_398' title='bbox 1884 4364 2267 4430; x_wconf 91' lang='lat' dir='ltr'><strong>accommoda;</strong></span> <span class='ocrx_word' id='word_1_399' title='bbox 2301 4379 2431 4419; x_wconf 88' lang='lat' dir='ltr'><strong>con-</strong></span> 
     </span>
    </p>
   </div>
   <div class='ocr_carea' id='block_1_58' title="bbox 831 4454 2428 4530">
    <p class='ocr_par' dir='ltr' id='par_1_58' title="bbox 831 4454 2428 4530">
     <span class='ocr_line' id='line_1_58' title="bbox 831 4454 2428 4530; baseline -0.007 -13"><span class='ocrx_word' id='word_1_400' title='bbox 831 4459 1138 4517; x_wconf 90' lang='lat' dir='ltr'><strong>siderantes</strong></span> <span class='ocrx_word' id='word_1_401' title='bbox 1170 4458 1282 4530; x_wconf 90' lang='lat' dir='ltr'><strong>jam</strong></span> <span class='ocrx_word' id='word_1_402' title='bbox 1306 4456 1526 4513; x_wconf 87' lang='lat' dir='ltr'><strong>Christo</strong></span> <span class='ocrx_word' id='word_1_403' title='bbox 1550 4456 1784 4528; x_wconf 88' lang='lat' dir='ltr'><strong>propitio</strong></span> <span class='ocrx_word' id='word_1_404' title='bbox 1811 4455 1992 4526; x_wconf 91' lang='lat' dir='ltr'><strong>plures</strong></span> <span class='ocrx_word' id='word_1_405' title='bbox 2019 4454 2428 4524; x_wconf 88' lang='lat' dir='ltr'><strong>disciplinarum</strong></span> 
     </span>
    </p>
   </div>
   <div class='ocr_carea' id='block_1_59' title="bbox 832 4546 2431 4619">
    <p class='ocr_par' dir='ltr' id='par_1_59' title="bbox 832 4546 2431 4619">
     <span class='ocr_line' id='line_1_59' title="bbox 832 4546 2431 4619; baseline -0.006 -10"><span class='ocrx_word' id='word_1_406' title='bbox 832 4552 1029 4610; x_wconf 91' lang='lat' dir='ltr'><strong>studiis</strong></span> <span class='ocrx_word' id='word_1_407' title='bbox 1076 4552 1409 4619; x_wconf 87' lang='lat' dir='ltr'><strong>eminentes,</strong></span> <span class='ocrx_word' id='word_1_408' title='bbox 1464 4549 1750 4605; x_wconf 88' lang='lat' dir='ltr'><strong>lectionem</strong></span> <span class='ocrx_word' id='word_1_409' title='bbox 1804 4547 2110 4605; x_wconf 90' lang='lat' dir='ltr'><strong>insulsioris</strong></span> <span class='ocrx_word' id='word_1_410' title='bbox 2149 4546 2431 4616; x_wconf 66' lang='lat' dir='ltr'><strong>scriptura:</strong></span> 
     </span>
    </p>
   </div>
   <div class='ocr_carea' id='block_1_60' title="bbox 832 4636 2431 4713">
    <p class='ocr_par' dir='ltr' id='par_1_60' title="bbox 832 4636 2431 4713">
     <span class='ocr_line' id='line_1_60' title="bbox 832 4636 2431 4713; baseline -0.005 -14"><span class='ocrx_word' id='word_1_411' title='bbox 832 4659 940 4699; x_wconf 91' lang='lat' dir='ltr'><strong>non</strong></span> <span class='ocrx_word' id='word_1_412' title='bbox 982 4644 1101 4701; x_wconf 88' lang='lat' dir='ltr'><strong>sine</strong></span> <span class='ocrx_word' id='word_1_413' title='bbox 1140 4642 1376 4713; x_wconf 88' lang='lat' dir='ltr'><strong>quadam</strong></span> <span class='ocrx_word' id='word_1_414' title='bbox 1420 4654 1624 4696; x_wconf 91' lang='lat' dir='ltr'><strong>nausea</strong></span> <span class='ocrx_word' id='word_1_415' title='bbox 1673 4638 1947 4705; x_wconf 86' lang='lat' dir='ltr'><strong>fastidire;</strong></span> <span class='ocrx_word' id='word_1_416' title='bbox 1991 4652 2181 4694; x_wconf 88' lang='lat' dir='ltr'><strong>eorum</strong></span> <span class='ocrx_word' id='word_1_417' title='bbox 2223 4636 2431 4692; x_wconf 90' lang='lat' dir='ltr'><strong>deliciis</strong></span> 
     </span>
    </p>
   </div>
   <div class='ocr_carea' id='block_1_61' title="bbox 831 4727 2431 4807">
    <p class='ocr_par' dir='ltr' id='par_1_61' title="bbox 831 4727 2431 4807">
     <span class='ocr_line' id='line_1_61' title="bbox 831 4727 2431 4807; baseline -0.007 -13"><span class='ocrx_word' id='word_1_418' title='bbox 831 4744 1074 4795; x_wconf 88' lang='lat' dir='ltr'><strong>nostram</strong></span> <span class='ocrx_word' id='word_1_419' title='bbox 1119 4749 1340 4807; x_wconf 91' lang='lat' dir='ltr'><strong>operam</strong></span> <span class='ocrx_word' id='word_1_420' title='bbox 1378 4748 1486 4789; x_wconf 92' lang='lat' dir='ltr'><strong>non</strong></span> <span class='ocrx_word' id='word_1_421' title='bbox 1526 4732 1881 4805; x_wconf 88' lang='lat' dir='ltr'><strong>incongruum</strong></span> <span class='ocrx_word' id='word_1_422' title='bbox 1912 4729 2302 4787; x_wconf 77' lang='lat' dir='ltr'><strong>aestimavimus</strong></span> <span class='ocrx_word' id='word_1_423' title='bbox 2340 4727 2431 4784; x_wconf 88' lang='lat' dir='ltr'><strong>de-</strong></span> 
     </span>
    </p>
   </div>
   <div class='ocr_carea' id='block_1_62' title="bbox 833 4823 2433 4900">
    <p class='ocr_par' dir='ltr' id='par_1_62' title="bbox 833 4823 2433 4900">
     <span class='ocr_line' id='line_1_62' title="bbox 833 4823 2433 4900; baseline -0.007 -13"><span class='ocrx_word' id='word_1_424' title='bbox 833 4829 1059 4887; x_wconf 86' lang='lat' dir='ltr'><strong>servire.</strong></span> <span class='ocrx_word' id='word_1_425' title='bbox 1117 4827 1307 4884; x_wconf 87' lang='lat' dir='ltr'><strong>Fidem</strong></span> <span class='ocrx_word' id='word_1_426' title='bbox 1333 4842 1463 4900; x_wconf 90' lang='lat' dir='ltr'><strong>ergo</strong></span> <span class='ocrx_word' id='word_1_427' title='bbox 1484 4835 1763 4899; x_wconf 89' lang='lat' dir='ltr'><strong>gestorum</strong></span> <span class='ocrx_word' id='word_1_428' title='bbox 1799 4823 1932 4880; x_wconf 91' lang='lat' dir='ltr'><strong>etin</strong></span> <span class='ocrx_word' id='word_1_429' title='bbox 1961 4823 2131 4895; x_wconf 91' lang='lat' dir='ltr'><strong>priori</strong></span> <span class='ocrx_word' id='word_1_430' title='bbox 2162 4832 2338 4893; x_wconf 87' lang='lat' dir='ltr'><strong>parte,</strong></span> <span class='ocrx_word' id='word_1_431' title='bbox 2372 4828 2433 4876; x_wconf 92' lang='lat' dir='ltr'><strong>ut</strong></span> 
     </span>
    </p>
   </div>
   <div class='ocr_carea' id='block_1_63' title="bbox 2521 2314 4111 2392">
    <p class='ocr_par' dir='ltr' id='par_1_63' title="bbox 2521 2314 4111 2392">
     <span class='ocr_line' id='line_1_63' title="bbox 2521 2314 4111 2392; baseline -0.004 -16"><span class='ocrx_word' id='word_1_432' title='bbox 2521 2322 2707 2392; x_wconf 89' lang='lat' dir='ltr'><strong>pinum</strong></span> <span class='ocrx_word' id='word_1_433' title='bbox 2733 2322 2883 2391; x_wconf 84' lang='lat' dir='ltr'><strong>prius</strong></span> <span class='ocrx_word' id='word_1_434' title='bbox 2908 2320 3097 2376; x_wconf 90' lang='lat' dir='ltr'><strong>ducem</strong></span> <span class='ocrx_word' id='word_1_435' title='bbox 3128 2328 3181 2375; x_wconf 91' lang='lat' dir='ltr'><strong>et</strong></span> <span class='ocrx_word' id='word_1_436' title='bbox 3204 2319 3459 2389; x_wconf 89' lang='lat' dir='ltr'><strong>majorem</strong></span> <span class='ocrx_word' id='word_1_437' title='bbox 3491 2318 3702 2383; x_wconf 89' lang='lat' dir='ltr'><strong>domus,</strong></span> <span class='ocrx_word' id='word_1_438' title='bbox 3726 2323 3785 2371; x_wconf 94' lang='lat' dir='ltr'><strong>ut</strong></span> <span class='ocrx_word' id='word_1_439' title='bbox 3807 2324 3935 2371; x_wconf 91' lang='lat' dir='ltr'><strong>tunc</strong></span> <span class='ocrx_word' id='word_1_440' title='bbox 3962 2314 4111 2369; x_wconf 82' lang='lat' dir='ltr'><strong>dice-</strong></span> 
     </span>
    </p>
   </div>
   <div class='ocr_carea' id='block_1_64' title="bbox 2521 2405 4113 2485">
    <p class='ocr_par' dir='ltr' id='par_1_64' title="bbox 2521 2405 4113 2485">
     <span class='ocr_line' id='line_1_64' title="bbox 2521 2405 4113 2485; baseline -0.005 -18"><span class='ocrx_word' id='word_1_441' title='bbox 2521 2412 2697 2480; x_wconf 86' lang='lat' dir='ltr'><strong>batur,</strong></span> <span class='ocrx_word' id='word_1_442' title='bbox 2733 2414 2787 2469; x_wconf 91' lang='lat' dir='ltr'><strong>in</strong></span> <span class='ocrx_word' id='word_1_443' title='bbox 2823 2413 2970 2485; x_wconf 90' lang='lat' dir='ltr'><strong>regio</strong></span> <span class='ocrx_word' id='word_1_444' title='bbox 2995 2412 3231 2467; x_wconf 89' lang='lat' dir='ltr'><strong>culmine</strong></span> <span class='ocrx_word' id='word_1_445' title='bbox 3256 2410 3656 2481; x_wconf 89' lang='lat' dir='ltr'><strong>superductum,</strong></span> <span class='ocrx_word' id='word_1_446' title='bbox 3691 2407 3857 2463; x_wconf 89' lang='lat' dir='ltr'><strong>nimia</strong></span> <span class='ocrx_word' id='word_1_447' title='bbox 3888 2405 3978 2461; x_wconf 94' lang='lat' dir='ltr'><strong>illo</strong></span> <span class='ocrx_word' id='word_1_448' title='bbox 4020 2418 4113 2460; x_wconf 83' lang='lat' dir='ltr'><strong>so-</strong></span> 
     </span>
    </p>
   </div>
   <div class='ocr_carea' id='block_1_65' title="bbox 2520 2499 4110 2576">
    <p class='ocr_par' dir='ltr' id='par_1_65' title="bbox 2520 2499 4110 2576">
     <span class='ocr_line' id='line_1_65' title="bbox 2520 2499 4110 2576; baseline -0.006 -14"><span class='ocrx_word' id='word_1_449' title='bbox 2520 2506 2705 2562; x_wconf 90' lang='lat' dir='ltr'><strong>cordia</strong></span> <span class='ocrx_word' id='word_1_450' title='bbox 2730 2514 2785 2562; x_wconf 89' lang='lat' dir='ltr'><strong>et</strong></span> <span class='ocrx_word' id='word_1_451' title='bbox 2815 2506 2973 2560; x_wconf 91' lang='lat' dir='ltr'><strong>inerti</strong></span> <span class='ocrx_word' id='word_1_452' title='bbox 3004 2506 3248 2561; x_wconf 90' lang='lat' dir='ltr'><strong>demerso</strong></span> <span class='ocrx_word' id='word_1_453' title='bbox 3276 2504 3506 2576; x_wconf 89' lang='lat' dir='ltr'><strong>ignavia,</strong></span> <span class='ocrx_word' id='word_1_454' title='bbox 3532 2502 3694 2557; x_wconf 89' lang='lat' dir='ltr'><strong>rebus</strong></span> <span class='ocrx_word' id='word_1_455' title='bbox 3724 2499 3975 2571; x_wconf 85' lang='lat' dir='ltr'><strong>regendis</strong></span> <span class='ocrx_word' id='word_1_456' title='bbox 4000 2512 4110 2553; x_wconf 91' lang='lat' dir='ltr'><strong>non</strong></span> 
     </span>
    </p>
   </div>
   <div class='ocr_carea' id='block_1_66' title="bbox 2518 2586 4111 2665">
    <p class='ocr_par' dir='ltr' id='par_1_66' title="bbox 2518 2586 4111 2665">
     <span class='ocr_line' id='line_1_66' title="bbox 2518 2586 4111 2665; baseline -0.006 -13"><span class='ocrx_word' id='word_1_457' title='bbox 2518 2596 2691 2652; x_wconf 91' lang='lat' dir='ltr'><strong>solum</strong></span> <span class='ocrx_word' id='word_1_458' title='bbox 2723 2597 2903 2652; x_wconf 90' lang='lat' dir='ltr'><strong>minus</strong></span> <span class='ocrx_word' id='word_1_459' title='bbox 2947 2595 3157 2661; x_wconf 89' lang='lat' dir='ltr'><strong>idoneo,</strong></span> <span class='ocrx_word' id='word_1_460' title='bbox 3195 2596 3288 2651; x_wconf 91' lang='lat' dir='ltr'><strong>sed</strong></span> <span class='ocrx_word' id='word_1_461' title='bbox 3336 2609 3431 2665; x_wconf 89' lang='lat' dir='ltr'><strong>per</strong></span> <span class='ocrx_word' id='word_1_462' title='bbox 3463 2594 3644 2649; x_wconf 92' lang='lat' dir='ltr'><strong>omnia</strong></span> <span class='ocrx_word' id='word_1_463' title='bbox 3676 2605 3898 2664; x_wconf 89' lang='lat' dir='ltr'><strong>prorsus</strong></span> <span class='ocrx_word' id='word_1_464' title='bbox 3935 2586 4111 2661; x_wconf 87' lang='lat' dir='ltr'><strong>inutili</strong></span> 
     </span>
    </p>
   </div>
   <div class='ocr_carea' id='block_1_67' title="bbox 2519 2678 4113 2750">
    <p class='ocr_par' dir='ltr' id='par_1_67' title="bbox 2519 2678 4113 2750">
     <span class='ocr_line' id='line_1_67' title="bbox 2519 2678 4113 2750; baseline -0.007 -7"><span class='ocrx_word' id='word_1_465' title='bbox 2519 2688 2752 2743; x_wconf 90' lang='lat' dir='ltr'><strong>reddito.</strong></span> <span class='ocrx_word' id='word_1_466' title='bbox 2794 2689 2907 2743; x_wconf 88' lang='lat' dir='ltr'><strong>lloc</strong></span> <span class='ocrx_word' id='word_1_467' title='bbox 2946 2696 3124 2742; x_wconf 90' lang='lat' dir='ltr'><strong>utrum</strong></span> <span class='ocrx_word' id='word_1_468' title='bbox 3161 2686 3238 2741; x_wconf 91' lang='lat' dir='ltr'><strong>sic</strong></span> <span class='ocrx_word' id='word_1_469' title='bbox 3264 2700 3323 2741; x_wconf 90' lang='lat' dir='ltr'><strong>se</strong></span> <span class='ocrx_word' id='word_1_470' title='bbox 3346 2685 3559 2749; x_wconf 85' lang='lat' dir='ltr'><strong>habeat,</strong></span> <span class='ocrx_word' id='word_1_471' title='bbox 3592 2698 3785 2749; x_wconf 89' lang='lat' dir='ltr'><strong>necne,</strong></span> <span class='ocrx_word' id='word_1_472' title='bbox 3823 2695 3930 2737; x_wconf 92' lang='lat' dir='ltr'><strong>non</strong></span> <span class='ocrx_word' id='word_1_473' title='bbox 3960 2678 4113 2750; x_wconf 88' lang='lat' dir='ltr'><strong>equi-</strong></span> 
     </span>
    </p>
   </div>
   <div class='ocr_carea' id='block_1_68' title="bbox 2520 2770 4110 2851">
    <p class='ocr_par' dir='ltr' id='par_1_68' title="bbox 2520 2770 4110 2851">
     <span class='ocr_line' id='line_1_68' title="bbox 2520 2770 4110 2851; baseline -0.004 -16"><span class='ocrx_word' id='word_1_474' title='bbox 2520 2782 2641 2835; x_wconf 89' lang='lat' dir='ltr'><strong>dem</strong></span> <span class='ocrx_word' id='word_1_475' title='bbox 2672 2781 2724 2835; x_wconf 92' lang='lat' dir='ltr'><strong>in</strong></span> <span class='ocrx_word' id='word_1_476' title='bbox 2753 2795 2947 2851; x_wconf 87' lang='lat' dir='ltr'><strong>magno</strong></span> <span class='ocrx_word' id='word_1_477' title='bbox 2973 2794 3168 2849; x_wconf 89' lang='lat' dir='ltr'><strong>ponam</strong></span> <span class='ocrx_word' id='word_1_478' title='bbox 3200 2777 3531 2834; x_wconf 88' lang='lat' dir='ltr'><strong>discrimine.</strong></span> <span class='ocrx_word' id='word_1_479' title='bbox 3579 2774 3848 2833; x_wconf 85' lang='lat' dir='ltr'><strong>Caeterum</strong></span> <span class='ocrx_word' id='word_1_480' title='bbox 3885 2770 4110 2828; x_wconf 83' lang='lat' dir='ltr'><strong>annales</strong></span> 
     </span>
    </p>
   </div>
   <div class='ocr_carea' id='block_1_69' title="bbox 2518 2860 4109 2941">
    <p class='ocr_par' dir='ltr' id='par_1_69' title="bbox 2518 2860 4109 2941">
     <span class='ocr_line' id='line_1_69' title="bbox 2518 2860 4109 2941; baseline -0.006 -15"><span class='ocrx_word' id='word_1_481' title='bbox 2518 2887 2614 2927; x_wconf 89' lang='lat' dir='ltr'><strong>seu</strong></span> <span class='ocrx_word' id='word_1_482' title='bbox 2646 2872 2909 2936; x_wconf 91' lang='lat' dir='ltr'><strong>historici,</strong></span> <span class='ocrx_word' id='word_1_483' title='bbox 2935 2885 3070 2941; x_wconf 91' lang='lat' dir='ltr'><strong>quos</strong></span> <span class='ocrx_word' id='word_1_484' title='bbox 3098 2870 3362 2941; x_wconf 89' lang='lat' dir='ltr'><strong>inspicere</strong></span> <span class='ocrx_word' id='word_1_485' title='bbox 3383 2867 3552 2939; x_wconf 90' lang='lat' dir='ltr'><strong>potui,</strong></span> <span class='ocrx_word' id='word_1_486' title='bbox 3580 2875 3778 2937; x_wconf 66' lang='lat' dir='ltr'><strong>praeter</strong></span> <span class='ocrx_word' id='word_1_487' title='bbox 3800 2864 3971 2920; x_wconf 89' lang='lat' dir='ltr'><strong>solam</strong></span> <span class='ocrx_word' id='word_1_488' title='bbox 4000 2860 4109 2918; x_wconf 88' lang='lat' dir='ltr'><strong>Ca-</strong></span> 
     </span>
    </p>
   </div>
   <div class='ocr_carea' id='block_1_70' title="bbox 2519 2954 4112 3036">
    <p class='ocr_par' dir='ltr' id='par_1_70' title="bbox 2519 2954 4112 3036">
     <span class='ocr_line' id='line_1_70' title="bbox 2519 2954 4112 3036; baseline -0.006 -15"><span class='ocrx_word' id='word_1_489' title='bbox 2519 2966 2617 3022; x_wconf 88' lang='lat' dir='ltr'><strong>roli</strong></span> <span class='ocrx_word' id='word_1_490' title='bbox 2656 2966 2858 3031; x_wconf 84' lang='lat' dir='ltr'><strong>Vitam,</strong></span> <span class='ocrx_word' id='word_1_491' title='bbox 2913 2963 3311 3036; x_wconf 79' lang='lat' dir='ltr'><strong>Raganfredum</strong></span> <span class='ocrx_word' id='word_1_492' title='bbox 3352 2960 3641 3032; x_wconf 86' lang='lat' dir='ltr'><strong>quemdam</strong></span> <span class='ocrx_word' id='word_1_493' title='bbox 3690 2957 3991 3021; x_wconf 82' lang='lat' dir='ltr'><strong>continent,</strong></span> <span class='ocrx_word' id='word_1_494' title='bbox 4042 2954 4112 3012; x_wconf 86' lang='lat' dir='ltr'><strong>de</strong></span> 
     </span>
    </p>
   </div>
   <div class='ocr_carea' id='block_1_71' title="bbox 2519 3044 4108 3130">
    <p class='ocr_par' dir='ltr' id='par_1_71' title="bbox 2519 3044 4108 3130">
     <span class='ocr_line' id='line_1_71' title="bbox 2519 3044 4108 3130; baseline -0.01 -16"><span class='ocrx_word' id='word_1_495' title='bbox 2519 3059 2672 3130; x_wconf 85' lang='lat' dir='ltr'><strong>cujus</strong></span> <span class='ocrx_word' id='word_1_496' title='bbox 2686 3074 2846 3112; x_wconf 90' lang='lat' dir='ltr'><strong>manu</strong></span> <span class='ocrx_word' id='word_1_497' title='bbox 2870 3056 3095 3113; x_wconf 90' lang='lat' dir='ltr'><strong>Carolus</strong></span> <span class='ocrx_word' id='word_1_498' title='bbox 3115 3054 3472 3125; x_wconf 90' lang='lat' dir='ltr'><strong>principatum</strong></span> <span class='ocrx_word' id='word_1_499' title='bbox 3497 3049 3745 3115; x_wconf 88' lang='lat' dir='ltr'><strong>sustulit;</strong></span> <span class='ocrx_word' id='word_1_500' title='bbox 3763 3044 4108 3104; x_wconf 81' lang='lat' dir='ltr'><strong>Cltidericum</strong></span> 
     </span>
    </p>
   </div>
   <div class='ocr_carea' id='block_1_72' title="bbox 2517 3141 4111 3217">
    <p class='ocr_par' dir='ltr' id='par_1_72' title="bbox 2517 3141 4111 3217">
     <span class='ocr_line' id='line_1_72' title="bbox 2517 3141 4111 3217; baseline -0.01 -10"><span class='ocrx_word' id='word_1_501' title='bbox 2517 3167 2659 3207; x_wconf 92' lang='lat' dir='ltr'><strong>unus</strong></span> <span class='ocrx_word' id='word_1_502' title='bbox 2682 3160 2887 3206; x_wconf 90' lang='lat' dir='ltr'><strong>tantum</strong></span> <span class='ocrx_word' id='word_1_503' title='bbox 2906 3149 2993 3204; x_wconf 91' lang='lat' dir='ltr'><strong>ille</strong></span> <span class='ocrx_word' id='word_1_504' title='bbox 3021 3147 3230 3204; x_wconf 90' lang='lat' dir='ltr'><strong>annalis</strong></span> <span class='ocrx_word' id='word_1_505' title='bbox 3251 3162 3411 3217; x_wconf 89' lang='lat' dir='ltr'><strong>quam</strong></span> <span class='ocrx_word' id='word_1_506' title='bbox 3440 3144 3758 3200; x_wconf 85' lang='lat' dir='ltr'><strong>brevissime</strong></span> <span class='ocrx_word' id='word_1_507' title='bbox 3785 3141 4025 3204; x_wconf 87' lang='lat' dir='ltr'><strong>adnotat,</strong></span> <span class='ocrx_word' id='word_1_508' title='bbox 4054 3142 4111 3193; x_wconf 87' lang='lat' dir='ltr'><strong>et</strong></span> 
     </span>
    </p>
   </div>
   <div class='ocr_carea' id='block_1_73' title="bbox 2519 3232 4111 3313">
    <p class='ocr_par' dir='ltr' id='par_1_73' title="bbox 2519 3232 4111 3313">
     <span class='ocr_line' id='line_1_73' title="bbox 2519 3232 4111 3313; baseline -0.011 -14"><span class='ocrx_word' id='word_1_509' title='bbox 2519 3242 2719 3299; x_wconf 86' lang='lat' dir='ltr'><strong>famam</strong></span> <span class='ocrx_word' id='word_1_510' title='bbox 2756 3242 3121 3313; x_wconf 90' lang='lat' dir='ltr'><strong>supradictam</strong></span> <span class='ocrx_word' id='word_1_511' title='bbox 3168 3238 3413 3308; x_wconf 85' lang='lat' dir='ltr'><strong>sequitur</strong></span> <span class='ocrx_word' id='word_1_512' title='bbox 3453 3251 3518 3291; x_wconf 89' lang='lat' dir='ltr'><strong>eo</strong></span> <span class='ocrx_word' id='word_1_513' title='bbox 3570 3233 3817 3306; x_wconf 89' lang='lat' dir='ltr'><strong>deposito</strong></span> <span class='ocrx_word' id='word_1_514' title='bbox 3846 3232 3911 3286; x_wconf 92' lang='lat' dir='ltr'><strong>de</strong></span> <span class='ocrx_word' id='word_1_515' title='bbox 3943 3240 4111 3301; x_wconf 83' lang='lat' dir='ltr'><strong>regno</strong></span> 
     </span>
    </p>
   </div>
   <div class='ocr_carea' id='block_1_74' title="bbox 2516 3316 4112 3403">
    <p class='ocr_par' dir='ltr' id='par_1_74' title="bbox 2516 3316 4112 3403">
     <span class='ocr_line' id='line_1_74' title="bbox 2516 3316 4112 3403; baseline -0.009 -13"><span class='ocrx_word' id='word_1_516' title='bbox 2516 3344 2570 3390; x_wconf 92' lang='lat' dir='ltr'><strong>et</strong></span> <span class='ocrx_word' id='word_1_517' title='bbox 2600 3342 2895 3398; x_wconf 87' lang='lat' dir='ltr'><strong>tousorato,</strong></span> <span class='ocrx_word' id='word_1_518' title='bbox 2924 3331 3206 3403; x_wconf 90' lang='lat' dir='ltr'><strong>Pippinum</strong></span> <span class='ocrx_word' id='word_1_519' title='bbox 3238 3329 3288 3383; x_wconf 91' lang='lat' dir='ltr'><strong>ei</strong></span> <span class='ocrx_word' id='word_1_520' title='bbox 3314 3326 3715 3399; x_wconf 89' lang='lat' dir='ltr'><strong>superductum.</strong></span> <span class='ocrx_word' id='word_1_521' title='bbox 3755 3320 3814 3378; x_wconf 90' lang='lat' dir='ltr'><strong>Si</strong></span> <span class='ocrx_word' id='word_1_522' title='bbox 3854 3329 4034 3375; x_wconf 90' lang='lat' dir='ltr'><strong>tamen</strong></span> <span class='ocrx_word' id='word_1_523' title='bbox 4063 3316 4112 3375; x_wconf 85' lang='lat' dir='ltr'><strong>is</strong></span> 
     </span>
    </p>
   </div>
   <div class='ocr_carea' id='block_1_75' title="bbox 2518 3414 4116 3498">
    <p class='ocr_par' dir='ltr' id='par_1_75' title="bbox 2518 3414 4116 3498">
     <span class='ocr_line' id='line_1_75' title="bbox 2518 3414 4116 3498; baseline -0.012 -14"><span class='ocrx_word' id='word_1_524' title='bbox 2518 3428 2585 3484; x_wconf 91' lang='lat' dir='ltr'><strong>de</strong></span> <span class='ocrx_word' id='word_1_525' title='bbox 2608 3442 2713 3498; x_wconf 92' lang='lat' dir='ltr'><strong>quo</strong></span> <span class='ocrx_word' id='word_1_526' title='bbox 2730 3424 3071 3496; x_wconf 88' lang='lat' dir='ltr'><strong>famajactat,</strong></span> <span class='ocrx_word' id='word_1_527' title='bbox 3093 3438 3156 3479; x_wconf 90' lang='lat' dir='ltr'><strong>ea</strong></span> <span class='ocrx_word' id='word_1_528' title='bbox 3175 3430 3332 3478; x_wconf 86' lang='lat' dir='ltr'><strong>aetate</strong></span> <span class='ocrx_word' id='word_1_529' title='bbox 3350 3419 3515 3475; x_wconf 86' lang='lat' dir='ltr'><strong>fuisse</strong></span> <span class='ocrx_word' id='word_1_530' title='bbox 3529 3414 3829 3474; x_wconf 90' lang='lat' dir='ltr'><strong>credendus</strong></span> <span class='ocrx_word' id='word_1_531' title='bbox 3851 3420 3933 3469; x_wconf 89' lang='lat' dir='ltr'><strong>est</strong></span> <span class='ocrx_word' id='word_1_532' title='bbox 3948 3429 3963 3477; x_wconf 89' lang='lat'><strong>;</strong></span> <span class='ocrx_word' id='word_1_533' title='bbox 3981 3425 4116 3483; x_wconf 84' lang='lat' dir='ltr'><strong>quo-</strong></span> 
     </span>
    </p>
   </div>
   <div class='ocr_carea' id='block_1_76' title="bbox 2524 3499 4108 3587">
    <p class='ocr_par' dir='ltr' id='par_1_76' title="bbox 2524 3499 4108 3587">
     <span class='ocr_line' id='line_1_76' title="bbox 2524 3499 4108 3587; baseline -0.013 -12"><span class='ocrx_word' id='word_1_534' title='bbox 2524 3520 2686 3575; x_wconf 91' lang='lat' dir='ltr'><strong>modo</strong></span> <span class='ocrx_word' id='word_1_535' title='bbox 2732 3518 2805 3582; x_wconf 89' lang='lat' dir='ltr'><strong>id,</strong></span> <span class='ocrx_word' id='word_1_536' title='bbox 2854 3516 2995 3587; x_wconf 92' lang='lat' dir='ltr'><strong>quod</strong></span> <span class='ocrx_word' id='word_1_537' title='bbox 3028 3516 3080 3569; x_wconf 93' lang='lat' dir='ltr'><strong>in</strong></span> <span class='ocrx_word' id='word_1_538' title='bbox 3124 3513 3377 3586; x_wconf 60' lang='lat' dir='ltr'><strong>praesenti</strong></span> <span class='ocrx_word' id='word_1_539' title='bbox 3429 3507 3607 3565; x_wconf 86' lang='lat' dir='ltr'><strong>libello</strong></span> <span class='ocrx_word' id='word_1_540' title='bbox 3635 3505 3929 3578; x_wconf 90' lang='lat' dir='ltr'><strong>reperitur,</strong></span> <span class='ocrx_word' id='word_1_541' title='bbox 3959 3499 4108 3573; x_wconf 91' lang='lat' dir='ltr'><strong>quod</strong></span> 
     </span>
    </p>
   </div>
   <div class='ocr_carea' id='block_1_77' title="bbox 2528 3600 4114 3668">
    <p class='ocr_par' dir='ltr' id='par_1_77' title="bbox 2528 3600 4114 3668">
     <span class='ocr_line' id='line_1_77' title="bbox 2528 3600 4114 3668; baseline -0.013 0"><span class='ocrx_word' id='word_1_542' title='bbox 2528 3612 2678 3668; x_wconf 92' lang='lat' dir='ltr'><strong>locus</strong></span> <span class='ocrx_word' id='word_1_543' title='bbox 2701 3607 2999 3666; x_wconf 75' lang='lat' dir='ltr'><strong>ccemeterii</strong></span> <span class='ocrx_word' id='word_1_544' title='bbox 3029 3603 3501 3662; x_wconf 86' lang='lat' dir='ltr'><strong>sanctimonalium</strong></span> <span class='ocrx_word' id='word_1_545' title='bbox 3541 3600 3608 3656; x_wconf 91' lang='lat' dir='ltr'><strong>ad</strong></span> <span class='ocrx_word' id='word_1_546' title='bbox 3639 3606 3859 3655; x_wconf 87' lang='lat' dir='ltr'><strong>sanctos</strong></span> <span class='ocrx_word' id='word_1_547' title='bbox 3898 3602 4114 3666; x_wconf 47' lang='lat' dir='ltr'><strong>aposto‘</strong></span> 
     </span>
    </p>
   </div>
   <div class='ocr_carea' id='block_1_78' title="bbox 2529 3685 4115 3769">
    <p class='ocr_par' dir='ltr' id='par_1_78' title="bbox 2529 3685 4115 3769">
     <span class='ocr_line' id='line_1_78' title="bbox 2529 3685 4115 3769; baseline -0.015 -10"><span class='ocrx_word' id='word_1_548' title='bbox 2529 3706 2609 3760; x_wconf 91' lang='lat' dir='ltr'><strong>los</strong></span> <span class='ocrx_word' id='word_1_549' title='bbox 2634 3702 2862 3757; x_wconf 88' lang='lat' dir='ltr'><strong>necdum</strong></span> <span class='ocrx_word' id='word_1_550' title='bbox 2897 3698 3159 3769; x_wconf 90' lang='lat' dir='ltr'><strong>temporis</strong></span> <span class='ocrx_word' id='word_1_551' title='bbox 3194 3708 3419 3765; x_wconf 89' lang='lat' dir='ltr'><strong>corpore</strong></span> <span class='ocrx_word' id='word_1_552' title='bbox 3460 3691 3604 3747; x_wconf 88' lang='lat' dir='ltr'><strong>beati</strong></span> <span class='ocrx_word' id='word_1_553' title='bbox 3642 3686 3850 3744; x_wconf 84' lang='lat' dir='ltr'><strong>Arnulli</strong></span> <span class='ocrx_word' id='word_1_554' title='bbox 3890 3685 4115 3741; x_wconf 84' lang='lat' dir='ltr'><strong>habere-</strong></span> 
     </span>
    </p>
   </div>
   <div class='ocr_carea' id='block_1_79' title="bbox 2529 3782 4113 3867">
    <p class='ocr_par' dir='ltr' id='par_1_79' title="bbox 2529 3782 4113 3867">
     <span class='ocr_line' id='line_1_79' title="bbox 2529 3782 4113 3867; baseline -0.015 -13"><span class='ocrx_word' id='word_1_555' title='bbox 2529 3808 2618 3854; x_wconf 91' lang='lat' dir='ltr'><strong>tur</strong></span> <span class='ocrx_word' id='word_1_556' title='bbox 2648 3796 2890 3867; x_wconf 88' lang='lat' dir='ltr'><strong>insignis,</strong></span> <span class='ocrx_word' id='word_1_557' title='bbox 2935 3794 3104 3865; x_wconf 81' lang='lat' dir='ltr'><strong>possit</strong></span> <span class='ocrx_word' id='word_1_558' title='bbox 3147 3789 3384 3861; x_wconf 87' lang='lat' dir='ltr'><strong>probari,</strong></span> <span class='ocrx_word' id='word_1_559' title='bbox 3430 3800 3537 3841; x_wconf 89' lang='lat' dir='ltr'><strong>non</strong></span> <span class='ocrx_word' id='word_1_560' title='bbox 3580 3783 3713 3840; x_wconf 88' lang='lat' dir='ltr'><strong>satis</strong></span> <span class='ocrx_word' id='word_1_561' title='bbox 3741 3782 3957 3838; x_wconf 88' lang='lat' dir='ltr'><strong>elucet:</strong></span> <span class='ocrx_word' id='word_1_562' title='bbox 3989 3790 4113 3832; x_wconf 86' lang='lat' dir='ltr'><strong>cum</strong></span> 
     </span>
    </p>
   </div>
   <div class='ocr_carea' id='block_1_80' title="bbox 2529 3874 4112 3950">
    <p class='ocr_par' dir='ltr' id='par_1_80' title="bbox 2529 3874 4112 3950">
     <span class='ocr_line' id='line_1_80' title="bbox 2529 3874 4112 3950; baseline -0.016 -4"><span class='ocrx_word' id='word_1_563' title='bbox 2529 3898 2744 3946; x_wconf 86' lang='lat' dir='ltr'><strong>constet</strong></span> <span class='ocrx_word' id='word_1_564' title='bbox 2771 3888 2989 3942; x_wconf 91' lang='lat' dir='ltr'><strong>beatum</strong></span> <span class='ocrx_word' id='word_1_565' title='bbox 3034 3880 3318 3938; x_wconf 83' lang='lat' dir='ltr'><strong>Arnulfum</strong></span> <span class='ocrx_word' id='word_1_566' title='bbox 3349 3877 3563 3950; x_wconf 87' lang='lat' dir='ltr'><strong>longius</strong></span> <span class='ocrx_word' id='word_1_567' title='bbox 3609 3874 3780 3930; x_wconf 91' lang='lat' dir='ltr'><strong>multo</strong></span> <span class='ocrx_word' id='word_1_568' title='bbox 3823 3880 4112 3939; x_wconf 88' lang='lat' dir='ltr'><strong>antequam</strong></span> 
     </span>
    </p>
   </div>
   <div class='ocr_carea' id='block_1_81' title="bbox 2528 3960 4116 4037">
    <p class='ocr_par' dir='ltr' id='par_1_81' title="bbox 2528 3960 4116 4037">
     <span class='ocr_line' id='line_1_81' title="bbox 2528 3960 4116 4037; baseline -0.016 0"><span class='ocrx_word' id='word_1_569' title='bbox 2528 3982 2575 4037; x_wconf 92' lang='lat' dir='ltr'><strong>is</strong></span> <span class='ocrx_word' id='word_1_570' title='bbox 2604 3978 2942 4037; x_wconf 87' lang='lat' dir='ltr'><strong>Childericns</strong></span> <span class='ocrx_word' id='word_1_571' title='bbox 2974 3974 3138 4030; x_wconf 89' lang='lat' dir='ltr'><strong>fuisse</strong></span> <span class='ocrx_word' id='word_1_572' title='bbox 3169 3974 3397 4036; x_wconf 89' lang='lat' dir='ltr'><strong>dicatur,</strong></span> <span class='ocrx_word' id='word_1_573' title='bbox 3430 3985 3462 4026; x_wconf 90' lang='lat' dir='ltr'><strong>e</strong></span> <span class='ocrx_word' id='word_1_574' title='bbox 3486 3967 3686 4024; x_wconf 84' lang='lat' dir='ltr'><strong>mundo</strong></span> <span class='ocrx_word' id='word_1_575' title='bbox 3717 3972 4014 4033; x_wconf 87' lang='lat' dir='ltr'><strong>receptum,</strong></span> <span class='ocrx_word' id='word_1_576' title='bbox 4055 3960 4116 4013; x_wconf 85' lang='lat' dir='ltr'><strong>et</strong></span> 
     </span>
    </p>
   </div>
   <div class='ocr_carea' id='block_1_82' title="bbox 2527 4053 4112 4142">
    <p class='ocr_par' dir='ltr' id='par_1_82' title="bbox 2527 4053 4112 4142">
     <span class='ocr_line' id='line_1_82' title="bbox 2527 4053 4112 4142; baseline -0.015 -13"><span class='ocrx_word' id='word_1_577' title='bbox 2527 4084 2587 4129; x_wconf 90' lang='lat' dir='ltr'><strong>ut</strong></span> <span class='ocrx_word' id='word_1_578' title='bbox 2636 4088 2790 4127; x_wconf 88' lang='lat' dir='ltr'><strong>saera</strong></span> <span class='ocrx_word' id='word_1_579' title='bbox 2838 4078 3115 4142; x_wconf 86' lang='lat' dir='ltr'><strong>gestorum</strong></span> <span class='ocrx_word' id='word_1_580' title='bbox 3161 4065 3277 4134; x_wconf 89' lang='lat' dir='ltr'><strong>ejus</strong></span> <span class='ocrx_word' id='word_1_581' title='bbox 3311 4063 3515 4133; x_wconf 85' lang='lat' dir='ltr'><strong>scripta</strong></span> <span class='ocrx_word' id='word_1_582' title='bbox 3542 4059 3841 4121; x_wconf 89' lang='lat' dir='ltr'><strong>declarant,</strong></span> <span class='ocrx_word' id='word_1_583' title='bbox 3890 4053 4112 4108; x_wconf 78' lang='lat' dir='ltr'><strong>vixdum</strong></span> 
     </span>
    </p>
   </div>
   <div class='ocr_carea' id='block_1_83' title="bbox 2528 4144 4115 4222">
    <p class='ocr_par' dir='ltr' id='par_1_83' title="bbox 2528 4144 4115 4222">
     <span class='ocr_line' id='line_1_83' title="bbox 2528 4144 4115 4222; baseline -0.014 -1"><span class='ocrx_word' id='word_1_584' title='bbox 2528 4181 2670 4222; x_wconf 88' lang='lat' dir='ltr'><strong>anno</strong></span> <span class='ocrx_word' id='word_1_585' title='bbox 2700 4160 3041 4219; x_wconf 88' lang='lat' dir='ltr'><strong>dormitionis</strong></span> <span class='ocrx_word' id='word_1_586' title='bbox 3069 4173 3178 4212; x_wconf 68' lang='lat' dir='ltr'><strong>suae</strong></span> <span class='ocrx_word' id='word_1_587' title='bbox 3200 4163 3388 4210; x_wconf 77' lang='lat' dir='ltr'><strong>exacte</strong></span> <span class='ocrx_word' id='word_1_588' title='bbox 3415 4169 3444 4207; x_wconf 90' lang='lat' dir='ltr'><strong>a</strong></span> <span class='ocrx_word' id='word_1_589' title='bbox 3469 4152 3586 4207; x_wconf 87' lang='lat' dir='ltr'><strong>loco</strong></span> <span class='ocrx_word' id='word_1_590' title='bbox 3616 4148 3905 4220; x_wconf 67' lang='lat' dir='ltr'><strong>sepultura:</strong></span> <span class='ocrx_word' id='word_1_591' title='bbox 3935 4144 4115 4199; x_wconf 84' lang='lat' dir='ltr'><strong>Mettis</strong></span> 
     </span>
    </p>
   </div>
   <div class='ocr_carea' id='block_1_84' title="bbox 2528 4238 4113 4320">
    <p class='ocr_par' dir='ltr' id='par_1_84' title="bbox 2528 4238 4113 4320">
     <span class='ocr_line' id='line_1_84' title="bbox 2528 4238 4113 4320; baseline -0.016 -4"><span class='ocrx_word' id='word_1_592' title='bbox 2528 4259 2780 4317; x_wconf 89' lang='lat' dir='ltr'><strong>relatum.</strong></span> <span class='ocrx_word' id='word_1_593' title='bbox 2816 4255 2892 4309; x_wconf 83' lang='lat' dir='ltr'><strong>Ea</strong></span> <span class='ocrx_word' id='word_1_594' title='bbox 2922 4262 3193 4320; x_wconf 90' lang='lat' dir='ltr'><strong>utcunque</strong></span> <span class='ocrx_word' id='word_1_595' title='bbox 3236 4248 3343 4303; x_wconf 91' lang='lat' dir='ltr'><strong>sint</strong></span> <span class='ocrx_word' id='word_1_596' title='bbox 3371 4245 3675 4316; x_wconf 88' lang='lat' dir='ltr'><strong>quibusque</strong></span> <span class='ocrx_word' id='word_1_597' title='bbox 3714 4256 3815 4311; x_wconf 90' lang='lat' dir='ltr'><strong>pro</strong></span> <span class='ocrx_word' id='word_1_598' title='bbox 3843 4238 4113 4293; x_wconf 90' lang='lat' dir='ltr'><strong>arbitratu</strong></span> 
     </span>
    </p>
   </div>
   <div class='ocr_carea' id='block_1_85' title="bbox 2530 4333 4114 4413">
    <p class='ocr_par' dir='ltr' id='par_1_85' title="bbox 2530 4333 4114 4413">
     <span class='ocr_line' id='line_1_85' title="bbox 2530 4333 4114 4413; baseline -0.016 -6"><span class='ocrx_word' id='word_1_599' title='bbox 2530 4353 2585 4408; x_wconf 90' lang='lat' dir='ltr'><strong>in</strong></span> <span class='ocrx_word' id='word_1_600' title='bbox 2615 4349 2849 4405; x_wconf 90' lang='lat' dir='ltr'><strong>medium</strong></span> <span class='ocrx_word' id='word_1_601' title='bbox 2878 4344 3265 4413; x_wconf 88' lang='lat' dir='ltr'><strong>relinquentes,</strong></span> <span class='ocrx_word' id='word_1_602' title='bbox 3296 4354 3401 4393; x_wconf 86' lang='lat' dir='ltr'><strong>non</strong></span> <span class='ocrx_word' id='word_1_603' title='bbox 3431 4335 3657 4391; x_wconf 90' lang='lat' dir='ltr'><strong>multum</strong></span> <span class='ocrx_word' id='word_1_604' title='bbox 3684 4333 3869 4401; x_wconf 84' lang='lat' dir='ltr'><strong>utique</strong></span> <span class='ocrx_word' id='word_1_605' title='bbox 3890 4339 4114 4385; x_wconf 84' lang='lat' dir='ltr'><strong>senten-</strong></span> 
     </span>
    </p>
   </div>
   <div class='ocr_carea' id='block_1_86' title="bbox 2530 4427 4115 4513">
    <p class='ocr_par' dir='ltr' id='par_1_86' title="bbox 2530 4427 4115 4513">
     <span class='ocr_line' id='line_1_86' title="bbox 2530 4427 4115 4513; baseline -0.017 -13"><span class='ocrx_word' id='word_1_606' title='bbox 2530 4446 2730 4501; x_wconf 93' lang='lat' dir='ltr'><strong>tiarum</strong></span> <span class='ocrx_word' id='word_1_607' title='bbox 2758 4440 2967 4513; x_wconf 89' lang='lat' dir='ltr'><strong>pondus</strong></span> <span class='ocrx_word' id='word_1_608' title='bbox 3006 4437 3107 4491; x_wconf 85' lang='lat' dir='ltr'><strong>hac</strong></span> <span class='ocrx_word' id='word_1_609' title='bbox 3146 4433 3419 4488; x_wconf 90' lang='lat' dir='ltr'><strong>adimente</strong></span> <span class='ocrx_word' id='word_1_610' title='bbox 3446 4428 3709 4498; x_wconf 88' lang='lat' dir='ltr'><strong>ambage;</strong></span> <span class='ocrx_word' id='word_1_611' title='bbox 3739 4438 3859 4494; x_wconf 83' lang='lat' dir='ltr'><strong>quae</strong></span> <span class='ocrx_word' id='word_1_612' title='bbox 3907 4427 4115 4513; x_wconf 87' lang='lat' dir='ltr'><strong>restant</strong></span> 
     </span>
    </p>
   </div>
   <div class='ocr_carea' id='block_1_87' title="bbox 2528 4512 4115 4603">
    <p class='ocr_par' dir='ltr' id='par_1_87' title="bbox 2528 4512 4115 4603">
     <span class='ocr_line' id='line_1_87' title="bbox 2528 4512 4115 4603; baseline -0.018 -7"><span class='ocrx_word' id='word_1_613' title='bbox 2528 4512 2772 4603; x_wconf 85' lang='lat' dir='ltr'><strong>omnino,</strong></span> <span class='ocrx_word' id='word_1_614' title='bbox 2830 4532 3058 4590; x_wconf 91' lang='lat' dir='ltr'><strong>Domino</strong></span> <span class='ocrx_word' id='word_1_615' title='bbox 3102 4535 3354 4585; x_wconf 87' lang='lat' dir='ltr'><strong>conatum</strong></span> <span class='ocrx_word' id='word_1_616' title='bbox 3396 4525 3638 4595; x_wconf 85' lang='lat' dir='ltr'><strong>juvante,</strong></span> <span class='ocrx_word' id='word_1_617' title='bbox 3688 4519 3800 4590; x_wconf 88' lang='lat' dir='ltr'><strong>jam</strong></span> <span class='ocrx_word' id='word_1_618' title='bbox 3860 4512 4115 4589; x_wconf 88' lang='lat' dir='ltr'><strong>persequi</strong></span> 
     </span>
    </p>
   </div>
   <div class='ocr_carea' id='block_1_88' title="bbox 2529 4609 4116 4695">
    <p class='ocr_par' dir='ltr' id='par_1_88' title="bbox 2529 4609 4116 4695">
     <span class='ocr_line' id='line_1_88' title="bbox 2529 4609 4116 4695; baseline -0.016 -6"><span class='ocrx_word' id='word_1_619' title='bbox 2529 4631 2941 4695; x_wconf 87' lang='lat' dir='ltr'><strong>contendamus,</strong></span> <span class='ocrx_word' id='word_1_620' title='bbox 2972 4634 3028 4681; x_wconf 89' lang='lat' dir='ltr'><strong>et</strong></span> <span class='ocrx_word' id='word_1_621' title='bbox 3068 4618 3513 4679; x_wconf 87' lang='lat' dir='ltr'><strong>translationibus</strong></span> <span class='ocrx_word' id='word_1_622' title='bbox 3545 4614 3776 4687; x_wconf 86' lang='lat' dir='ltr'><strong>geminis</strong></span> <span class='ocrx_word' id='word_1_623' title='bbox 3806 4613 3979 4669; x_wconf 65' lang='lat' dir='ltr'><strong>beatae</strong></span> <span class='ocrx_word' id='word_1_624' title='bbox 4002 4609 4116 4664; x_wconf 85' lang='lat' dir='ltr'><strong>vir-</strong></span> 
     </span>
    </p>
   </div>
   <div class='ocr_carea' id='block_1_89' title="bbox 2530 4698 4107 4798">
    <p class='ocr_par' dir='ltr' id='par_1_89' title="bbox 2530 4698 4107 4798">
     <span class='ocr_line' id='line_1_89' title="bbox 2530 4698 4107 4798; baseline -0.017 -18"><span class='ocrx_word' id='word_1_625' title='bbox 2530 4725 2693 4798; x_wconf 88' lang='lat' dir='ltr'><strong>ginis,</strong></span> <span class='ocrx_word' id='word_1_626' title='bbox 2706 4736 2825 4795; x_wconf 86' lang='lat' dir='ltr'><strong>quae</strong></span> <span class='ocrx_word' id='word_1_627' title='bbox 2841 4716 3199 4776; x_wconf 85' lang='lat' dir='ltr'><strong>successerint</strong></span> <span class='ocrx_word' id='word_1_628' title='bbox 3216 4713 3475 4768; x_wconf 90' lang='lat' dir='ltr'><strong>virtutum</strong></span> <span class='ocrx_word' id='word_1_629' title='bbox 3492 4704 3773 4771; x_wconf 87' lang='lat' dir='ltr'><strong>miracula,</strong></span> <span class='ocrx_word' id='word_1_630' title='bbox 3791 4715 4016 4775; x_wconf 63' lang='lat' dir='ltr'><strong>quaeque</strong></span> <span class='ocrx_word' id='word_1_631' title='bbox 4038 4698 4107 4754; x_wconf 89' lang='lat' dir='ltr'><strong>ad</strong></span> 
     </span>
    </p>
   </div>
   <div class='ocr_carea' id='block_1_90' title="bbox 2532 4800 4116 4880">
    <p class='ocr_par' dir='ltr' id='par_1_90' title="bbox 2532 4800 4116 4880">
     <span class='ocr_line' id='line_1_90' title="bbox 2532 4800 4116 4880; baseline -0.016 -4"><span class='ocrx_word' id='word_1_632' title='bbox 2532 4818 2954 4876; x_wconf 87' lang='lat' dir='ltr'><strong>sacratissimam</strong></span> <span class='ocrx_word' id='word_1_633' title='bbox 2983 4812 3172 4869; x_wconf 91' lang='lat' dir='ltr'><strong>tumuli</strong></span> <span class='ocrx_word' id='word_1_634' title='bbox 3209 4809 3327 4880; x_wconf 84' lang='lat' dir='ltr'><strong>ejus</strong></span> <span class='ocrx_word' id='word_1_635' title='bbox 3368 4804 3730 4861; x_wconf 85' lang='lat' dir='ltr'><strong>reverentiam</strong></span> <span class='ocrx_word' id='word_1_636' title='bbox 3776 4800 4116 4857; x_wconf 86' lang='lat' dir='ltr'><strong>diversorum</strong></span> 
     </span>
    </p>
   </div>
   <div class='ocr_carea' id='block_1_91' title="bbox 832 4891 4117 5004">
    <p class='ocr_par' dir='ltr' id='par_1_91' title="bbox 832 4891 4117 5004">
     <span class='ocr_line' id='line_1_91' title="bbox 832 4891 4117 5004; baseline -0.009 -27"><span class='ocrx_word' id='word_1_637' title='bbox 832 4921 1036 4992; x_wconf 88' lang='lat' dir='ltr'><strong>scripta</strong></span> <span class='ocrx_word' id='word_1_638' title='bbox 1060 4917 1282 4990; x_wconf 60' lang='lat' dir='ltr'><strong>praefata</strong></span> <span class='ocrx_word' id='word_1_639' title='bbox 1309 4891 1701 4981; x_wconf 69' lang='lat' dir='ltr'><strong>monstrabant,</strong></span> <span class='ocrx_word' id='word_1_640' title='bbox 1735 4891 2178 4987; x_wconf 77' lang='lat' dir='ltr'><strong>interpretatione</strong></span> <span class='ocrx_word' id='word_1_641' title='bbox 2208 4913 2335 4977; x_wconf 85' lang='lat' dir='ltr'><strong>ﬁda,</strong></span> <span class='ocrx_word' id='word_1_642' title='bbox 2368 4918 2429 4965; x_wconf 90' lang='lat' dir='ltr'><strong>ut</strong></span> <span class='ocrx_word' id='word_1_643' title='bbox 2451 4942 2504 5004; x_wconf 64' lang='grc' dir='ltr'><strong><em>Β</em></strong></span> <span class='ocrx_word' id='word_1_644' title='bbox 2530 4912 2813 4983; x_wconf 90' lang='lat' dir='ltr'><strong>langorum</strong></span> <span class='ocrx_word' id='word_1_645' title='bbox 2865 4907 2977 4964; x_wconf 90' lang='lat' dir='ltr'><strong>sint</strong></span> <span class='ocrx_word' id='word_1_646' title='bbox 3028 4916 3248 4961; x_wconf 89' lang='lat' dir='ltr'><strong>ostensa</strong></span> <span class='ocrx_word' id='word_1_647' title='bbox 3295 4899 3555 4967; x_wconf 89' lang='lat' dir='ltr'><strong>remedia,</strong></span> <span class='ocrx_word' id='word_1_648' title='bbox 3584 4894 3759 4954; x_wconf 82' lang='lat' dir='ltr'><strong>oliicio</strong></span> <span class='ocrx_word' id='word_1_649' title='bbox 3787 4908 3894 4951; x_wconf 92' lang='lat' dir='ltr'><strong>non</strong></span> <span class='ocrx_word' id='word_1_650' title='bbox 3935 4891 4117 4947; x_wconf 88' lang='lat' dir='ltr'><strong>minus</strong></span> 
     </span>
    </p>
   </div>
   <div class='ocr_carea' id='block_1_92' title="bbox 832 5006 2425 5087">
    <p class='ocr_par' dir='ltr' id='par_1_92' title="bbox 832 5006 2425 5087">
     <span class='ocr_line' id='line_1_92' title="bbox 832 5006 2425 5087; baseline -0.008 -17"><span class='ocrx_word' id='word_1_651' title='bbox 832 5025 985 5087; x_wconf 88' lang='lat' dir='ltr'><strong>puto,</strong></span> <span class='ocrx_word' id='word_1_652' title='bbox 1013 5027 1185 5087; x_wconf 92' lang='lat' dir='ltr'><strong>usque</strong></span> <span class='ocrx_word' id='word_1_653' title='bbox 1207 5012 1275 5068; x_wconf 90' lang='lat' dir='ltr'><strong>ad</strong></span> <span class='ocrx_word' id='word_1_654' title='bbox 1295 5012 1499 5067; x_wconf 88' lang='lat' dir='ltr'><strong>obitum</strong></span> <span class='ocrx_word' id='word_1_655' title='bbox 1526 5009 1700 5067; x_wconf 73' lang='lat' dir='ltr'><strong>beata:</strong></span> <span class='ocrx_word' id='word_1_656' title='bbox 1724 5008 1949 5080; x_wconf 85' lang='lat' dir='ltr'><strong>virginis</strong></span> <span class='ocrx_word' id='word_1_657' title='bbox 1975 5006 2425 5078; x_wconf 89' lang='lat' dir='ltr'><strong>transposuimus,</strong></span> 
     </span>
    </p>
   </div>
   <div class='ocr_carea' id='block_1_93' title="bbox 832 5097 2429 5183">
    <p class='ocr_par' dir='ltr' id='par_1_93' title="bbox 832 5097 2429 5183">
     <span class='ocr_line' id='line_1_93' title="bbox 832 5097 2429 5183; baseline -0.011 -17"><span class='ocrx_word' id='word_1_658' title='bbox 832 5115 892 5166; x_wconf 86' lang='lat' dir='ltr'><strong>et</strong></span> <span class='ocrx_word' id='word_1_659' title='bbox 919 5119 1065 5164; x_wconf 90' lang='lat' dir='ltr'><strong>nunc</strong></span> <span class='ocrx_word' id='word_1_660' title='bbox 1099 5103 1456 5183; x_wconf 85' lang='lat' dir='ltr'><strong>sequentibus</strong></span> <span class='ocrx_word' id='word_1_661' title='bbox 1497 5101 1752 5173; x_wconf 89' lang='lat' dir='ltr'><strong>deinceps</strong></span> <span class='ocrx_word' id='word_1_662' title='bbox 1786 5101 1903 5173; x_wconf 89' lang='lat' dir='ltr'><strong>pari</strong></span> <span class='ocrx_word' id='word_1_663' title='bbox 1949 5097 2298 5154; x_wconf 89' lang='lat' dir='ltr'><strong>nihilominus</strong></span> <span class='ocrx_word' id='word_1_664' title='bbox 2332 5110 2429 5167; x_wconf 83' lang='lat' dir='ltr'><strong>pu-</strong></span> 
     </span>
    </p>
   </div>
   <div class='ocr_carea' id='block_1_94' title="bbox 2531 4996 3502 5077">
    <p class='ocr_par' dir='ltr' id='par_1_94' title="bbox 2531 4996 3502 5077">
     <span class='ocr_line' id='line_1_94' title="bbox 2531 4996 3502 5077; baseline -0.014 -14"><span class='ocrx_word' id='word_1_665' title='bbox 2531 5007 2727 5063; x_wconf 88' lang='lat' dir='ltr'><strong>devoto</strong></span> <span class='ocrx_word' id='word_1_666' title='bbox 2754 5018 2917 5077; x_wconf 91' lang='lat' dir='ltr'><strong>quam</strong></span> <span class='ocrx_word' id='word_1_667' title='bbox 2945 5000 3126 5058; x_wconf 91' lang='lat' dir='ltr'><strong>debito</strong></span> <span class='ocrx_word' id='word_1_668' title='bbox 3151 4996 3502 5069; x_wconf 80' lang='lat' dir='ltr'><strong>explicemus.</strong></span> 
     </span>
    </p>
   </div>
   <div class='ocr_carea' id='block_1_95' title="bbox 1153 5372 3787 5496">
    <p class='ocr_par' dir='ltr' id='par_1_95' title="bbox 1153 5372 3787 5496">
     <span class='ocr_line' id='line_1_95' title="bbox 1153 5372 3787 5496; baseline -0.008 0"><span class='ocrx_word' id='word_1_669' title='bbox 1153 5391 1664 5496; x_wconf 81' lang='lat' dir='ltr'><strong>NARBATIO</strong></span> <span class='ocrx_word' id='word_1_670' title='bbox 1735 5388 2514 5495; x_wconf 84' lang='lat' dir='ltr'><strong>TRANSLATIONIS</strong></span> <span class='ocrx_word' id='word_1_671' title='bbox 2586 5382 2924 5489; x_wconf 79' lang='lat' dir='ltr'><strong>PBIM/E</strong></span> <span class='ocrx_word' id='word_1_672' title='bbox 2994 5380 3074 5482; x_wconf 86' lang='lat' dir='ltr'><strong>S.</strong></span> <span class='ocrx_word' id='word_1_673' title='bbox 3128 5372 3787 5483; x_wconf 79' lang='lat' dir='ltr'><strong>GLODESINDIS.</strong></span> 
     </span>
    </p>
   </div>
  </div>
