4472 5522
409 448 505 506 εει

1441 451 1527 506 DE
1567 446 2093 504 TRANSLATIONE
2134 445 2193 502 S.
2236 443 2708 504 GLODESINDIS.

3563 442 3675 502 222

411 578 529 618 rum
564 575 728 635 supra
760 563 1044 620 memorati
1075 562 1544 619 sanctimonalium
1574 564 1807 620 cmnobii
1840 578 1988 618 reve-
2015 566 2068 626 Α
2092 562 2331 618 basilica:
2380 563 2634 619 deferunt
2690 555 3077 618 habitaculum.
3123 558 3202 616 Ibi
3237 556 3674 617 sanctimoniam

408 655 610 711 latione
642 656 820 710 divina
847 670 904 711 se
948 665 1139 712 testata
1165 665 1247 711 est
1277 655 1444 710 fuisse
1475 656 1883 721 comtnonitam,
1912 655 1989 712 uti

413 746 608 818 majori
641 748 904 814 ecclesiae,
941 764 1059 819 qua:
1098 757 1218 804 erat
1245 747 1362 804 loco
1405 749 1713 813 subleriori,
1747 749 1847 803 alia
1897 747 1993 802 ad-

403 839 593 911 jacens
635 841 975 897 extrinsecus
1017 841 1070 896 in
1098 841 1303 896 honore
1347 850 1548 896 sanctae
1580 839 1672 896 Dei
1715 840 1990 910 genitricis

407 932 592 988 Maria:
621 943 1035 989 construeretur
1053 931 1817 1003 basilica,modumqueipsius
1843 945 1994 986 reve-

406 1020 626 1078 lationis
673 1024 776 1078 Itoc
821 1023 1012 1079 ordine
1041 1023 1327 1079 referebat.
1370 1023 1687 1086 Videbatur,
1719 1023 1987 1093 inquiens,

404 1113 540 1170 mihi
592 1116 891 1188 quiescenti
960 1117 1121 1173 beata
1168 1117 1321 1189 virgo
1383 1116 1595 1171 Domini
1650 1115 1992 1173 Glodesindis

405 1220 570 1278 super
593 1224 808 1264 murum
839 1209 1079 1266 civitatis
1107 1219 1275 1273 stans,
1307 1210 1539 1281 lapidem
1583 1211 1794 1266 eminus
1825 1209 1990 1266 veluti

402 1296 523 1355 loco
562 1300 893 1373 designando
927 1317 1090 1358 manu
1121 1301 1375 1370 dejicere,
1414 1317 1606 1373 meque
1631 1302 1812 1358 verbis
1843 1302 1990 1356 insu-

401 1405 499 1462 per
545 1393 873 1463 compellare
903 1411 917 1448 :
946 1394 1044 1460 Ibi,
1098 1395 1294 1465 inquit,
1323 1395 1553 1451 ecclesia
1589 1395 1903 1458 fabricetur,
1934 1402 1990 1452 et

399 1498 564 1555 quem
597 1485 651 1541 in
676 1483 855 1542 locum
885 1486 1020 1558 lapis
1047 1501 1173 1542 casu
1205 1487 1442 1554 devenit,
1477 1487 1528 1542 in
1563 1501 1628 1541 eo
1661 1487 1989 1542 beatissima:

401 1593 620 1649 semper
669 1580 895 1652 virginis
940 1581 1123 1637 Mariae
1180 1582 1420 1652 erigatur
1462 1582 1652 1638 altare.
1693 1583 1989 1640 Monstrato

401 1669 637 1740 denique
667 1671 828 1726 aliam
856 1674 1142 1742 quamdam
1183 1673 1235 1728 in
1272 1683 1480 1744 partem
1511 1674 1679 1730 latere
1703 1690 1942 1730 seorsum
1969 1693 1982 1730 :

400 1761 519 1827 llic,
559 1765 657 1829 ait,
698 1767 896 1821 ostium
949 1768 1066 1833 ﬁat,
1107 1783 1216 1838 quo
1242 1784 1310 1823 ex
1359 1768 1589 1824 ecclesia
1629 1769 1839 1840 majori,
1885 1770 1988 1824 hoc

399 1861 500 1916 est,
528 1856 880 1919 monasterio,
924 1857 978 1909 in
1006 1857 1254 1912 eamdem
1286 1857 1501 1928 pervius
1544 1872 1743 1913 novam
1787 1858 1987 1914 sorori-

2095 654 2461 710 inaestimabili
2511 655 2563 710 in
2611 669 2731 708 eam
2788 653 3077 710 dev0tione
3140 653 3427 718 ferventes,
3475 669 3675 726 corpus

2093 750 2487 817 beatissimum,
2526 759 2783 822 tanquam
2817 759 2944 806 tunc
2970 749 3146 820 primo
3185 749 3294 804 vita
3327 748 3672 813 excessisset,

2093 845 2159 899 de
2189 859 2338 900 more
2369 844 2739 900 ecclesiastico
2764 843 2949 898 lavant
2999 852 3161 914 atque
3191 849 3477 897 exornant.
3530 840 3676 896 Inter

2093 937 2378 992 lavandum
2405 938 2647 1008 quaedam
2680 935 3152 992 sanctimonalium
3180 933 3390 989 diutino
3417 932 3676 1004 languore

2092 1029 2331 1094 obsessa,
2358 1031 2630 1100 vitamque
2667 1030 2836 1100 ipsam
2873 1031 2924 1084 in
2949 1027 3167 1099 ancipiti
3199 1027 3438 1091 trahens,
3465 1039 3560 1096 spe
3581 1039 3672 1081 sa-

2094 1121 2223 1178 lutis
2249 1138 2356 1178 non
2380 1123 2582 1178 frustra
2607 1133 2953 1194 prtesumpta,
2986 1122 3051 1177 ad
3099 1122 3275 1178 locum
3307 1118 3508 1174 lavacri
3537 1117 3678 1174 fidu-

2093 1216 2306 1273 cialiter
2345 1217 2512 1282 venit,
2571 1227 2625 1272 et
2655 1215 2870 1285 faciem
2913 1225 3115 1271 sancta:
3153 1214 3318 1285 digito
3369 1212 3473 1269 levi
3525 1216 3676 1270 tactu

2091 1311 2437 1378 compressit.
2471 1310 2616 1366 Illico
2646 1311 2870 1382 digitum
2902 1308 3220 1364 redeuntem
3245 1306 3466 1378 sanguis
3491 1320 3557 1360 ex
3586 1303 3672 1360 fa-

2090 1404 2173 1459 cie
2199 1404 2440 1475 virginea
2461 1403 2706 1474 prodigio
2738 1401 2976 1457 mirabili
3013 1408 3098 1456 est
3125 1400 3464 1456 subsecutus.
3487 1397 3676 1454 Omni-

2089 1492 2191 1548 bus
2222 1493 2293 1549 ibi
2326 1492 2530 1563 pariter
2564 1491 3007 1554 consistentibus,
3033 1499 3089 1545 et
3127 1490 3179 1544 in
3219 1486 3524 1558 exemplum
3569 1487 3674 1543 Do-

2090 1585 2277 1640 minici
2335 1584 2525 1640 lateris
2567 1583 2829 1639 miraculo
2876 1583 3237 1654 stupentibus,
3290 1595 3454 1635 cruor
3502 1577 3672 1634 isdem

2092 1677 2269 1749 palam
2297 1679 2566 1748 apparuit.
2617 1677 2859 1748 Cumque
2889 1676 3075 1732 eadem
3131 1675 3241 1738 vix,
3281 1681 3341 1728 ut
3369 1672 3500 1738 dixi,
3536 1671 3670 1728 reli-

2090 1771 2239 1840 giosa
2270 1771 2469 1826 femina
2519 1785 2830 1840 supremum
2863 1769 3086 1824 halitum
3120 1769 3402 1832 retineret,
3447 1773 3673 1837 repente

2090 1863 2235 1918 vircs
2255 1861 2365 1931 jam
2397 1861 2586 1917 morbo
2609 1861 2903 1916 exhaustas
2931 1859 3190 1931 paulatim
3220 1857 3321 1914 sibi
3351 1855 3526 1913 redire
3549 1869 3674 1925 per-

397 1945 499 2002 bus
529 1948 809 2018 aperiatur
841 1949 1134 2020 ingressus.
1169 1949 1281 2006 Iloc
1317 1965 1508 2006 somno
1549 1952 1814 2017 discusso,
1858 1967 1981 2007 cum
2011 1939 2058 1999 Β
2087 1953 2278 2014 sensit,
2307 1961 2362 2007 et
2391 1951 2668 2006 mensibus
2710 1966 2806 2005 sex
2835 1959 2999 2005 tantae
3027 1949 3104 2003 rei
3142 1946 3296 2004 testis
3325 1947 3670 2018 postmodum

399 2040 614 2096 caeteris
658 2041 954 2108 retulisset,
1003 2043 1225 2113 ancipiti
1258 2045 1348 2099 diu
1374 2045 1579 2099 haesere
1620 2045 1862 2106 consilio,
1916 2060 1982 2099 eo

397 2130 540 2200 quod
564 2139 695 2187 tunc
722 2134 979 2202 temporis
1010 2135 1172 2205 regiae
1200 2135 1377 2190 tutela:
1415 2135 1563 2190 locus
1593 2136 1857 2200 subesset,
1882 2150 1981 2190 nec

395 2220 500 2276 nisi
525 2223 590 2276 ad
612 2236 736 2278 eum
769 2225 1054 2294 rogatione
1091 2225 1296 2294 perlata
1330 2225 1436 2282 tale
1465 2227 1593 2296 quid
1635 2226 1979 2296 aggrediendi

394 2314 476 2370 eis
513 2317 903 2388 suggerebatur
929 2317 1144 2372 fiducia.
1196 2319 1380 2390 Itaque
1426 2334 1483 2373 re
1513 2319 1794 2375 celerrime
1833 2320 1980 2392 prin-

395 2403 497 2476 cipi
526 2405 818 2470 insinuata,
849 2422 1022 2478 eoque
1045 2419 1266 2464 auctore
1291 2410 1342 2462 in
1375 2410 1590 2479 negotio
1612 2413 1976 2480 exsequendo,

393 2505 453 2550 ut
482 2497 620 2553 visio
664 2498 942 2562 docuerat,
994 2514 1204 2553 summa
1252 2499 1510 2555 facilitate
1550 2501 1803 2567 adducto,
1843 2517 1979 2573 opus

393 2594 613 2642 strenue
647 2597 869 2643 curatur
904 2589 1409 2658 atqueperﬁcitur.
1462 2589 1712 2646 Edictum
1757 2593 1981 2664 insuper

392 2677 556 2747 regia
585 2676 924 2734 liberalitatis
951 2679 1156 2735 eisdem
1185 2681 1688 2737 sanctimonialibus
1721 2693 1807 2738 est
1832 2683 1978 2754 adje—

392 2776 560 2832 ctum,
593 2778 654 2824 ut
682 2769 870 2825 eadem
899 2784 1060 2836 nova,
1101 2786 1222 2841 qua:
1250 2772 1526 2828 condenda
1563 2783 1725 2839 esset,
1753 2775 1977 2830 basilica

392 2860 767 2914 cmmeterium
805 2874 1055 2915 sororum
1087 2862 1262 2917 denuo
1289 2863 1605 2920 solemniter
1627 2864 1872 2931 haberet,
1912 2882 1980 2924 ac

390 2963 518 3002 mox
553 2949 606 3003 in
636 2950 884 3005 eamdem
915 2952 1196 3008 basilicam
1224 2968 1421 3024 corpus
1449 2970 1618 3011 sacra:
1654 2957 1880 3029 virginis
1907 2974 1977 3015 ex

389 3035 508 3094 loco
543 3039 742 3109 prioris
782 3041 976 3096 tumuli
1006 3043 1393 3100 venerabiliter
1417 3045 1715 3102 referretur
1744 3048 1975 3104 human-

389 3131 537 3186 dum.
568 3130 660 3187 Sic
686 3141 743 3189 et
771 3132 1092 3205 longitudini
1132 3135 1368 3201 itineris,
1395 3137 1540 3207 quod
1564 3137 1847 3196 funeribus
1879 3156 1976 3196 an-

388 3221 633 3278 cillarum
689 3224 784 3280 Dei
836 3228 973 3282 urbe
1020 3226 1172 3297 (327)
1229 3229 1580 3297 exportandis
1647 3229 1974 3287 laboriosum

2082 2041 2402 2110 supervixit.
2450 2040 2675 2110 Expleto
2702 2039 2848 2094 omni
2888 2039 2960 2110 pii
2991 2039 3194 2093 amoris
3234 2038 3378 2094 circa
3423 2044 3668 2094 sanctam

2081 2133 2344 2204 virginem
2378 2133 2702 2198 ministerio,
2737 2133 3100 2201 deposuerunt
3126 2146 3246 2186 eam
3298 2131 3427 2186 item
3458 2130 3512 2186 in
3553 2145 3672 2186 sar-

2081 2226 2326 2295 cophago
2365 2240 2526 2290 novo,
2562 2226 2626 2278 ad
2668 2226 2945 2279 dexteram
2982 2232 3191 2294 partem
3235 2222 3424 2278 altaris
3465 2232 3670 2281 sancta

2082 2315 2176 2369 Dei
2203 2313 2516 2380 Genitricis,
2552 2316 2827 2386 ltumoque
2857 2315 3089 2387 desuper
3112 2323 3351 2388 aggesta,
3381 2314 3671 2389 diligenter

2079 2417 2432 2476 componunt.

2153 2499 2206 2554 6.
2237 2499 2586 2569 Aliquantum
2641 2507 2829 2570 postea
2878 2497 3109 2554 ﬂuxerat
3161 2506 3393 2568 tempus.
3433 2504 3488 2552 et
3539 2510 3670 2554 ecce

2080 2601 2240 2648 nocte
2287 2594 2519 2663 quadam
2574 2592 2786 2647 cuidam
2837 2591 2962 2645 vitae
2993 2589 3410 2646 continentioris
3453 2587 3670 2644 feminae

2084 2684 2138 2738 in
2162 2685 2278 2738 visu
2333 2699 2362 2738 a
2413 2685 2646 2754 quodam
2691 2683 2992 2748 dicebatur,
3043 2682 3186 2752 quod
3242 2695 3443 2749 corpus
3491 2679 3669 2751 ipsius

2079 2775 2255 2830 beata:
2289 2775 2518 2844 virginis
2564 2791 2684 2829 mus
2736 2773 2875 2829 infra
2925 2773 3234 2845 sepulcrum
3274 2779 3669 2842 corrumperet,

2079 2873 2242 2934 atque
2289 2864 2340 2918 id
2382 2864 2501 2934 ipso
2548 2878 2741 2934 sopore
2792 2871 3201 2918 monumentum
3250 2862 3352 2916 sibi
3381 2861 3671 2921 videbatur

2080 2954 2298 3025 aperiri,
2346 2963 2400 3009 et
2447 2969 2676 3018 murem,
2731 2953 2824 3023 qui
2854 2951 2969 3021 jam
3013 2951 3228 3022 pollicis
3278 2950 3434 3022 pedis
3486 2950 3668 3008 dextri

2076 3054 2287 3116 partem
2331 3054 2661 3108 corroserat,
2697 3045 2810 3114 ipsa
2841 3059 2962 3112 qua:
2991 3045 3106 3098 ιιωο
3153 3042 3394 3109 videbat,
3435 3040 3671 3111 expelle-

2080 3144 2185 3193 ret.
2219 3135 2612 3206 Expergefacta
2643 3133 2901 3200 diluculo,
2937 3149 3052 3188 rem
3092 3133 3256 3190 matri
3284 3132 3668 3204 congregatio-

2077 3229 2184 3294 nis,
2208 3230 2526 3300 cceterisque
2550 3227 2830 3284 sororibus
2857 3235 3064 3280 narrat.
3091 3225 3170 3280 Ad
3197 3225 3249 3280 id
3271 3224 3667 3296 explorandum

388 3316 720 3372 cernebatur
745 3327 1130 3388 temperatum,
1157 3325 1213 3374 et
1244 3321 1604 3390 patrocinium
1644 3322 1976 3379 multitudini
2004 3304 2050 3369 (ἶ
2082 3320 2365 3374 ministros
2391 3335 2670 3374 sacrorum
2699 3318 2867 3374 acciri
2894 3318 3152 3374 continuo
3179 3317 3400 3390 placuil-
3453 3316 3556 3385 Ουί
3601 3317 3670 3374 ἀθ

388 3405 632 3463 fidelium
681 3417 767 3464 est
807 3410 1182 3480 copiosissime
1220 3411 1476 3467 divinitus
1516 3414 1813 3484 provisum.
1866 3414 1977 3472 Nec

387 3514 455 3555 ex
483 3515 549 3556 eo
577 3501 978 3572 temporejam,
1011 3515 1069 3558 ut
1101 3503 1254 3574 prius
1283 3504 1452 3559 moris
1478 3515 1618 3571 erat,
1649 3512 1732 3562 vel
1756 3508 1822 3562 ad
1862 3524 1977 3563 me-

388 3603 651 3650 moratam
692 3595 1084 3668 apostolorum,
1123 3612 1265 3652 nunc
1313 3597 1455 3653 beati
1502 3599 1709 3653 Arnulli
1756 3601 1977 3658 nomine

386 3687 649 3743 celebrem
675 3729 691 3753 ,
717 3687 804 3743 vel
852 3696 1076 3744 caeteras
1127 3689 1271 3744 circa
1302 3689 1486 3744 urbem
1515 3690 1769 3746 basilicas
1796 3691 1976 3762 cujus-

385 3779 514 3837 libet
546 3797 735 3848 earum
775 3789 859 3836 est
889 3781 1050 3837 funus
1076 3782 1307 3848 elatum;
1340 3781 1432 3836 sed
1461 3781 1626 3836 veluti
1651 3784 1809 3838 matri
1834 3784 1975 3841 ﬁlias

385 3883 445 3928 ut
476 3875 720 3931 viventes
750 3875 959 3930 devotis
980 3876 1274 3946 obsequiis,
1309 3876 1381 3930 ita
1414 3875 1610 3932 saeculo
1643 3877 1852 3934 functas
1873 3878 1974 3934 sub

385 3973 595 4037 tempus
637 3966 1054 4037 glorificationis
1101 3982 1213 4022 suae
1264 3965 1443 4022 debita
1494 3968 1739 4038 corporis
1789 3970 1972 4026 videas

384 4060 657 4117 adhaerere
681 4061 885 4133 quiete.

449 4153 502 4208 5.
523 4154 752 4209 Fabrica
771 4154 935 4226 igitur
962 4170 1099 4211 nova
1126 4155 1368 4212 ecclesiae
1389 4158 1454 4212 ad
1470 4173 1732 4214 summam
1749 4175 1970 4214 manum

379 4247 660 4318 perducta,
718 4247 786 4302 ad
840 4247 1016 4302 locum
1063 4247 1297 4318 sepulcri
1359 4249 1515 4320 plebe
1563 4258 1673 4305 tota
1712 4251 1964 4306 certatim

381 4340 624 4412 undique
645 4349 985 4404 accurrente,
1018 4341 1156 4395 mira
1181 4340 1463 4397 alacritate
1491 4343 1852 4409 contenditur,
1883 4343 1966 4400 ef-

377 4429 636 4502 fossaque
677 4431 842 4486 ltumo
885 4431 1261 4502 circumjecta,
1292 4449 1357 4490 ac
1402 4435 1576 4506 lapide
1618 4445 1968 4493 monumento

380 4521 683 4587 subducto,
730 4523 1014 4593 reperiunt
1060 4533 1305 4581 sanctam
1354 4533 1469 4582 toto
1517 4525 1695 4584 adhuc
1737 4544 1966 4600 corpore

379 4615 670 4685 integram,
721 4616 864 4672 nulla
920 4616 1064 4674 illius
1106 4627 1216 4673 tam
1245 4618 1441 4675 diutini
1487 4620 1803 4692 sepulcralis
1832 4623 1967 4679 situs

378 4706 528 4780 signa
569 4709 624 4764 in
654 4723 818 4764 carne
865 4718 1285 4778 monstrantem,
1317 4712 1410 4767 sed
1459 4727 1522 4767 ac
1563 4714 1607 4768 si
1641 4714 1727 4769 die
1770 4717 1961 4772 eodem

376 4807 519 4854 esset
571 4798 839 4869 deposita,
885 4800 1113 4868 gratiam
1158 4801 1324 4858 totius
1372 4805 1616 4874 corporis
1668 4803 1959 4861 referebat.

376 4887 504 4957 Quae
531 4889 602 4945 ibi
630 4890 818 4946 laetitia
845 4933 860 4958 ,
907 4906 1027 4962 qua:
1077 4892 1253 4948 intimi
1282 4893 1463 4950 calore
1487 4895 1665 4966 gaudii
1698 4896 1957 4970 Iacryma:

373 4989 792 5051 prorumpentes
820 4980 1038 5036 beatam
1066 4980 1212 5036 illam
1244 4982 1309 5037 de
1333 4989 1481 5039 tanta
1516 4984 1725 5041 visione
1770 4995 1960 5043 tenue-

372 5071 484 5126 rint
518 5068 907 5142 frequentiam,
940 5072 1134 5129 melius
1169 5072 1351 5130 verbis
1391 5076 1766 5144 succumbere,
1795 5093 1960 5148 quam

369 5175 566 5234 parum
594 5163 754 5235 digne
781 5163 987 5228 dicere,
1011 5166 1155 5236 quod
1180 5165 1366 5235 utique
1387 5166 1616 5224 dicendo
1639 5169 1818 5224 minus
1839 5169 1964 5226 red-

367 5252 622 5309 diderim.
652 5252 789 5308 Nam
834 5263 891 5310 et
930 5255 975 5310 si
1011 5256 1142 5328 quid
1187 5255 1329 5312 forte
1360 5274 1540 5316 sermo
1587 5261 1761 5331 possit
1786 5259 1957 5331 expli-

361 5358 516 5411 care,
552 5344 607 5401 id
646 5344 821 5400 multo
854 5344 1076 5404 uberius
1103 5363 1167 5404 ea
1195 5347 1369 5407 fidelis
1399 5351 1579 5424 populi
1617 5359 1745 5408 tunc
1781 5352 1959 5409 evice-

359 5447 490 5471 ...ηρ
519 5439 782 5473 Λιιιιιιηηῖσι
857 5439 1091 5475 ΤηηιΙΛ-νι
1128 5443 1600 5477 :nnnmnnnnkilnm
1641 5443 1954 5479 llancnnpnm

1992 4670 2046 4732 D

2081 3427 2232 3468 more
2247 3412 2568 3468 Christiana:
2593 3412 2870 3482 religionis
2895 3411 3099 3466 litaniis
3123 3420 3178 3467 et
3205 3411 3546 3467 orationibus
3569 3423 3670 3482 pro

2080 3519 2140 3559 re
2185 3505 2555 3576 prosperanda
2602 3505 2842 3574 peractis
2875 3503 3141 3559 tumulum
3173 3511 3487 3559 reverenter
3535 3517 3668 3573 ape-

2079 3597 2249 3666 riunt,
2299 3607 2353 3653 et
2393 3598 2460 3653 ad
2520 3607 2670 3654 certa
2734 3598 2934 3653 indicia
2990 3597 3216 3652 visionis
3265 3596 3461 3668 pollice
3514 3596 3668 3669 pedis

2077 3687 2268 3743 dextro
2303 3697 2591 3744 cruentato
2644 3697 2883 3760 reperto,
2935 3689 3168 3743 soricem
3200 3687 3572 3758 depellentes,
3610 3694 3668 3746 et

2075 3780 2164 3834 via
2194 3781 2247 3834 in
2294 3780 2565 3852 reliquum
2609 3780 2930 3852 penetrandi
2977 3781 3280 3846 obstructa,
3329 3779 3666 3853 sepulcrum,

2077 3878 2138 3924 ut
2158 3870 2330 3940 prius,
2359 3869 2656 3925 obcludunt
2685 3878 2738 3924 et
2766 3869 3038 3925 muniunt.

2147 3962 2200 4018 7.
2233 3963 2453 4032 Quievit
2502 3965 2555 4019 in
2591 3965 2783 4021 eodem
2827 3965 2944 4021 loco
2992 3979 3191 4036 corpus
3231 3963 3664 4022 sacratissimum

2076 4071 2251 4126 usque
2281 4058 2348 4111 ad
2377 4067 2623 4128 tempora
2646 4059 2989 4130 imperatoris
3015 4059 3244 4130 piissimi
3270 4058 3529 4115 Ludovici
3556 4059 3662 4116 Ca-

2074 4151 2190 4205 rolo
2227 4151 2592 4205 famosissimo
2623 4167 2686 4206 ac
2718 4152 2956 4207 maximo
2992 4151 3319 4221 imperatore
3359 4152 3659 4224 progeniti,

2069 4243 2161 4297 ubi
2207 4243 2448 4312 pluribus
2486 4257 2544 4298 se
2575 4242 2893 4312 frequenter
2943 4242 3098 4314 virgo
3147 4241 3306 4297 beata
3361 4242 3659 4313 publicavit

2069 4332 2384 4398 virtutibus,
2432 4333 2711 4403 multaque
2761 4332 3156 4388 infirmantium
3200 4335 3412 4389 curatio
3449 4335 3653 4390 sancti-

2072 4424 2198 4478 tatis
2242 4425 2360 4494 ejus
2388 4433 2442 4480 et
2483 4425 2662 4480 meriti
2707 4426 2850 4493 apud
2893 4426 3179 4481 Dominum
3216 4427 3654 4499 praestantissimi

2069 4516 2380 4570 testimonio
2434 4514 2554 4571 fuit.
2615 4515 2691 4571 Ea
2750 4517 2998 4587 quamvis
3049 4519 3263 4574 incuria
3317 4519 3661 4590 antiquitatis

2071 4607 2274 4678 scripto
2305 4609 2486 4665 minus
2513 4609 2622 4665 sint
2653 4609 2872 4676 tradita,
2902 4611 3164 4667 memoria
3217 4619 3397 4668 tamen
3437 4627 3506 4668 ex
3533 4628 3663 4668 nar-

2072 4705 2289 4760 ratione
2313 4703 2736 4775 praecedentium
2770 4703 2998 4763 subinde
3020 4706 3074 4762 in
3099 4707 3451 4764 succedentes
3483 4716 3663 4767 trans-

2070 4797 2344 4869 fusa,quac
2373 4813 2461 4854 res
2480 4812 2671 4854 omnes
2703 4806 2978 4855 vetustate
3002 4807 3058 4856 et
3085 4800 3238 4856 senio
3262 4798 3532 4873 fugientes
3558 4800 3662 4861 du-

2069 4891 2226 4946 rabili
2279 4900 2504 4963 reparat
2565 4891 2829 4956 novitate,
2899 4906 3117 4964 semper
3168 4907 3292 4949 eam
3347 4894 3660 4953 ostensione

2068 4986 2344 5058 signorum
2371 4985 2619 5044 ﬂoruisse
2646 5002 2752 5042 non
2777 4995 2944 5045 tacet.
2989 4988 3121 5057 Quae
3164 4997 3346 5047 autem
3371 4990 3662 5062 posteriori

2070 5091 2254 5148 aetate,
2282 5081 2393 5137 otio
2421 5082 2536 5153 jam
2577 5081 2814 5153 segniuri
2853 5081 3125 5150 submoto,
3164 5083 3363 5141 littera:
3408 5085 3660 5158 signave-

2070 5182 2220 5241 runt,
2249 5172 2405 5229 facile
2458 5174 2736 5232 insinuant
2763 5183 2972 5246 quanta
3000 5173 3135 5231 fides
3161 5175 3456 5246 praeteritis
3480 5173 3659 5248 possit

2069 5263 2280 5332 haberi,
2310 5281 2414 5322 nec
2439 5271 2624 5326 minus
2643 5265 2811 5325 claris
2840 5272 2896 5326 in
2926 5265 3017 5323 illo
3039 5267 3175 5323 tanti
3197 5266 3457 5336 temporis
3490 5269 3669 5338 spatio

2067 5360 2346 5418 miraculis
2378 5377 2502 5420 eam
2556 5361 2833 5422 celebrem
2879 5361 3174 5422 exstitisse.
3217 5358 3447 5417 Frustra
3485 5370 3671 5422 autem

2210 5456 2259 5481 ξω.
2293 5455 2822 5481 ΑΑκμΑ-ᾸΑΙξΑ-ιιι...
2866 5457 2974 5481 ΑΞ---
3005 5453 3207 5481 -Αιιιιξιῖ
3239 5451 3494 5481 πῖᾹΑηοιικ
3547 5471 3667 5481 ιιι-.-
