4472 5522
834 326 942 386 223

1759 328 2043 388 resume
2081 330 2370 381 Λυδίῃ-ιδ
2411 333 2468 381 s.
2512 331 2817 382 Αιςλιω
2859 329 3199 391 METENSIS
3355 304 3361 315 ’

2335 333 2370 381 5
2411 333 2468 381 δ.
2512 331 2817 382 Αιςλιωδλ
2859 329 3199 391 METENSIS
3355 304 3361 315 ’
3993 328 4101 395 ηε

833 448 989 497 extra
1015 445 1307 510 potuerant
1339 440 1648 513 provenire.
1689 438 1794 497 Ubi
1827 442 1985 497 simul
2014 442 2172 497 datur
2197 442 2421 515 intelligi
2451 445 2504 509 Α
2530 446 2693 502 talem
2740 456 3123 518 assumpserat,
3160 446 3322 505 ullam
3352 453 3436 507 est
3462 450 3865 524 corruptionem
3914 463 4111 525 exper-

835 530 890 587 in
920 541 1121 599 quanta
1151 532 1322 601 gloria
1355 532 1526 587 beatae
1576 533 2001 589 immortalitatis
2040 535 2157 605 ejus
2199 536 2422 606 spiritus

834 623 947 700 illic
976 623 1066 678 ubi
1093 640 1219 679 vere
1246 634 1350 690 est,
1386 626 1550 681 totius
1590 627 1965 683 mutabilitatis
2006 644 2200 700 expers
2231 630 2424 685 trium-

830 698 984 785 phat,
1014 728 1137 769 cum
1167 714 1254 769 hic
1277 724 1331 769 et
1358 715 1511 780 illud,
1541 716 1684 785 quod
1715 698 2280 788 corruptibile'fuerat
2328 720 2423 775 da-

835 810 977 868 tum,
1008 802 1239 874 ingentis
1268 804 1444 859 meriti
1474 805 1679 859 viribus
1723 806 1835 876 ipsa
1878 808 2175 863 conditioni
2222 818 2422 865 morta-

835 891 967 949 lium
996 892 1121 964 jura
1149 895 1398 965 imposita
1430 904 1535 951 tam
1566 899 1771 967 potenti
1802 900 1975 970 gratia
1999 902 2357 971 superaverit.

903 986 960 1043 8.
990 985 1144 1055 Quod
1178 986 1366 1058 utique
1392 988 1650 1045 Dominus
1676 990 1743 1045 ad
1787 993 2273 1049 commendendam
2308 994 2423 1066 glo-

828 1078 968 1135 riam
1000 1079 1307 1149 purissimze
1334 1081 1599 1137 castitatis
1628 1083 1745 1154 ejus
1765 1084 1933 1139 oculis
1959 1085 2210 1141 humanis
2239 1095 2422 1142 osten-

829 1169 959 1225 dere
986 1168 1173 1236 voluit,
1207 1178 1266 1225 ut
1294 1170 1471 1242 palam
1512 1172 1856 1241 claresceret,
1886 1191 1994 1246 quo
2022 1179 2247 1249 praemio
2277 1181 2420 1250 apud

828 1276 952 1318 eum
980 1261 1151 1318 soleat
1178 1265 1521 1335 compensari
1568 1281 1731 1322 carne
1770 1284 1881 1339 pra:
1910 1269 2026 1339 ejus
2068 1286 2253 1327 amore
2294 1288 2426 1328 con-

828 1358 1036 1423 tempta
1084 1352 1213 1409 solis
1244 1354 1414 1425 ipsius
1448 1355 1655 1412 haerere
1701 1357 2112 1427 compleximus,
2167 1362 2421 1432 quodque

826 1441 1137 1515 virginitas,
1164 1460 1285 1516 quae
1314 1462 1475 1517 supra
1508 1462 1668 1518 quam
1710 1447 1921 1518 jussum
1964 1458 2047 1506 est
2092 1451 2240 1520 facit,
2273 1453 2421 1523 plus-

824 1549 990 1606 quam
1019 1538 1346 1608 promissum
1394 1549 1478 1595 est
1504 1550 1763 1597 meretur.
1790 1541 1958 1599 Posse
1988 1560 2121 1602 sane
2147 1562 2212 1602 ex
2236 1548 2421 1605 divino

825 1627 1090 1685 duntaxat
1136 1647 1361 1688 munere
1403 1642 1529 1690 ante
1581 1636 1727 1692 illam
1773 1641 2079 1710 generalem
2125 1659 2417 1714 corporum

825 1724 1281 1781 resurrectionem
1304 1740 1523 1782 carnem
1548 1727 1784 1785 hominis
1805 1731 2123 1802 cujusquam
2148 1735 2416 1806 integram

2524 546 2637 594 'tus.
2675 541 2771 595 Est
2817 542 3055 596 maxima
3102 543 3321 612 utrique
3349 559 3628 601 servorum
3672 562 3736 603 ac
3764 546 3976 603 Domini
4019 549 4107 605 di-

2524 634 2751 688 stantia.
2776 633 2892 700 Ille,
2921 644 2979 689 ut
3006 636 3096 705 qui
3119 636 3375 701 animam,
3407 639 3623 707 quando
3644 640 3825 706 vellet,
3847 641 4106 710 ponendi,

2522 732 2579 781 et
2628 740 2751 779 cum
2801 726 2981 793 vellet,
3033 728 3229 782 iterum
3256 729 3524 793 sumendi,
3553 729 3698 785 solus
3739 732 3926 786 habuit
3950 740 4107 803 pote-

2526 826 2744 885 statem,
2802 828 2980 875 morte
3030 820 3131 875 sibi
3179 829 3369 890 sponte
3425 822 3695 890 admissa,
3746 822 3887 878 infra
3943 826 4109 881 breve

2524 915 2734 977 tempus
2797 907 3049 964 claustris
3106 910 3337 979 sepulcri
3394 920 3680 967 contentus
3727 914 3926 969 virtute
3975 931 4101 972 mox

2523 998 2760 1069 propriae
2793 998 3097 1069 majestatis
3125 1000 3318 1055 mortis
3359 999 3566 1071 legibus
3595 1002 3782 1059 fractis
3810 1005 3984 1060 victor
4013 1022 4110 1077 per

2524 1106 2585 1146 se
2615 1090 2731 1161 ipse
2778 1092 3044 1158 surrexit;
3085 1092 3255 1146 sancti
3292 1108 3423 1148 vero
3468 1109 3695 1165 corpore
3736 1096 3841 1151 hoc
3888 1098 4106 1153 mortali

2524 1190 2721 1237 natura
2775 1182 2878 1252 ipsi
2928 1183 3027 1237 toti
3072 1182 3330 1239 mortales
3363 1186 3591 1255 egressi,
3643 1186 3838 1257 spiritu
3870 1189 3936 1244 ad
3982 1204 4107 1245 eum

2527 1274 2621 1344 qui
2682 1273 2832 1329 illum
2903 1275 3163 1341 miserat,
3221 1275 3539 1343 revolante,
3595 1292 3724 1333 caro
3779 1278 3893 1349 lege
3948 1280 4111 1349 primi

2524 1370 2760 1425 hominis
2815 1369 2882 1424 ad
2950 1379 3155 1426 terram
3215 1372 3513 1428 reducitur.
3582 1372 3687 1429 Sed
3763 1375 3887 1445 quia
3940 1376 4113 1430 mira-

2521 1461 2617 1517 bili
2677 1462 3005 1517 commercio
3062 1472 3255 1517 natura
3324 1472 3555 1536 utraque
3622 1466 3806 1521 carnis
3878 1482 3941 1521 ac
3998 1466 4112 1537 spi-

2524 1553 2663 1609 ritus
2710 1564 3004 1619 concreta,
3082 1553 3208 1608 dum
3275 1555 3328 1609 in
3395 1557 3648 1626 praesenti
3700 1558 3767 1612 ad
3820 1558 4001 1613 divina
4048 1572 4111 1614 se

2522 1654 2778 1714 exercet,
2812 1654 2993 1699 mutua
3026 1645 3168 1700 inter
3189 1660 3247 1700 se
3277 1648 3586 1716 expendunt
3613 1648 3867 1718 Operandi
3891 1647 4063 1705 ofﬁcia
4086 1689 4106 1717 ,

2524 1746 2583 1791 ut
2610 1738 2835 1807 spiritus
2860 1753 2957 1808 per
2987 1753 3229 1803 carnem,
3258 1754 3387 1794 caro
3416 1755 3515 1809 per
3541 1741 3765 1810 spiritus
3788 1742 3929 1797 bona
3957 1757 4108 1813 qua:-

824 1827 925 1884 per
950 1821 1194 1885 tempora
1218 1816 1415 1871 durare
1441 1817 1737 1887 aliquanta,
1779 1821 1909 1877 licet
1935 1824 2264 1893 plurioribus
2304 1828 2419 1881 ido-
2447 1827 2493 1887 B
2523 1825 2654 1880 libet
2680 1837 2976 1896 operentur
3000 1868 3012 1891 ,
3044 1837 3099 1882 et
3138 1829 3252 1883 haec
3294 1830 3453 1883 simul
3479 1830 3604 1885 dum
3634 1831 3859 1897 vivunt,
3906 1831 4107 1889 Christi

825 1905 947 1962 neis
976 1908 1334 1979 scriptoribus
1367 1911 1537 1965 multa
1561 1911 1722 1968 lectio
1752 1917 1907 1971 testis
1940 1918 2212 1986 defendat,
2248 1936 2418 1976 unum

825 2006 1003 2054 tamen
1032 2000 1085 2055 in
1118 2001 1258 2057 hanc
1283 2012 1492 2073 partem
1524 2014 1771 2060 sanctum
1797 2008 1942 2079 (528)
1962 2009 2159 2065 Bedam
2192 2014 2419 2083 presby-

822 2101 1000 2176 terum
1056 2095 1348 2152 adduxisse
1400 2096 1665 2165 sufﬁciat;
1717 2103 1807 2171 qui
1860 2103 1913 2156 in
1965 2103 2192 2159 historia
2246 2107 2418 2176 gentis

821 2170 954 2253 sure,
977 2202 1098 2258 qua:
1109 2188 1222 2259 jam
1254 2189 1636 2247 ecclesiasticis
1664 2196 2078 2251 auctoritatibus
2104 2198 2300 2252 merito
2331 2214 2417 2251 re-

821 2287 926 2334 cta:
965 2278 1089 2334 ﬁdei
1140 2290 1195 2335 et
1221 2296 1368 2337 sana:
1403 2283 1665 2337 doctrinae
1707 2285 2113 2352 adminiscctur,
2148 2288 2213 2342 de
2261 2289 2417 2343 beato

818 2370 1078 2443 pontiﬁce
1112 2372 1377 2443 Gutpcrto
1426 2374 1613 2441 refert,
1646 2375 1789 2447 quod
1841 2387 2129 2447 postquam
2174 2381 2240 2434 12
2274 2389 2418 2436 esset

822 2464 979 2519 annis
1010 2464 1276 2535 sepultus,
1308 2467 1519 2536 integro
1555 2483 1785 2539 corpore
1815 2470 1885 2523 sit
1934 2479 2201 2539 repertus.
2250 2472 2416 2541 quue

818 2555 1029 2627 plenius
1068 2557 1121 2610 in
1166 2556 1304 2611 libro
1333 2558 1399 2613 de
1449 2558 1571 2613 Vita
1624 2559 1794 2629 ipsius
1839 2562 2176 2629 exsequitur.
2224 2562 2416 2616 Simile

819 2646 983 2701 etiam
1010 2646 1077 2701 de
1100 2648 1332 2716 quadam
1363 2648 1516 2704 mine
1558 2650 1864 2705 sanctitatis
1906 2654 2089 2721 regina
2125 2652 2417 2708 Edeltrude

819 2750 1226 2797 commemorat.
1273 2740 1531 2797 Sanctum
1576 2760 1788 2813 quoque
1826 2744 2045 2799 Patrem
2079 2744 2415 2799 llilarionom

818 2829 1182 2903 Hieronymus
1232 2848 1340 2887 non
1390 2833 1563 2887 solum
1596 2849 1780 2900 carne,
1823 2836 1915 2889 sed
1965 2836 2127 2895 etiam
2174 2836 2417 2891 vestibus

818 2924 1161 2980 intaminatis
1196 2933 1318 2995 post
1364 2925 1701 2996 aliquantum
1735 2927 1998 2997 temporis
2038 2927 2350 2997 sepultum,
2384 2942 2416 2980 a

818 3014 1087 3085 discipulo
1109 3015 1226 3087 ejus
1259 3017 1451 3072 scribit
1496 3017 1777 3073 inventum
1808 3028 1862 3073 et
1902 3018 2197 3073 sublatum.
2244 3016 2418 3072 Caete-

819 3122 941 3162 rum
970 3122 1077 3163 nou
1106 3108 1222 3163 haec
1254 3109 1308 3163 in
1343 3108 1773 3165 obfuscationem
1806 3110 1950 3164 illius
1980 3108 2416 3180 supereminendi

2525 1918 2805 1987 templum,
2837 1928 2891 1972 et
2912 1919 3067 1987 quasi
3096 1922 3342 1988 quaedam
3371 1935 3495 1974 arca
3528 1922 3839 1976 testamenti
3868 1922 4110 1979 divinam

2524 2023 2753 2063 servans
2784 2010 3068 2063 scientiam
3096 2010 3388 2076 habentur;
3422 2026 3549 2066 mox
3580 2020 3638 2065 ut
3666 2014 3888 2083 spiritus
3918 2015 3987 2069 ab
4011 2030 4111 2069 au-

2522 2106 2673 2152 ctore
2706 2100 3031 2168 reposcitur,
3057 2115 3257 2169 corpus
3278 2100 3331 2154 in
3358 2116 3467 2170 quo
3487 2110 3565 2156 tot
3580 2113 3792 2157 sacrata
3818 2102 3909 2157 diu
3933 2118 4114 2159 serva-

2520 2188 2752 2253 bantur,
2781 2190 2898 2244 vice
2932 2191 3116 2259 templi
3148 2191 3273 2254 Dei,
3321 2199 3376 2246 et
3413 2205 3553 2245 arcae
3600 2191 3708 2248 illis
3754 2194 4113 2251 sacramentis

2520 2281 2849 2351 plenissima:
2889 2282 3049 2351 digne
3079 2297 3108 2335 a
3149 2282 3397 2337 fidelibus
3442 2284 3801 2339 reverendum
3840 2285 4111 2355 excipitur

2521 2383 2575 2428 et
2604 2383 2874 2439 servatur,
2905 2374 3078 2429 donec
3109 2376 3159 2428 in
3186 2374 3293 2430 fine
3328 2376 3702 2446 temporalium
3730 2386 3932 2434 aeterna
3961 2386 4113 2433 utra-

2520 2480 2625 2535 que
2655 2466 2953 2520 subslantia
2988 2466 3197 2520 reddita
3230 2467 3282 2521 in
3311 2482 3496 2533 unam,
3546 2476 3605 2522 ut
3632 2468 3808 2538 prius,
3836 2468 4111 2540 compagi-

2520 2572 2667 2621 nem,
2698 2558 2865 2627 gloria
2900 2567 3081 2614 tamen
3110 2561 3476 2629 praestantiori
3498 2602 3513 2627 ,
3544 2561 3738 2617 amicis
3766 2571 3955 2633 postea
3984 2561 4111 2616 nul-

2520 2647 2681 2715 loque
2719 2648 2859 2702 inter
2886 2663 2944 2703 se
2976 2648 3367 2705 dissidentibus
3400 2651 3634 2706 nexibus
3674 2660 4017 2721 reparentur.
4046 2651 4109 2707 Si

2519 2752 2648 2807 ergo
2692 2738 2908 2794 bonitas
2935 2741 3189 2809 potentiae
3220 2741 3351 2805 Dei,
3387 2757 3506 2811 qua:
3550 2756 3705 2797 suam
3748 2752 3992 2797 sanctam
4038 2757 4109 2800 ex

2519 2828 2730 2897 virgine
2783 2844 3006 2885 carnem
3061 2831 3192 2885 nulli
3244 2833 3575 2902 corruptioni
3622 2834 3777 2888 subdi
3830 2835 4108 2903 permisit,

2521 2930 2839 2976 sanctorum
2865 2924 3225 2991 quorumdam
3244 2939 3338 2993 per
3370 2924 3575 2995 aliquot
3605 2934 3845 2997 tempora
3873 2927 4111 2997 gratuito

2520 3027 2747 3069 munere
2777 3015 2987 3069 servari
3018 3014 3186 3070 voluit
3211 3030 3440 3085 corpora
3472 3017 3820 3087 incorrupta;
3850 3020 3965 3073 haec
3991 3019 4112 3076 laus

2522 3108 2841 3163 inferiorum
2872 3109 3006 3162 nihil
3042 3109 3192 3163 illam
3224 3125 3434 3165 summe
3466 3110 3795 3179 singularem
3829 3112 3923 3167 Dei
3954 3111 4115 3168 Chri-

817 3207 875 3255 et
904 3198 1116 3254 Domini
1146 3199 1328 3269 gloriae
1358 3201 1649 3271 singularis
1692 3202 1758 3256 de
1787 3202 2058 3272 praeconio
2100 3210 2413 3256 sanctorum
2442 3189 2488 3252 C
2520 3200 2592 3254 sti
2618 3199 2860 3253 omnium
2889 3199 3189 3268 superioris
3211 3200 3571 3255 comminuit:
3601 3202 3729 3271 quin
3754 3204 3935 3271 potius
3962 3203 4109 3271 haec,

818 3288 1115 3344 attolimus.
1147 3288 1397 3344 Christus
1436 3290 1704 3360 siquidem
1753 3300 1961 3345 natura:
2006 3298 2207 3345 nostra:
2245 3292 2413 3361 parti-

818 3396 948 3453 ceps
992 3380 1189 3447 factus,
1229 3397 1335 3438 non
1377 3382 1571 3453 culpae,
1622 3384 1763 3437 sicut
1792 3399 1902 3454 prce
1954 3382 2078 3437 filiis
2129 3382 2413 3437 hominum

818 3474 992 3547 gratia
1022 3476 1269 3547 ampliori
1301 3475 1512 3547 plenus,
1532 3489 1658 3531 vere
1688 3484 1744 3530 et
1766 3475 2093 3531 naturaliter
2120 3474 2216 3530 Dei
2242 3473 2413 3529 Filius

819 3564 1032 3621 exstitit
1058 3564 1232 3629 Deus;
1270 3566 1346 3621 ita
1372 3581 1503 3621 caro
1535 3565 1654 3636 ejus
1671 3565 1829 3635 juxta
1859 3566 2180 3637 prophetam
2220 3564 2413 3635 paulu-

820 3656 932 3713 lum
984 3658 1039 3713 in
1086 3656 1335 3729 sepulcro
1381 3659 1651 3731 requievit
1697 3659 1752 3713 in
1796 3673 1949 3729 spem
1992 3657 2411 3713 resurrectionis

822 3750 1146 3821 quantocius
1180 3760 1486 3817 secuturae;
1527 3760 1582 3807 et
1616 3753 1817 3816 anima,
1846 3767 1953 3821 qua
1990 3751 2206 3805 inferno
2241 3748 2414 3803 nulla-

820 3850 980 3898 tenus
1003 3843 1177 3914 potuit
1204 3842 1461 3910 detineri,
1488 3844 1649 3900 citius
1694 3859 1893 3914 corpus
1940 3850 2246 3914 repetente,
2277 3839 2414 3894 San-

819 3940 941 3990 ctus
968 3932 1084 4005 ipse
1108 3944 1442 4000 sanctorum,
1468 3950 1571 3992 nec
1601 3936 1657 3991 in
1688 3935 1803 4007 ipsa
1831 3949 2024 4000 carne,
2066 3947 2231 4004 quam
2264 3945 2412 3986 mor-

2517 3306 2639 3361 quae
2666 3305 2765 3361 per
2791 3305 2850 3346 se
2878 3290 3339 3355 obscurarentur,
3372 3291 3493 3347 luce
3534 3293 3677 3348 illius
3725 3293 4109 3350 immensitatis

2518 3391 2803 3438 ornantur.
2834 3381 2952 3436 Jam
2983 3383 3048 3437 de
3094 3382 3327 3437 secunda
3354 3384 3776 3453 transpositione
3803 3399 3900 3439 seu
3931 3394 4111 3441 trans-

2515 3475 2718 3531 latione
2746 3474 3131 3531 sacratissimas
3169 3474 3395 3546 virginis
3427 3475 3671 3530 ordinem
3692 3490 4111 3545 prosequamur,

2517 3574 2572 3622 et
2595 3566 2813 3637 quantis
2849 3565 3131 3636 signorum
3160 3552 3543 3635 splendoribus
3566 3560 3649 3621 'ad
3679 3566 4109 3623 consolationem

2517 3656 2825 3713 mortalium
2856 3671 3111 3726 sponsam
3142 3670 3296 3711 suam
3337 3672 3433 3711 rex
3461 3655 3751 3711 illustravit
3772 3656 4109 3728 angelorum,

2516 3750 2727 3805 meritis
2774 3749 2945 3853 ipsius
2979 3749 3207 3826 juvandi
3236 3749 3401 3821 coepti
3430 3750 3615 3821 operis
3647 3751 3878 3807 termino
3924 3752 4106 3807 inten-

2516 3841 2726 3896 damus.

1476 4241 1985 4345 NABBATIO
2061 4242 2525 4345 SECUNDZE
2599 4237 3395 4343 TBANSLATIONIS.

888 4478 944 4536 9.
966 4474 1273 4534 Ludovicus
1299 4472 1619 4546 imperator,
1642 4474 1709 4530 de
1731 4488 1840 4544 quo
1862 4472 2243 4544 praemisimus,
2271 4473 2412 4531 filius
2437 4476 2490 4537 D
2517 4474 2735 4529 tertium
2760 4474 3094 4544 apostolatus
3121 4471 3205 4527 sui
3244 4484 3445 4525 annum
3487 4448 3702 4541 agebat.
3733 4468 3885 4526 Hanc
3920 4454 4104 4529 autem

817 4571 1001 4631 Caroli
1033 4572 1211 4645 Magni
1238 4611 1253 4638 ,
1277 4578 1638 4642 cognomento
1668 4570 1828 4638 Pius,
1852 4576 1975 4642 post
2007 4570 2180 4639 patris
2212 4570 2415 4641 glorio-

816 4665 1033 4724 sissime
1056 4672 1306 4722 exactum
1332 4665 1643 4735 imperium,
1669 4664 1722 4720 in
1752 4664 1901 4720 nullo
1924 4663 2172 4719 inferiori
2197 4662 2416 4732 fastigio

818 4773 1003 4815 rerum
1029 4756 1362 4828 potiebatur,
1396 4771 1540 4812 anno
1575 4757 1642 4813 ab
1672 4756 1835 4811 'obitu
1866 4756 2039 4826 patris
2071 4755 2283 4811 decimo
2319 4770 2410 4811 se-

815 4852 1011 4926 ptimo,
1039 4867 1165 4909 cum
1196 4850 1588 4909 incarnationis
1610 4848 1906 4904 Dominicac
1933 4845 2418 4919 octingentesimus

816 4943 1129 5003 tricesimus
1177 4953 1429 5015 ageretur
1463 4956 1677 5007 annus,
1726 4946 1784 4995 et
1826 4938 2009 4994 sedem
2057 4937 2411 5009 apostolicam

817 5037 1008 5096 Romae
1034 5036 1331 5109 Gregorius
1363 5035 1586 5107 quidam
1609 5042 1924 5103 occuparet,
1947 5032 2041 5101 qui
2070 5031 2282 5087 duobus
2304 5031 2412 5085 Eu-

816 5130 980 5205 genio
1023 5136 1081 5186 et
1118 5128 1406 5186 Valentino
1435 5128 1633 5183 festina
1664 5136 1793 5182 tunc
1839 5140 2033 5182 recens
2076 5140 2197 5181 sese
2236 5132 2412 5181 morte

814 5220 1310 5292 consequentibus,
1359 5234 1595 5291 quorum
1642 5217 1794 5289 prior
1830 5224 2039 5272 tantum
2100 5217 2409 5281 triennum,

814 5327 1053 5385 sequens
1072 5311 1161 5366 vix
1188 5326 1433 5368 mensem
1458 5309 1749 5381 superfuit,
1780 5317 2139 5375 successerat,
2173 5317 2411 5376 tuncque

888 5427 1041 5499 (528)
1073 5425 1165 5481 Sic
1206 5425 1347 5522 lego,
1397 5440 1507 5483 non
1540 5424 1846 5490 secundum,
1872 5432 1935 5479 ut
1964 5424 2105 5495 apud
2133 5418 2409 5505 Labbeum

908 5498 1187 5522 ρ--.ι.ι.,....ε
1230 5499 1405 5522 12.-...
1458 5512 1483 5522 ,ι
1531 5497 1575 5522 ‘Y
1644 5495 1783 5522 Dn)-
1822 5498 2078 5522 ποι-ζηιηυκ
2132 5496 2297 5522 ιιηιυιη
2354 5508 2407 5522 ιη

814 5500 853 5522 ﬂ
901 5497 1187 5522 “ρ--.ι.ι.,....ε
1230 5497 1405 5522 112.-...
1458 5512 1483 5522 ιι
1531 5497 1575 5522 ‘Y

1822 5498 2078 5522 pun-:nlnm
2354 5496 2366 5522 ζ

2515 4572 2761 4619 sanctam
2806 4564 2991 4619 sedem
3036 4562 3355 4617 Mettensem
3391 4560 3566 4630 Drogo
3603 4558 3842 4628 ejusdem
3870 4560 4105 4642 impera-

2518 4656 2649 4711 toris
2673 4654 2929 4709 Ludovici
2960 4653 3131 4708 frater
3150 4650 3263 4721 jam
3298 4666 3397 4721 per
3428 4665 3630 4704 annum
3663 4650 3919 4705 tuebatur
3950 4660 4106 4706 octa-

2514 4760 2639 4803 vum
2667 4747 2851 4820 (529),
2895 4746 2987 4817 qui
3035 4746 3199 4799 etiam
3229 4746 3375 4799 vices
3415 4742 3739 4812 apostolicas
3790 4744 3843 4798 in
3890 4744 4105 4801 cunctis

2516 4842 2814 4898 Galliarum
2842 4839 3089 4911 partibus
3129 4838 3414 4909 privilegio
3445 4838 3513 4893 ab
3540 4837 3653 4907 ipsa
3699 4838 3827 4893 sede
3854 4836 4102 4895 Romana

2516 4948 2636 4987 cum
2658 4932 2807 5003 pallii
2834 4930 3158 4986 auctoritate
3178 4939 3233 4985 et
3263 4929 3481 4984 nomine
3511 4928 3709 4983 summi
3738 4927 3887 4999 (350)
3918 4928 4100 4985 archi-

2513 5027 2864 5099 episcOpatus
2906 5034 3162 5096 accepto,
3211 5033 3272 5079 ut
3315 5022 3663 5093 amplissima:
3697 5021 3974 5094 dignitatis
4015 5021 4103 5077 vir

2513 5120 2833 5178 sustinebat.
2863 5120 2997 5174 Cum
3030 5120 3193 5190 igitur
3221 5119 3287 5173 ad
3315 5118 3366 5173 id
3398 5132 3569 5187 usque
3592 5116 3873 5187 temporis,
3904 5130 4101 5186 corpus

2514 5216 2687 5269 beata:
2732 5212 2958 5282 virginis
3011 5211 3064 5264 in
3114 5209 3459 5275 dexteriore,
3509 5222 3669 5277 quam
3715 5206 4096 5276 prmdiximus,

2513 5314 2669 5376 parte
2720 5303 2909 5358 altaris
2954 5302 3192 5357 basilica:
3222 5316 3361 5354 nova
3410 5308 3613 5354 sancta:
3661 5297 3755 5351 Dei
3805 5295 4100 5353 Genitricis

2519 5420 2875 5478 Luxoviensis
2907 5417 3116 5496 abbatis
3156 5414 3323 5496 refert
3362 5414 3555 5494 mortis
3594 5426 3764 5496 genus
3793 5410 4095 5496 Drogonis,

2518 5509 2675 5522 ιηηιηι
2725 5493 2924 5522 [humu
2991 5488 3152 5522 ﬂuuin
3199 5486 3342 5522 intm-
3400 5485 3717 5522 niennmlnm
3777 5483 4094 5522 nhcnrnlnm
