4472 5522
393 395 503 455 925

1403 398 1494 458 ne
1530 400 2058 462 TRANSLATIONE
2096 404 2155 461 s.
2194 388 2679 467 CLODESINDIS.

3550 417 3657 477 226

395 510 563 567 humo
590 509 882 567 mansisset
904 508 1274 579 reconditum;
1299 510 1581 583 dispositio
1606 514 1694 568 illa
1720 530 1973 586 superna,
2005 518 2055 577 Α
2083 515 2223 571 lamo
2250 518 2432 583 editis,
2464 534 2659 575 nomen
2692 519 2859 590 ipsius
2888 519 3031 576 beati
3080 519 3303 593 Sulpicii
3341 525 3656 597 continent,

395 603 482 659 cui
507 618 629 659 cum
656 605 900 659 omnium
920 619 1041 675 quae
1065 604 1325 671 condidit,
1354 616 1481 660 tunc
1500 607 1733 661 maxime
1754 623 1973 663 suorum

396 706 526 749 cura
553 702 735 750 exstat
762 695 1068 766 praecipua,
1122 695 1175 750 in
1222 696 1339 766 ipso
1385 712 1599 768 quoque
1647 714 1875 769 corpore
1908 700 1976 756 ad

394 785 582 842 oculos
610 785 891 843 hominum
919 786 1117 843 merita
1140 787 1311 858 ipsius
1329 804 1498 847 sacra:
1520 790 1763 862 virginis,
1786 792 1975 862 quanti

395 877 538 949 apud
566 893 627 935 se
665 894 882 950 semper
900 879 1230 947 existerent,
1259 889 1510 952 patenter
1553 882 1726 938 voluit
1752 883 1977 940 demon-

393 978 591 1027 strare.
622 970 799 1042 Coepit
825 971 970 1027 enim
1003 981 1133 1029 tunc
1163 974 1423 1044 temporis
1457 975 1767 1047 sepulcrum
1800 977 1974 1048 ipsum

394 1062 461 1119 de
491 1072 636 1122 terra
664 1080 723 1122 se
759 1074 953 1136 sponte
977 1066 1284 1138 subrigere,
1313 1077 1369 1124 et
1395 1068 1592 1123 mirum
1628 1068 1683 1124 in
1722 1071 1939 1127 modum
1959 1111 1973 1139 ,

393 1153 467 1211 ita
494 1166 555 1211 ut
593 1174 695 1215 nec
735 1158 791 1214 in
818 1168 962 1216 terra
990 1161 1177 1217 eadem
1212 1162 1476 1219 viciniora
1506 1164 1695 1219 tumuli
1723 1164 1839 1221 loca
1877 1182 1974 1238 ap-

392 1259 674 1318 parerent,
706 1267 807 1308 nec
837 1252 892 1307 in
924 1253 1117 1309 murali
1142 1257 1544 1313 constructione
1560 1257 1793 1328 desuper
1820 1274 1973 1315 com-

390 1341 587 1411 posita.
640 1341 811 1414 Hujus
850 1346 929 1400 rei
975 1348 1225 1414 novitas,
1258 1348 1385 1403 dum
1432 1351 1499 1403 ad
1536 1350 1784 1406 notitiam
1812 1367 1977 1422 supra

393 1435 679 1490 memorati
710 1437 979 1507 pontificis
1007 1436 1360 1509 pervenisset,
1389 1456 1664 1496 morarum
1686 1442 1975 1512 impatiens

401 1540 529 1581 mox
559 1526 611 1581 in
637 1528 933 1583 crastinum
961 1529 1096 1584 fidos
1143 1532 1209 1587 ad
1244 1532 1346 1587 hoc
1373 1532 1764 1603 inSpiciendum
1793 1549 1977 1590 sacro-

395 1635 513 1675 rum
569 1622 848 1677 ministros
910 1638 1032 1678 cum
1080 1625 1468 1681 archidiacono
1518 1625 1763 1695 majore.
1816 1643 1973 1696 quem

393 1714 841 1786 chorepisc0pum
891 1717 1111 1783 dicunt,
1172 1718 1387 1773 direxit.
1442 1718 1545 1787 Qui
1598 1721 1876 1775 venientes
1921 1729 1976 1777 et

396 1818 589 1863 cuncta
624 1809 773 1874 viris,
806 1820 864 1863 ut
896 1809 1082 1865 relatio
1110 1812 1437 1880 pertulerat,
1481 1815 1842 1883 approbantes
1862 1855 1875 1879 ,
1907 1814 1974 1867 ad

2079 617 2135 664 et
2163 617 2275 664 tota
2307 610 2445 665 ratio
2478 610 2620 681 juris
2648 612 2972 667 haereditarii
3022 614 3192 684 ipsius
3232 614 3333 671 loci
3367 632 3659 691 rerumque

2079 703 2409 770 supputatio,
2439 718 2600 773 quam
2634 704 2906 759 abbatiant
2935 705 3145 772 dicunt,
3177 707 3296 778 ejus
3318 712 3537 768 nomine
3565 726 3659 783 ap-

2077 790 2328 860 pellatur.
2364 793 2573 848 Dicitur
2610 802 2787 850 tamen
2812 805 2866 851 et
2892 796 3115 852 nomine
3140 809 3338 855 sancta:
3369 799 3463 856 Dei
3494 800 3659 858 Geni-

2079 885 2254 953 tricis,
2288 886 2473 943 addito
2501 888 2664 943 etiam
2696 888 2838 943 beati
2862 887 3006 944 Petri
3030 890 3282 959 apostoli,
3310 907 3459 947 aram
3486 892 3659 964 ipsam

2078 991 2338 1046 majorem
2369 979 2529 1034 simul
2561 994 2681 1036 cum
2726 980 2843 1052 ipso
2879 981 3195 1039 conlessore
3237 998 3358 1039 esse
3402 984 3657 1041 dicatam.

2076 1068 2135 1126 In
2165 1070 2268 1127 hac
2297 1086 2429 1141 ergo
2456 1071 2679 1127 basilica
2704 1114 2717 1138 ,
2746 1074 3082 1145 sarcophago
3123 1090 3263 1131 novo
3286 1084 3407 1146 post
3443 1091 3660 1132 sacrum

2076 1162 2248 1218 altare
2278 1163 2659 1219 venerabiliter
2681 1176 3006 1236 praeparato,
3035 1174 3288 1222 sanctum
3310 1176 3365 1222 et
3386 1167 3663 1237 pretiosis-

2077 1256 2273 1311 simum
2302 1256 2496 1329 pignus
2523 1257 2727 1312 honore
2768 1267 2822 1312 et
2847 1258 2991 1313 cultu
3012 1299 3027 1324 ,
3067 1275 3175 1330 quo
3203 1259 3453 1331 ampliori
3481 1259 3662 1318 valueo

2077 1356 2227 1413 runt,
2261 1348 2673 1419 diligentissime
2704 1348 3060 1405 collocarunt.

2149 1439 2237 1493 11.
2279 1438 2545 1493 Mirabilia
2594 1455 2719 1495 mox
2758 1455 2854 1509 per
2878 1442 3135 1495 virtutem
3169 1441 3372 1498 Christi
3427 1452 3536 1499 tam
3576 1441 3664 1514 ju-

2078 1529 2251 1585 cunda
2278 1540 2331 1584 et
2358 1529 2613 1584 salutaria
2632 1530 2737 1585 illic
2751 1531 3372 1600 cmperuntclarescere,
3396 1543 3456 1587 ut
3475 1533 3664 1603 quanti

2079 1620 2304 1691 virginei
2323 1621 2503 1676 meriti
2529 1620 2696 1689 gloria
2720 1622 2858 1691 apud
2876 1623 3041 1676 Deum
3056 1633 3306 1679 constare
3328 1623 3662 1692 crederetur,

2078 1715 2145 1769 ad
2167 1715 2281 1769 lta‘c
2309 1716 2422 1785 ipsa
2454 1724 2659 1780 nostra,
2696 1715 2748 1770 id
2781 1724 2863 1770 est
2893 1715 3129 1769 humana
3153 1715 3387 1784 judicia,
3421 1714 3665 1771 certiori-

2077 1805 2180 1860 bus
2210 1806 2323 1875 ipse
2357 1805 2618 1860 Dominus
2641 1807 2993 1875 comprobare
3018 1807 3335 1878 dignaretur
3358 1806 3662 1877 praeconiis.

391 1913 505 1955 rem
533 1901 788 1956 continuo
818 1913 1022 1957 certam
1055 1906 1384 1959 renuntiant.
1421 1905 1718 1975 Episcopus
1741 1907 1808 1959 ad
1833 1907 1973 1961 hanc
2003 1905 2048 1965 Β
2076 1901 2132 1955 in
2157 1902 2353 1971 quibus
2376 1900 2741 1970 corporaliter
2763 1916 2975 1971 quoque
2996 1916 3101 1956 non
3127 1902 3327 1957 desinit
3373 1900 3668 1972 adimplere

391 1989 706 2046 relationem
736 1992 801 2047 de
832 1992 1019 2047 eadem
1049 1993 1417 2047 sacratissima
1452 1993 1679 2063 virgine,
1710 2010 1828 2065 quae
1859 1994 1975 2049 fue-

391 2082 487 2149 rit,
516 2098 701 2153 qumve
726 2084 774 2139 ei
806 2085 1149 2139 conversatio
1170 2085 1252 2138 vel
1278 2085 1385 2138 vita
1416 2085 1613 2139 viventi
1641 2084 1825 2149 fuerit,
1855 2102 1974 2155 qua:

390 2174 582 2245 utique
626 2177 863 2231 nondum
891 2177 1027 2233 satis
1059 2177 1271 2248 vulgata
1310 2178 1646 2245 claruerant,
1690 2180 1975 2235 sollicitius

387 2263 662 2335 disquirit.

462 2357 548 2411 10.
574 2356 672 2413 Ubi
702 2369 896 2415 cuncta
918 2376 983 2416 ex
1005 2362 1196 2417 ordine
1224 2362 1291 2417 ab
1321 2363 1455 2433 ipsis
1476 2364 1565 2433 qui
1596 2364 1771 2417 vivam
1804 2364 1975 2433 ipsam

388 2448 444 2504 in
475 2464 700 2520 corpore
730 2452 915 2507 videre
943 2461 1252 2521 potuerant,
1285 2468 1515 2523 quorum
1539 2470 1665 2524 pars
1692 2454 1857 2508 multa
1881 2455 1979 2509 ad-

388 2539 494 2595 huc
525 2551 827 2611 supererat,
859 2543 1070 2611 didicit,
1096 2544 1291 2616 gaudio
1315 2546 1476 2599 misto
1500 2545 1842 2601 admirationi
1868 2562 1976 2601 non

389 2638 675 2693 minimum
709 2640 982 2709 percitus,
1016 2656 1081 2696 ac
1113 2641 1296 2696 divino
1336 2642 1518 2697 nescio
1557 2658 1665 2713 quo
1699 2652 1832 2698 nutu
1871 2644 1974 2697 im-

388 2728 603 2798 pulsus,
652 2730 720 2785 ad
747 2731 847 2785 hoc
876 2731 1096 2786 hortatu
1138 2732 1325 2787 addito
1369 2733 1763 2804 plurimorum,
1814 2735 1880 2789 de
1910 2750 1976 2789 ea

390 2818 720 2875 sublevanda
752 2821 905 2876 ocius
932 2822 1079 2892 capit
1102 2823 1411 2877 consilium.
1469 2822 1547 2879 Ne
1576 2824 1663 2878 cui
1692 2832 1869 2879 autem
1896 2824 1977 2878 in-

389 2914 647 2969 credibile
674 2912 918 2969 videatur
966 2914 1085 2985 ejus
1115 2917 1375 2986 temporis
1424 2916 1631 2985 aliquos
1681 2926 1808 2971 tunc
1857 2932 1978 2972 esse

390 3011 632 3081 potuisse
663 3010 1010 3080 superstites,
1043 3012 1303 3067 chronica
1349 3028 1380 3065 a
1412 3021 1656 3081 tempore
1684 3010 1975 3067 Cliilderici

389 3101 531 3170 regis
560 3116 626 3155 ex
653 3099 881 3171 Pippino
904 3116 1000 3170 per
1019 3100 1270 3156 Carolum
1296 3102 1347 3155 in
1374 3100 1703 3155 Ludovicum
1724 3101 1976 3165 deducta,

390 3191 538 3248 facili
570 3193 621 3247 id
654 3194 846 3262 probat
871 3194 1104 3259 indicio,
1135 3210 1253 3263 qua:
1278 3194 1465 3263 utique
1489 3208 1595 3248 non
1642 3193 1865 3248 multum
1891 3209 1978 3248 su-

2079 1994 2221 2063 quod
2268 2010 2363 2064 per
2389 1994 2565 2048 virum
2610 1993 2702 2048 Dei
2738 1994 2791 2047 in
2824 1992 2963 2049 libro
3006 1995 3215 2066 Regum
3258 1994 3570 2066 loquentem
3599 1995 3668 2051 ad

2080 2085 2195 2140 Heli
2234 2095 2569 2153 protestatur
2596 2100 2609 2138 :
2638 2085 2967 2156 Quicunque,
3012 2086 3301 2156 inquiens,
3344 2089 3666 2157 honori/ica-

2078 2179 2203 2232 verit
2234 2195 2341 2243 me,
2369 2178 2633 2232 honorabo
2661 2196 2813 2243 eum;
2845 2180 2933 2249 qui
2977 2191 3151 2233 autent
3178 2190 3512 2236 contemnunt
3545 2198 3661 2250 me,

2078 2280 2228 2325 erant
2254 2271 2500 2340 ignobiles
2531 2270 2583 2340 (I
2602 2269 2726 2341 Reg.
2755 2287 2817 2336 ll,
2846 2271 2958 2337 ὅθ).
2992 2272 3128 2339 Quia
3152 2272 3299 2327 enim
3328 2272 3444 2327 haec
3475 2282 3667 2329 sancta

2078 2370 2134 2415 et
2158 2378 2299 2432 δεηρο
2330 2362 2556 2417 dicenda
2590 2370 2775 2415 sancta
2808 2362 3007 2431 puella,
3034 2362 3321 2417 Dominum
3354 2364 3407 2418 in
3434 2380 3531 2419 suo
3556 2379 3669 2419 cor-

2081 2470 2209 2525 pore
2258 2457 2414 2525 juxta
2482 2454 2799 2525 Apostolum
2855 2455 3215 2526 glorificavit,
3258 2465 3312 2510 et
3361 2466 3671 2513 reverenter

2084 2561 2270 2600 amore
2297 2546 2624 2616 virginitatis
2662 2546 2926 2616 portavit;
2980 2546 3099 2601 ideo
3143 2547 3316 2617 gratia
3365 2548 3665 2617 copiosior,

2079 2636 2272 2706 utjam
2306 2638 2369 2692 de
2398 2637 2486 2692 illa
2532 2638 2781 2693 immensi
2832 2638 3089 2707 ponderis
3133 2638 3343 2694 easiesti
3391 2649 3670 2697 taceamus

2079 2730 2350 2795 mercede,
2384 2731 2545 2784 etiam
2566 2730 2617 2783 in
2647 2731 2748 2785 hac
2777 2730 3107 2786 mortalitate
3130 2746 3247 2785 eam
3274 2741 3329 2786 et
3356 2741 3660 2789 manentem

2080 2821 2134 2875 in
2168 2836 2397 2891 corpore
2426 2830 2509 2875 est
2539 2822 2818 2886 comitata,
2852 2830 2905 2877 et
2931 2822 3199 2877 exsuncta
3222 2839 3365 2877 nunc
3387 2823 3499 2895 ipsa
3528 2824 3669 2881 illius

2080 2912 2326 2966 membra
2375 2911 2579 2982 ingenti
2612 2911 2819 2967 honore
2846 2914 3216 2982 prosequitur.
3262 2912 3667 2986 Contemptori-

2080 3004 2183 3061 bus
2232 3014 2409 3060 autem
2444 3005 2539 3059 Dei
2588 3015 2643 3060 et
2694 3006 3139 3062 conculcantibus
3199 3022 3261 3062 ea
3321 3024 3438 3079 qua:
3484 3018 3671 3067 sancta

2081 3107 2230 3162 sunt,
2264 3107 2320 3153 et
2341 3098 2430 3167 qui
2451 3098 2607 3168 juxta
2633 3097 2967 3168 Sapientiam
2996 3099 3455 3168 videntesjustos.
3483 3110 3537 3157 et
3563 3116 3669 3157 non

2082 3188 2472 3261 intelligentes,
2518 3206 2617 3245 nec
2644 3199 2912 3260 ponentes
2947 3190 2999 3244 in
3028 3192 3342 3260 pra-cordiis
3373 3191 3500 3247 talia
3521 3233 3536 3258 ,
3582 3192 3671 3248 illa

388 3297 485 3354 per
513 3284 903 3354 octogesimum
957 3285 1231 3354 reperitur
1278 3300 1520 3338 annum:
1555 3285 1715 3354 idque
1766 3293 1977 3355 tempus
2003 3274 2049 3339 C
2080 3294 2199 3349 qua:
2233 3280 2284 3335 in
2322 3280 2509 3337 eodem
2553 3280 2693 3336 libro
2741 3290 3103 3337 contexuntur
3143 3280 3269 3351 jure
3322 3284 3667 3340 conveniunt.

390 3385 549 3432 retate
580 3376 739 3431 unius
770 3377 1008 3431 hominis
1040 3393 1147 3432 non
1196 3376 1417 3431 difficile
1453 3377 1653 3431 durare
1698 3376 1976 3431 convinci-

391 3476 498 3523 tur.
531 3468 774 3524 Antistes
796 3468 961 3539 igitur
999 3468 1475 3524 reverentissimus
1519 3482 1646 3522 cum
1679 3482 1833 3522 sacra
1864 3467 1977 3523 cle-

390 3560 624 3616 ricorum
650 3576 715 3616 ac
740 3560 1064 3632 populorum
1094 3560 1426 3631 frequentia,
1458 3560 1523 3614 ad
1554 3559 1736 3614 locum
1768 3574 1865 3629 per
1892 3575 1979 3615 se-

392 3650 679 3720 metipsum
709 3651 1007 3717 accedens,
1046 3650 1316 3721 religiosis
1359 3659 1607 3706 votorum
1635 3649 1980 3721 supplicatio-

392 3739 549 3795 nibus
582 3741 691 3795 ritu
740 3741 972 3797 solemni
1000 3741 1332 3813 prmmissis,
1377 3741 1650 3812 patefacto
1694 3740 1975 3810 sepulcro,

392 3832 506 3903 ipse
532 3835 768 3905 propriis
793 3836 935 3892 ulnis
970 3837 1129 3902 miro,
1158 3845 1213 3891 et
1239 3852 1404 3906 supra
1432 3852 1593 3906 quam
1616 3836 1761 3890 credi
1785 3837 1977 3906 possit,

392 3924 644 3995 religioso
691 3927 745 3981 in
787 3942 908 3982 eam
958 3928 1178 3983 fervens
1204 3926 1386 3982 officio
1412 3968 1427 3994 ,
1478 3936 1664 3981 sancta
1695 3926 1979 3994 virginalia

392 4020 631 4075 membra
659 4061 673 4085 ,
716 4036 837 4090 qua:
867 4022 1054 4091 utique
1102 4030 1213 4076 tota
1253 4022 1433 4075 adhuc
1478 4034 1737 4089 compage
1770 4019 1979 4089 integre

392 4113 715 4167 tenebantur
738 4154 752 4177 ,
785 4126 816 4167 e
870 4112 1077 4166 tumulo
1106 4112 1384 4176 sublevat,
1430 4118 1485 4165 et
1527 4109 1730 4165 feretro
1760 4109 1978 4179 impOsi-

392 4214 533 4272 tam,
580 4205 769 4261 laudes
813 4205 956 4270 Deo,
988 4205 1214 4276 gloriam
1261 4204 1508 4267 Christo,
1553 4203 1683 4257 totis
1728 4201 1975 4257 certatim

393 4299 679 4354 turbarum
724 4306 780 4353 et
822 4297 1139 4367 populorum
1180 4296 1485 4368 agminibus
1520 4294 1977 4366 personantibns,

393 4392 463 4445 ad
498 4390 760 4461 majorem
796 4388 1001 4459 ingenti
1036 4388 1306 4457 triumpho
1345 4386 1629 4441 basilicam
1672 4382 1975 4455 perferunt.

392 4478 490 4534 Est
532 4480 643 4549 ipsa
670 4478 895 4535 basilica
925 4475 1119 4546 major,
1151 4492 1270 4547 qua)
1301 4477 1480 4533 adhuc
1520 4476 1782 4541 cernitur,
1818 4475 1977 4545 paulo

391 4584 423 4625 a
452 4586 606 4627 muro
631 4570 871 4627 civitatis
900 4570 1168 4641 disjuncta
1200 4586 1212 4622 :
1246 4568 1300 4623 in
1334 4567 1489 4637 cujus
1518 4566 1698 4622 fronte
1725 4565 1978 4622 orientali

2082 3369 2407 3426 Condemnat
2437 3380 2613 3426 autem
2641 3373 2822 3442 justus
2851 3382 3089 3426 mortuus
3120 3373 3260 3427 vivos
3295 3373 3481 3444 impios
3512 3374 3667 3446 (Sap.

2081 3476 2155 3527 tv,
2189 3461 2300 3531 lb‘).
2352 3461 2420 3517 Et
2459 3462 2621 3531 paulo
2648 3471 2814 3533 post:
2868 3460 2996 3517 Post
3040 3464 3151 3519 haec
3179 3474 3330 3519 erunt
3374 3465 3669 3523 decidentes

2078 3556 2193 3611 sine
2238 3556 2435 3611 honore
2460 3566 2508 3611 et
2539 3556 2591 3611 in
2617 3557 2932 3612 contumelia
2968 3558 3106 3613 inter
3130 3569 3365 3615 mortuos
3406 3561 3462 3615 in
3488 3577 3670 3633 perpe-

2078 3656 2248 3703 tuum.

2154 3743 2249 3797 12.
2284 3743 2485 3797 Verum
2513 3742 2578 3798 de
2607 3743 2735 3813 ipsis
2772 3744 3047 3815 signorum
3080 3744 3370 3800 virtutibus
3394 3743 3505 3815 jam
3554 3745 3671 3815 ple-

2079 3834 2202 3891 nius
2229 3835 2579 3891 disseramus.
2612 3836 2835 3891 Feretro
2856 3877 2870 3901 ,
2916 3846 2976 3891 ut
3019 3837 3302 3908 superiora
3330 3836 3666 3906 retulerunt,

2080 3941 2147 3982 ex
2175 3926 2425 3996 sepulcro
2466 3928 2648 3996 priore
2677 3928 2925 3997 imposita
2948 3969 2962 3993 ,
3010 3929 3326 3999 priusquam
3360 3927 3532 3985 altero
3578 3943 3672 3985 re-

2081 4020 2406 4074 conderetur
2435 4020 2705 4089 sepulcro,
2739 4020 2956 4089 quidam
2981 4036 3047 4075 ex
3073 4020 3240 4075 multo
3267 4020 3380 4091 jam
3413 4030 3659 4091 tempore

2083 4126 2282 4175 czecus,
2314 4127 2413 4167 nec
2444 4110 2584 4165 ultra
2621 4112 2672 4166 in
2698 4112 2967 4180 reliquum
2997 4112 3211 4167 videndi
3238 4126 3464 4180 sperans
3494 4110 3671 4167 subsi-

2080 4204 2188 4267 dia,
2216 4204 2282 4258 ad
2314 4204 2575 4259 feretrum
2606 4203 2786 4258 subito
2812 4220 2908 4274 spe
2938 4203 3147 4258 meliori
3190 4205 3464 4259 animatus
3486 4218 3672 4260 acces-

2080 4297 2171 4352 sit.
2209 4296 2317 4351 Nec
2345 4312 2518 4361 mora,
2541 4312 2643 4368 Ope
2673 4298 3056 4352 sacratissima:
3078 4296 3304 4368 virginis
3324 4297 3670 4367 desperatum

2082 4386 2372 4441 diulumen
2417 4386 2656 4456 perfecte
2708 4387 2930 4457 recepit.
2990 4387 3120 4441 [tem
3174 4386 3367 4443 mulier
3420 4388 3669 4457 quaedam

2084 4478 2373 4532 multorum
2402 4476 2653 4533 similiter
2671 4493 2934 4533 annorum
2960 4478 3201 4534 caecitate
3232 4479 3538 4545 tabescens,
3568 4479 3668 4535 sub

2085 4568 2203 4639 ipsa
2232 4567 2343 4624 fere
2372 4568 2505 4624 liora
2538 4569 2734 4625 ibidem
2756 4584 2853 4641 per
2875 4570 3105 4641 gratiam
3132 4569 3334 4627 Christi
3367 4570 3670 4629 illuminata

391 4661 529 4720 foris
553 4680 767 4719 murum
798 4663 968 4730 urbis,
1004 4662 1087 4719 illa
1120 4677 1256 4717 nova
1279 4702 1292 4729 ,
1318 4662 1382 4716 de
1405 4676 1511 4732 qua
1536 4675 1698 4731 supra
1726 4660 1977 4730 exposui-
2004 4641 2055 4703 D
2081 4668 2184 4715 est.

390 4772 530 4822 mus,
554 4766 755 4813 sancta:
775 4756 867 4812 Dei
894 4755 1187 4813 Genitricis
1207 4754 1492 4810 exstiterat
1512 4752 1579 4807 ad
1600 4752 1974 4808 caemeterium

389 4848 688 4921 puellarum
717 4857 1017 4905 exstructa.
1063 4848 1180 4919 Ipsa
1212 4858 1393 4903 autem
1423 4846 1596 4917 major
1627 4846 1850 4901 basilica
1878 4860 1973 4900 an-

390 4939 541 5011 tiquo
566 4940 635 4996 ab
663 4940 819 4996 initio
847 4939 996 5014 (331)
1028 4940 1243 4995 nomine
1272 4946 1329 4994 et
1358 4938 1563 4994 honore
1594 4937 1763 4993 sancti
1788 4936 1969 5007 Sulpi-

390 5032 459 5090 cii
476 5031 704 5089 Biturici
725 5032 965 5106 episc0pi
989 5041 1043 5087 et
1066 5030 1394 5088 confessoris
1416 5038 1629 5086 sacrata
1650 5028 1969 5084 habebatur.

387 5120 506 5194 Ipsa
530 5132 635 5190 est,
661 5139 821 5195 quam
855 5125 1015 5180 beata
1046 5124 1220 5195 virgo,
1254 5125 1379 5177 dum
1403 5123 1631 5186 viveret,
1658 5134 1688 5174 a
1726 5120 1971 5191 parenti-

385 5213 488 5272 bus
509 5214 626 5270 suis
652 5215 717 5270 ad
750 5230 879 5273 usus
909 5214 1123 5271 divinos
1146 5212 1349 5286 praedio
1375 5226 1638 5269 concesso
1665 5209 1829 5279 jactis
1856 5207 1977 5265 fnu-

383 5307 658 5365 (lamentis
708 5308 1101 5365 monasterium
1145 5306 1479 5363 instituerat.
1524 5304 1719 5362 Edicta
1760 5319 1977 5376 quoque

380 5397 599 5471 publica
655 5397 721 5455 de
779 5398 1217 5473 possessionibus
1265 5396 1508 5468 ejusdem
1559 5396 1879 5453 monasterii
1921 5397 1975 5452 in

376 5490 594 5522 Λειηηιῖο
627 5490 839 5522 οηινῖηιῖη
906 5491 989 5522 ..ΑΙ
1023 5489 1304 5522 πηιινηιῖηἶο
1366 5498 1583 5522 νΛΙιιοθΛ
1614 5487 1751 5522 cIlrln
1792 5494 1842 5522 nl
1882 5502 1973 5522 nn-

2158 4750 2248 4806 l5.
2286 4750 2588 4821 Postquam
2624 4767 2755 4808 vero
2805 4754 3012 4810 tumulo
3052 4768 3207 4809 sacra
3253 4761 3382 4810 sunt
3427 4751 3671 4810 membra

2088 4842 2392 4907 recondita,
2422 4841 2669 4913 quaedam
2695 4843 2860 4899 simili
2884 4846 3044 4902 modo
3064 4844 3223 4916 longa
3253 4844 3475 4900 luminis
3503 4844 3670 4901 amis-

2081 4934 2233 4990 sione
2257 4933 2515 5001 multata,
2568 4944 2627 4989 ut
2665 4935 2818 5006 signa
2838 4978 2853 5004 ,
2884 4953 3005 5010 qua:
3035 4937 3299 4992 Dominus
3346 4950 3441 5007 per
3472 4935 3673 4994 merita

2082 5026 2257 5081 beatae
2280 5026 2510 5098 virginis
2538 5028 2888 5099 Operabatur,
2916 5044 3144 5102 quaeque
3192 5028 3338 5084 fama
3360 5026 3538 5086 veloci
3561 5028 3675 5100 jam

2081 5130 2250 5175 totam
2284 5131 2697 5179 commoverant
2743 5124 2967 5191 urbem,
2998 5121 3240 5188 audivit,
3267 5129 3469 5192 quanta
3500 5120 3681 5193 potuit

2079 5211 2364 5269 celeritate
2392 5214 2460 5269 ad
2492 5223 2737 5272 sanctum
2783 5216 3092 5291 sepulcrum
3130 5212 3447 5271 contendit:
3475 5214 3573 5271 ubi
3600 5212 3683 5270 di-

2078 5304 2267 5359 vinum
2300 5320 2399 5375 per
2426 5305 2685 5363 famulam
2714 5306 2886 5379 ipsius
2907 5312 3074 5368 humo
3100 5313 3355 5379 porrecta
3377 5304 3687 5375 implorans

2082 5395 2366 5460 auxilium,
2402 5397 2530 5456 dum
2559 5398 2763 5470 aliquot
2789 5402 2991 5462 ibidem
3016 5397 3252 5459 excubat
3276 5402 3465 5451 noctes
3488 5435 3509 5464 ,
3540 5412 3691 5472 quae-

2084 5488 2246 5522 ΩἶΙΙΙΙὶΊ
2535 5494 2741 5522 ἶηΙΛΑ-ΑΛ
2774 5495 2883 5522 1.-.--
2899 5516 2953 5522 Α..
2990 5497 3180 5522 ,λέληθα
3205 5496 3288 5522 ΔΩ.
