4472 5522
762 382 868 443 297

1685 380 1969 441 JOANNIS
2006 380 2298 437 ABBA'HS
2337 381 2397 436 S.
2435 379 2741 438 ARNULFI
2778 381 3119 439 METENSIS

3920 384 4033 449 228

832 497 923 555 Η.
964 494 1078 555 Sub
1101 493 1243 557 idem
1274 505 1487 570 tempus
1515 497 1730 555 feminae
1756 511 1869 556 tres
1893 498 2134 555 febribus
2161 497 2343 553 nimiis
2368 498 2423 560 Α
2446 495 2563 565 Qua
2591 498 2848 555 divinitus
2877 500 3019 557 forte
3056 498 3324 557 subducta
3370 515 3641 574 nusquam
3688 512 4038 576 accurrente,

759 605 827 647 ex
851 589 1153 647 diutissime
1184 600 1356 648 tracto
1378 591 1637 664 languore
1656 594 1907 650 omnibus
1928 610 2067 664 pene
2088 592 2349 649 membris

760 685 1062 751 exhaustae,
1093 700 1214 756 qua:
1260 686 1313 741 in
1341 701 1479 741 vana
1510 687 1844 743 medicorum
1894 704 2025 744 cura
2073 689 2349 744 multoties

762 776 865 833 sibi
896 774 1099 834 frustra
1130 777 1407 844 adhibita,
1456 793 1622 835 censu
1652 796 1952 851 pauperum
1998 781 2213 851 perdito
2235 822 2249 847 ,
2294 789 2352 837 ct

761 886 903 927 onus
978 870 1392 943 geminaverant
1444 876 1815 945 paupertatis,
1881 884 1937 930 et
1991 876 2214 931 remedii
2264 875 2351 931 ni-

760 962 839 1020 hil
868 963 1091 1020 omnino
1139 964 1470 1032 attulerant;
1510 967 1693 1022 audita
1738 968 2005 1023 relatione
2047 968 2349 1040 ingentium

760 1053 1113 1121 tuirabilium,
1141 1056 1207 1111 ad
1232 1057 1459 1129 virginis
1474 1067 1679 1114 sanctae
1702 1058 2009 1130 sepulcrum
2033 1074 2091 1115 se
2115 1059 2219 1114 fide
2241 1074 2347 1115 non

760 1164 916 1207 cassa
946 1163 1177 1222 propere
1217 1152 1583 1208 contulerunt.
1628 1151 1721 1208 lla:
1750 1168 1876 1208 mox
1900 1162 1960 1207 ut
2002 1152 2185 1208 limina
2217 1152 2351 1208 aedis

759 1252 965 1301 sancta:
995 1245 1361 1317 contigerunt,
1390 1245 1601 1319 virgine
1625 1246 1678 1301 in
1700 1246 1782 1301 sui
1808 1245 2067 1300 auxilium
2094 1245 2348 1316 precibus

760 1334 998 1391 credulis
1031 1335 1314 1403 invocata,
1345 1336 1757 1409 integerrimam
1789 1338 2052 1394 membris
2097 1337 2350 1394 omnibus

758 1438 1225 1499 recuperaverunt
1250 1430 1499 1485 salutem.
1531 1430 1600 1486 Et
1630 1430 1686 1485 in
1713 1448 1820 1502 quo
1848 1431 2077 1486 avaritia
2110 1446 2346 1502 semper,

760 1520 1103 1577 curationum
1133 1522 1431 1577 carnalium
1457 1537 1663 1589 comes,
1691 1523 1780 1578 illa
1811 1540 1941 1589 sure,
1971 1540 2075 1594 qua
2103 1523 2157 1577 in
2188 1522 2350 1579 mise-

760 1626 948 1671 rorum
979 1629 1209 1685 corpora
1238 1614 1320 1669 vel
1368 1630 1496 1685 opes
1520 1616 1776 1681 desrevit,
1818 1616 1949 1671 artis
1992 1630 2227 1686 expensa
2255 1629 2348 1685 po-

762 1702 954 1770 tentia,
987 1712 1099 1759 tota
1131 1704 1437 1771 defecerat;
1473 1704 1606 1760 ﬁdes
1631 1706 1769 1772 sola,
1798 1721 1917 1775 qum
1941 1706 2111 1776 gratis
2140 1712 2340 1759 cuncta

763 1794 915 1853 ferre
938 1796 1242 1863 consuevit,
1278 1798 1419 1867 quod
1449 1813 1602 1854 suum
1627 1807 1730 1865 est,
1758 1798 1913 1853 solita
1938 1798 2225 1853 velocitate
2258 1813 2345 1853 re-

760 1888 965 1945 stituit.

834 1982 923 2039 15.
984 1981 1103 2039 Alia
1160 1983 1288 2040 item
1347 1983 1551 2040 femina
1602 1986 1791 2039 morbo
1842 1984 1975 2040 adeo
2034 1985 2355 2055 gravissimo

758 2068 1094 2145 longissimae
1140 2074 1481 2146 aegritudinis
1529 2075 1670 2130 lecto
1716 2074 1989 2129 decubans
2037 2074 2352 2140 tenebatur,

762 2171 825 2218 ut
888 2163 1003 2219 solo
1062 2164 1260 2235 spiritu
1309 2174 1515 2220 tantum
1563 2174 1913 2234 superesset,
1965 2165 2049 2219 cui
2094 2164 2355 2235 quidquid

758 2253 999 2312 humana
1041 2258 1365 2312 adhibuerat
1415 2272 1641 2322 manus,
1696 2255 1893 2310 frustra
1943 2263 2115 2310 totum
2150 2254 2202 2310 id
2240 2255 2355 2311 fuc-

760 2355 849 2402 rat
882 2364 895 2402 :
927 2348 1057 2418 quin
1089 2348 1253 2403 etiam
1306 2349 1421 2419 ipsa
1466 2365 1561 2419 spe
1610 2348 1841 2403 salutem
1872 2348 1971 2403 sibi
2004 2348 2144 2402 ultra
2196 2362 2355 2418 posse

758 2437 974 2494 restitui
1018 2436 1132 2508 jam
1183 2439 1396 2510 penitus
1450 2439 1820 2494 deserebatur.
1892 2438 2051 2503 llzec,
2100 2454 2207 2509 quo
2260 2454 2355 2493 ne—

758 2528 930 2585 scitur
968 2528 1259 2592 instiuctu,
1318 2529 1421 2584 nisi
1474 2529 1616 2584 forte
1667 2539 1721 2584 ut
1768 2540 1888 2601 post
1941 2530 2075 2585 satis
2124 2530 2352 2597 claruit,

757 2619 874 2677 Deo
927 2622 1016 2675 cui
1073 2636 1293 2676 suorum
1350 2622 1589 2677 omnium
1646 2638 1777 2678 cura
1838 2632 1953 2686 est,
2022 2623 2350 2693 inspirante,

760 2710 855 2781 qui
894 2725 1014 2767 eam
1051 2726 1117 2766 ex
1150 2709 1457 2779 bujusmodi
1490 2712 1642 2767 fovea
1694 2712 2088 2782 desperationis
2119 2713 2353 2783 gratuita

758 2799 1004 2858 bonitate
1030 2814 1130 2856 sua
1156 2801 1398 2856 eximere
1433 2801 1624 2867 voluit,
1655 2812 1709 2857 ct
1738 2801 2033 2857 fomentum
2065 2803 2187 2858 boui
2219 2818 2350 2874 ope-

756 2892 858 2959 ris,
885 2892 1136 2964 quamvis
1169 2892 1403 2947 tenuiter
1434 2893 1488 2947 in
1529 2908 1592 2948 ea
1646 2908 1957 2959 accensum,
1993 2910 2096 2949 non
2128 2910 2352 2966 prorsus

755 2983 1067 3058 patiebatur
1092 2983 1384 3056 exstingui,
1417 2983 1484 3038 ad
1526 2983 1714 3038 limina
1744 2986 1887 3039 sacri
1923 2986 2237 3040 monasterii
2266 2984 2353 3040 in-

760 3089 848 3137 ter
875 3094 1069 3135 manus
1114 3094 1173 3135 se
1214 3079 1349 3135 ferri
1382 3077 1511 3134 fecit
1542 3096 1554 3134 :
1589 3093 1709 3149 quae
1752 3078 1842 3133 ubi
1876 3078 1989 3149 jam
2021 3090 2230 3149 septum
2260 3094 2356 3136 seu

758 3175 982 3243 atrium,
1015 3190 1122 3247 quo
1150 3175 1541 3231 monasterium
1579 3174 1945 3240 ambiebatur,
1973 3175 2215 3246 ingressa
2247 3184 2350 3243 est,

2453 589 2522 645 ab
2549 589 2665 659 ipsa
2693 591 2894 662 ignota,
2924 608 3083 663 quam
3119 592 3218 648 sub
3247 592 3407 649 dubia
3435 595 3609 650 adhuc
3634 594 3756 651 luce
3795 595 3889 651 vix
3916 611 4039 652 cer-

2452 697 2582 738 nere
2625 692 2875 754 poterat,
2924 700 3093 756 usque
3143 685 3210 740 ad
3262 685 3569 756 sepulcrum
3598 687 3846 759 virginis,
3886 696 4043 758 parte

2452 792 2573 848 qua:
2620 786 2780 849 caput
2811 779 3051 849 respicit,
3079 780 3484 849 est-perducta.
3533 779 3611 836 lbi
3654 780 3887 837 orationi
3917 795 4044 853 pro-

2455 877 2651 935 strata,
2688 867 2777 923 ubi
2807 884 3039 941 surgens
3066 869 3420 926 tremebunda
3444 878 3498 925 et
3525 871 3735 942 stupida
3762 886 3793 925 e
3820 872 4044 943 regione

2454 962 2645 1016 tumuli
2674 962 2938 1029 constitit,
2975 978 3074 1033 pro
3100 962 3348 1034 sepulcro
3380 963 3497 1034 ipso
3524 963 3720 1019 nubem
3749 964 4044 1036 quamdam

2453 1053 2557 1110 sibi
2603 1068 2865 1125 apparere
2918 1054 3172 1123 putabat;
3225 1062 3281 1110 et
3330 1054 3630 1109 mirabatur
3678 1054 3823 1125 quod
3850 1055 4044 1121 nubes,

2455 1161 2576 1217 quae
2616 1146 2777 1201 altius
2826 1145 2879 1201 in
2910 1161 3036 1201 aere
3081 1145 3213 1202 ferri
3262 1154 3681 1212 consueverunt,
3714 1154 3825 1202 tam
3851 1145 4046 1202 vicina:

2455 1246 2584 1293 tunc
2611 1246 2809 1292 terram
2851 1246 3074 1309 tangere
3121 1236 3463 1293 videbantur.
3517 1237 3729 1294 Sensim
3774 1237 3969 1295 deinde
3990 1235 4044 1295 ei

2453 1328 2544 1384 lux
2574 1328 2773 1385 clarius
2803 1330 2975 1401 magis
3007 1344 3071 1385 ac
3099 1329 3271 1402 magis
3304 1330 3468 1398 coepit
3492 1327 3726 1396 infundi,
3752 1329 3925 1385 donec
3952 1343 4052 1385 ca-

2451 1418 2617 1491 ligine
2640 1429 2751 1475 tota
2779 1421 2952 1477 oculis
2993 1420 3243 1476 submota
3266 1430 3416 1475 certo
3442 1430 3497 1475 et
3519 1436 3646 1475 vero
3672 1418 3891 1484 intuitu,
3916 1419 4045 1489 quia

2453 1512 2761 1583 sepulcrum
2802 1520 2967 1579 esset,
3024 1510 3168 1581 quod
3214 1527 3325 1583 prae
3371 1510 3544 1567 oculis
3578 1510 3739 1566 situm
3787 1508 4044 1576 habebat,

2451 1602 2612 1677 plane
2645 1612 3017 1676 cognosceret.
3052 1602 3205 1659 Tunc
3232 1603 3323 1659 ubi
3356 1611 3517 1668 esset,
3546 1603 3630 1658 vel
3659 1601 3892 1674 qualiter
3917 1600 4048 1658 illuc

2452 1696 2785 1764 advenisset,
2834 1696 3081 1762 attonita,
3132 1695 3377 1767 nihilque
3423 1696 3566 1751 circa
3612 1710 3670 1750 se
3720 1695 3865 1764 quod
3894 1707 4051 1750 reco-

2452 1799 2744 1863 gnosceret
2798 1790 3006 1855 videns,
3067 1788 3228 1843 auxia
3277 1787 3516 1843 lmrebat
3566 1798 3621 1843 et
3668 1796 3929 1858 stupens;
3991 1792 4051 1842 et

2383 1880 2430 1940 B
2458 1881 2601 1951 quod
2633 1880 2810 1934 adhuc
2837 1894 3091 1950 pavorem
3133 1885 3377 1949 augeret,
3403 1876 3514 1945 jam
3550 1891 3649 1931 nec
3681 1875 3853 1947 ipsam
3894 1874 4051 1948 igno-

2460 1983 2567 2029 tam
2598 1988 2913 2044 personam,
2948 1987 3111 2042 quam
3143 1986 3219 2027 'se
3267 1969 3428 2041 paulo
3465 1977 3590 2023 ante
3621 1969 3950 2039 praacedcre,
3993 1975 4052 2023 et

2456 2067 2584 2122 illuc
2614 2065 2902 2121 adduxisse
2946 2064 3266 2129 mirabatur,
3318 2062 3462 2117 ultra
3506 2060 3691 2117 videre
3739 2059 4045 2131 przevaluit.

2456 2159 2593 2215 Dum
2620 2174 2748 2229 ergo
2778 2158 2830 2212 in
2858 2158 2961 2214 hoc
2986 2171 3221 2212 maerore
3248 2156 3338 2211 diu
3364 2154 3795 2222 contabesceret,
3826 2154 4046 2210 tandem

2457 2250 2524 2306 ad
2557 2266 2616 2306 se
2654 2264 2892 2314 reversa,
2923 2247 3136 2302 beatam
3163 2245 3545 2302 Glodesindem
3576 2246 3677 2302 sibi
3708 2246 4047 2318 apparuisse,

2456 2350 2513 2397 et
2547 2357 2605 2396 se
2649 2341 2773 2396 illuc
2821 2339 3142 2411 perduxisse
3165 2380 3180 2407 ,
3230 2354 3295 2394 ac
3333 2339 3446 2395 suis
3490 2339 3702 2395 meritis
3734 2338 3917 2394 lumen
3946 2337 4051 2394 sibi

2456 2448 2830 2506 recuperasse,
2855 2434 3155 2489 certissime
3175 2434 3451 2505 cognovit,
3472 2441 3635 2503 atque
3664 2433 3719 2488 in
3748 2434 4050 2505 gratiarum

2457 2527 2725 2581 actionem
2757 2540 3135 2596 prorumpens,
3153 2523 3375 2597 jamque
3405 2524 3552 2582 clare
3578 2527 3761 2581 omnia
3791 2540 4050 2594 cernens,

2460 2616 2750 2673 Dominum
2781 2625 2837 2671 et
2866 2627 3111 2672 sanctam
3144 2617 3410 2687 virginem
3437 2616 3669 2689 publicis
3696 2616 3921 2673 vocibus
3939 2616 4054 2674 eol-

2456 2706 2735 2774 laudabat,
2766 2722 2866 2764 nec
2906 2708 3019 2778 jam
3066 2707 3291 2764 ulterius
3320 2708 3458 2765 duce
3505 2710 3776 2780 indigens,
3811 2710 3956 2765 viam
3984 2708 4053 2767 li-

2455 2801 2585 2859 bere
2615 2817 3051 2873 quaquavcrsum
3093 2801 3373 2857 exsultans
3400 2802 3721 2874 ingreditur.

2530 2894 2618 2948 17.
2662 2893 2778 2949 Non
2830 2894 3013 2950 multis
3042 2894 3170 2950 hinc
3213 2895 3421 2951 exactis
3469 2894 3681 2963 diebus,
3727 2911 3916 2953 rursus
3946 2896 4055 2955 alia

2459 2987 2614 3043 multi
2646 2987 2776 3043 item
2818 2988 3077 3058 temporis
3111 3003 3251 3044 caeca
3298 2988 3366 3043 ad
3398 2989 3638 3044 tumbam
3685 2999 3929 3045 sanctam
3958 2991 4055 3047 de—
4102 3007 4116 3019 ί

2460 3082 2700 3148 ducitur,
2730 3082 2961 3152 illucque
2989 3097 3111 3136 cum
3144 3082 3358 3138 caneris
3386 3081 3756 3153 languentium
3790 3086 3961 3141 turbis
3990 3084 4057 3140 il-

2458 3174 2531 3233 lic
2552 3175 2935 3232 excubantium
2959 3190 3053 3246 per
3077 3182 3241 3230 totam
3268 3184 3483 3231 noctem
3507 3174 3748 3230 divinum
3778 3192 3901 3232 cum
3930 3194 4056 3249 pre-

757 3276 935 3341 gratia
964 3267 1320 3337 omnipotenti
1367 3269 1478 3324 Deo
1516 3284 1670 3334 voce,
1698 3283 1803 3339 qua
1835 3266 2022 3332 valuit,
2054 3283 2211 3340 agere
2241 3283 2352 3324 coe-
2379 3274 2423 3338 C
2454 3273 2608 3331 cibus
2641 3270 2961 3342 prmstolans
3015 3270 3317 3327 subsidium
3342 3310 3357 3337 ,
3411 3271 3714 3326 matutinali
3758 3271 3938 3328 ollicio
3983 3273 4053 3329 de

754 3364 869 3436 pit;
920 3363 1047 3434 quia
1084 3362 1227 3432 quod
1267 3378 1541 3433 nunquam
1571 3376 1791 3434 sperare
1820 3370 2090 3433 potuerat,
2132 3363 2224 3418 sed
2256 3379 2356 3418 nec

757 3452 1050 3525 aliquando
1077 3451 1193 3507 fieri
1220 3467 1383 3523 posse
1411 3453 1701 3519 credebat,
1742 3452 1869 3509 illuc
1900 3468 1958 3509 se
1987 3454 2166 3507 divina
2196 3455 2357 3509 mise-

757 3544 994 3603 ricordia
1019 3546 1206 3603 venire
1237 3547 1589 3603 concesserit.
1615 3546 1750 3602 Cum
1777 3563 1907 3603 vero
1936 3556 2123 3618 portas
2151 3556 2355 3603 sanctae

754 3636 995 3695 basilica:
1023 3637 1216 3710 primis
1247 3639 1518 3710 attingere
1547 3640 1799 3711 coepisset
1842 3641 2085 3713 vestigiis
2114 3682 2128 3709 ,
2170 3641 2357 3712 paula-

756 3728 856 3787 tim
897 3727 1161 3800 languore
1207 3730 1454 3802 mitigato
1491 3746 1550 3788 se
1579 3732 1990 3799 convalescere;
2045 3742 2357 3804 quantoque

754 3820 1009 3894 proprior
1054 3833 1405 3879 sacrosancto
1450 3825 1663 3893 corpori
1711 3826 2017 3889 accedebat,
2064 3834 2210 3880 tanto
2239 3825 2357 3880 lon-

756 3912 879 3987 gius
904 3913 1286 3985 tegritudincm
1320 3930 1350 3970 a
1395 3930 1453 3970 se
1482 3918 1772 3983 removeri,
1805 3928 1859 3973 ct
1888 3919 2079 3974 melius
2125 3920 2355 3975 subinde

754 4002 861 4063 sibi
932 4005 1082 4062 vires
1155 4015 1210 4063 et
1278 4008 1594 4078 sospitatcm
1656 4010 1922 4067 sentiebat
1984 4027 2352 4068 succrescere.

761 4098 967 4156 Deinde
995 4115 1121 4156 cum
1170 4100 1284 4172 ipsa
1336 4102 1419 4157 sui
1449 4103 1619 4174 ipsius
1659 4106 1893 4175 quodam
1940 4106 2204 4162 miraculo
2236 4115 2352 4162 stu—

753 4204 911 4264 pens,
943 4191 1050 4247 huc
1080 4191 1315 4263 illucque
1340 4194 1497 4265 quasi
1546 4195 1900 4266 spatiabunda
1940 4198 2221 4254 basilicam
2252 4200 2351 4255 ob-

753 4282 1036 4340 ambulare
1081 4285 1337 4356 coepisset
1366 4325 1381 4353 ,
1429 4296 1485 4343 et
1510 4289 1720 4360 gratias
1749 4290 1975 4347 vocibus
2008 4292 2212 4363 apertis
2243 4307 2353 4347 non

753 4375 1000 4435 modicas
1031 4388 1347 4448 resonaret;
1398 4392 1525 4454 post
1567 4384 1838 4441 modicum
1880 4386 1947 4441 ad
1986 4386 2127 4442 sacri
2161 4386 2354 4443 tumuli

752 4469 1065 4542 pavimenta
1090 4472 1458 4545 supplicatura
1483 4478 1867 4546 prosternitur.
1892 4477 1967 4533 lbi
1990 4478 2203 4534 enixius
2229 4493 2351 4533 ora-

752 4561 904 4620 tione
944 4562 1188 4637 profusa,
1217 4574 1273 4623 et
1315 4566 1629 4639 aliquandiu
1681 4570 1822 4625 inter
1862 4570 2033 4625 altare
2064 4579 2122 4625 et
2169 4568 2351 4641 sepul-

2457 3381 2608 3422 morc
2636 3364 2703 3419 ab
2731 3363 2941 3418 ancillis
2972 3363 3065 3417 Dei
3111 3371 3352 3434 peracto,
3392 3363 3527 3419 vidit
3571 3365 3672 3421 sibi
3702 3363 3918 3421 beatam
3943 3366 4054 3421 vir-

2456 3458 2634 3531 ginem
2656 3456 2876 3527 propius
2897 3456 3212 3521 accessisse,
3237 3466 3290 3511 et
3308 3456 3488 3528 digitis
3511 3458 3745 3528 propriis
3766 3458 4049 3516 oculorum

2456 3548 2761 3620 palpebras,
2794 3547 2949 3617 quasi
2980 3546 3244 3603 violenter
3269 3548 3337 3603 ab
3364 3549 3603 3610 invicem
3631 3565 3907 3621 separare.
3938 3550 4052 3609 Nec

2458 3658 2631 3707 mora,
2662 3656 2799 3711 puro
2850 3638 3056 3694 lumine
3101 3638 3335 3705 reddita,
3367 3640 3578 3696 meritis
3619 3641 3844 3713 virginis
3883 3658 4054 3700 sacra:

2456 3734 2702 3807 plurimis
2734 3743 2919 3804 postea
2954 3732 3111 3787 annis
3142 3732 3296 3788 testis
3333 3734 3621 3804 superfuit.

2530 3826 2617 3882 16.
2677 3824 2907 3893 Quidam
2952 3833 3217 3895 praeterea
3266 3825 3502 3881 mirabili
3550 3826 3766 3883 narium
3823 3829 4053 3887 horrore

2457 3917 2695 3989 graviter
2724 3916 2957 3985 spirans,
2985 3915 3058 3970 ita
3086 3923 3143 3971 ut
3167 3930 3236 3970 ne
3265 3915 3476 3972 eminus
3513 3918 3731 3987 quidem
3757 3920 3806 3974 ei
3856 3935 3887 3975 a
3916 3916 4052 3991 quo-

2456 4024 2616 4079 quam
2659 4006 2847 4088 facilis~
2876 4015 3023 4062 esset
3067 4007 3330 4071 accessio,
3374 4008 3427 4062 in
3456 4022 3565 4078 quo
3596 4024 3726 4064 cura
3757 4025 3787 4065 a
3817 4010 4050 4068 diversis

2454 4102 2659 4159 mederi
2688 4100 3028 4174 cupientibus
3050 4100 3101 4155 ei
3127 4115 3267 4169 saepe
3295 4100 3562 4167 adhibita,
3588 4118 3725 4158 vane
3747 4118 3842 4173 per
3865 4105 4049 4162 omnia

2455 4204 2718 4262 cesserat,
2743 4203 2803 4250 ut
2828 4209 3099 4250 rumorem
3122 4193 3280 4265 longe
3309 4195 3523 4264 lateque
3548 4196 3883 4252 currentium
3909 4213 4049 4270 gau-

2456 4290 2671 4345 diorum
2700 4327 2715 4355 ,
2768 4302 2888 4357 qua:
2918 4287 2973 4343 in
3002 4286 3253 4343 Mettensi
3303 4287 3525 4344 civitate
3570 4289 3637 4344 ad
3683 4300 4049 4350 memoratum

2454 4379 2846 4437 monasterium
2878 4392 2975 4448 per
3008 4376 3230 4449 gloriosi
3260 4379 3440 4434 meriti
3470 4379 3735 4451 virginem
3762 4379 4051 4439 Glodesin-

2453 4472 2577 4528 dem
2628 4470 2849 4535 ﬁebant,
2884 4468 3105 4534 audivit,
3141 4468 3268 4524 illuc
3318 4468 3550 4527 festinus
3593 4486 3883 4530 accurrere
3930 4486 4045 4530 stu-

2453 4566 2590 4623 duit.
2623 4564 2741 4633 Quo
2781 4574 3067 4634 postquam
3118 4562 3388 4635 pervenit,
3417 4572 3473 4620 et
3497 4564 3786 4621 ecclesiam
3831 4566 4049 4639 ingredi

752 4666 910 4710 crum
932 4664 1281 4727 pernoctans,
1301 4637 1492 4729 paucis
1516 4668 1639 4729 post
1668 4660 1859 4716 diebus
1889 4660 2098 4732 integre
2125 4637 2346 4716 sanitati
2372 4637 2428 4701 D
2452 4657 2601 4712 visus
2629 4665 2737 4721 est,
2769 4670 2957 4710 omnes
2982 4652 3150 4710 nimio
3181 4669 3248 4710 ex
3275 4655 3500 4712 naribus
3534 4657 3832 4727 prodeunte
3854 4637 4046 4716 ollensi

748 4756 838 4808 est
863 4749 1134 4819 restituta,
1176 4761 1238 4807 ut
1267 4751 1413 4807 illius
1444 4752 1639 4808 diutini
1689 4762 1743 4809 et
1771 4754 2041 4826 desperati
2071 4753 2349 4823 languoris

749 4843 902 4904 nulla
930 4845 985 4902 in
1014 4860 1074 4903 se
1103 4846 1305 4904 indicia
1332 4848 1567 4903 senserit
1596 4848 1884 4905 resedisse.

823 4937 911 4995 16.
953 4938 1052 4997 Die
1080 4941 1314 5012 quadam
1348 4940 1849 4997 sanctimonialibus
1872 4956 1986 4998 rem
2021 4940 2259 4997 divinam
2291 4941 2345 4997 in

750 5031 985 5089 ecclesia
1012 5034 1320 5107 agentibus,
1353 5033 1551 5090 mulier
1582 5035 1786 5107 ignota,
1818 5035 1992 5091 oculis
2030 5044 2206 5106 capta,
2240 5034 2345 5090 alia

750 5122 985 5194 quadam
1011 5126 1112 5181 sibi
1141 5124 1533 5181 manuductum
1578 5126 1893 5196 praebente,
1940 5125 1995 5181 in
2048 5133 2343 5197 conspectu

748 5215 1064 5274 earumdem
1112 5215 1413 5288 puellarum
1464 5214 1560 5271 Dei
1609 5214 1977 5287 psallentium,
2029 5217 2096 5272 ad
2147 5217 2345 5288 gradus

2449 4750 2624 4811 fetore
2647 4790 2663 4817 ,
2713 4748 2900 4821 fugere
2933 4748 3000 4804 ab
3032 4764 3098 4805 eo
3130 4748 3182 4803 in
3210 4748 3423 4805 diversa
3472 4763 3705 4820 coepere.
3754 4749 3848 4817 ille
3881 4766 4046 4821 quem

2449 4842 2598 4900 anxii
2646 4842 2849 4898 doloris
2895 4857 3060 4897 causa
3108 4856 3346 4911 praesens
3388 4840 3678 4909 monebat,
3726 4853 3784 4899 et
3824 4858 4045 4915 poenam

2448 4951 2604 4993 suam
2635 4949 2818 4991 secum
2864 4932 3256 5002 circumferens
3285 4948 3344 4987 se
3390 4931 3577 5004 fugere
3604 4933 3721 5006 ipse
3758 4950 3864 4992 non
3891 4945 4046 5009 pote-

2449 5037 2558 5097 rat,
2587 5028 2842 5101 pudorem
2867 5025 3145 5081 hominum
3177 5025 3505 5081 necessitate
3546 5026 3858 5097 devincens,
3890 5039 3946 5085 et
3975 5030 4044 5086 de

2449 5138 2536 5190 eo,
2569 5120 2662 5194 qui
2695 5119 3027 5190 Ieprosorum
3062 5126 3116 5172 et
3161 5132 3358 5174 cruore
3404 5115 3683 5173 ﬂuentium
3727 5128 4040 5176 contactum

2447 5233 2555 5274 non
2577 5214 2797 5288 sprevit,
2824 5220 2879 5268 et
2902 5212 3119 5268 morbos
3148 5222 3312 5283 atque
3341 5211 3684 5268 infirmitates
3712 5216 4038 5268 miserorum
