4472 5522
391 430 496 487 εςςθ

1376 423 1464 482 DE
1505 423 2034 482 TRANSLATIONE
2076 422 2129 479 S.
2177 425 2653 486 GLODESINDIS.

3552 432 3661 494 230

380 544 469 601 vris
498 540 741 598 fmditate
779 547 1009 606 careret,
1038 546 1091 595 et
1115 539 1386 596 communi
1415 539 1666 608 deinceps
1696 538 1968 592 hominum
1995 539 2046 600 Α
2074 540 2514 611 contiguum,qui
2549 541 2708 598 Sallia
2735 541 2810 616 [la
2837 542 3019 618 Seille]
3044 545 3258 614 dicitur,
3289 561 3450 604 causa
3479 549 3659 622 aliqua

392 635 717 707 frequentia,
757 642 813 690 et
841 633 1013 689 solitis
1059 633 1440 688 salutationum
1485 641 1542 686 ct
1587 630 1975 685 confabulatio-

393 743 520 784 num
573 725 891 784 occursibus
952 724 1070 780 sine
1139 722 1456 795 cujusquam
1525 722 1768 778 molestia
1834 722 1976 777 frue-

389 831 560 881 retur.

460 914 548 971 18.
586 912 721 970 Item
758 912 954 968 mulier
994 910 1104 982 jam
1135 909 1394 966 deccnnio
1423 925 1587 974 caeca,
1621 925 1717 966 nec
1742 924 1891 980 spem
1921 908 1974 964 in

385 1009 657 1080 reliquum
685 1007 830 1064 visus
856 1007 1094 1063 retinens
1136 1005 1394 1076 potiendi,
1438 1005 1714 1068 divinitus,
1745 1013 1804 1057 ut
1828 1003 1974 1059 (csti-

390 1110 596 1166 matur,
628 1099 957 1156 commonita
1003 1098 1393 1154 monasterium
1442 1095 1617 1166 petiit.
1649 1095 1777 1163 Qua:
1803 1094 1975 1149 eccle-

385 1190 523 1246 siam
557 1206 824 1263 Ingressa,
858 1199 915 1243 ut
949 1189 1236 1244 tumultum
1289 1187 1701 1251 infirmantium,
1735 1185 1825 1256 qui
1857 1184 1975 1255 plu-

386 1282 510 1338 rimi
556 1283 806 1339 sedentes
841 1283 1143 1354 sepulcrum
1187 1282 1702 1350 circumsepserant,
1748 1280 1970 1344 audivit,

384 1375 614 1432 vocibus
639 1375 803 1432 altius
830 1375 1046 1431 emissis
1073 1376 1123 1429 in
1159 1362 1414 1429 auxilium
1457 1375 1538 1428 sui
1567 1371 1970 1437 Glodesindem,

385 1465 626 1537 itemque
677 1469 892 1523 nomine
938 1467 1277 1540 ingeminans
1325 1467 1649 1532 invocabat,
1700 1466 1975 1534 Deumque

390 1555 491 1612 sibi
521 1559 812 1628 peccatrici
847 1560 1138 1628 propitium
1180 1559 1296 1614 fieri
1330 1557 1674 1629 precabatur.
1710 1557 1830 1611 Mox
1864 1556 1974 1609 vir-

387 1651 518 1706 tutis
582 1665 829 1721 supernae
885 1650 1136 1723 largitate
1216 1649 1336 1706 luce
1384 1659 1622 1721 recepta,
1681 1647 1801 1703 lmta
1866 1646 1975 1702 dis-

385 1741 567 1797 cessit.

455 1834 545 1889 f9.
589 1833 655 1889 Et
683 1850 752 1891 ne
777 1834 1003 1906 singulis
1029 1835 1331 1906 quibusque
1360 1835 1607 1906 personis
1633 1833 1835 1889 diutius
1869 1835 1970 1888 im-

385 1925 583 1980 morati
616 1926 842 1988 taediosi,
871 1903 926 1981 et
958 1927 1026 1981 ob
1051 1903 1156 1981 hoc
1183 1903 1379 1981 merito
1406 1923 1703 1996 refugiendi
1741 1924 1968 1994 scripto-
1996 1903 2044 1963 Β

385 2016 462 2072 ris
489 2017 704 2087 culpam
748 2017 1043 2072 incurrisse
1073 2018 1374 2081 videamur,
1407 2017 1454 2071 si
1492 2017 1619 2086 quid
1650 2014 1971 2070 memorabi-

385 2107 490 2164 lius
539 2109 801 2164 duntaxat
855 2109 1166 2175 exstiterit,
1215 2124 1375 2179 quam
1439 2110 1710 2164 succincte
1762 2115 1968 2173 notato,

383 2201 596 2257 turbam
627 2212 936 2258 curatorum
972 2203 1023 2257 in
1069 2218 1352 2258 numerum
1381 2203 1665 2271 quemdam
1701 2202 1970 2270 redegisse

382 2290 679 2349 suffecerit.
730 2292 986 2350 Ordinem
1031 2308 1181 2358 sane,
1212 2303 1271 2348 ut
1313 2293 1414 2348 sibi
1453 2293 1682 2348 subinde
1725 2293 1970 2362 operatio

383 2387 643 2443 virtutum
692 2388 992 2455 successit,
1043 2403 1312 2458 quoquam
1360 2403 1613 2442 cavemus
1659 2386 1965 2453 invertere;

384 2480 479 2536 sed
509 2479 651 2536 sicut
674 2481 940 2551 scriptura
972 2481 1086 2552 ipsa
1127 2481 1364 2536 vetcrior
1402 2480 1605 2543 retulit,
1634 2495 1752 2550 quae
1786 2481 1970 2550 utique

383 2586 931 2642 unamquamcunque
960 2572 1322 2626 narrationem
1363 2569 1514 2638 jmtta
1563 2571 1810 2626 ordinem
1840 2560 1971 2625 tem-

383 2663 531 2734 poris
554 2663 627 2716 ita
650 2663 984 2719 antecedenti
1007 2664 1300 2728 subtexuit,
1330 2672 1389 2717 ut
1413 2663 1554 2732 quod
1587 2663 1735 2732 prius
1768 2661 1969 2715 factum

383 2756 478 2822 sit,
519 2755 671 2827 prius
708 2755 991 2821 scriberet,
1032 2766 1087 2812 et
1127 2755 1268 2826 quod
1299 2755 1489 2810 deinde
1522 2771 1643 2809 mox
1675 2765 1754 2810 est
1785 2755 1969 2810 subse-

387 2859 599 2914 cutum,
631 2862 661 2904 e
691 2848 920 2920 vestigio
952 2848 1230 2914 redderet;
1264 2849 1445 2917 sicque
1477 2863 1643 2918 usque
1672 2847 1738 2902 ad
1762 2855 1970 2903 certum

385 2950 602 3014 tempus
672 2942 844 2997 serie‘
922 2941 1086 2996 totius
1159 2941 1386 3011 catalogi
1455 2950 1777 3006 texeretur,
1844 2940 1971 2996 licet

384 3037 477 3094 ﬁdi
531 3037 844 3109 interpretis
908 3037 1038 3092 vitio
1113 3035 1446 3099 denotandi,
1504 3050 1599 3103 per
1646 3033 1827 3090 omnia
1885 3048 1972 3090 se-

384 3147 625 3205 qurmur.

2078 643 2397 702 perurgente
2429 633 2674 702 trajicere
2704 637 2987 706 gestiebat,
3020 640 3109 709 qui
3162 638 3252 694 ubi
3304 640 3433 712 ripa:
3463 657 3658 697 accur-

2077 736 2204 777 reus
2237 725 2506 794 navigium
2559 743 2821 798 nusquam
2869 730 3005 784 vidit
3058 732 3277 796 adesse,
3324 733 3414 787 diu
3460 731 3662 804 siquis

2078 815 2217 870 forte
2250 833 2571 889 quacunque
2616 835 2680 875 ex
2731 831 2884 891 parte
2933 820 3166 878 ﬂuminis
3195 823 3498 889 adveniret,
3531 837 3662 893 ope-

2077 909 2336 963 riebatur.
2393 910 2504 966 Hac
2550 915 2976 984 exspectatione,
3011 925 3071 970 ut
3107 917 3187 982 fit,
3220 918 3434 972 tandem
3467 914 3662 974 defati-

2075 1012 2251 1074 gatus,
2288 1004 2557 1075 humoque
2592 1008 2866 1078 paululum
2918 1010 3234 1076 reclinatus,
3266 1028 3454 1068 somno
3485 1014 3660 1070 corri-

2075 1097 2250 1165 pitur;
2284 1109 2652 1169 experrectus,
2691 1117 2790 1158 nec
2817 1103 2944 1174 quid
2971 1103 3134 1159 etiam
3163 1114 3273 1160 tum
3303 1107 3369 1162 ad
3392 1105 3661 1176 trajicien-

2076 1188 2200 1242 dum
2229 1199 2482 1259 spectans
2513 1194 2742 1258 consilii,
2775 1195 2898 1248 dum
2924 1193 3032 1263 jam
3083 1199 3430 1270 semetipsum
3483 1213 3663 1254 mora-

2076 1295 2219 1347 rum,
2249 1297 2383 1352 quas
2412 1284 2513 1338 sibi
2546 1285 2729 1340 tandiu
2773 1286 2971 1342 frustra
3024 1289 3402 1361 insumpsisset
3429 1332 3443 1356 ,
3494 1307 3660 1348 accu-

2074 1383 2240 1435 Sans,
2295 1374 2619 1431 deliberaret
2665 1378 2954 1445 recedere,
3001 1391 3222 1450 repente
3256 1383 3338 1437 ori
3389 1383 3662 1456 subrepsit

2075 1472 2317 1517 sanctam
2349 1466 2606 1536 virginem
2637 1469 2854 1523 nomine
2884 1470 3199 1527 inclamare.
3243 1471 3536 1546 Postquam
3567 1488 3662 1531 vo-

2074 1571 2190 1612 cem
2223 1557 2424 1628 aliquot
2452 1561 2592 1614 intra
2635 1578 2692 1617 se
2725 1580 3001 1620 momenta
3030 1567 3308 1633 sustinuit,
3337 1581 3391 1623 et
3417 1582 3544 1625 ecce
3575 1583 3661 1625 re-

2074 1652 2309 1720 spiciens
2348 1654 2528 1707 navim
2570 1655 2671 1710 sibi
2721 1656 2776 1711 in
2823 1656 2940 1713 loco
2970 1657 3185 1726 littoris,
3223 1675 3328 1731 quo
3364 1662 3563 1727 stabat,
3593 1675 3662 1718 ex

2075 1741 2367 1811 improviso
2399 1745 2538 1800 videt
2591 1749 2848 1805 assistere
2875 1790 2889 1815 ,
2942 1767 3059 1821 qum
3099 1767 3207 1822 quo
3236 1753 3427 1810 ordine
3457 1755 3663 1826 absque

2074 1832 2310 1889 humano
2341 1836 2646 1893 ministerio
2695 1841 2924 1896 adducta
2973 1843 3082 1908 sit,
3132 1858 3254 1898 cum
3293 1845 3518 1901 omnino
3551 1861 3659 1901 non

2073 1935 2255 1994 posset
2307 1928 2612 1998 conjicere,
2670 1930 2909 1986 divinum
2960 1935 3333 1990 tantummodo
3379 1951 3534 2006 opus,
3573 1937 3660 1992 cui

2073 2019 2252 2071 omnia
2283 2017 2629 2083 famulantur,
2665 2032 2718 2076 et
2768 2025 2961 2079 merita
3011 2041 3181 2081 sacra:
3223 2027 3465 2098 virginis,
3497 2045 3661 2100 quam

2072 2108 2394 2175 invocasset,
2435 2113 2537 2166 sibi
2584 2113 2636 2168 id
2685 2124 2890 2170 certum
2942 2118 3111 2172 tenuit
3155 2121 3489 2190 prmslitisse.
3541 2121 3664 2178 Stu-

2071 2218 2313 2273 pensquc
2347 2206 2448 2260 hoc
2479 2214 2630 2262 tanto
2659 2209 2941 2275 miraculo,
2972 2219 3025 2266 et
3055 2213 3278 2282 gratias,
3311 2222 3368 2267 ut
3394 2229 3492 2283 par
3517 2223 3658 2284 erat,

2073 2293 2367 2349 immensas
2405 2297 2755 2366 omnipotenti
2805 2301 2913 2354 Deo
2958 2309 3266 2374 sanctaque
3310 2303 3506 2374 virgini
3543 2305 3662 2361 red-

2072 2389 2224 2451 dens,
2257 2387 2476 2443 ﬂuvium
2504 2430 2518 2455 ,
2568 2400 2627 2444 ut
2671 2392 3091 2459 dcsideraverat,
3121 2397 3339 2451 transit.
3371 2397 3662 2468 Hucusque

2072 2490 2179 2535 tam
2211 2482 2446 2553 ingentis
2475 2483 2599 2538 facti
2645 2485 2755 2555 ipse
2786 2495 2908 2556 post
2937 2486 3110 2545 ﬁdelis
3137 2490 3339 2545 relator
3368 2500 3555 2548 sancte
3576 2491 3662 2562 ju-

2070 2582 2221 2627 ratus
2253 2576 2483 2629 asseruit
2515 2577 2646 2631 nihil
2678 2593 2736 2632 se
2765 2579 3119 2649 confinxisse,
3151 2581 3269 2649 sed,
3304 2591 3364 2637 ut
3393 2583 3499 2639 sibi
3532 2597 3660 2641 vere

2071 2664 2393 2736 contigerat,
2426 2667 2652 2722 fideliter
2681 2682 2955 2726 enarrare.

2139 2757 2233 2811 24.
2264 2757 2476 2830 Pauper
2504 2761 2723 2831 quidam
2748 2763 2904 2836 longe
2927 2768 2992 2821 ab
3016 2767 3147 2824 urbe
3170 2784 3540 2840 commanens,
3566 2773 3660 2846 qui

2069 2848 2234 2902 vitam
2279 2860 2396 2905 arte
2433 2860 2640 2906 tantum
2673 2854 2960 2923 piscatoria
2995 2860 3265 2926 tuebatur,
3309 2863 3395 2919 die
3426 2865 3660 2934 quadam

2068 2949 2129 2995 ut
2175 2942 2568 2996 monasterium
2616 2945 2887 3012 prtedictzc
2934 2947 3161 3018 virginis
3214 2951 3426 3019 adiret,
3478 2963 3662 3012 mente

2069 3033 2340 3104 concepit.
2393 3033 2495 3102 Qui
2547 3036 2892 3106 simplicitate
2944 3040 3164 3106 rustica,
3203 3053 3522 3101 nontamen
3560 3047 3660 3102 im-

2070 3125 2368 3196 probanda,
2396 3141 2598 3182 vacuus
2626 3127 2752 3184 illuc
2782 3131 3080 3200 procedere
3112 3133 3324 3201 nolens,
3355 3136 3484 3207 quia
3511 3138 3660 3194 aliud

451 3228 543 3284 20.
597 3227 847 3298 Quinque
902 3227 976 3282 ibi
1025 3225 1256 3292 feminae,
1316 3225 1521 3280 diutina
1558 3223 1684 3280 olim
1724 3225 1968 3280 caecitate
1996 3261 2041 3325 Ο
2073 3217 2213 3273 forte
2241 3218 2343 3274 sibi
2371 3233 2478 3273 non
2508 3219 2750 3286 suberat,
2782 3219 2980 3276 ﬂumen
3019 3235 3225 3294 petere,
3252 3227 3586 3300 piscemque,
3613 3229 3662 3286 si

382 3323 646 3389 multatm,
677 3323 896 3378 Christo
921 3321 1149 3377 Domino
1182 3320 1518 3376 illuminante
1560 3319 1624 3374 ad
1659 3319 1884 3390 gloriam
1913 3327 1967 3374 et

381 3414 907 3472 commendationem
952 3413 1331 3469 sacratissima:
1362 3412 1586 3482 virginis
1632 3412 1719 3466 ditt
1760 3412 1968 3468 deside-

382 3506 484 3563 rati
514 3505 734 3562 luminis
756 3507 988 3578 gratiam
1011 3514 1349 3576 receperunt.
1377 3505 1583 3561 Exmde
1613 3505 1806 3561 mulier
1827 3520 1967 3576 quae-

383 3599 507 3654 dam
535 3614 633 3670 per
683 3607 794 3654 tres
843 3609 1071 3655 eatenus
1119 3615 1292 3655 annos
1338 3599 1529 3671 pedem
1575 3609 1867 3672 utrumque
1912 3609 1967 3656 ct

383 3708 605 3748 manum
639 3710 802 3750 unam
838 3709 1033 3766 gerens
1063 3695 1372 3761 distorlam,
1407 3695 1604 3751 auditis
1639 3705 1717 3750 tot
1747 3696 1967 3751 mirabi-

383 3781 545 3850 libus,
574 3771 664 3840 illo
690 3785 842 3841 ocius
866 3801 924 3841 se
947 3785 1077 3841 ferri
1107 3785 1338 3857 rogavit,
1368 3785 1635 3856 allataque
1659 3788 1966 3858 pavimento

385 3876 617 3960 sepulcri
648 3888 938 3950 prostrata,
991 3877 1224 3949 ﬂetuque
1263 3878 1430 3934 multo
1459 3888 1512 3934 et
1541 3881 1788 3950 precibus
1815 3897 1873 3936 se
1897 3879 1966 3936 ob

383 3979 608 4041 peccata
637 3972 854 4041 propria
901 3972 1015 4026 hac
1044 3970 1330 4040 pertulisse
1365 3979 1557 4026 testata
1585 4012 1600 4038 ,
1647 3973 1861 4028 tandem
1913 3973 1964 4027 in

385 4062 905 4117 commendationem
931 4061 1032 4132 piae
1059 4070 1112 4116 et
1143 4070 1290 4116 recte
1336 4072 1468 4116 actae
1497 4061 1823 4132 virginitatis
1849 4104 1862 4128 ,
1911 4063 1966 4117 in

385 4165 675 4226 conspectu
724 4153 1014 4208 multorum
1063 4153 1530 4208 circumstantium
1560 4153 1766 4209 directa
1797 4154 1848 4208 in
1889 4154 1968 4208 itt-

385 4256 597 4318 tegrum
629 4246 881 4319 perfectae
929 4245 1178 4303 sanitatis
1226 4245 1480 4315 oﬂicium,
1526 4249 1775 4305 discessit
1821 4249 1968 4306 inco-

382 4341 567 4399 lumis.

454 4437 548 4492 2i.
592 4436 808 4508 Septem
837 4447 958 4509 post
1003 4437 1166 4507 hanc,
1199 4453 1377 4494 mares
1426 4445 1556 4503 tres,
1591 4435 1804 4492 feminae
1831 4451 1968 4508 qua-

385 4537 532 4597 tuor,
565 4531 802 4588 tenebris
832 4531 1110 4588 oculorum
1133 4528 1450 4600 jamdudum
1477 4529 1739 4596 damnati,
1767 4530 1835 4584 ad
1863 4528 1971 4583 lau-

2074 3314 2196 3384 quis
2236 3313 2464 3368 forsitan
2508 3325 2860 3383 occurreret,
2894 3315 3038 3372 ferre
3069 3318 3326 3391 disponit.
3359 3321 3481 3378 Mox
3514 3324 3662 3378 navi-

2072 3407 2190 3462 cula
2233 3422 2549 3472 conscensa,
2586 3406 2732 3476 jacto
2760 3417 2907 3464 recte
2950 3409 3151 3479 piscem
3183 3423 3380 3483 praeter
3406 3431 3557 3487 spem
3585 3417 3662 3472 in-

2070 3498 2372 3554 volvitnon
2419 3497 2723 3566 modicum;
2772 3499 3008 3571 dumque
3045 3499 3195 3559 littus
3227 3511 3415 3561 tenere
3470 3506 3661 3577 depro.

2071 3603 2244 3664 perat,
2295 3591 2446 3647 ocius
2492 3591 2658 3664 piscis
2688 3607 2753 3647 ex
2786 3602 2930 3649 recte
2980 3592 3248 3651 violenter
3291 3595 3557 3654 eluctatus
3603 3605 3659 3653 In

2069 3686 2271 3741 flumen
2318 3685 2568 3741 elabitur.
2642 3684 2740 3741 llic
2789 3685 3023 3742 rusticus
3075 3687 3427 3744 vehementer
3476 3691 3660 3746 animo

2071 3790 2450 3837 consternatus
2481 3821 2495 3847 ,
2555 3795 2691 3837 voce
2742 3780 3074 3853 lacrymabili
3117 3796 3133 3835 :
3173 3781 3370 3839 Sancta
3398 3825 3412 3849 ,
3462 3783 3656 3854 inquit,

2070 3872 2439 3938 Glodesindis,
2489 3871 2652 3928 redde
2703 3872 2844 3942 quod
2896 3873 2992 3929 tibi
3040 3874 3185 3931 ferre
3231 3875 3492 3946 disposui.
3543 3874 3658 3932 Hoc

2073 3964 2247 4028 dicto,
2283 3979 2470 4019 rursus
2521 3975 2634 4020 rete
2680 3962 2885 4018 flumini
2939 3981 3117 4022 merso
3146 4007 3161 4033 ,
3207 3967 3350 4023 idem
3384 3969 3475 4038 qui
3507 3968 3660 4040 prius

2071 4057 2234 4128 piscis
2280 4057 2462 4127 praeda
2506 4055 2730 4127 fugitiva
2784 4055 3154 4122 concluditur,
3213 4068 3507 4129 votumque
3535 4101 3550 4127 ,
3600 4070 3661 4118 ut

2073 4158 2254 4206 mente
2298 4150 2652 4217 decreverat,
2712 4149 3045 4206 monasterio
3093 4149 3331 4207 delatum
3377 4161 3431 4207 et
3486 4154 3664 4211 reddi-

2072 4251 2208 4297 tum.

2142 4337 2234 4391 25.
2285 4335 2341 4390 In
2390 4335 2667 4392 curatione
2713 4346 3028 4394 vexatorum
3087 4351 3194 4393 non
3244 4339 3438 4395 minori
3486 4341 3661 4413 gratia

2074 4440 2315 4487 sanctam
2349 4429 2490 4486 hanc
2519 4427 2727 4485 meritis
2765 4428 3070 4500 potentibus
3109 4430 3400 4501 praevalere
3429 4432 3661 4504 plurima

2074 4525 2363 4598 prodidere
2384 4522 2718 4596 frequentius
2746 4523 3088 4592 documenta,
3121 4525 3317 4596 quibus
3354 4527 3470 4583 haec
3500 4526 3663 4584 fidem

386 4623 509 4677 dem
540 4621 853 4678 clarissima:
884 4623 1131 4694 virginis,
1163 4632 1219 4678 et
1264 4636 1475 4690 semper
1525 4619 1728 4675 lumine
1757 4618 1974 4675 cetcrni-
1999 4624 2051 4687 ι)
2077 4616 2260 4673 facere
2292 4616 2374 4672 vel
2414 4615 2526 4672 sola
2552 4613 2838 4671 suﬂiciant.

385 4712 515 4768 tatis
541 4711 890 4783 splendentis,
930 4711 1038 4768 luci
1070 4710 1315 4768 videndae
1343 4721 1470 4767 sunt
1500 4711 1755 4767 restituti.

2147 4712 2239 4767 26.
2311 4710 2576 4776 Rustico,
2652 4708 2719 4764 de
2794 4724 2904 4781 quo
2981 4709 3376 4782 praediximus,
3458 4711 3664 4781 piscem

2075 4814 2262 4860 votum
2329 4800 2536 4858 ferente
2598 4809 2652 4856 et
2717 4798 2997 4867 abeunte,
3052 4800 3151 4856 sub
3206 4800 3321 4872 ipso
3372 4799 3488 4856 fere
3540 4800 3667 4856 arti-

386 4895 634 4966 corporis
657 4897 879 4952 crebras
906 4896 1079 4952 factas
1106 4912 1226 4953 esse
1271 4897 1518 4963 virtutes,
1552 4894 1807 4950 absentes
1834 4909 1970 4965 quo-
2077 4897 2198 4955 culo
2246 4896 2504 4966 temporis
2553 4894 2606 4950 in
2662 4892 2781 4948 loco
2837 4893 3028 4948 eodem
3086 4891 3238 4947 faber
3292 4891 3514 4963 quidam
3574 4892 3669 4947 im-

385 5002 495 5058 que
521 4988 736 5043 nomine
764 4988 882 5060 ejus
914 4989 1160 5046 invocato
1207 5004 1304 5061 per
1345 4989 1574 5060 gratiam
1622 4987 1847 5053 Christi,
1880 4986 1971 5056 qui
2077 4995 2390 5066 peratorius
2467 4993 2532 5049 de
2591 4988 2718 5044 villa
2773 4986 2982 5045 Judicio
3035 4985 3229 5059 (352)
3288 4985 3523 5042 advenit.
3569 4984 3672 5040 llic

386 5080 444 5137 in
476 5082 622 5136 omni
649 5091 800 5153 parte
827 5082 1013 5138 mundi
1057 5099 1181 5139 cum
1211 5083 1414 5139 sanctis
1463 5085 1574 5140 suis
1621 5091 1678 5137 et
1707 5091 1891 5139 manet
1919 5090 1974 5138 et
2071 5086 2188 5158 jam
2250 5100 2348 5159 per
2405 5098 2576 5140 annos
2624 5079 2884 5136 undecim.
2925 5079 3165 5151 graviter
3221 5079 3461 5134 daemone
3503 5078 3674 5148 agita«

381 5181 675 5246 operatur,
725 5175 959 5247 plurima
1014 5176 1110 5232 sibi
1158 5175 1395 5232 adfuisse
1439 5192 1660 5234 sensere
1708 5175 1971 5242 subsidia,
2078 5191 2189 5250 ius,
2221 5177 2388 5238 multa
2419 5186 2729 5235 sanctorum
2776 5183 3077 5246 martyrum
3123 5170 3241 5228 loca
3283 5173 3444 5228 etiam
3477 5170 3532 5226 in
3557 5171 3674 5227 lon-

382 5266 534 5340 (ιυσά
562 5265 649 5322 νει
675 5282 741 5325 ει
768 5269 874 5337 his:
905 5284 1025 5341 quae
1054 5269 1182 5327 licet
1230 5271 1424 5343 exigua
1458 5271 1796 5343 subjicimus,
1829 5268 1974 5324 colli-
2077 5273 2368 5348 ginquiora
2411 5269 2655 5328 Francizc
2699 5269 2769 5324 ad
2815 5276 3064 5324 sanctum
3095 5263 3475 5321 Sebastianum
3509 5262 3678 5319 Sues-

386 5357 600 5430 (ιυεὺίιο
2079 5368 2276 5434 sionis,
2303 5363 2460 5435 cujus
2487 5380 2593 5420 non
2618 5359 2785 5418 multo
2817 5371 2944 5416 ante
2973 5360 3112 5416 idem
3143 5356 3402 5430 temporis
3431 5353 3680 5427 reliquis:

432 5453 549 5510 .23.
589 5452 830 5513 Clericus
873 5457 1186 5516 monasterii
1220 5456 1385 5522 ipsius
1415 5459 1585 5515 vicem
1617 5454 1780 5513 oﬂicii
1807 5453 1975 5512 eccle.
2079 5460 2150 5518 ab
2180 5463 2316 5519 urbe
2343 5455 2516 5513 Roma
2545 5454 2671 5512 illuc
2702 5453 3021 5509 dicebantur
3045 5448 3238 5507 delatae
3281 5457 3334 5507 et
3373 5446 3517 5519 apud
3547 5461 3678 5502 san-

459 4803 552 4860 22.
581 4803 780 4860 Parum
809 4814 895 4862 est
919 4805 1065 4861 circa
1099 4803 1440 4882 praesentiam
1471 4802 1588 4873 ejus
1615 4801 1972 4858 sacratissimi
