  <div class='ocr_page' id='page_1' title='image "/cluster/home/n/w/nwhite01/storage/ocr_20150623/137/hvd.32044021286828/121.png"; bbox 0 0 4472 5522; ppageno 0'>
   <div class='ocr_carea' id='block_1_1' title="bbox 843 395 942 457">
    <p class='ocr_par' dir='ltr' id='par_1_1' title="bbox 843 395 942 457">
     <span class='ocr_line' id='line_1_1' title="bbox 843 395 942 457; baseline -0.01 -2"><span class='ocrx_word' id='word_1_1' title='bbox 843 395 942 457; x_wconf 75' lang='lat'><strong>23!</strong></span> 
     </span>
    </p>
   </div>
   <div class='ocr_carea' id='block_1_2' title="bbox 1767 383 3190 447">
    <p class='ocr_par' dir='ltr' id='par_1_2' title="bbox 1767 383 3190 447">
     <span class='ocr_line' id='line_1_2' title="bbox 1767 383 3190 447; baseline -0.004 0"><span class='ocrx_word' id='word_1_2' title='bbox 1767 388 2052 447; x_wconf 81' lang='lat' dir='ltr'><strong>JOANNIS</strong></span> <span class='ocrx_word' id='word_1_3' title='bbox 2088 386 2378 445; x_wconf 83' lang='lat' dir='ltr'><strong>ABBATIS</strong></span> <span class='ocrx_word' id='word_1_4' title='bbox 2417 384 2476 442; x_wconf 91' lang='lat' dir='ltr'><strong>S.</strong></span> <span class='ocrx_word' id='word_1_5' title='bbox 2514 383 2814 443; x_wconf 77' lang='lat' dir='ltr'><strong>ARNULFI</strong></span> <span class='ocrx_word' id='word_1_6' title='bbox 2849 385 3190 443; x_wconf 83' lang='lat' dir='ltr'><strong>METENSIS</strong></span> 
     </span>
    </p>
   </div>
   <div class='ocr_carea' id='block_1_3' title="bbox 3998 379 4109 440">
    <p class='ocr_par' dir='ltr' id='par_1_3' title="bbox 3998 379 4109 440">
     <span class='ocr_line' id='line_1_3' title="bbox 3998 379 4109 440; baseline 0.009 -1"><span class='ocrx_word' id='word_1_7' title='bbox 3998 379 4109 440; x_wconf 72' lang='lat'><strong>252</strong></span> 
     </span>
    </p>
   </div>
   <div class='ocr_carea' id='block_1_4' title="bbox 846 496 4113 579">
    <p class='ocr_par' dir='ltr' id='par_1_4' title="bbox 846 496 4113 579">
     <span class='ocr_line' id='line_1_4' title="bbox 846 496 4113 579; baseline -0.003 -16"><span class='ocrx_word' id='word_1_8' title='bbox 846 510 961 567; x_wconf 83' lang='lat' dir='ltr'><strong>sius</strong></span> <span class='ocrx_word' id='word_1_9' title='bbox 995 505 1177 579; x_wconf 78' lang='lat'><strong>(553),</strong></span> <span class='ocrx_word' id='word_1_10' title='bbox 1218 504 1620 575; x_wconf 87' lang='lat' dir='ltr'><strong>multorumque</strong></span> <span class='ocrx_word' id='word_1_11' title='bbox 1658 512 1921 575; x_wconf 56' lang='lat' dir='ltr'><strong>praeterea</strong></span> <span class='ocrx_word' id='word_1_12' title='bbox 1968 512 2278 559; x_wconf 88' lang='lat' dir='ltr'><strong>sanctorum</strong></span> <span class='ocrx_word' id='word_1_13' title='bbox 2308 517 2423 558; x_wconf 92' lang='lat' dir='ltr'><strong>me-</strong></span> <span class='ocrx_word' id='word_1_14' title='bbox 2454 509 2506 565; x_wconf 78' lang='grc' dir='ltr'><strong>Α</strong></span> <span class='ocrx_word' id='word_1_15' title='bbox 2531 501 2783 556; x_wconf 91' lang='lat' dir='ltr'><strong>mentalia</strong></span> <span class='ocrx_word' id='word_1_16' title='bbox 2809 501 2987 571; x_wconf 80' lang='lat' dir='ltr'><strong>’penes</strong></span> <span class='ocrx_word' id='word_1_17' title='bbox 3028 502 3174 572; x_wconf 90' lang='lat' dir='ltr'><strong>ipsas</strong></span> <span class='ocrx_word' id='word_1_18' title='bbox 3202 499 3426 555; x_wconf 87' lang='lat' dir='ltr'><strong>ancillas</strong></span> <span class='ocrx_word' id='word_1_19' title='bbox 3462 497 3558 554; x_wconf 86' lang='lat' dir='ltr'><strong>Dei</strong></span> <span class='ocrx_word' id='word_1_20' title='bbox 3588 512 3761 569; x_wconf 89' lang='lat' dir='ltr'><strong>usque</strong></span> <span class='ocrx_word' id='word_1_21' title='bbox 3787 496 3949 554; x_wconf 87' lang='lat' dir='ltr'><strong>hodie</strong></span> <span class='ocrx_word' id='word_1_22' title='bbox 3992 513 4113 553; x_wconf 85' lang='lat' dir='ltr'><strong>ma-</strong></span> 
     </span>
    </p>
   </div>
   <div class='ocr_carea' id='block_1_5' title="bbox 847 594 2431 672">
    <p class='ocr_par' dir='ltr' id='par_1_5' title="bbox 847 594 2431 672">
     <span class='ocr_line' id='line_1_5' title="bbox 847 594 2431 672; baseline -0.004 -14"><span class='ocrx_word' id='word_1_23' title='bbox 847 600 1052 658; x_wconf 79' lang='lat' dir='ltr'><strong>morias</strong></span> <span class='ocrx_word' id='word_1_24' title='bbox 1078 614 1175 672; x_wconf 91' lang='lat' dir='ltr'><strong>spe</strong></span> <span class='ocrx_word' id='word_1_25' title='bbox 1200 600 1581 670; x_wconf 68' lang='lat' dir='ltr'><strong>recuperanda:</strong></span> <span class='ocrx_word' id='word_1_26' title='bbox 1603 598 1794 654; x_wconf 91' lang='lat' dir='ltr'><strong>salutis</strong></span> <span class='ocrx_word' id='word_1_27' title='bbox 1837 598 2159 662; x_wconf 87' lang='lat' dir='ltr'><strong>circuierat;</strong></span> <span class='ocrx_word' id='word_1_28' title='bbox 2192 597 2286 652; x_wconf 89' lang='lat' dir='ltr'><strong>sed</strong></span> <span class='ocrx_word' id='word_1_29' title='bbox 2314 594 2431 664; x_wconf 86' lang='lat' dir='ltr'><strong>ejus</strong></span> 
     </span>
    </p>
   </div>
   <div class='ocr_carea' id='block_1_6' title="bbox 847 689 2430 763">
    <p class='ocr_par' dir='ltr' id='par_1_6' title="bbox 847 689 2430 763">
     <span class='ocr_line' id='line_1_6' title="bbox 847 689 2430 763; baseline -0.004 -14"><span class='ocrx_word' id='word_1_30' title='bbox 847 691 1059 749; x_wconf 86' lang='lat' dir='ltr'><strong>curatio</strong></span> <span class='ocrx_word' id='word_1_31' title='bbox 1086 691 1270 747; x_wconf 88' lang='lat' dir='ltr'><strong>divino</strong></span> <span class='ocrx_word' id='word_1_32' title='bbox 1297 692 1531 763; x_wconf 88' lang='lat' dir='ltr'><strong>quodam</strong></span> <span class='ocrx_word' id='word_1_33' title='bbox 1554 706 1775 757; x_wconf 89' lang='lat' dir='ltr'><strong>arcano,</strong></span> <span class='ocrx_word' id='word_1_34' title='bbox 1804 706 1909 745; x_wconf 89' lang='lat' dir='ltr'><strong>non</strong></span> <span class='ocrx_word' id='word_1_35' title='bbox 1938 706 2034 761; x_wconf 92' lang='lat' dir='ltr'><strong>per</strong></span> <span class='ocrx_word' id='word_1_36' title='bbox 2057 689 2430 758; x_wconf 72' lang='lat' dir='ltr'><strong>impotentiam</strong></span> 
     </span>
    </p>
   </div>
   <div class='ocr_carea' id='block_1_7' title="bbox 847 780 2428 850">
    <p class='ocr_par' dir='ltr' id='par_1_7' title="bbox 847 780 2428 850">
     <span class='ocr_line' id='line_1_7' title="bbox 847 780 2428 850; baseline -0.005 -8"><span class='ocrx_word' id='word_1_37' title='bbox 847 794 1166 842; x_wconf 87' lang='lat' dir='ltr'><strong>sanctorum</strong></span> <span class='ocrx_word' id='word_1_38' title='bbox 1206 783 1579 850; x_wconf 75' lang='lat' dir='ltr'><strong>differebatur,</strong></span> <span class='ocrx_word' id='word_1_39' title='bbox 1629 783 1725 840; x_wconf 89' lang='lat' dir='ltr'><strong>sed</strong></span> <span class='ocrx_word' id='word_1_40' title='bbox 1772 783 1897 837; x_wconf 83' lang='lat' dir='ltr'><strong>huic</strong></span> <span class='ocrx_word' id='word_1_41' title='bbox 1944 790 2148 837; x_wconf 72' lang='lat' dir='ltr'><strong>sanctae</strong></span> <span class='ocrx_word' id='word_1_42' title='bbox 2199 780 2428 850; x_wconf 80' lang='lat' dir='ltr'><strong>virgini,</strong></span> 
     </span>
    </p>
   </div>
   <div class='ocr_carea' id='block_1_8' title="bbox 848 872 2430 950">
    <p class='ocr_par' dir='ltr' id='par_1_8' title="bbox 848 872 2430 950">
     <span class='ocr_line' id='line_1_8' title="bbox 848 872 2430 950; baseline -0.006 -15"><span class='ocrx_word' id='word_1_43' title='bbox 848 892 974 935; x_wconf 89' lang='lat' dir='ltr'><strong>cum</strong></span> <span class='ocrx_word' id='word_1_44' title='bbox 999 893 1107 950; x_wconf 90' lang='lat' dir='ltr'><strong>qua</strong></span> <span class='ocrx_word' id='word_1_45' title='bbox 1131 892 1325 933; x_wconf 89' lang='lat' dir='ltr'><strong>manus</strong></span> <span class='ocrx_word' id='word_1_46' title='bbox 1348 875 1565 932; x_wconf 87' lang='lat' dir='ltr'><strong>Domini</strong></span> <span class='ocrx_word' id='word_1_47' title='bbox 1610 884 1722 931; x_wconf 88' lang='lat' dir='ltr'><strong>tam</strong></span> <span class='ocrx_word' id='word_1_48' title='bbox 1762 872 2055 931; x_wconf 73' lang='lat' dir='ltr'><strong>efﬁcaciter</strong></span> <span class='ocrx_word' id='word_1_49' title='bbox 2082 873 2430 942; x_wconf 77' lang='lat' dir='ltr'><strong>operabatur,</strong></span> 
     </span>
    </p>
   </div>
   <div class='ocr_carea' id='block_1_9' title="bbox 849 964 2436 1038">
    <p class='ocr_par' dir='ltr' id='par_1_9' title="bbox 849 964 2436 1038">
     <span class='ocr_line' id='line_1_9' title="bbox 849 964 2436 1038; baseline -0.004 -12"><span class='ocrx_word' id='word_1_50' title='bbox 849 970 1155 1026; x_wconf 76' lang='lat' dir='ltr'><strong>certissime</strong></span> <span class='ocrx_word' id='word_1_51' title='bbox 1180 977 1263 1025; x_wconf 88' lang='lat' dir='ltr'><strong>est</strong></span> <span class='ocrx_word' id='word_1_52' title='bbox 1291 976 1589 1025; x_wconf 87' lang='lat' dir='ltr'><strong>reservata.</strong></span> <span class='ocrx_word' id='word_1_53' title='bbox 1618 966 1756 1037; x_wconf 81' lang='lat' dir='ltr'><strong>Huic</strong></span> <span class='ocrx_word' id='word_1_54' title='bbox 1784 980 2001 1038; x_wconf 90' lang='lat' dir='ltr'><strong>quoque</strong></span> <span class='ocrx_word' id='word_1_55' title='bbox 2041 964 2278 1021; x_wconf 85' lang='lat' dir='ltr'><strong>carnalis</strong></span> <span class='ocrx_word' id='word_1_56' title='bbox 2321 980 2436 1019; x_wconf 89' lang='lat' dir='ltr'><strong>me-</strong></span> 
     </span>
    </p>
   </div>
   <div class='ocr_carea' id='block_1_10' title="bbox 847 1059 2430 1129">
    <p class='ocr_par' dir='ltr' id='par_1_10' title="bbox 847 1059 2430 1129">
     <span class='ocr_line' id='line_1_10' title="bbox 847 1059 2430 1129; baseline -0.003 -13"><span class='ocrx_word' id='word_1_57' title='bbox 847 1060 1042 1117; x_wconf 70' lang='lat' dir='ltr'><strong>dicinae</strong></span> <span class='ocrx_word' id='word_1_58' title='bbox 1088 1060 1389 1127; x_wconf 87' lang='lat' dir='ltr'><strong>industria,</strong></span> <span class='ocrx_word' id='word_1_59' title='bbox 1438 1059 1485 1116; x_wconf 89' lang='lat' dir='ltr'><strong>si</strong></span> <span class='ocrx_word' id='word_1_60' title='bbox 1534 1074 1640 1129; x_wconf 92' lang='lat' dir='ltr'><strong>qua</strong></span> <span class='ocrx_word' id='word_1_61' title='bbox 1686 1067 1873 1128; x_wconf 83' lang='lat' dir='ltr'><strong>posset</strong></span> <span class='ocrx_word' id='word_1_62' title='bbox 1923 1065 2039 1113; x_wconf 89' lang='lat' dir='ltr'><strong>arte</strong></span> <span class='ocrx_word' id='word_1_63' title='bbox 2091 1071 2430 1122; x_wconf 90' lang='lat' dir='ltr'><strong>succurrere,</strong></span> 
     </span>
    </p>
   </div>
   <div class='ocr_carea' id='block_1_11' title="bbox 845 1148 2433 1218">
    <p class='ocr_par' dir='ltr' id='par_1_11' title="bbox 845 1148 2433 1218">
     <span class='ocr_line' id='line_1_11' title="bbox 845 1148 2433 1218; baseline -0.002 -12"><span class='ocrx_word' id='word_1_64' title='bbox 845 1148 1017 1206; x_wconf 88' lang='lat' dir='ltr'><strong>multa</strong></span> <span class='ocrx_word' id='word_1_65' title='bbox 1059 1166 1200 1208; x_wconf 88' lang='lat' dir='ltr'><strong>vane</strong></span> <span class='ocrx_word' id='word_1_66' title='bbox 1242 1150 1483 1207; x_wconf 89' lang='lat' dir='ltr'><strong>remedia</strong></span> <span class='ocrx_word' id='word_1_67' title='bbox 1528 1150 1787 1206; x_wconf 90' lang='lat' dir='ltr'><strong>adhibere</strong></span> <span class='ocrx_word' id='word_1_68' title='bbox 1829 1158 2023 1205; x_wconf 86' lang='lat' dir='ltr'><strong>conata</strong></span> <span class='ocrx_word' id='word_1_69' title='bbox 2063 1158 2161 1212; x_wconf 90' lang='lat' dir='ltr'><strong>est,</strong></span> <span class='ocrx_word' id='word_1_70' title='bbox 2192 1148 2433 1218; x_wconf 81' lang='lat' dir='ltr'><strong>nihilque</strong></span> 
     </span>
    </p>
   </div>
   <div class='ocr_carea' id='block_1_12' title="bbox 845 1240 2433 1315">
    <p class='ocr_par' dir='ltr' id='par_1_12' title="bbox 845 1240 2433 1315">
     <span class='ocr_line' id='line_1_12' title="bbox 845 1240 2433 1315; baseline -0.003 -16"><span class='ocrx_word' id='word_1_71' title='bbox 845 1242 966 1315; x_wconf 85' lang='lat' dir='ltr'><strong>Opis</strong></span> <span class='ocrx_word' id='word_1_72' title='bbox 1016 1258 1241 1314; x_wconf 85' lang='lat' dir='ltr'><strong>prorsus</strong></span> <span class='ocrx_word' id='word_1_73' title='bbox 1300 1242 1579 1300; x_wconf 90' lang='lat' dir='ltr'><strong>attulerat.</strong></span> <span class='ocrx_word' id='word_1_74' title='bbox 1638 1241 1881 1297; x_wconf 87' lang='lat' dir='ltr'><strong>Tandem</strong></span> <span class='ocrx_word' id='word_1_75' title='bbox 1930 1240 2190 1296; x_wconf 91' lang='lat' dir='ltr'><strong>Dominus</strong></span> <span class='ocrx_word' id='word_1_76' title='bbox 2243 1240 2433 1295; x_wconf 91' lang='lat' dir='ltr'><strong>volens</strong></span> 
     </span>
    </p>
   </div>
   <div class='ocr_carea' id='block_1_13' title="bbox 848 1329 2434 1404">
    <p class='ocr_par' dir='ltr' id='par_1_13' title="bbox 848 1329 2434 1404">
     <span class='ocr_line' id='line_1_13' title="bbox 848 1329 2434 1404; baseline -0.004 -15"><span class='ocrx_word' id='word_1_77' title='bbox 848 1333 1090 1404; x_wconf 88' lang='lat' dir='ltr'><strong>apertius</strong></span> <span class='ocrx_word' id='word_1_78' title='bbox 1130 1334 1509 1390; x_wconf 90' lang='lat' dir='ltr'><strong>demonstrare</strong></span> <span class='ocrx_word' id='word_1_79' title='bbox 1563 1331 1767 1387; x_wconf 77' lang='lat' dir='ltr'><strong>frustra</strong></span> <span class='ocrx_word' id='word_1_80' title='bbox 1793 1347 1917 1387; x_wconf 91' lang='lat' dir='ltr'><strong>eum</strong></span> <span class='ocrx_word' id='word_1_81' title='bbox 1952 1339 2030 1386; x_wconf 93' lang='lat' dir='ltr'><strong>tot</strong></span> <span class='ocrx_word' id='word_1_82' title='bbox 2059 1331 2113 1385; x_wconf 93' lang='lat' dir='ltr'><strong>in</strong></span> <span class='ocrx_word' id='word_1_83' title='bbox 2141 1329 2434 1399; x_wconf 88' lang='lat' dir='ltr'><strong>longinqua</strong></span> 
     </span>
    </p>
   </div>
   <div class='ocr_carea' id='block_1_14' title="bbox 846 1420 2435 1494">
    <p class='ocr_par' dir='ltr' id='par_1_14' title="bbox 846 1420 2435 1494">
     <span class='ocr_line' id='line_1_14' title="bbox 846 1420 2435 1494; baseline -0.003 -14"><span class='ocrx_word' id='word_1_84' title='bbox 846 1423 1011 1482; x_wconf 84' lang='lat' dir='ltr'><strong>toties</strong></span> <span class='ocrx_word' id='word_1_85' title='bbox 1043 1424 1316 1494; x_wconf 79' lang='lat' dir='ltr'><strong>expetisse</strong></span> <span class='ocrx_word' id='word_1_86' title='bbox 1357 1423 1599 1479; x_wconf 90' lang='lat' dir='ltr'><strong>subsidia</strong></span> <span class='ocrx_word' id='word_1_87' title='bbox 1618 1463 1635 1489; x_wconf 91' lang='lat'><strong>,</strong></span> <span class='ocrx_word' id='word_1_88' title='bbox 1664 1438 1786 1478; x_wconf 91' lang='lat' dir='ltr'><strong>cum</strong></span> <span class='ocrx_word' id='word_1_89' title='bbox 1813 1423 1879 1478; x_wconf 95' lang='lat' dir='ltr'><strong>de</strong></span> <span class='ocrx_word' id='word_1_90' title='bbox 1906 1422 2155 1493; x_wconf 77' lang='lat' dir='ltr'><strong>proximo</strong></span> <span class='ocrx_word' id='word_1_91' title='bbox 2200 1420 2435 1475; x_wconf 80' lang='lat' dir='ltr'><strong>velocior</strong></span> 
     </span>
    </p>
   </div>
   <div class='ocr_carea' id='block_1_15' title="bbox 848 1512 2433 1584">
    <p class='ocr_par' dir='ltr' id='par_1_15' title="bbox 848 1512 2433 1584">
     <span class='ocr_line' id='line_1_15' title="bbox 848 1512 2433 1584; baseline -0.002 -15"><span class='ocrx_word' id='word_1_92' title='bbox 848 1512 899 1569; x_wconf 90' lang='lat' dir='ltr'><strong>ei</strong></span> <span class='ocrx_word' id='word_1_93' title='bbox 927 1513 1076 1570; x_wconf 90' lang='lat' dir='ltr'><strong>salus</strong></span> <span class='ocrx_word' id='word_1_94' title='bbox 1104 1522 1289 1584; x_wconf 91' lang='lat' dir='ltr'><strong>posset</strong></span> <span class='ocrx_word' id='word_1_95' title='bbox 1317 1529 1628 1579; x_wconf 91' lang='lat' dir='ltr'><strong>occurrere,</strong></span> <span class='ocrx_word' id='word_1_96' title='bbox 1652 1521 1714 1567; x_wconf 92' lang='lat' dir='ltr'><strong>ut</strong></span> <span class='ocrx_word' id='word_1_97' title='bbox 1744 1513 1810 1568; x_wconf 91' lang='lat' dir='ltr'><strong>de</strong></span> <span class='ocrx_word' id='word_1_98' title='bbox 1846 1512 2232 1568; x_wconf 89' lang='lat' dir='ltr'><strong>miraculorum</strong></span> <span class='ocrx_word' id='word_1_99' title='bbox 2257 1521 2433 1578; x_wconf 89' lang='lat' dir='ltr'><strong>tanta,</strong></span> 
     </span>
    </p>
   </div>
   <div class='ocr_carea' id='block_1_16' title="bbox 843 1602 2437 1678">
    <p class='ocr_par' dir='ltr' id='par_1_16' title="bbox 843 1602 2437 1678">
     <span class='ocr_line' id='line_1_16' title="bbox 843 1602 2437 1678; baseline -0.003 -17"><span class='ocrx_word' id='word_1_100' title='bbox 843 1620 967 1677; x_wconf 67' lang='lat' dir='ltr'><strong>qua:</strong></span> <span class='ocrx_word' id='word_1_101' title='bbox 997 1607 1063 1662; x_wconf 91' lang='lat' dir='ltr'><strong>ad</strong></span> <span class='ocrx_word' id='word_1_102' title='bbox 1095 1605 1401 1678; x_wconf 89' lang='lat' dir='ltr'><strong>sepulcrum</strong></span> <span class='ocrx_word' id='word_1_103' title='bbox 1430 1605 1885 1661; x_wconf 80' lang='lat' dir='ltr'><strong>reverentissima:</strong></span> <span class='ocrx_word' id='word_1_104' title='bbox 1904 1603 2130 1675; x_wconf 82' lang='lat' dir='ltr'><strong>virginis</strong></span> <span class='ocrx_word' id='word_1_105' title='bbox 2152 1602 2437 1658; x_wconf 89' lang='lat' dir='ltr'><strong>Glodesin-</strong></span> 
     </span>
    </p>
   </div>
   <div class='ocr_carea' id='block_1_17' title="bbox 847 1694 2434 1767">
    <p class='ocr_par' dir='ltr' id='par_1_17' title="bbox 847 1694 2434 1767">
     <span class='ocr_line' id='line_1_17' title="bbox 847 1694 2434 1767; baseline -0.005 -11"><span class='ocrx_word' id='word_1_106' title='bbox 847 1699 935 1756; x_wconf 89' lang='lat' dir='ltr'><strong>dis</strong></span> <span class='ocrx_word' id='word_1_107' title='bbox 962 1699 1198 1763; x_wconf 83' lang='lat' dir='ltr'><strong>fiebant,</strong></span> <span class='ocrx_word' id='word_1_108' title='bbox 1232 1698 1438 1753; x_wconf 85' lang='lat' dir='ltr'><strong>audivit</strong></span> <span class='ocrx_word' id='word_1_109' title='bbox 1482 1696 1806 1767; x_wconf 81' lang='lat' dir='ltr'><strong>frequentia,</strong></span> <span class='ocrx_word' id='word_1_110' title='bbox 1835 1696 2017 1751; x_wconf 84' lang='lat' dir='ltr'><strong>Mettis</strong></span> <span class='ocrx_word' id='word_1_111' title='bbox 2054 1710 2219 1765; x_wconf 90' lang='lat' dir='ltr'><strong>quam</strong></span> <span class='ocrx_word' id='word_1_112' title='bbox 2267 1694 2434 1749; x_wconf 87' lang='lat' dir='ltr'><strong>celer-</strong></span> 
     </span>
    </p>
   </div>
   <div class='ocr_carea' id='block_1_18' title="bbox 848 1785 2433 1859">
    <p class='ocr_par' dir='ltr' id='par_1_18' title="bbox 848 1785 2433 1859">
     <span class='ocr_line' id='line_1_18' title="bbox 848 1785 2433 1859; baseline -0.004 -14"><span class='ocrx_word' id='word_1_113' title='bbox 848 1788 989 1845; x_wconf 88' lang='lat' dir='ltr'><strong>rime</strong></span> <span class='ocrx_word' id='word_1_114' title='bbox 1015 1789 1211 1859; x_wconf 89' lang='lat' dir='ltr'><strong>potuit,</strong></span> <span class='ocrx_word' id='word_1_115' title='bbox 1238 1788 1509 1858; x_wconf 88' lang='lat' dir='ltr'><strong>pervenit,</strong></span> <span class='ocrx_word' id='word_1_116' title='bbox 1549 1797 1710 1857; x_wconf 89' lang='lat' dir='ltr'><strong>atque</strong></span> <span class='ocrx_word' id='word_1_117' title='bbox 1737 1786 2016 1841; x_wconf 84' lang='lat' dir='ltr'><strong>basilicam</strong></span> <span class='ocrx_word' id='word_1_118' title='bbox 2062 1785 2234 1840; x_wconf 85' lang='lat' dir='ltr'><strong>beatae</strong></span> <span class='ocrx_word' id='word_1_119' title='bbox 2266 1786 2433 1856; x_wconf 80' lang='lat' dir='ltr'><strong>virgi-</strong></span> 
     </span>
    </p>
   </div>
   <div class='ocr_carea' id='block_1_19' title="bbox 2532 589 4108 664">
    <p class='ocr_par' dir='ltr' id='par_1_19' title="bbox 2532 589 4108 664">
     <span class='ocr_line' id='line_1_19' title="bbox 2532 589 4108 664; baseline 0.001 -19"><span class='ocrx_word' id='word_1_120' title='bbox 2532 601 2683 658; x_wconf 90' lang='lat' dir='ltr'><strong>nent,</strong></span> <span class='ocrx_word' id='word_1_121' title='bbox 2728 610 2847 663; x_wconf 64' lang='lat' dir='ltr'><strong>qua:</strong></span> <span class='ocrx_word' id='word_1_122' title='bbox 2881 610 3041 649; x_wconf 91' lang='lat' dir='ltr'><strong>suasu</strong></span> <span class='ocrx_word' id='word_1_123' title='bbox 3084 592 3329 664; x_wconf 76' lang='lat' dir='ltr'><strong>conjugis</strong></span> <span class='ocrx_word' id='word_1_124' title='bbox 3372 608 3481 647; x_wconf 77' lang='lat' dir='ltr'><strong>sua:</strong></span> <span class='ocrx_word' id='word_1_125' title='bbox 3522 589 3841 659; x_wconf 67' lang='lat' dir='ltr'><strong>Teutbergaa</strong></span> <span class='ocrx_word' id='word_1_126' title='bbox 3870 591 4108 661; x_wconf 69' lang='lat' dir='ltr'><strong>reginte,</strong></span> 
     </span>
    </p>
   </div>
   <div class='ocr_carea' id='block_1_20' title="bbox 2533 687 4116 758">
    <p class='ocr_par' dir='ltr' id='par_1_20' title="bbox 2533 687 4116 758">
     <span class='ocr_line' id='line_1_20' title="bbox 2533 687 4116 758; baseline -0.001 -15"><span class='ocrx_word' id='word_1_127' title='bbox 2533 687 2926 745; x_wconf 88' lang='lat' dir='ltr'><strong>interveniente</strong></span> <span class='ocrx_word' id='word_1_128' title='bbox 2968 690 3159 745; x_wconf 88' lang='lat' dir='ltr'><strong>eodem</strong></span> <span class='ocrx_word' id='word_1_129' title='bbox 3205 689 3471 745; x_wconf 83' lang='lat' dir='ltr'><strong>Adventio</strong></span> <span class='ocrx_word' id='word_1_130' title='bbox 3518 688 3794 758; x_wconf 89' lang='lat' dir='ltr'><strong>episcopo,</strong></span> <span class='ocrx_word' id='word_1_131' title='bbox 3843 687 3926 742; x_wconf 89' lang='lat' dir='ltr'><strong>eis</strong></span> <span class='ocrx_word' id='word_1_132' title='bbox 3957 694 4013 742; x_wconf 94' lang='lat' dir='ltr'><strong>et</strong></span> <span class='ocrx_word' id='word_1_133' title='bbox 4046 687 4116 742; x_wconf 91' lang='lat' dir='ltr'><strong>de</strong></span> 
     </span>
    </p>
   </div>
   <div class='ocr_carea' id='block_1_21' title="bbox 2532 778 4115 851">
    <p class='ocr_par' dir='ltr' id='par_1_21' title="bbox 2532 778 4115 851">
     <span class='ocr_line' id='line_1_21' title="bbox 2532 778 4115 851; baseline -0.001 -17"><span class='ocrx_word' id='word_1_134' title='bbox 2532 781 2744 836; x_wconf 89' lang='lat' dir='ltr'><strong>noviter</strong></span> <span class='ocrx_word' id='word_1_135' title='bbox 2773 779 2949 847; x_wconf 89' lang='lat' dir='ltr'><strong>datis,</strong></span> <span class='ocrx_word' id='word_1_136' title='bbox 2995 791 3049 837; x_wconf 91' lang='lat' dir='ltr'><strong>et</strong></span> <span class='ocrx_word' id='word_1_137' title='bbox 3100 781 3167 836; x_wconf 91' lang='lat' dir='ltr'><strong>de</strong></span> <span class='ocrx_word' id='word_1_138' title='bbox 3214 780 3608 851; x_wconf 88' lang='lat' dir='ltr'><strong>antiquioribus</strong></span> <span class='ocrx_word' id='word_1_139' title='bbox 3657 778 3946 845; x_wconf 88' lang='lat' dir='ltr'><strong>restitutis,</strong></span> <span class='ocrx_word' id='word_1_140' title='bbox 3999 778 4115 834; x_wconf 87' lang='lat' dir='ltr'><strong>sive</strong></span> 
     </span>
    </p>
   </div>
   <div class='ocr_carea' id='block_1_22' title="bbox 2537 869 4114 943">
    <p class='ocr_par' dir='ltr' id='par_1_22' title="bbox 2537 869 4114 943">
     <span class='ocr_line' id='line_1_22' title="bbox 2537 869 4114 943; baseline -0.001 -18"><span class='ocrx_word' id='word_1_141' title='bbox 2537 872 2703 926; x_wconf 89' lang='lat' dir='ltr'><strong>etiam</strong></span> <span class='ocrx_word' id='word_1_142' title='bbox 2752 872 2817 928; x_wconf 91' lang='lat' dir='ltr'><strong>de</strong></span> <span class='ocrx_word' id='word_1_143' title='bbox 2857 872 3287 928; x_wconf 88' lang='lat' dir='ltr'><strong>immunitatibus</strong></span> <span class='ocrx_word' id='word_1_144' title='bbox 3333 872 3571 943; x_wconf 86' lang='lat' dir='ltr'><strong>ejusdem</strong></span> <span class='ocrx_word' id='word_1_145' title='bbox 3621 870 3934 926; x_wconf 89' lang='lat' dir='ltr'><strong>monasterii</strong></span> <span class='ocrx_word' id='word_1_146' title='bbox 3966 869 4114 942; x_wconf 87' lang='lat' dir='ltr'><strong>regia</strong></span> 
     </span>
    </p>
   </div>
   <div class='ocr_carea' id='block_1_23' title="bbox 2534 962 4118 1021">
    <p class='ocr_par' dir='ltr' id='par_1_23' title="bbox 2534 962 4118 1021">
     <span class='ocr_line' id='line_1_23' title="bbox 2534 962 4118 1021; baseline -0.002 -2"><span class='ocrx_word' id='word_1_147' title='bbox 2534 966 2865 1021; x_wconf 89' lang='lat' dir='ltr'><strong>auctoritate</strong></span> <span class='ocrx_word' id='word_1_148' title='bbox 2890 974 3145 1021; x_wconf 90' lang='lat' dir='ltr'><strong>constant</strong></span> <span class='ocrx_word' id='word_1_149' title='bbox 3172 965 3549 1021; x_wconf 89' lang='lat' dir='ltr'><strong>liberalissime</strong></span> <span class='ocrx_word' id='word_1_150' title='bbox 3580 964 3862 1020; x_wconf 85' lang='lat' dir='ltr'><strong>attributa.</strong></span> <span class='ocrx_word' id='word_1_151' title='bbox 3897 962 4029 1018; x_wconf 87' lang='lat' dir='ltr'><strong>Nam</strong></span> <span class='ocrx_word' id='word_1_152' title='bbox 4060 972 4118 1017; x_wconf 91' lang='lat' dir='ltr'><strong>et</strong></span> 
     </span>
    </p>
   </div>
   <div class='ocr_carea' id='block_1_24' title="bbox 2534 1056 4115 1132">
    <p class='ocr_par' dir='ltr' id='par_1_24' title="bbox 2534 1056 4115 1132">
     <span class='ocr_line' id='line_1_24' title="bbox 2534 1056 4115 1132; baseline -0.003 -17"><span class='ocrx_word' id='word_1_153' title='bbox 2534 1059 2649 1131; x_wconf 90' lang='lat' dir='ltr'><strong>ipsa</strong></span> <span class='ocrx_word' id='word_1_154' title='bbox 2678 1060 2980 1132; x_wconf 88' lang='lat' dir='ltr'><strong>Teutherga</strong></span> <span class='ocrx_word' id='word_1_155' title='bbox 3008 1060 3189 1130; x_wconf 79' lang='lat' dir='ltr'><strong>regina</strong></span> <span class='ocrx_word' id='word_1_156' title='bbox 3218 1057 3318 1113; x_wconf 90' lang='lat' dir='ltr'><strong>loci</strong></span> <span class='ocrx_word' id='word_1_157' title='bbox 3346 1056 3513 1127; x_wconf 90' lang='lat' dir='ltr'><strong>ipsius</strong></span> <span class='ocrx_word' id='word_1_158' title='bbox 3536 1056 3775 1126; x_wconf 89' lang='lat' dir='ltr'><strong>regimen</strong></span> <span class='ocrx_word' id='word_1_159' title='bbox 3808 1064 3937 1110; x_wconf 93' lang='lat' dir='ltr'><strong>tunc</strong></span> <span class='ocrx_word' id='word_1_160' title='bbox 3960 1062 4115 1110; x_wconf 88' lang='lat' dir='ltr'><strong>tene-</strong></span> 
     </span>
    </p>
   </div>
   <div class='ocr_carea' id='block_1_25' title="bbox 2543 1147 4117 1225">
    <p class='ocr_par' dir='ltr' id='par_1_25' title="bbox 2543 1147 4117 1225">
     <span class='ocr_line' id='line_1_25' title="bbox 2543 1147 4117 1225; baseline -0.003 -18"><span class='ocrx_word' id='word_1_161' title='bbox 2543 1152 2657 1219; x_wconf 88' lang='lat' dir='ltr'><strong>bat,</strong></span> <span class='ocrx_word' id='word_1_162' title='bbox 2695 1170 2815 1225; x_wconf 77' lang='lat' dir='ltr'><strong>quae</strong></span> <span class='ocrx_word' id='word_1_163' title='bbox 2836 1154 2999 1209; x_wconf 91' lang='lat' dir='ltr'><strong>etiam</strong></span> <span class='ocrx_word' id='word_1_164' title='bbox 3033 1152 3106 1206; x_wconf 91' lang='lat' dir='ltr'><strong>ibi</strong></span> <span class='ocrx_word' id='word_1_165' title='bbox 3140 1150 3399 1221; x_wconf 90' lang='lat' dir='ltr'><strong>quiescit;</strong></span> <span class='ocrx_word' id='word_1_166' title='bbox 3432 1150 3525 1205; x_wconf 90' lang='lat' dir='ltr'><strong>sed</strong></span> <span class='ocrx_word' id='word_1_167' title='bbox 3553 1158 3608 1205; x_wconf 91' lang='lat' dir='ltr'><strong>et</strong></span> <span class='ocrx_word' id='word_1_168' title='bbox 3633 1150 3754 1219; x_wconf 88' lang='lat' dir='ltr'><strong>quis</strong></span> <span class='ocrx_word' id='word_1_169' title='bbox 3788 1148 3890 1204; x_wconf 92' lang='lat' dir='ltr'><strong>iste</strong></span> <span class='ocrx_word' id='word_1_170' title='bbox 3916 1147 4117 1204; x_wconf 85' lang='lat' dir='ltr'><strong>Lotha-</strong></span> 
     </span>
    </p>
   </div>
   <div class='ocr_carea' id='block_1_26' title="bbox 2538 1240 4119 1311">
    <p class='ocr_par' dir='ltr' id='par_1_26' title="bbox 2538 1240 4119 1311">
     <span class='ocr_line' id='line_1_26' title="bbox 2538 1240 4119 1311; baseline -0.002 -14"><span class='ocrx_word' id='word_1_171' title='bbox 2538 1242 2653 1298; x_wconf 90' lang='lat' dir='ltr'><strong>rius</strong></span> <span class='ocrx_word' id='word_1_172' title='bbox 2685 1243 2871 1308; x_wconf 89' lang='lat' dir='ltr'><strong>fuerit,</strong></span> <span class='ocrx_word' id='word_1_173' title='bbox 2901 1252 2953 1298; x_wconf 92' lang='lat' dir='ltr'><strong>et</strong></span> <span class='ocrx_word' id='word_1_174' title='bbox 2986 1259 3052 1299; x_wconf 82' lang='lat' dir='ltr'><strong>ex</strong></span> <span class='ocrx_word' id='word_1_175' title='bbox 3082 1243 3370 1298; x_wconf 91' lang='lat' dir='ltr'><strong>occasione</strong></span> <span class='ocrx_word' id='word_1_176' title='bbox 3394 1240 3510 1311; x_wconf 88' lang='lat' dir='ltr'><strong>ejus</strong></span> <span class='ocrx_word' id='word_1_177' title='bbox 3554 1240 3734 1310; x_wconf 90' lang='lat' dir='ltr'><strong>aliqua</strong></span> <span class='ocrx_word' id='word_1_178' title='bbox 3769 1255 3929 1310; x_wconf 89' lang='lat' dir='ltr'><strong>supra</strong></span> <span class='ocrx_word' id='word_1_179' title='bbox 3959 1254 4119 1309; x_wconf 88' lang='lat' dir='ltr'><strong>repe-</strong></span> 
     </span>
    </p>
   </div>
   <div class='ocr_carea' id='block_1_27' title="bbox 2534 1331 4117 1406">
    <p class='ocr_par' dir='ltr' id='par_1_27' title="bbox 2534 1331 4117 1406">
     <span class='ocr_line' id='line_1_27' title="bbox 2534 1331 4117 1406; baseline -0.003 -17"><span class='ocrx_word' id='word_1_180' title='bbox 2534 1341 2652 1389; x_wconf 90' lang='lat' dir='ltr'><strong>tere</strong></span> <span class='ocrx_word' id='word_1_181' title='bbox 2683 1350 2788 1389; x_wconf 88' lang='lat' dir='ltr'><strong>non</strong></span> <span class='ocrx_word' id='word_1_182' title='bbox 2821 1335 3092 1406; x_wconf 90' lang='lat' dir='ltr'><strong>ingratum</strong></span> <span class='ocrx_word' id='word_1_183' title='bbox 3139 1348 3262 1388; x_wconf 90' lang='lat' dir='ltr'><strong>esse</strong></span> <span class='ocrx_word' id='word_1_184' title='bbox 3307 1331 3497 1387; x_wconf 91' lang='lat' dir='ltr'><strong>lectori</strong></span> <span class='ocrx_word' id='word_1_185' title='bbox 3547 1332 3893 1398; x_wconf 88' lang='lat' dir='ltr'><strong>arbitramur,</strong></span> <span class='ocrx_word' id='word_1_186' title='bbox 3944 1338 4004 1385; x_wconf 94' lang='lat' dir='ltr'><strong>ut</strong></span> <span class='ocrx_word' id='word_1_187' title='bbox 4046 1344 4117 1385; x_wconf 80' lang='lat' dir='ltr'><strong>ex</strong></span> 
     </span>
    </p>
   </div>
   <div class='ocr_carea' id='block_1_28' title="bbox 2534 1423 4121 1493">
    <p class='ocr_par' dir='ltr' id='par_1_28' title="bbox 2534 1423 4121 1493">
     <span class='ocr_line' id='line_1_28' title="bbox 2534 1423 4121 1493; baseline -0.001 -15"><span class='ocrx_word' id='word_1_188' title='bbox 2534 1424 2723 1478; x_wconf 90' lang='lat' dir='ltr'><strong>notitia</strong></span> <span class='ocrx_word' id='word_1_189' title='bbox 2761 1432 3065 1493; x_wconf 89' lang='lat' dir='ltr'><strong>temporum</strong></span> <span class='ocrx_word' id='word_1_190' title='bbox 3105 1424 3394 1479; x_wconf 88' lang='lat' dir='ltr'><strong>validiores</strong></span> <span class='ocrx_word' id='word_1_191' title='bbox 3425 1423 3722 1479; x_wconf 87' lang='lat' dir='ltr'><strong>narrationi</strong></span> <span class='ocrx_word' id='word_1_192' title='bbox 3755 1423 3900 1477; x_wconf 92' lang='lat' dir='ltr'><strong>vires</strong></span> <span class='ocrx_word' id='word_1_193' title='bbox 3930 1436 4121 1477; x_wconf 84' lang='lat' dir='ltr'><strong>accre-</strong></span> 
     </span>
    </p>
   </div>
   <div class='ocr_carea' id='block_1_29' title="bbox 2534 1512 4115 1585">
    <p class='ocr_par' dir='ltr' id='par_1_29' title="bbox 2534 1512 4115 1585">
     <span class='ocr_line' id='line_1_29' title="bbox 2534 1512 4115 1585; baseline 0 -16"><span class='ocrx_word' id='word_1_194' title='bbox 2534 1524 2707 1570; x_wconf 89' lang='lat' dir='ltr'><strong>scant.</strong></span> <span class='ocrx_word' id='word_1_195' title='bbox 2738 1514 2837 1570; x_wconf 86' lang='lat' dir='ltr'><strong>Hic</strong></span> <span class='ocrx_word' id='word_1_196' title='bbox 2862 1526 2946 1572; x_wconf 90' lang='lat' dir='ltr'><strong>est</strong></span> <span class='ocrx_word' id='word_1_197' title='bbox 2972 1515 3263 1570; x_wconf 88' lang='lat' dir='ltr'><strong>Lotharius</strong></span> <span class='ocrx_word' id='word_1_198' title='bbox 3300 1514 3487 1585; x_wconf 88' lang='lat' dir='ltr'><strong>junior</strong></span> <span class='ocrx_word' id='word_1_199' title='bbox 3514 1516 3654 1569; x_wconf 84' lang='lat' dir='ltr'><strong>[ilius</strong></span> <span class='ocrx_word' id='word_1_200' title='bbox 3685 1514 3828 1569; x_wconf 90' lang='lat' dir='ltr'><strong>illius</strong></span> <span class='ocrx_word' id='word_1_201' title='bbox 3865 1512 4115 1569; x_wconf 85' lang='lat' dir='ltr'><strong>Lotharii</strong></span> 
     </span>
    </p>
   </div>
   <div class='ocr_carea' id='block_1_30' title="bbox 2534 1604 4116 1676">
    <p class='ocr_par' dir='ltr' id='par_1_30' title="bbox 2534 1604 4116 1676">
     <span class='ocr_line' id='line_1_30' title="bbox 2534 1604 4116 1676; baseline -0.003 -13"><span class='ocrx_word' id='word_1_202' title='bbox 2534 1606 2763 1663; x_wconf 89' lang='lat' dir='ltr'><strong>senioris</strong></span> <span class='ocrx_word' id='word_1_203' title='bbox 2793 1622 2859 1663; x_wconf 82' lang='lat' dir='ltr'><strong>ex</strong></span> <span class='ocrx_word' id='word_1_204' title='bbox 2905 1606 3176 1663; x_wconf 89' lang='lat' dir='ltr'><strong>Ludovico</strong></span> <span class='ocrx_word' id='word_1_205' title='bbox 3213 1604 3309 1660; x_wconf 86' lang='lat' dir='ltr'><strong>Pio</strong></span> <span class='ocrx_word' id='word_1_206' title='bbox 3336 1605 3525 1676; x_wconf 80' lang='lat' dir='ltr'><strong>geniti,</strong></span> <span class='ocrx_word' id='word_1_207' title='bbox 3579 1604 3669 1674; x_wconf 90' lang='lat' dir='ltr'><strong>qui</strong></span> <span class='ocrx_word' id='word_1_208' title='bbox 3716 1612 3841 1674; x_wconf 90' lang='lat' dir='ltr'><strong>post</strong></span> <span class='ocrx_word' id='word_1_209' title='bbox 3882 1612 4116 1658; x_wconf 88' lang='lat' dir='ltr'><strong>mortem</strong></span> 
     </span>
    </p>
   </div>
   <div class='ocr_carea' id='block_1_31' title="bbox 2536 1698 4120 1771">
    <p class='ocr_par' dir='ltr' id='par_1_31' title="bbox 2536 1698 4120 1771">
     <span class='ocr_line' id='line_1_31' title="bbox 2536 1698 4120 1771; baseline -0.004 -16"><span class='ocrx_word' id='word_1_210' title='bbox 2536 1700 2706 1771; x_wconf 87' lang='lat' dir='ltr'><strong>ipsius</strong></span> <span class='ocrx_word' id='word_1_211' title='bbox 2733 1701 2835 1770; x_wconf 71' lang='lat' dir='ltr'><strong>pia:</strong></span> <span class='ocrx_word' id='word_1_212' title='bbox 2886 1702 3161 1755; x_wconf 68' lang='lat' dir='ltr'><strong>memoriae</strong></span> <span class='ocrx_word' id='word_1_213' title='bbox 3193 1700 3362 1769; x_wconf 87' lang='lat' dir='ltr'><strong>patris</strong></span> <span class='ocrx_word' id='word_1_214' title='bbox 3416 1699 3498 1754; x_wconf 92' lang='lat' dir='ltr'><strong>sui</strong></span> <span class='ocrx_word' id='word_1_215' title='bbox 3546 1698 3752 1752; x_wconf 91' lang='lat' dir='ltr'><strong>diutina</strong></span> <span class='ocrx_word' id='word_1_216' title='bbox 3782 1698 4120 1753; x_wconf 88' lang='lat' dir='ltr'><strong>dissensione</strong></span> 
     </span>
    </p>
   </div>
   <div class='ocr_carea' id='block_1_32' title="bbox 2538 1788 4122 1858">
    <p class='ocr_par' dir='ltr' id='par_1_32' title="bbox 2538 1788 4122 1858">
     <span class='ocr_line' id='line_1_32' title="bbox 2538 1788 4122 1858; baseline -0.003 -11"><span class='ocrx_word' id='word_1_217' title='bbox 2538 1808 2660 1847; x_wconf 92' lang='lat' dir='ltr'><strong>cum</strong></span> <span class='ocrx_word' id='word_1_218' title='bbox 2700 1792 2961 1847; x_wconf 85' lang='lat' dir='ltr'><strong>fratribus</strong></span> <span class='ocrx_word' id='word_1_219' title='bbox 2998 1793 3112 1846; x_wconf 89' lang='lat' dir='ltr'><strong>suis</strong></span> <span class='ocrx_word' id='word_1_220' title='bbox 3143 1790 3416 1845; x_wconf 81' lang='lat' dir='ltr'><strong>Ludovico</strong></span> <span class='ocrx_word' id='word_1_221' title='bbox 3458 1788 3851 1844; x_wconf 82' lang='lat' dir='ltr'><strong>Germanorum</strong></span> <span class='ocrx_word' id='word_1_222' title='bbox 3901 1802 4027 1858; x_wconf 87' lang='lat' dir='ltr'><strong>rege</strong></span> <span class='ocrx_word' id='word_1_223' title='bbox 4065 1795 4122 1842; x_wconf 84' lang='lat' dir='ltr'><strong>et</strong></span> 
     </span>
    </p>
   </div>
   <div class='ocr_carea' id='block_1_33' title="bbox 844 1871 4122 1951">
    <p class='ocr_par' dir='ltr' id='par_1_33' title="bbox 844 1871 4122 1951">
     <span class='ocr_line' id='line_1_33' title="bbox 844 1871 4122 1951; baseline -0.002 -14"><span class='ocrx_word' id='word_1_224' title='bbox 844 1882 934 1937; x_wconf 89' lang='lat' dir='ltr'><strong>nis</strong></span> <span class='ocrx_word' id='word_1_225' title='bbox 968 1881 1246 1951; x_wconf 87' lang='lat' dir='ltr'><strong>ingressus</strong></span> <span class='ocrx_word' id='word_1_226' title='bbox 1274 1921 1288 1946; x_wconf 94' lang='lat'><strong>,</strong></span> <span class='ocrx_word' id='word_1_227' title='bbox 1320 1895 1487 1950; x_wconf 88' lang='lat' dir='ltr'><strong>penes</strong></span> <span class='ocrx_word' id='word_1_228' title='bbox 1520 1880 1759 1934; x_wconf 90' lang='lat' dir='ltr'><strong>tumbam</strong></span> <span class='ocrx_word' id='word_1_229' title='bbox 1808 1878 1978 1948; x_wconf 88' lang='lat' dir='ltr'><strong>ipsius</strong></span> <span class='ocrx_word' id='word_1_230' title='bbox 2023 1893 2081 1932; x_wconf 91' lang='lat' dir='ltr'><strong>se</strong></span> <span class='ocrx_word' id='word_1_231' title='bbox 2129 1877 2430 1932; x_wconf 88' lang='lat' dir='ltr'><strong>collocavit.</strong></span> <span class='ocrx_word' id='word_1_232' title='bbox 2462 1871 2510 1931; x_wconf 88' lang='lat' dir='ltr'><strong>B</strong></span> <span class='ocrx_word' id='word_1_233' title='bbox 2538 1881 2757 1945; x_wconf 88' lang='lat' dir='ltr'><strong>Carolo,</strong></span> <span class='ocrx_word' id='word_1_234' title='bbox 2780 1882 2870 1951; x_wconf 88' lang='lat' dir='ltr'><strong>qui</strong></span> <span class='ocrx_word' id='word_1_235' title='bbox 2901 1890 3023 1950; x_wconf 89' lang='lat' dir='ltr'><strong>post</strong></span> <span class='ocrx_word' id='word_1_236' title='bbox 3052 1882 3346 1950; x_wconf 82' lang='lat' dir='ltr'><strong>imperator</strong></span> <span class='ocrx_word' id='word_1_237' title='bbox 3375 1878 3547 1932; x_wconf 82' lang='lat' dir='ltr'><strong>factus</strong></span> <span class='ocrx_word' id='word_1_238' title='bbox 3576 1887 3679 1943; x_wconf 84' lang='lat' dir='ltr'><strong>est,</strong></span> <span class='ocrx_word' id='word_1_239' title='bbox 3703 1877 3997 1947; x_wconf 89' lang='lat' dir='ltr'><strong>cupiditate</strong></span> <span class='ocrx_word' id='word_1_240' title='bbox 4021 1878 4122 1931; x_wconf 85' lang='lat' dir='ltr'><strong>im-</strong></span> 
     </span>
    </p>
   </div>
   <div class='ocr_carea' id='block_1_34' title="bbox 847 1970 2429 2043">
    <p class='ocr_par' dir='ltr' id='par_1_34' title="bbox 847 1970 2429 2043">
     <span class='ocr_line' id='line_1_34' title="bbox 847 1970 2429 2043; baseline -0.004 -13"><span class='ocrx_word' id='word_1_241' title='bbox 847 1972 950 2031; x_wconf 84' lang='lat' dir='ltr'><strong>Ubi</strong></span> <span class='ocrx_word' id='word_1_242' title='bbox 976 1989 1099 2030; x_wconf 92' lang='lat' dir='ltr'><strong>cum</strong></span> <span class='ocrx_word' id='word_1_243' title='bbox 1132 1973 1445 2043; x_wconf 89' lang='lat' dir='ltr'><strong>aliquandiu</strong></span> <span class='ocrx_word' id='word_1_244' title='bbox 1469 1971 1752 2040; x_wconf 89' lang='lat' dir='ltr'><strong>jacuissct,</strong></span> <span class='ocrx_word' id='word_1_245' title='bbox 1782 1971 2026 2040; x_wconf 90' lang='lat' dir='ltr'><strong>impurus</strong></span> <span class='ocrx_word' id='word_1_246' title='bbox 2053 1970 2141 2024; x_wconf 85' lang='lat' dir='ltr'><strong>ille</strong></span> <span class='ocrx_word' id='word_1_247' title='bbox 2176 1986 2239 2024; x_wconf 89' lang='lat' dir='ltr'><strong>ac</strong></span> <span class='ocrx_word' id='word_1_248' title='bbox 2270 1979 2429 2024; x_wconf 86' lang='lat' dir='ltr'><strong>teter—</strong></span> 
     </span>
    </p>
   </div>
   <div class='ocr_carea' id='block_1_35' title="bbox 844 2060 2427 2135">
    <p class='ocr_par' dir='ltr' id='par_1_35' title="bbox 844 2060 2427 2135">
     <span class='ocr_line' id='line_1_35' title="bbox 844 2060 2427 2135; baseline -0.002 -15"><span class='ocrx_word' id='word_1_249' title='bbox 844 2064 1018 2120; x_wconf 86' lang='lat' dir='ltr'><strong>rimus</strong></span> <span class='ocrx_word' id='word_1_250' title='bbox 1043 2062 1266 2135; x_wconf 86' lang='lat' dir='ltr'><strong>Spiritus</strong></span> <span class='ocrx_word' id='word_1_251' title='bbox 1294 2064 1638 2133; x_wconf 69' lang='lat' dir='ltr'><strong>praesentiam</strong></span> <span class='ocrx_word' id='word_1_252' title='bbox 1682 2070 1847 2117; x_wconf 74' lang='lat' dir='ltr'><strong>tanta:</strong></span> <span class='ocrx_word' id='word_1_253' title='bbox 1883 2062 2189 2116; x_wconf 90' lang='lat' dir='ltr'><strong>sanctitatis</strong></span> <span class='ocrx_word' id='word_1_254' title='bbox 2215 2077 2320 2116; x_wconf 93' lang='lat' dir='ltr'><strong>non</strong></span> <span class='ocrx_word' id='word_1_255' title='bbox 2350 2060 2427 2117; x_wconf 91' lang='lat' dir='ltr'><strong>fe-</strong></span> 
     </span>
    </p>
   </div>
   <div class='ocr_carea' id='block_1_36' title="bbox 845 2152 2430 2223">
    <p class='ocr_par' dir='ltr' id='par_1_36' title="bbox 845 2152 2430 2223">
     <span class='ocr_line' id='line_1_36' title="bbox 845 2152 2430 2223; baseline -0.003 -13"><span class='ocrx_word' id='word_1_256' title='bbox 845 2168 993 2221; x_wconf 90' lang='lat' dir='ltr'><strong>rens,</strong></span> <span class='ocrx_word' id='word_1_257' title='bbox 1028 2152 1162 2209; x_wconf 87' lang='lat' dir='ltr'><strong>nihil</strong></span> <span class='ocrx_word' id='word_1_258' title='bbox 1187 2153 1381 2208; x_wconf 90' lang='lat' dir='ltr'><strong>deinde</strong></span> <span class='ocrx_word' id='word_1_259' title='bbox 1405 2153 1538 2208; x_wconf 90' lang='lat' dir='ltr'><strong>viris</strong></span> <span class='ocrx_word' id='word_1_260' title='bbox 1560 2153 1614 2207; x_wconf 92' lang='lat' dir='ltr'><strong>in</strong></span> <span class='ocrx_word' id='word_1_261' title='bbox 1644 2152 1864 2209; x_wconf 86' lang='lat' dir='ltr'><strong>homine</strong></span> <span class='ocrx_word' id='word_1_262' title='bbox 1893 2152 2193 2223; x_wconf 89' lang='lat' dir='ltr'><strong>possidens,</strong></span> <span class='ocrx_word' id='word_1_263' title='bbox 2224 2152 2430 2207; x_wconf 87' lang='lat' dir='ltr'><strong>violen-</strong></span> 
     </span>
    </p>
   </div>
   <div class='ocr_carea' id='block_1_37' title="bbox 844 2244 1467 2319">
    <p class='ocr_par' dir='ltr' id='par_1_37' title="bbox 844 2244 1467 2319">
     <span class='ocr_line' id='line_1_37' title="bbox 844 2244 1467 2319; baseline -0.005 -16"><span class='ocrx_word' id='word_1_264' title='bbox 844 2253 930 2303; x_wconf 90' lang='lat' dir='ltr'><strong>ter</strong></span> <span class='ocrx_word' id='word_1_265' title='bbox 965 2244 1154 2319; x_wconf 86' lang='lat' dir='ltr'><strong>pulsus</strong></span> <span class='ocrx_word' id='word_1_266' title='bbox 1182 2246 1467 2301; x_wconf 87' lang='lat' dir='ltr'><strong>abscessit.</strong></span> 
     </span>
    </p>
   </div>
   <div class='ocr_carea' id='block_1_38' title="bbox 926 2335 2427 2406">
    <p class='ocr_par' dir='ltr' id='par_1_38' title="bbox 926 2335 2427 2406">
     <span class='ocr_line' id='line_1_38' title="bbox 926 2335 2427 2406; baseline 0 -16"><span class='ocrx_word' id='word_1_267' title='bbox 926 2336 1018 2391; x_wconf 73' lang='lat'><strong>27.</strong></span> <span class='ocrx_word' id='word_1_268' title='bbox 1054 2335 1183 2392; x_wconf 88' lang='lat' dir='ltr'><strong>Post</strong></span> <span class='ocrx_word' id='word_1_269' title='bbox 1206 2338 1351 2392; x_wconf 92' lang='lat' dir='ltr'><strong>hunc</strong></span> <span class='ocrx_word' id='word_1_270' title='bbox 1372 2345 1552 2392; x_wconf 90' lang='lat' dir='ltr'><strong>mutus</strong></span> <span class='ocrx_word' id='word_1_271' title='bbox 1580 2336 1797 2406; x_wconf 87' lang='lat' dir='ltr'><strong>quidam</strong></span> <span class='ocrx_word' id='word_1_272' title='bbox 1825 2337 1892 2391; x_wconf 92' lang='lat' dir='ltr'><strong>ab</strong></span> <span class='ocrx_word' id='word_1_273' title='bbox 1922 2336 2147 2391; x_wconf 83' lang='lat' dir='ltr'><strong>infantia</strong></span> <span class='ocrx_word' id='word_1_274' title='bbox 2176 2336 2299 2391; x_wconf 91' lang='lat' dir='ltr'><strong>illuc</strong></span> <span class='ocrx_word' id='word_1_275' title='bbox 2335 2351 2427 2390; x_wconf 91' lang='lat' dir='ltr'><strong>ac-</strong></span> 
     </span>
    </p>
   </div>
   <div class='ocr_carea' id='block_1_39' title="bbox 845 2425 2425 2499">
    <p class='ocr_par' dir='ltr' id='par_1_39' title="bbox 845 2425 2425 2499">
     <span class='ocr_line' id='line_1_39' title="bbox 845 2425 2425 2499; baseline -0.003 -16"><span class='ocrx_word' id='word_1_276' title='bbox 845 2427 1046 2484; x_wconf 90' lang='lat' dir='ltr'><strong>cedens</strong></span> <span class='ocrx_word' id='word_1_277' title='bbox 1077 2438 1297 2499; x_wconf 84' lang='lat' dir='ltr'><strong>rcpente</strong></span> <span class='ocrx_word' id='word_1_278' title='bbox 1340 2436 1467 2482; x_wconf 87' lang='lat' dir='ltr'><strong>ante</strong></span> <span class='ocrx_word' id='word_1_279' title='bbox 1502 2442 1699 2497; x_wconf 90' lang='lat' dir='ltr'><strong>corpus</strong></span> <span class='ocrx_word' id='word_1_280' title='bbox 1745 2426 2176 2482; x_wconf 78' lang='lat' dir='ltr'><strong>sacratissimum</strong></span> <span class='ocrx_word' id='word_1_281' title='bbox 2208 2425 2425 2480; x_wconf 84' lang='lat' dir='ltr'><strong>absolu-</strong></span> 
     </span>
    </p>
   </div>
   <div class='ocr_carea' id='block_1_40' title="bbox 842 2518 2428 2575">
    <p class='ocr_par' dir='ltr' id='par_1_40' title="bbox 842 2518 2428 2575">
     <span class='ocr_line' id='line_1_40' title="bbox 842 2518 2428 2575; baseline -0.002 0"><span class='ocrx_word' id='word_1_282' title='bbox 842 2520 1114 2575; x_wconf 87' lang='lat' dir='ltr'><strong>tissimam</strong></span> <span class='ocrx_word' id='word_1_283' title='bbox 1169 2519 1282 2575; x_wconf 90' lang='lat' dir='ltr'><strong>oris</strong></span> <span class='ocrx_word' id='word_1_284' title='bbox 1332 2518 1642 2574; x_wconf 88' lang='lat' dir='ltr'><strong>libertatem</strong></span> <span class='ocrx_word' id='word_1_285' title='bbox 1694 2527 1777 2573; x_wconf 89' lang='lat' dir='ltr'><strong>est</strong></span> <span class='ocrx_word' id='word_1_286' title='bbox 1825 2527 2172 2573; x_wconf 83' lang='lat' dir='ltr'><strong>consecutus.</strong></span> <span class='ocrx_word' id='word_1_287' title='bbox 2227 2518 2428 2572; x_wconf 88' lang='lat' dir='ltr'><strong>Eodem</strong></span> 
     </span>
    </p>
   </div>
   <div class='ocr_carea' id='block_1_41' title="bbox 843 2609 2431 2679">
    <p class='ocr_par' dir='ltr' id='par_1_41' title="bbox 843 2609 2431 2679">
     <span class='ocr_line' id='line_1_41' title="bbox 843 2609 2431 2679; baseline -0.004 -10"><span class='ocrx_word' id='word_1_288' title='bbox 843 2612 1005 2669; x_wconf 81' lang='lat' dir='ltr'><strong>modo</strong></span> <span class='ocrx_word' id='word_1_289' title='bbox 1035 2621 1089 2668; x_wconf 90' lang='lat' dir='ltr'><strong>et</strong></span> <span class='ocrx_word' id='word_1_290' title='bbox 1118 2611 1312 2667; x_wconf 89' lang='lat' dir='ltr'><strong>mulier</strong></span> <span class='ocrx_word' id='word_1_291' title='bbox 1352 2610 1561 2675; x_wconf 90' lang='lat' dir='ltr'><strong>itidem,</strong></span> <span class='ocrx_word' id='word_1_292' title='bbox 1590 2624 1658 2665; x_wconf 77' lang='lat' dir='ltr'><strong>ex</strong></span> <span class='ocrx_word' id='word_1_293' title='bbox 1692 2625 1800 2679; x_wconf 90' lang='lat' dir='ltr'><strong>quo</strong></span> <span class='ocrx_word' id='word_1_294' title='bbox 1837 2621 1959 2664; x_wconf 90' lang='lat' dir='ltr'><strong>nata</strong></span> <span class='ocrx_word' id='word_1_295' title='bbox 1985 2618 2089 2674; x_wconf 90' lang='lat' dir='ltr'><strong>est,</strong></span> <span class='ocrx_word' id='word_1_296' title='bbox 2122 2618 2295 2675; x_wconf 91' lang='lat' dir='ltr'><strong>muta,</strong></span> <span class='ocrx_word' id='word_1_297' title='bbox 2323 2609 2431 2663; x_wconf 87' lang='lat' dir='ltr'><strong>vir-</strong></span> 
     </span>
    </p>
   </div>
   <div class='ocr_carea' id='block_1_42' title="bbox 846 2699 2429 2776">
    <p class='ocr_par' dir='ltr' id='par_1_42' title="bbox 846 2699 2429 2776">
     <span class='ocr_line' id='line_1_42' title="bbox 846 2699 2429 2776; baseline -0.004 -17"><span class='ocrx_word' id='word_1_298' title='bbox 846 2713 962 2759; x_wconf 89' lang='lat' dir='ltr'><strong>tute</strong></span> <span class='ocrx_word' id='word_1_299' title='bbox 982 2704 1209 2776; x_wconf 77' lang='lat' dir='ltr'><strong>virginis</strong></span> <span class='ocrx_word' id='word_1_300' title='bbox 1240 2702 1507 2773; x_wconf 87' lang='lat' dir='ltr'><strong>loquelam</strong></span> <span class='ocrx_word' id='word_1_301' title='bbox 1553 2701 1751 2756; x_wconf 89' lang='lat' dir='ltr'><strong>ibidem</strong></span> <span class='ocrx_word' id='word_1_302' title='bbox 1798 2702 2022 2772; x_wconf 88' lang='lat' dir='ltr'><strong>recepit.</strong></span> <span class='ocrx_word' id='word_1_303' title='bbox 2057 2700 2188 2755; x_wconf 91' lang='lat' dir='ltr'><strong>ltem</strong></span> <span class='ocrx_word' id='word_1_304' title='bbox 2229 2699 2429 2755; x_wconf 85' lang='lat' dir='ltr'><strong>femina</strong></span> 
     </span>
    </p>
   </div>
   <div class='ocr_carea' id='block_1_43' title="bbox 842 2790 2432 2866">
    <p class='ocr_par' dir='ltr' id='par_1_43' title="bbox 842 2790 2432 2866">
     <span class='ocr_line' id='line_1_43' title="bbox 842 2790 2432 2866; baseline -0.003 -17"><span class='ocrx_word' id='word_1_305' title='bbox 842 2795 1089 2866; x_wconf 59' lang='lat' dir='ltr'><strong>quadam</strong></span> <span class='ocrx_word' id='word_1_306' title='bbox 1120 2794 1366 2849; x_wconf 61' lang='lat' dir='ltr'><strong>daemone</strong></span> <span class='ocrx_word' id='word_1_307' title='bbox 1392 2792 1484 2847; x_wconf 91' lang='lat' dir='ltr'><strong>diu</strong></span> <span class='ocrx_word' id='word_1_308' title='bbox 1518 2791 1777 2847; x_wconf 91' lang='lat' dir='ltr'><strong>atrociter</strong></span> <span class='ocrx_word' id='word_1_309' title='bbox 1806 2792 2079 2861; x_wconf 88' lang='lat' dir='ltr'><strong>captivata</strong></span> <span class='ocrx_word' id='word_1_310' title='bbox 2110 2790 2235 2844; x_wconf 92' lang='lat' dir='ltr'><strong>illuc</strong></span> <span class='ocrx_word' id='word_1_311' title='bbox 2270 2790 2432 2845; x_wconf 91' lang='lat' dir='ltr'><strong>deve-</strong></span> 
     </span>
    </p>
   </div>
   <div class='ocr_carea' id='block_1_44' title="bbox 842 2885 2431 2958">
    <p class='ocr_par' dir='ltr' id='par_1_44' title="bbox 842 2885 2431 2958">
     <span class='ocr_line' id='line_1_44' title="bbox 842 2885 2431 2958; baseline -0.003 -13"><span class='ocrx_word' id='word_1_312' title='bbox 842 2891 999 2946; x_wconf 85' lang='lat' dir='ltr'><strong>niens</strong></span> <span class='ocrx_word' id='word_1_313' title='bbox 1028 2890 1343 2946; x_wconf 89' lang='lat' dir='ltr'><strong>adversario</strong></span> <span class='ocrx_word' id='word_1_314' title='bbox 1374 2887 1616 2958; x_wconf 89' lang='lat' dir='ltr'><strong>depulso,</strong></span> <span class='ocrx_word' id='word_1_315' title='bbox 1651 2886 1735 2942; x_wconf 90' lang='lat' dir='ltr'><strong>sui</strong></span> <span class='ocrx_word' id='word_1_316' title='bbox 1763 2901 1983 2956; x_wconf 89' lang='lat' dir='ltr'><strong>compos</strong></span> <span class='ocrx_word' id='word_1_317' title='bbox 2014 2895 2173 2955; x_wconf 90' lang='lat' dir='ltr'><strong>atque</strong></span> <span class='ocrx_word' id='word_1_318' title='bbox 2220 2885 2431 2955; x_wconf 90' lang='lat' dir='ltr'><strong>integra</strong></span> 
     </span>
    </p>
   </div>
   <div class='ocr_carea' id='block_1_45' title="bbox 842 2977 2429 3052">
    <p class='ocr_par' dir='ltr' id='par_1_45' title="bbox 842 2977 2429 3052">
     <span class='ocr_line' id='line_1_45' title="bbox 842 2977 2429 3052; baseline -0.003 -15"><span class='ocrx_word' id='word_1_319' title='bbox 842 2992 1022 3039; x_wconf 89' lang='lat' dir='ltr'><strong>mente</strong></span> <span class='ocrx_word' id='word_1_320' title='bbox 1061 2998 1304 3052; x_wconf 84' lang='lat' dir='ltr'><strong>regressa</strong></span> <span class='ocrx_word' id='word_1_321' title='bbox 1346 2992 1450 3036; x_wconf 88' lang='lat' dir='ltr'><strong>est.</strong></span> <span class='ocrx_word' id='word_1_322' title='bbox 1504 2978 1738 3034; x_wconf 79' lang='lat' dir='ltr'><strong>Claudus</strong></span> <span class='ocrx_word' id='word_1_323' title='bbox 1766 2980 1982 3048; x_wconf 89' lang='lat' dir='ltr'><strong>quidam</strong></span> <span class='ocrx_word' id='word_1_324' title='bbox 2016 2994 2080 3034; x_wconf 77' lang='lat' dir='ltr'><strong>ex</strong></span> <span class='ocrx_word' id='word_1_325' title='bbox 2120 2977 2243 3032; x_wconf 84' lang='lat' dir='ltr'><strong>villa</strong></span> <span class='ocrx_word' id='word_1_326' title='bbox 2286 2977 2429 3032; x_wconf 88' lang='lat' dir='ltr'><strong>Lau-</strong></span> 
     </span>
    </p>
   </div>
   <div class='ocr_carea' id='block_1_46' title="bbox 842 3069 2427 3141">
    <p class='ocr_par' dir='ltr' id='par_1_46' title="bbox 842 3069 2427 3141">
     <span class='ocr_line' id='line_1_46' title="bbox 842 3069 2427 3141; baseline -0.004 -12"><span class='ocrx_word' id='word_1_327' title='bbox 842 3074 991 3129; x_wconf 91' lang='lat' dir='ltr'><strong>riaco</strong></span> <span class='ocrx_word' id='word_1_328' title='bbox 1029 3073 1082 3128; x_wconf 90' lang='lat' dir='ltr'><strong>in</strong></span> <span class='ocrx_word' id='word_1_329' title='bbox 1132 3073 1251 3128; x_wconf 91' lang='lat' dir='ltr'><strong>loco</strong></span> <span class='ocrx_word' id='word_1_330' title='bbox 1283 3071 1473 3128; x_wconf 89' lang='lat' dir='ltr'><strong>eodem</strong></span> <span class='ocrx_word' id='word_1_331' title='bbox 1501 3070 1707 3141; x_wconf 87' lang='lat' dir='ltr'><strong>potenti</strong></span> <span class='ocrx_word' id='word_1_332' title='bbox 1752 3071 1952 3125; x_wconf 91' lang='lat' dir='ltr'><strong>virtute</strong></span> <span class='ocrx_word' id='word_1_333' title='bbox 1982 3069 2205 3139; x_wconf 81' lang='lat' dir='ltr'><strong>virginis</strong></span> <span class='ocrx_word' id='word_1_334' title='bbox 2240 3069 2427 3138; x_wconf 88' lang='lat' dir='ltr'><strong>pedes,</strong></span> 
     </span>
    </p>
   </div>
   <div class='ocr_carea' id='block_1_47' title="bbox 840 3162 2428 3239">
    <p class='ocr_par' dir='ltr' id='par_1_47' title="bbox 840 3162 2428 3239">
     <span class='ocr_line' id='line_1_47' title="bbox 840 3162 2428 3239; baseline -0.004 -18"><span class='ocrx_word' id='word_1_335' title='bbox 840 3182 977 3239; x_wconf 89' lang='lat' dir='ltr'><strong>quos</strong></span> <span class='ocrx_word' id='word_1_336' title='bbox 1000 3165 1178 3221; x_wconf 91' lang='lat' dir='ltr'><strong>valida</strong></span> <span class='ocrx_word' id='word_1_337' title='bbox 1227 3166 1381 3221; x_wconf 90' lang='lat' dir='ltr'><strong>tabes</strong></span> <span class='ocrx_word' id='word_1_338' title='bbox 1435 3164 1777 3227; x_wconf 88' lang='lat' dir='ltr'><strong>distorserat,</strong></span> <span class='ocrx_word' id='word_1_339' title='bbox 1813 3166 1865 3217; x_wconf 91' lang='lat' dir='ltr'><strong>in</strong></span> <span class='ocrx_word' id='word_1_340' title='bbox 1904 3179 2057 3217; x_wconf 87' lang='lat' dir='ltr'><strong>usum</strong></span> <span class='ocrx_word' id='word_1_341' title='bbox 2097 3162 2265 3217; x_wconf 89' lang='lat' dir='ltr'><strong>libere</strong></span> <span class='ocrx_word' id='word_1_342' title='bbox 2306 3177 2428 3230; x_wconf 87' lang='lat' dir='ltr'><strong>gra-</strong></span> 
     </span>
    </p>
   </div>
   <div class='ocr_carea' id='block_1_48' title="bbox 2537 1968 4123 2044">
    <p class='ocr_par' dir='ltr' id='par_1_48' title="bbox 2537 1968 4123 2044">
     <span class='ocr_line' id='line_1_48' title="bbox 2537 1968 4123 2044; baseline -0.004 -16"><span class='ocrx_word' id='word_1_343' title='bbox 2537 1974 2676 2044; x_wconf 87' lang='lat' dir='ltr'><strong>perii</strong></span> <span class='ocrx_word' id='word_1_344' title='bbox 2708 1973 2916 2039; x_wconf 85' lang='lat' dir='ltr'><strong>habita,</strong></span> <span class='ocrx_word' id='word_1_345' title='bbox 2946 1973 3161 2027; x_wconf 86' lang='lat' dir='ltr'><strong>tandem</strong></span> <span class='ocrx_word' id='word_1_346' title='bbox 3200 1973 3455 2042; x_wconf 76' lang='lat' dir='ltr'><strong>gravibus</strong></span> <span class='ocrx_word' id='word_1_347' title='bbox 3490 1980 3544 2026; x_wconf 82' lang='lat' dir='ltr'><strong>et</strong></span> <span class='ocrx_word' id='word_1_348' title='bbox 3574 1970 3850 2027; x_wconf 73' lang='lat' dir='ltr'><strong>intestinis</strong></span> <span class='ocrx_word' id='word_1_349' title='bbox 3876 1971 4011 2025; x_wconf 91' lang='lat' dir='ltr'><strong>odiis</strong></span> <span class='ocrx_word' id='word_1_350' title='bbox 4038 1968 4123 2023; x_wconf 81' lang='lat' dir='ltr'><strong>fu-</strong></span> 
     </span>
    </p>
   </div>
   <div class='ocr_carea' id='block_1_49' title="bbox 2537 2062 4121 2138">
    <p class='ocr_par' dir='ltr' id='par_1_49' title="bbox 2537 2062 4121 2138">
     <span class='ocr_line' id='line_1_49' title="bbox 2537 2062 4121 2138; baseline -0.005 -15"><span class='ocrx_word' id='word_1_351' title='bbox 2537 2078 2695 2123; x_wconf 89' lang='lat' dir='ltr'><strong>nesto</strong></span> <span class='ocrx_word' id='word_1_352' title='bbox 2724 2068 2830 2122; x_wconf 91' lang='lat' dir='ltr'><strong>ritu</strong></span> <span class='ocrx_word' id='word_1_353' title='bbox 2872 2069 3012 2123; x_wconf 87' lang='lat' dir='ltr'><strong>inter</strong></span> <span class='ocrx_word' id='word_1_354' title='bbox 3050 2083 3107 2123; x_wconf 90' lang='lat' dir='ltr'><strong>se</strong></span> <span class='ocrx_word' id='word_1_355' title='bbox 3138 2068 3295 2138; x_wconf 90' lang='lat' dir='ltr'><strong>longe</strong></span> <span class='ocrx_word' id='word_1_356' title='bbox 3327 2068 3475 2137; x_wconf 89' lang='lat' dir='ltr'><strong>prius</strong></span> <span class='ocrx_word' id='word_1_357' title='bbox 3527 2065 3840 2135; x_wconf 87' lang='lat' dir='ltr'><strong>protractis,</strong></span> <span class='ocrx_word' id='word_1_358' title='bbox 3889 2062 3943 2116; x_wconf 91' lang='lat' dir='ltr'><strong>in</strong></span> <span class='ocrx_word' id='word_1_359' title='bbox 3983 2076 4121 2130; x_wconf 82' lang='lat' dir='ltr'><strong>pago</strong></span> 
     </span>
    </p>
   </div>
   <div class='ocr_carea' id='block_1_50' title="bbox 2531 2152 4122 2226">
    <p class='ocr_par' dir='ltr' id='par_1_50' title="bbox 2531 2152 4122 2226">
     <span class='ocr_line' id='line_1_50' title="bbox 2531 2152 4122 2226; baseline -0.004 -13"><span class='ocrx_word' id='word_1_360' title='bbox 2531 2156 2996 2213; x_wconf 84' lang='lat' dir='ltr'><strong>Autissiodorensi</strong></span> <span class='ocrx_word' id='word_1_361' title='bbox 3027 2158 3163 2223; x_wconf 89' lang='lat' dir='ltr'><strong>loco,</strong></span> <span class='ocrx_word' id='word_1_362' title='bbox 3182 2158 3273 2226; x_wconf 92' lang='lat' dir='ltr'><strong>qui</strong></span> <span class='ocrx_word' id='word_1_363' title='bbox 3304 2158 3502 2210; x_wconf 74' lang='lat' dir='ltr'><strong>dicitur</strong></span> <span class='ocrx_word' id='word_1_364' title='bbox 3527 2155 3908 2219; x_wconf 87' lang='lat' dir='ltr'><strong>Fontanetum,</strong></span> <span class='ocrx_word' id='word_1_365' title='bbox 3934 2152 4122 2222; x_wconf 65' lang='lat' dir='ltr'><strong>prazlio</strong></span> 
     </span>
    </p>
   </div>
   <div class='ocr_carea' id='block_1_51' title="bbox 2534 2244 4123 2316">
    <p class='ocr_par' dir='ltr' id='par_1_51' title="bbox 2534 2244 4123 2316">
     <span class='ocr_line' id='line_1_51' title="bbox 2534 2244 4123 2316; baseline -0.003 -14"><span class='ocrx_word' id='word_1_366' title='bbox 2534 2247 2901 2314; x_wconf 85' lang='lat' dir='ltr'><strong>atrocissime,</strong></span> <span class='ocrx_word' id='word_1_367' title='bbox 2937 2257 2991 2301; x_wconf 92' lang='lat' dir='ltr'><strong>et</strong></span> <span class='ocrx_word' id='word_1_368' title='bbox 3020 2248 3223 2316; x_wconf 87' lang='lat' dir='ltr'><strong>absque</strong></span> <span class='ocrx_word' id='word_1_369' title='bbox 3255 2246 3505 2315; x_wconf 87' lang='lat' dir='ltr'><strong>exemplo</strong></span> <span class='ocrx_word' id='word_1_370' title='bbox 3540 2244 3945 2313; x_wconf 61' lang='lat' dir='ltr'><strong>cruentissimo,</strong></span> <span class='ocrx_word' id='word_1_371' title='bbox 3976 2246 4123 2298; x_wconf 67' lang='lat' dir='ltr'><strong>aede</strong></span> 
     </span>
    </p>
   </div>
   <div class='ocr_carea' id='block_1_52' title="bbox 2532 2335 4124 2406">
    <p class='ocr_par' dir='ltr' id='par_1_52' title="bbox 2532 2335 4124 2406">
     <span class='ocr_line' id='line_1_52' title="bbox 2532 2335 4124 2406; baseline -0.004 -13"><span class='ocrx_word' id='word_1_372' title='bbox 2532 2339 2830 2394; x_wconf 91' lang='lat' dir='ltr'><strong>miserabili</strong></span> <span class='ocrx_word' id='word_1_373' title='bbox 2862 2338 3224 2394; x_wconf 72' lang='lat' dir='ltr'><strong>conflixerunt</strong></span> <span class='ocrx_word' id='word_1_374' title='bbox 3250 2378 3265 2403; x_wconf 91' lang='lat'><strong>,</strong></span> <span class='ocrx_word' id='word_1_375' title='bbox 3295 2337 3551 2406; x_wconf 84' lang='lat' dir='ltr'><strong>adjuncto</strong></span> <span class='ocrx_word' id='word_1_376' title='bbox 3581 2339 3660 2393; x_wconf 90' lang='lat' dir='ltr'><strong>eis</strong></span> <span class='ocrx_word' id='word_1_377' title='bbox 3700 2336 3929 2406; x_wconf 83' lang='lat' dir='ltr'><strong>Pippino</strong></span> <span class='ocrx_word' id='word_1_378' title='bbox 3954 2335 4124 2403; x_wconf 83' lang='lat' dir='ltr'><strong>Aqui-</strong></span> 
     </span>
    </p>
   </div>
   <div class='ocr_carea' id='block_1_53' title="bbox 2533 2426 4118 2499">
    <p class='ocr_par' dir='ltr' id='par_1_53' title="bbox 2533 2426 4118 2499">
     <span class='ocr_line' id='line_1_53' title="bbox 2533 2426 4118 2499; baseline -0.002 -16"><span class='ocrx_word' id='word_1_379' title='bbox 2533 2436 2784 2484; x_wconf 90' lang='lat' dir='ltr'><strong>tanorum</strong></span> <span class='ocrx_word' id='word_1_380' title='bbox 2814 2443 2959 2499; x_wconf 88' lang='lat' dir='ltr'><strong>rege.</strong></span> <span class='ocrx_word' id='word_1_381' title='bbox 2993 2427 3134 2482; x_wconf 87' lang='lat' dir='ltr'><strong>Pace</strong></span> <span class='ocrx_word' id='word_1_382' title='bbox 3183 2432 3361 2483; x_wconf 88' lang='lat' dir='ltr'><strong>tamen</strong></span> <span class='ocrx_word' id='word_1_383' title='bbox 3391 2438 3511 2499; x_wconf 91' lang='lat' dir='ltr'><strong>post</strong></span> <span class='ocrx_word' id='word_1_384' title='bbox 3543 2428 3688 2482; x_wconf 91' lang='lat' dir='ltr'><strong>inter</strong></span> <span class='ocrx_word' id='word_1_385' title='bbox 3711 2443 3806 2482; x_wconf 94' lang='lat' dir='ltr'><strong>eos</strong></span> <span class='ocrx_word' id='word_1_386' title='bbox 3832 2427 3995 2489; x_wconf 86' lang='lat' dir='ltr'><strong>facta,</strong></span> <span class='ocrx_word' id='word_1_387' title='bbox 4032 2426 4118 2481; x_wconf 88' lang='lat' dir='ltr'><strong>di-</strong></span> 
     </span>
    </p>
   </div>
   <div class='ocr_carea' id='block_1_54' title="bbox 2533 2516 4125 2589">
    <p class='ocr_par' dir='ltr' id='par_1_54' title="bbox 2533 2516 4125 2589">
     <span class='ocr_line' id='line_1_54' title="bbox 2533 2516 4125 2589; baseline 0.001 -18"><span class='ocrx_word' id='word_1_388' title='bbox 2533 2518 2757 2587; x_wconf 90' lang='lat' dir='ltr'><strong>visoque</strong></span> <span class='ocrx_word' id='word_1_389' title='bbox 2797 2533 2985 2588; x_wconf 83' lang='lat' dir='ltr'><strong>regno,</strong></span> <span class='ocrx_word' id='word_1_390' title='bbox 3023 2517 3139 2573; x_wconf 58' lang='lat' dir='ltr'><strong>hate</strong></span> <span class='ocrx_word' id='word_1_391' title='bbox 3186 2534 3312 2589; x_wconf 91' lang='lat' dir='ltr'><strong>pars</strong></span> <span class='ocrx_word' id='word_1_392' title='bbox 3373 2517 3639 2585; x_wconf 85' lang='lat' dir='ltr'><strong>Franciac,</strong></span> <span class='ocrx_word' id='word_1_393' title='bbox 3685 2533 3807 2588; x_wconf 85' lang='lat' dir='ltr'><strong>quae</strong></span> <span class='ocrx_word' id='word_1_394' title='bbox 3849 2516 4041 2571; x_wconf 83' lang='lat' dir='ltr'><strong>Rheno</strong></span> <span class='ocrx_word' id='word_1_395' title='bbox 4068 2526 4125 2572; x_wconf 87' lang='lat' dir='ltr'><strong>et</strong></span> 
     </span>
    </p>
   </div>
   <div class='ocr_carea' id='block_1_55' title="bbox 2533 2607 4122 2678">
    <p class='ocr_par' dir='ltr' id='par_1_55' title="bbox 2533 2607 4122 2678">
     <span class='ocr_line' id='line_1_55' title="bbox 2533 2607 4122 2678; baseline -0.003 -13"><span class='ocrx_word' id='word_1_396' title='bbox 2533 2609 2751 2665; x_wconf 83' lang='lat' dir='ltr'><strong>Mosella</strong></span> <span class='ocrx_word' id='word_1_397' title='bbox 2784 2609 3080 2676; x_wconf 88' lang='lat' dir='ltr'><strong>limltatur,</strong></span> <span class='ocrx_word' id='word_1_398' title='bbox 3129 2608 3326 2663; x_wconf 90' lang='lat' dir='ltr'><strong>additis</strong></span> <span class='ocrx_word' id='word_1_399' title='bbox 3355 2625 3451 2678; x_wconf 90' lang='lat' dir='ltr'><strong>pro</strong></span> <span class='ocrx_word' id='word_1_400' title='bbox 3478 2625 3746 2665; x_wconf 91' lang='lat' dir='ltr'><strong>consensu</strong></span> <span class='ocrx_word' id='word_1_401' title='bbox 3779 2616 3840 2663; x_wconf 87' lang='lat' dir='ltr'><strong>et</strong></span> <span class='ocrx_word' id='word_1_402' title='bbox 3865 2607 4122 2662; x_wconf 87' lang='lat' dir='ltr'><strong>firmitate</strong></span> 
     </span>
    </p>
   </div>
   <div class='ocr_carea' id='block_1_56' title="bbox 2533 2700 4122 2775">
    <p class='ocr_par' dir='ltr' id='par_1_56' title="bbox 2533 2700 4122 2775">
     <span class='ocr_line' id='line_1_56' title="bbox 2533 2700 4122 2775; baseline -0.001 -18"><span class='ocrx_word' id='word_1_403' title='bbox 2533 2703 2687 2775; x_wconf 89' lang='lat' dir='ltr'><strong>pacis</strong></span> <span class='ocrx_word' id='word_1_404' title='bbox 2732 2702 3054 2773; x_wconf 88' lang='lat' dir='ltr'><strong>quibusdam</strong></span> <span class='ocrx_word' id='word_1_405' title='bbox 3101 2702 3413 2757; x_wconf 84' lang='lat' dir='ltr'><strong>civitatibus</strong></span> <span class='ocrx_word' id='word_1_406' title='bbox 3463 2712 3518 2757; x_wconf 90' lang='lat' dir='ltr'><strong>et</strong></span> <span class='ocrx_word' id='word_1_407' title='bbox 3568 2703 3841 2773; x_wconf 84' lang='lat' dir='ltr'><strong>regalibus</strong></span> <span class='ocrx_word' id='word_1_408' title='bbox 3888 2700 4122 2757; x_wconf 89' lang='lat' dir='ltr'><strong>abbatiis</strong></span> 
     </span>
    </p>
   </div>
   <div class='ocr_carea' id='block_1_57' title="bbox 2533 2790 4123 2863">
    <p class='ocr_par' dir='ltr' id='par_1_57' title="bbox 2533 2790 4123 2863">
     <span class='ocr_line' id='line_1_57' title="bbox 2533 2790 4123 2863; baseline -0.003 -16"><span class='ocrx_word' id='word_1_409' title='bbox 2533 2793 2676 2847; x_wconf 91' lang='lat' dir='ltr'><strong>ultra</strong></span> <span class='ocrx_word' id='word_1_410' title='bbox 2698 2793 2962 2863; x_wconf 87' lang='lat' dir='ltr'><strong>citraque,</strong></span> <span class='ocrx_word' id='word_1_411' title='bbox 2991 2793 3166 2847; x_wconf 89' lang='lat' dir='ltr'><strong>eidem</strong></span> <span class='ocrx_word' id='word_1_412' title='bbox 3193 2792 3449 2847; x_wconf 89' lang='lat' dir='ltr'><strong>Lothario</strong></span> <span class='ocrx_word' id='word_1_413' title='bbox 3470 2794 3655 2857; x_wconf 86' lang='lat' dir='ltr'><strong>cessit,</strong></span> <span class='ocrx_word' id='word_1_414' title='bbox 3679 2793 3903 2863; x_wconf 87' lang='lat' dir='ltr'><strong>ejusque</strong></span> <span class='ocrx_word' id='word_1_415' title='bbox 3925 2790 4123 2847; x_wconf 77' lang='lat' dir='ltr'><strong>exinde</strong></span> 
     </span>
    </p>
   </div>
   <div class='ocr_carea' id='block_1_58' title="bbox 2534 2880 4122 2953">
    <p class='ocr_par' dir='ltr' id='par_1_58' title="bbox 2534 2880 4122 2953">
     <span class='ocr_line' id='line_1_58' title="bbox 2534 2880 4122 2953; baseline -0.001 -18"><span class='ocrx_word' id='word_1_416' title='bbox 2534 2880 2588 2937; x_wconf 90' lang='lat' dir='ltr'><strong>in</strong></span> <span class='ocrx_word' id='word_1_417' title='bbox 2620 2883 2671 2936; x_wconf 92' lang='lat' dir='ltr'><strong>id</strong></span> <span class='ocrx_word' id='word_1_418' title='bbox 2700 2897 2872 2952; x_wconf 90' lang='lat' dir='ltr'><strong>usque</strong></span> <span class='ocrx_word' id='word_1_419' title='bbox 2904 2882 3162 2950; x_wconf 89' lang='lat' dir='ltr'><strong>temporis</strong></span> <span class='ocrx_word' id='word_1_420' title='bbox 3203 2882 3421 2936; x_wconf 90' lang='lat' dir='ltr'><strong>nomine</strong></span> <span class='ocrx_word' id='word_1_421' title='bbox 3459 2897 3686 2953; x_wconf 90' lang='lat' dir='ltr'><strong>regnum</strong></span> <span class='ocrx_word' id='word_1_422' title='bbox 3739 2881 3982 2937; x_wconf 90' lang='lat' dir='ltr'><strong>Lotharii</strong></span> <span class='ocrx_word' id='word_1_423' title='bbox 4024 2897 4122 2952; x_wconf 89' lang='lat' dir='ltr'><strong>ap-</strong></span> 
     </span>
    </p>
   </div>
   <div class='ocr_carea' id='block_1_59' title="bbox 2532 2973 4123 3044">
    <p class='ocr_par' dir='ltr' id='par_1_59' title="bbox 2532 2973 4123 3044">
     <span class='ocr_line' id='line_1_59' title="bbox 2532 2973 4123 3044; baseline 0.001 -17"><span class='ocrx_word' id='word_1_424' title='bbox 2532 2973 2781 3044; x_wconf 88' lang='lat' dir='ltr'><strong>pellatur.</strong></span> <span class='ocrx_word' id='word_1_425' title='bbox 2818 2973 2935 3043; x_wconf 87' lang='lat' dir='ltr'><strong>lpse</strong></span> <span class='ocrx_word' id='word_1_426' title='bbox 2962 2988 3068 3027; x_wconf 89' lang='lat' dir='ltr'><strong>non</strong></span> <span class='ocrx_word' id='word_1_427' title='bbox 3123 2973 3291 3027; x_wconf 92' lang='lat' dir='ltr'><strong>multo</strong></span> <span class='ocrx_word' id='word_1_428' title='bbox 3337 2984 3459 3043; x_wconf 90' lang='lat' dir='ltr'><strong>post</strong></span> <span class='ocrx_word' id='word_1_429' title='bbox 3501 2975 3681 3028; x_wconf 89' lang='lat' dir='ltr'><strong>cuncti</strong></span> <span class='ocrx_word' id='word_1_430' title='bbox 3725 2974 3909 3028; x_wconf 69' lang='lat' dir='ltr'><strong>smeuli</strong></span> <span class='ocrx_word' id='word_1_431' title='bbox 3958 2974 4123 3028; x_wconf 82' lang='lat' dir='ltr'><strong>rebus</strong></span> 
     </span>
    </p>
   </div>
   <div class='ocr_carea' id='block_1_60' title="bbox 2532 3066 4121 3136">
    <p class='ocr_par' dir='ltr' id='par_1_60' title="bbox 2532 3066 4121 3136">
     <span class='ocr_line' id='line_1_60' title="bbox 2532 3066 4121 3136; baseline 0.003 -15"><span class='ocrx_word' id='word_1_432' title='bbox 2532 3075 2723 3136; x_wconf 90' lang='lat' dir='ltr'><strong>sponte</strong></span> <span class='ocrx_word' id='word_1_433' title='bbox 2754 3066 3015 3135; x_wconf 76' lang='lat' dir='ltr'><strong>abiectis,</strong></span> <span class='ocrx_word' id='word_1_434' title='bbox 3051 3067 3373 3121; x_wconf 86' lang='lat' dir='ltr'><strong>monachum</strong></span> <span class='ocrx_word' id='word_1_435' title='bbox 3420 3068 3471 3121; x_wconf 91' lang='lat' dir='ltr'><strong>in</strong></span> <span class='ocrx_word' id='word_1_436' title='bbox 3527 3069 3738 3122; x_wconf 86' lang='lat' dir='ltr'><strong>Prumia</strong></span> <span class='ocrx_word' id='word_1_437' title='bbox 3786 3069 4121 3125; x_wconf 90' lang='lat' dir='ltr'><strong>monasterio</strong></span> 
     </span>
    </p>
   </div>
   <div class='ocr_carea' id='block_1_61' title="bbox 2533 3159 4125 3239">
    <p class='ocr_par' dir='ltr' id='par_1_61' title="bbox 2533 3159 4125 3239">
     <span class='ocr_line' id='line_1_61' title="bbox 2533 3159 4125 3239; baseline 0.004 -28"><span class='ocrx_word' id='word_1_438' title='bbox 2533 3159 2835 3228; x_wconf 84' lang='lat' dir='ltr'><strong>professus,</strong></span> <span class='ocrx_word' id='word_1_439' title='bbox 2864 3159 3059 3239; x_wconf 86' lang='lat' dir='ltr'><strong>ibidem</strong></span> <span class='ocrx_word' id='word_1_440' title='bbox 3094 3159 3318 3227; x_wconf 88' lang='lat' dir='ltr'><strong>quievit,</strong></span> <span class='ocrx_word' id='word_1_441' title='bbox 3348 3160 3433 3213; x_wconf 89' lang='lat' dir='ltr'><strong>nhi</strong></span> <span class='ocrx_word' id='word_1_442' title='bbox 3475 3169 3529 3214; x_wconf 92' lang='lat' dir='ltr'><strong>et</strong></span> <span class='ocrx_word' id='word_1_443' title='bbox 3558 3160 3865 3230; x_wconf 90' lang='lat' dir='ltr'><strong>sepulcrum</strong></span> <span class='ocrx_word' id='word_1_444' title='bbox 3892 3160 4010 3229; x_wconf 87' lang='lat' dir='ltr'><strong>ejus</strong></span> <span class='ocrx_word' id='word_1_445' title='bbox 4031 3177 4125 3216; x_wconf 87' lang='lat' dir='ltr'><strong>ce-</strong></span> 
     </span>
    </p>
   </div>
   <div class='ocr_carea' id='block_1_62' title="bbox 843 3230 4119 3324">
    <p class='ocr_par' dir='ltr' id='par_1_62' title="bbox 843 3230 4119 3324">
     <span class='ocr_line' id='line_1_62' title="bbox 843 3230 4119 3324; baseline -0.001 -13"><span class='ocrx_word' id='word_1_446' title='bbox 843 3230 1024 3312; x_wconf 66' lang='lat' dir='ltr'><strong>diendi</strong></span> <span class='ocrx_word' id='word_1_447' title='bbox 1053 3256 1288 3311; x_wconf 87' lang='lat' dir='ltr'><strong>directos</strong></span> <span class='ocrx_word' id='word_1_448' title='bbox 1338 3253 1562 3322; x_wconf 84' lang='lat' dir='ltr'><strong>recepit.</strong></span> <span class='ocrx_word' id='word_1_449' title='bbox 1613 3251 1803 3306; x_wconf 83' lang='lat' dir='ltr'><strong>Mulier</strong></span> <span class='ocrx_word' id='word_1_450' title='bbox 1860 3252 1926 3305; x_wconf 87' lang='lat' dir='ltr'><strong>ab</strong></span> <span class='ocrx_word' id='word_1_451' title='bbox 1982 3250 2138 3304; x_wconf 88' lang='lat' dir='ltr'><strong>annis</strong></span> <span class='ocrx_word' id='word_1_452' title='bbox 2182 3250 2429 3320; x_wconf 87' lang='lat' dir='ltr'><strong>plurimis</strong></span> <span class='ocrx_word' id='word_1_453' title='bbox 2458 3230 2502 3293; x_wconf 63' lang='grc' dir='ltr'><strong>(ἶ</strong></span> <span class='ocrx_word' id='word_1_454' title='bbox 2534 3249 2685 3306; x_wconf 84' lang='lat' dir='ltr'><strong>lebre</strong></span> <span class='ocrx_word' id='word_1_455' title='bbox 2712 3266 2880 3321; x_wconf 90' lang='lat' dir='ltr'><strong>usque</strong></span> <span class='ocrx_word' id='word_1_456' title='bbox 2913 3232 3159 3305; x_wconf 84' lang='lat' dir='ltr'><strong>habetur.</strong></span> <span class='ocrx_word' id='word_1_457' title='bbox 3194 3250 3466 3306; x_wconf 86' lang='lat' dir='ltr'><strong>Successit</strong></span> <span class='ocrx_word' id='word_1_458' title='bbox 3493 3253 3667 3306; x_wconf 88' lang='lat' dir='ltr'><strong>eidem</strong></span> <span class='ocrx_word' id='word_1_459' title='bbox 3703 3253 3841 3308; x_wconf 81' lang='lat' dir='ltr'><strong>filius</strong></span> <span class='ocrx_word' id='word_1_460' title='bbox 3867 3264 3921 3309; x_wconf 93' lang='lat' dir='ltr'><strong>et</strong></span> <span class='ocrx_word' id='word_1_461' title='bbox 3946 3254 4119 3324; x_wconf 72' lang='lat' dir='ltr'><strong>tequi-</strong></span> 
     </span>
    </p>
   </div>
   <div class='ocr_carea' id='block_1_63' title="bbox 843 3339 2432 3412">
    <p class='ocr_par' dir='ltr' id='par_1_63' title="bbox 843 3339 2432 3412">
     <span class='ocr_line' id='line_1_63' title="bbox 843 3339 2432 3412; baseline -0.005 -11"><span class='ocrx_word' id='word_1_462' title='bbox 843 3359 1006 3412; x_wconf 66' lang='lat' dir='ltr'><strong>caaca,</strong></span> <span class='ocrx_word' id='word_1_463' title='bbox 1038 3345 1105 3400; x_wconf 92' lang='lat' dir='ltr'><strong>de</strong></span> <span class='ocrx_word' id='word_1_464' title='bbox 1144 3344 1271 3398; x_wconf 87' lang='lat' dir='ltr'><strong>villa</strong></span> <span class='ocrx_word' id='word_1_465' title='bbox 1318 3342 1668 3404; x_wconf 84' lang='lat' dir='ltr'><strong>Arcuntiaco,</strong></span> <span class='ocrx_word' id='word_1_466' title='bbox 1703 3340 1884 3407; x_wconf 90' lang='lat' dir='ltr'><strong>aliquo</strong></span> <span class='ocrx_word' id='word_1_467' title='bbox 1915 3348 2155 3408; x_wconf 90' lang='lat' dir='ltr'><strong>tempore</strong></span> <span class='ocrx_word' id='word_1_468' title='bbox 2198 3339 2263 3393; x_wconf 92' lang='lat' dir='ltr'><strong>ad</strong></span> <span class='ocrx_word' id='word_1_469' title='bbox 2308 3354 2432 3393; x_wconf 87' lang='lat' dir='ltr'><strong>san—</strong></span> 
     </span>
    </p>
   </div>
   <div class='ocr_carea' id='block_1_64' title="bbox 842 3429 2431 3505">
    <p class='ocr_par' dir='ltr' id='par_1_64' title="bbox 842 3429 2431 3505">
     <span class='ocr_line' id='line_1_64' title="bbox 842 3429 2431 3505; baseline -0.004 -15"><span class='ocrx_word' id='word_1_470' title='bbox 842 3441 993 3490; x_wconf 86' lang='lat' dir='ltr'><strong>ctum</strong></span> <span class='ocrx_word' id='word_1_471' title='bbox 1023 3434 1329 3505; x_wconf 90' lang='lat' dir='ltr'><strong>sepulcrum</strong></span> <span class='ocrx_word' id='word_1_472' title='bbox 1358 3447 1479 3488; x_wconf 89' lang='lat' dir='ltr'><strong>cum</strong></span> <span class='ocrx_word' id='word_1_473' title='bbox 1510 3430 1739 3485; x_wconf 80' lang='lat' dir='ltr'><strong>infirmis</strong></span> <span class='ocrx_word' id='word_1_474' title='bbox 1773 3430 1986 3485; x_wconf 68' lang='lat' dir='ltr'><strong>cmteris</strong></span> <span class='ocrx_word' id='word_1_475' title='bbox 2013 3429 2287 3484; x_wconf 75' lang='lat' dir='ltr'><strong>excubans</strong></span> <span class='ocrx_word' id='word_1_476' title='bbox 2325 3446 2431 3485; x_wconf 93' lang='lat' dir='ltr'><strong>non</strong></span> 
     </span>
    </p>
   </div>
   <div class='ocr_carea' id='block_1_65' title="bbox 846 3519 2432 3595">
    <p class='ocr_par' dir='ltr' id='par_1_65' title="bbox 846 3519 2432 3595">
     <span class='ocr_line' id='line_1_65' title="bbox 846 3519 2432 3595; baseline -0.004 -15"><span class='ocrx_word' id='word_1_477' title='bbox 846 3534 974 3595; x_wconf 77' lang='lat' dir='ltr'><strong>post</strong></span> <span class='ocrx_word' id='word_1_478' title='bbox 1002 3523 1228 3579; x_wconf 91' lang='lat' dir='ltr'><strong>multum</strong></span> <span class='ocrx_word' id='word_1_479' title='bbox 1258 3521 1517 3592; x_wconf 90' lang='lat' dir='ltr'><strong>temporis</strong></span> <span class='ocrx_word' id='word_1_480' title='bbox 1549 3520 1667 3575; x_wconf 89' lang='lat' dir='ltr'><strong>luce</strong></span> <span class='ocrx_word' id='word_1_481' title='bbox 1707 3522 1906 3575; x_wconf 90' lang='lat' dir='ltr'><strong>donata</strong></span> <span class='ocrx_word' id='word_1_482' title='bbox 1949 3528 2049 3574; x_wconf 90' lang='lat' dir='ltr'><strong>est.</strong></span> <span class='ocrx_word' id='word_1_483' title='bbox 2084 3519 2345 3573; x_wconf 89' lang='lat' dir='ltr'><strong>Similiter</strong></span> <span class='ocrx_word' id='word_1_484' title='bbox 2377 3527 2432 3573; x_wconf 89' lang='lat' dir='ltr'><strong>et</strong></span> 
     </span>
    </p>
   </div>
   <div class='ocr_carea' id='block_1_66' title="bbox 846 3612 2437 3683">
    <p class='ocr_par' dir='ltr' id='par_1_66' title="bbox 846 3612 2437 3683">
     <span class='ocr_line' id='line_1_66' title="bbox 846 3612 2437 3683; baseline -0.001 -15"><span class='ocrx_word' id='word_1_485' title='bbox 846 3614 967 3670; x_wconf 66' lang='lat' dir='ltr'><strong>aliae</strong></span> <span class='ocrx_word' id='word_1_486' title='bbox 1003 3615 1121 3671; x_wconf 69' lang='lat' dir='ltr'><strong>dua:</strong></span> <span class='ocrx_word' id='word_1_487' title='bbox 1145 3614 1389 3670; x_wconf 64' lang='lat' dir='ltr'><strong>caecitate</strong></span> <span class='ocrx_word' id='word_1_488' title='bbox 1417 3613 1687 3667; x_wconf 84' lang='lat' dir='ltr'><strong>damnatae</strong></span> <span class='ocrx_word' id='word_1_489' title='bbox 1728 3613 1959 3683; x_wconf 82' lang='lat' dir='ltr'><strong>gratiam</strong></span> <span class='ocrx_word' id='word_1_490' title='bbox 2003 3613 2095 3667; x_wconf 91' lang='lat' dir='ltr'><strong>diu</strong></span> <span class='ocrx_word' id='word_1_491' title='bbox 2124 3612 2311 3667; x_wconf 87' lang='lat' dir='ltr'><strong>amissi</strong></span> <span class='ocrx_word' id='word_1_492' title='bbox 2354 3612 2437 3666; x_wconf 88' lang='lat' dir='ltr'><strong>lu-</strong></span> 
     </span>
    </p>
   </div>
   <div class='ocr_carea' id='block_1_67' title="bbox 844 3705 2062 3778">
    <p class='ocr_par' dir='ltr' id='par_1_67' title="bbox 844 3705 2062 3778">
     <span class='ocr_line' id='line_1_67' title="bbox 844 3705 2062 3778; baseline -0.004 -14"><span class='ocrx_word' id='word_1_493' title='bbox 844 3707 1010 3764; x_wconf 78' lang='lat' dir='ltr'><strong>minis</strong></span> <span class='ocrx_word' id='word_1_494' title='bbox 1046 3724 1142 3778; x_wconf 90' lang='lat' dir='ltr'><strong>per</strong></span> <span class='ocrx_word' id='word_1_495' title='bbox 1179 3708 1394 3763; x_wconf 82' lang='lat' dir='ltr'><strong>beatam</strong></span> <span class='ocrx_word' id='word_1_496' title='bbox 1423 3705 1691 3774; x_wconf 87' lang='lat' dir='ltr'><strong>virginem</strong></span> <span class='ocrx_word' id='word_1_497' title='bbox 1719 3713 2062 3775; x_wconf 84' lang='lat' dir='ltr'><strong>receperunt.</strong></span> 
     </span>
    </p>
   </div>
   <div class='ocr_carea' id='block_1_68' title="bbox 913 3796 2435 3868">
    <p class='ocr_par' dir='ltr' id='par_1_68' title="bbox 913 3796 2435 3868">
     <span class='ocr_line' id='line_1_68' title="bbox 913 3796 2435 3868; baseline -0.003 -13"><span class='ocrx_word' id='word_1_498' title='bbox 913 3800 1012 3857; x_wconf 76' lang='lat'><strong>28.</strong></span> <span class='ocrx_word' id='word_1_499' title='bbox 1058 3799 1220 3854; x_wconf 86' lang='lat' dir='ltr'><strong>Multa</strong></span> <span class='ocrx_word' id='word_1_500' title='bbox 1250 3806 1451 3868; x_wconf 62' lang='lat' dir='ltr'><strong>praeter</strong></span> <span class='ocrx_word' id='word_1_501' title='bbox 1476 3798 1591 3852; x_wconf 55' lang='lat' dir='ltr'><strong>haec</strong></span> <span class='ocrx_word' id='word_1_502' title='bbox 1616 3805 1667 3851; x_wconf 92' lang='lat' dir='ltr'><strong>et</strong></span> <span class='ocrx_word' id='word_1_503' title='bbox 1693 3810 1828 3866; x_wconf 89' lang='lat' dir='ltr'><strong>pene</strong></span> <span class='ocrx_word' id='word_1_504' title='bbox 1853 3796 2265 3852; x_wconf 87' lang='lat' dir='ltr'><strong>innumerabilia</strong></span> <span class='ocrx_word' id='word_1_505' title='bbox 2295 3796 2435 3867; x_wconf 89' lang='lat' dir='ltr'><strong>apud</strong></span> 
     </span>
    </p>
   </div>
   <div class='ocr_carea' id='block_1_69' title="bbox 843 3887 2435 3963">
    <p class='ocr_par' dir='ltr' id='par_1_69' title="bbox 843 3887 2435 3963">
     <span class='ocr_line' id='line_1_69' title="bbox 843 3887 2435 3963; baseline -0.004 -14"><span class='ocrx_word' id='word_1_506' title='bbox 843 3891 963 3963; x_wconf 83' lang='lat' dir='ltr'><strong>ejus</strong></span> <span class='ocrx_word' id='word_1_507' title='bbox 1011 3899 1270 3962; x_wconf 89' lang='lat' dir='ltr'><strong>perpetua</strong></span> <span class='ocrx_word' id='word_1_508' title='bbox 1329 3888 1645 3959; x_wconf 87' lang='lat' dir='ltr'><strong>virginitate</strong></span> <span class='ocrx_word' id='word_1_509' title='bbox 1693 3887 2067 3943; x_wconf 85' lang='lat' dir='ltr'><strong>beatissimum</strong></span> <span class='ocrx_word' id='word_1_510' title='bbox 2121 3904 2317 3958; x_wconf 91' lang='lat' dir='ltr'><strong>corpus</strong></span> <span class='ocrx_word' id='word_1_511' title='bbox 2368 3903 2435 3943; x_wconf 83' lang='lat' dir='ltr'><strong>ex</strong></span> 
     </span>
    </p>
   </div>
   <div class='ocr_carea' id='block_1_70' title="bbox 844 3979 2435 4051">
    <p class='ocr_par' dir='ltr' id='par_1_70' title="bbox 844 3979 2435 4051">
     <span class='ocr_line' id='line_1_70' title="bbox 844 3979 2435 4051; baseline -0.002 -13"><span class='ocrx_word' id='word_1_512' title='bbox 844 3992 1091 4051; x_wconf 88' lang='lat' dir='ltr'><strong>tempore</strong></span> <span class='ocrx_word' id='word_1_513' title='bbox 1121 3980 1407 4036; x_wconf 89' lang='lat' dir='ltr'><strong>memorati</strong></span> <span class='ocrx_word' id='word_1_514' title='bbox 1433 3979 1697 4051; x_wconf 84' lang='lat' dir='ltr'><strong>Drogonis</strong></span> <span class='ocrx_word' id='word_1_515' title='bbox 1719 3979 2115 4049; x_wconf 89' lang='lat' dir='ltr'><strong>archiepiscopi</strong></span> <span class='ocrx_word' id='word_1_516' title='bbox 2140 3996 2234 4049; x_wconf 89' lang='lat' dir='ltr'><strong>per</strong></span> <span class='ocrx_word' id='word_1_517' title='bbox 2262 3995 2435 4035; x_wconf 89' lang='lat' dir='ltr'><strong>annos</strong></span> 
     </span>
    </p>
   </div>
   <div class='ocr_carea' id='block_1_71' title="bbox 846 4072 2435 4145">
    <p class='ocr_par' dir='ltr' id='par_1_71' title="bbox 846 4072 2435 4145">
     <span class='ocr_line' id='line_1_71' title="bbox 846 4072 2435 4145; baseline -0.004 -13"><span class='ocrx_word' id='word_1_518' title='bbox 846 4075 1070 4132; x_wconf 91' lang='lat' dir='ltr'><strong>circiter</strong></span> <span class='ocrx_word' id='word_1_519' title='bbox 1096 4074 1374 4145; x_wconf 78' lang='lat' dir='ltr'><strong>sexaginta</strong></span> <span class='ocrx_word' id='word_1_520' title='bbox 1398 4074 1497 4130; x_wconf 90' lang='lat' dir='ltr'><strong>sub</strong></span> <span class='ocrx_word' id='word_1_521' title='bbox 1523 4073 1813 4143; x_wconf 68' lang='lat' dir='ltr'><strong>praesulatu</strong></span> <span class='ocrx_word' id='word_1_522' title='bbox 1834 4072 2085 4127; x_wconf 83' lang='lat' dir='ltr'><strong>Adventii</strong></span> <span class='ocrx_word' id='word_1_523' title='bbox 2114 4073 2287 4127; x_wconf 88' lang='lat' dir='ltr'><strong>eidem</strong></span> <span class='ocrx_word' id='word_1_524' title='bbox 2314 4088 2435 4127; x_wconf 91' lang='lat' dir='ltr'><strong>suc-</strong></span> 
     </span>
    </p>
   </div>
   <div class='ocr_carea' id='block_1_72' title="bbox 849 4164 2437 4237">
    <p class='ocr_par' dir='ltr' id='par_1_72' title="bbox 849 4164 2437 4237">
     <span class='ocr_line' id='line_1_72' title="bbox 849 4164 2437 4237; baseline -0.004 -14"><span class='ocrx_word' id='word_1_525' title='bbox 849 4167 1094 4224; x_wconf 89' lang='lat' dir='ltr'><strong>cedentis</strong></span> <span class='ocrx_word' id='word_1_526' title='bbox 1120 4166 1379 4237; x_wconf 86' lang='lat' dir='ltr'><strong>episcopi,</strong></span> <span class='ocrx_word' id='word_1_527' title='bbox 1416 4165 1807 4235; x_wconf 91' lang='lat' dir='ltr'><strong>imperantibus</strong></span> <span class='ocrx_word' id='word_1_528' title='bbox 1832 4164 2092 4219; x_wconf 87' lang='lat' dir='ltr'><strong>Lothario</strong></span> <span class='ocrx_word' id='word_1_529' title='bbox 2116 4164 2349 4228; x_wconf 79' lang='lat' dir='ltr'><strong>seniore,</strong></span> <span class='ocrx_word' id='word_1_530' title='bbox 2381 4170 2437 4218; x_wconf 91' lang='lat' dir='ltr'><strong>et</strong></span> 
     </span>
    </p>
   </div>
   <div class='ocr_carea' id='block_1_73' title="bbox 847 4255 2433 4333">
    <p class='ocr_par' dir='ltr' id='par_1_73' title="bbox 847 4255 2433 4333">
     <span class='ocr_line' id='line_1_73' title="bbox 847 4255 2433 4333; baseline -0.005 -18"><span class='ocrx_word' id='word_1_531' title='bbox 847 4268 973 4333; x_wconf 87' lang='lat' dir='ltr'><strong>post</strong></span> <span class='ocrx_word' id='word_1_532' title='bbox 1000 4275 1125 4315; x_wconf 91' lang='lat' dir='ltr'><strong>eum</strong></span> <span class='ocrx_word' id='word_1_533' title='bbox 1163 4259 1425 4315; x_wconf 89' lang='lat' dir='ltr'><strong>Lothario</strong></span> <span class='ocrx_word' id='word_1_534' title='bbox 1448 4255 1685 4327; x_wconf 89' lang='lat' dir='ltr'><strong>juniore,</strong></span> <span class='ocrx_word' id='word_1_535' title='bbox 1735 4265 1864 4312; x_wconf 90' lang='lat' dir='ltr'><strong>sunt</strong></span> <span class='ocrx_word' id='word_1_536' title='bbox 1902 4265 2121 4311; x_wconf 90' lang='lat' dir='ltr'><strong>ostensa</strong></span> <span class='ocrx_word' id='word_1_537' title='bbox 2152 4255 2433 4322; x_wconf 90' lang='lat' dir='ltr'><strong>miracula,</strong></span> 
     </span>
    </p>
   </div>
   <div class='ocr_carea' id='block_1_74' title="bbox 847 4347 2436 4424">
    <p class='ocr_par' dir='ltr' id='par_1_74' title="bbox 847 4347 2436 4424">
     <span class='ocr_line' id='line_1_74' title="bbox 847 4347 2436 4424; baseline -0.004 -15"><span class='ocrx_word' id='word_1_538' title='bbox 847 4367 1021 4424; x_wconf 83' lang='lat' dir='ltr'><strong>usque</strong></span> <span class='ocrx_word' id='word_1_539' title='bbox 1053 4353 1121 4409; x_wconf 85' lang='lat' dir='ltr'><strong>ad</strong></span> <span class='ocrx_word' id='word_1_540' title='bbox 1153 4362 1397 4424; x_wconf 88' lang='lat' dir='ltr'><strong>tempora</strong></span> <span class='ocrx_word' id='word_1_541' title='bbox 1450 4350 1694 4406; x_wconf 87' lang='lat' dir='ltr'><strong>Walonis</strong></span> <span class='ocrx_word' id='word_1_542' title='bbox 1720 4391 1735 4417; x_wconf 92' lang='lat'><strong>,</strong></span> <span class='ocrx_word' id='word_1_543' title='bbox 1766 4350 1857 4421; x_wconf 89' lang='lat' dir='ltr'><strong>qui</strong></span> <span class='ocrx_word' id='word_1_544' title='bbox 1889 4348 2116 4421; x_wconf 69' lang='lat' dir='ltr'><strong>prmfato</strong></span> <span class='ocrx_word' id='word_1_545' title='bbox 2167 4347 2436 4403; x_wconf 88' lang='lat' dir='ltr'><strong>Adventio</strong></span> 
     </span>
    </p>
   </div>
   <div class='ocr_carea' id='block_1_75' title="bbox 844 4442 2435 4515">
    <p class='ocr_par' dir='ltr' id='par_1_75' title="bbox 844 4442 2435 4515">
     <span class='ocr_line' id='line_1_75' title="bbox 844 4442 2435 4515; baseline -0.005 -14"><span class='ocrx_word' id='word_1_546' title='bbox 844 4445 1135 4511; x_wconf 87' lang='lat' dir='ltr'><strong>successit,</strong></span> <span class='ocrx_word' id='word_1_547' title='bbox 1161 4460 1281 4515; x_wconf 71' lang='lat' dir='ltr'><strong>qua:</strong></span> <span class='ocrx_word' id='word_1_548' title='bbox 1309 4458 1373 4498; x_wconf 85' lang='lat' dir='ltr'><strong>ex</strong></span> <span class='ocrx_word' id='word_1_549' title='bbox 1407 4443 1617 4499; x_wconf 90' lang='lat' dir='ltr'><strong>incuria</strong></span> <span class='ocrx_word' id='word_1_550' title='bbox 1643 4442 1850 4513; x_wconf 91' lang='lat' dir='ltr'><strong>scripto</strong></span> <span class='ocrx_word' id='word_1_551' title='bbox 1876 4457 1981 4497; x_wconf 93' lang='lat' dir='ltr'><strong>non</strong></span> <span class='ocrx_word' id='word_1_552' title='bbox 2012 4449 2140 4495; x_wconf 93' lang='lat' dir='ltr'><strong>sunt</strong></span> <span class='ocrx_word' id='word_1_553' title='bbox 2160 4455 2435 4495; x_wconf 90' lang='lat' dir='ltr'><strong>commen-</strong></span> 
     </span>
    </p>
   </div>
   <div class='ocr_carea' id='block_1_76' title="bbox 846 4534 2432 4607">
    <p class='ocr_par' dir='ltr' id='par_1_76' title="bbox 846 4534 2432 4607">
     <span class='ocr_line' id='line_1_76' title="bbox 846 4534 2432 4607; baseline -0.006 -10"><span class='ocrx_word' id='word_1_554' title='bbox 846 4540 994 4597; x_wconf 89' lang='lat' dir='ltr'><strong>data.</strong></span> <span class='ocrx_word' id='word_1_555' title='bbox 1028 4536 1156 4606; x_wconf 69' lang='lat' dir='ltr'><strong>Quae</strong></span> <span class='ocrx_word' id='word_1_556' title='bbox 1178 4553 1309 4594; x_wconf 91' lang='lat' dir='ltr'><strong>vero</strong></span> <span class='ocrx_word' id='word_1_557' title='bbox 1332 4538 1433 4593; x_wconf 91' lang='lat' dir='ltr'><strong>sub</strong></span> <span class='ocrx_word' id='word_1_558' title='bbox 1464 4537 1580 4607; x_wconf 88' lang='lat' dir='ltr'><strong>ipso</strong></span> <span class='ocrx_word' id='word_1_559' title='bbox 1609 4534 1855 4601; x_wconf 87' lang='lat' dir='ltr'><strong>Walone,</strong></span> <span class='ocrx_word' id='word_1_560' title='bbox 1888 4534 1972 4591; x_wconf 90' lang='lat' dir='ltr'><strong>vel</strong></span> <span class='ocrx_word' id='word_1_561' title='bbox 2004 4548 2318 4590; x_wconf 91' lang='lat' dir='ltr'><strong>successore</strong></span> <span class='ocrx_word' id='word_1_562' title='bbox 2348 4534 2432 4604; x_wconf 91' lang='lat' dir='ltr'><strong>ip-</strong></span> 
     </span>
    </p>
   </div>
   <div class='ocr_carea' id='block_1_77' title="bbox 844 4623 2432 4701">
    <p class='ocr_par' dir='ltr' id='par_1_77' title="bbox 844 4623 2432 4701">
     <span class='ocr_line' id='line_1_77' title="bbox 844 4623 2432 4701; baseline -0.004 -15"><span class='ocrx_word' id='word_1_563' title='bbox 844 4631 959 4687; x_wconf 87' lang='lat' dir='ltr'><strong>sius</strong></span> <span class='ocrx_word' id='word_1_564' title='bbox 988 4629 1272 4698; x_wconf 83' lang='lat' dir='ltr'><strong>Rotberto,</strong></span> <span class='ocrx_word' id='word_1_565' title='bbox 1308 4636 1434 4686; x_wconf 90' lang='lat' dir='ltr'><strong>sunt</strong></span> <span class='ocrx_word' id='word_1_566' title='bbox 1485 4635 1661 4701; x_wconf 88' lang='lat' dir='ltr'><strong>gesta,</strong></span> <span class='ocrx_word' id='word_1_567' title='bbox 1709 4628 1845 4685; x_wconf 91' lang='lat' dir='ltr'><strong>ordo</strong></span> <span class='ocrx_word' id='word_1_568' title='bbox 1892 4626 2227 4695; x_wconf 88' lang='lat' dir='ltr'><strong>subsequens</strong></span> <span class='ocrx_word' id='word_1_569' title='bbox 2254 4623 2432 4680; x_wconf 88' lang='lat' dir='ltr'><strong>decla-</strong></span> 
     </span>
    </p>
   </div>
   <div class='ocr_carea' id='block_1_78' title="bbox 842 4722 1005 4780">
    <p class='ocr_par' dir='ltr' id='par_1_78' title="bbox 842 4722 1005 4780">
     <span class='ocr_line' id='line_1_78' title="bbox 842 4722 1005 4780; baseline -0.006 -1"><span class='ocrx_word' id='word_1_570' title='bbox 842 4722 1005 4780; x_wconf 86' lang='lat' dir='ltr'><strong>rabit.</strong></span> 
     </span>
    </p>
   </div>
   <div class='ocr_carea' id='block_1_79' title="bbox 918 4806 2433 4884">
    <p class='ocr_par' dir='ltr' id='par_1_79' title="bbox 918 4806 2433 4884">
     <span class='ocr_line' id='line_1_79' title="bbox 918 4806 2433 4884; baseline -0.004 -17"><span class='ocrx_word' id='word_1_571' title='bbox 918 4813 1009 4869; x_wconf 72' lang='lat'><strong>29.</strong></span> <span class='ocrx_word' id='word_1_572' title='bbox 1046 4813 1347 4884; x_wconf 79' lang='lat' dir='ltr'><strong>Antequam</strong></span> <span class='ocrx_word' id='word_1_573' title='bbox 1389 4810 1457 4867; x_wconf 89' lang='lat' dir='ltr'><strong>ad</strong></span> <span class='ocrx_word' id='word_1_574' title='bbox 1501 4810 1708 4881; x_wconf 89' lang='lat' dir='ltr'><strong>reliqua</strong></span> <span class='ocrx_word' id='word_1_575' title='bbox 1753 4807 2181 4880; x_wconf 90' lang='lat' dir='ltr'><strong>progrediamur,</strong></span> <span class='ocrx_word' id='word_1_576' title='bbox 2216 4806 2433 4878; x_wconf 91' lang='lat' dir='ltr'><strong>quando</strong></span> 
     </span>
    </p>
   </div>
   <div class='ocr_carea' id='block_1_80' title="bbox 842 4899 2432 4973">
    <p class='ocr_par' dir='ltr' id='par_1_80' title="bbox 842 4899 2432 4973">
     <span class='ocr_line' id='line_1_80' title="bbox 842 4899 2432 4973; baseline -0.004 -12"><span class='ocrx_word' id='word_1_577' title='bbox 842 4918 934 4962; x_wconf 91' lang='lat' dir='ltr'><strong>res</strong></span> <span class='ocrx_word' id='word_1_578' title='bbox 969 4905 1043 4960; x_wconf 85' lang='lat' dir='ltr'><strong>ita</strong></span> <span class='ocrx_word' id='word_1_579' title='bbox 1078 4914 1280 4972; x_wconf 88' lang='lat' dir='ltr'><strong>monet,</strong></span> <span class='ocrx_word' id='word_1_580' title='bbox 1312 4912 1363 4961; x_wconf 91' lang='lat' dir='ltr'><strong>et</strong></span> <span class='ocrx_word' id='word_1_581' title='bbox 1393 4919 1451 4960; x_wconf 89' lang='lat' dir='ltr'><strong>se</strong></span> <span class='ocrx_word' id='word_1_582' title='bbox 1480 4902 1695 4960; x_wconf 91' lang='lat' dir='ltr'><strong>occasio</strong></span> <span class='ocrx_word' id='word_1_583' title='bbox 1739 4902 1967 4973; x_wconf 84' lang='lat' dir='ltr'><strong>praebuit</strong></span> <span class='ocrx_word' id='word_1_584' title='bbox 2010 4901 2075 4956; x_wconf 91' lang='lat' dir='ltr'><strong>de</strong></span> <span class='ocrx_word' id='word_1_585' title='bbox 2114 4899 2432 4956; x_wconf 90' lang='lat' dir='ltr'><strong>memoratis</strong></span> 
     </span>
    </p>
   </div>
   <div class='ocr_carea' id='block_1_81' title="bbox 840 4993 2428 5069">
    <p class='ocr_par' dir='ltr' id='par_1_81' title="bbox 840 4993 2428 5069">
     <span class='ocr_line' id='line_1_81' title="bbox 840 4993 2428 5069; baseline -0.003 -17"><span class='ocrx_word' id='word_1_586' title='bbox 840 4997 1031 5069; x_wconf 90' lang='lat' dir='ltr'><strong>primis</strong></span> <span class='ocrx_word' id='word_1_587' title='bbox 1053 5000 1260 5055; x_wconf 91' lang='lat' dir='ltr'><strong>duobus</strong></span> <span class='ocrx_word' id='word_1_588' title='bbox 1298 5012 1358 5053; x_wconf 89' lang='lat' dir='ltr'><strong>se</strong></span> <span class='ocrx_word' id='word_1_589' title='bbox 1391 4996 1619 5052; x_wconf 91' lang='lat' dir='ltr'><strong>subinde</strong></span> <span class='ocrx_word' id='word_1_590' title='bbox 1643 4994 2105 5064; x_wconf 90' lang='lat' dir='ltr'><strong>consequentibus</strong></span> <span class='ocrx_word' id='word_1_591' title='bbox 2139 4993 2428 5064; x_wconf 86' lang='lat' dir='ltr'><strong>episcopis,</strong></span> 
     </span>
    </p>
   </div>
   <div class='ocr_carea' id='block_1_82' title="bbox 844 5085 2426 5165">
    <p class='ocr_par' dir='ltr' id='par_1_82' title="bbox 844 5085 2426 5165">
     <span class='ocr_line' id='line_1_82' title="bbox 844 5085 2426 5165; baseline -0.003 -21"><span class='ocrx_word' id='word_1_592' title='bbox 844 5088 939 5145; x_wconf 86' lang='lat' dir='ltr'><strong>sed</strong></span> <span class='ocrx_word' id='word_1_593' title='bbox 967 5098 1023 5165; x_wconf 84' lang='lat' dir='ltr'><strong>et</strong></span> <span class='ocrx_word' id='word_1_594' title='bbox 1057 5090 1123 5145; x_wconf 89' lang='lat' dir='ltr'><strong>de</strong></span> <span class='ocrx_word' id='word_1_595' title='bbox 1152 5097 1297 5146; x_wconf 91' lang='lat' dir='ltr'><strong>statu</strong></span> <span class='ocrx_word' id='word_1_596' title='bbox 1323 5098 1637 5159; x_wconf 78' lang='lat' dir='ltr'><strong>temporum-</strong></span> <span class='ocrx_word' id='word_1_597' title='bbox 1652 5086 1832 5155; x_wconf 90' lang='lat' dir='ltr'><strong>aliqua</strong></span> <span class='ocrx_word' id='word_1_598' title='bbox 1859 5086 2099 5141; x_wconf 90' lang='lat' dir='ltr'><strong>breviter</strong></span> <span class='ocrx_word' id='word_1_599' title='bbox 2120 5085 2426 5140; x_wconf 88' lang='lat' dir='ltr'><strong>adnotanda</strong></span> 
     </span>
    </p>
   </div>
   <div class='ocr_carea' id='block_1_83' title="bbox 842 5177 2422 5254">
    <p class='ocr_par' dir='ltr' id='par_1_83' title="bbox 842 5177 2422 5254">
     <span class='ocr_line' id='line_1_83' title="bbox 842 5177 2422 5254; baseline -0.003 -17"><span class='ocrx_word' id='word_1_600' title='bbox 842 5183 1173 5253; x_wconf 90' lang='lat' dir='ltr'><strong>putavimus,</strong></span> <span class='ocrx_word' id='word_1_601' title='bbox 1200 5198 1266 5239; x_wconf 92' lang='lat' dir='ltr'><strong>ea</strong></span> <span class='ocrx_word' id='word_1_602' title='bbox 1291 5180 1564 5254; x_wconf 63' lang='lat' dir='ltr'><strong>praecipue</strong></span> <span class='ocrx_word' id='word_1_603' title='bbox 1590 5193 1776 5246; x_wconf 89' lang='lat' dir='ltr'><strong>causa,</strong></span> <span class='ocrx_word' id='word_1_604' title='bbox 1800 5178 1945 5248; x_wconf 92' lang='lat' dir='ltr'><strong>quod</strong></span> <span class='ocrx_word' id='word_1_605' title='bbox 1971 5177 2195 5233; x_wconf 90' lang='lat' dir='ltr'><strong>alterius</strong></span> <span class='ocrx_word' id='word_1_606' title='bbox 2216 5193 2422 5245; x_wconf 89' lang='lat' dir='ltr'><strong>eorum,</strong></span> 
     </span>
    </p>
   </div>
   <div class='ocr_carea' id='block_1_84' title="bbox 840 5270 2420 5347">
    <p class='ocr_par' dir='ltr' id='par_1_84' title="bbox 840 5270 2420 5347">
     <span class='ocr_line' id='line_1_84' title="bbox 840 5270 2420 5347; baseline -0.004 -15"><span class='ocrx_word' id='word_1_607' title='bbox 840 5270 1023 5347; x_wconf 61' lang='lat' dir='ltr'><strong>idest,</strong></span> <span class='ocrx_word' id='word_1_608' title='bbox 1053 5276 1325 5342; x_wconf 87' lang='lat' dir='ltr'><strong>Adventii,</strong></span> <span class='ocrx_word' id='word_1_609' title='bbox 1358 5272 1713 5345; x_wconf 90' lang='lat' dir='ltr'><strong>temporibus,</strong></span> <span class='ocrx_word' id='word_1_610' title='bbox 1748 5271 2079 5327; x_wconf 91' lang='lat' dir='ltr'><strong>monasterio</strong></span> <span class='ocrx_word' id='word_1_611' title='bbox 2104 5270 2263 5341; x_wconf 92' lang='lat' dir='ltr'><strong>hujus</strong></span> <span class='ocrx_word' id='word_1_612' title='bbox 2294 5287 2420 5328; x_wconf 89' lang='lat' dir='ltr'><strong>san-</strong></span> 
     </span>
    </p>
   </div>
   <div class='ocr_carea' id='block_1_85' title="bbox 843 5363 2429 5442">
    <p class='ocr_par' dir='ltr' id='par_1_85' title="bbox 843 5363 2429 5442">
     <span class='ocr_line' id='line_1_85' title="bbox 843 5363 2429 5442; baseline -0.003 -17"><span class='ocrx_word' id='word_1_613' title='bbox 843 5370 1200 5442; x_wconf 75' lang='lat' dir='ltr'><strong>cue.virginis</strong></span> <span class='ocrx_word' id='word_1_614' title='bbox 1227 5368 1463 5441; x_wconf 89' lang='lat' dir='ltr'><strong>plurima</strong></span> <span class='ocrx_word' id='word_1_615' title='bbox 1489 5363 1655 5437; x_wconf 89' lang='lat' dir='ltr'><strong>regali</strong></span> <span class='ocrx_word' id='word_1_616' title='bbox 1688 5363 2058 5420; x_wconf 85' lang='lat' dir='ltr'><strong>munificentia</strong></span> <span class='ocrx_word' id='word_1_617' title='bbox 2079 5372 2205 5419; x_wconf 90' lang='lat' dir='ltr'><strong>sunt</strong></span> <span class='ocrx_word' id='word_1_618' title='bbox 2234 5363 2429 5421; x_wconf 87' lang='lat' dir='ltr'><strong>collata</strong></span> 
     </span>
    </p>
   </div>
   <div class='ocr_carea' id='block_1_86' title="bbox 838 5454 2427 5522">
    <p class='ocr_par' dir='ltr' id='par_1_86' title="bbox 838 5454 2427 5522">
     <span class='ocr_line' id='line_1_86' title="bbox 838 5454 2427 5522; baseline -0.003 -5"><span class='ocrx_word' id='word_1_619' title='bbox 838 5456 1106 5517; x_wconf 80' lang='lat' dir='ltr'><strong>beneficia</strong></span> <span class='ocrx_word' id='word_1_620' title='bbox 1133 5502 1147 5522; x_wconf 87' lang='lat'><strong>,</strong></span> <span class='ocrx_word' id='word_1_621' title='bbox 1183 5462 1434 5522; x_wconf 72' lang='lat' dir='ltr'><strong>regisque</strong></span> <span class='ocrx_word' id='word_1_622' title='bbox 1478 5455 1717 5513; x_wconf 89' lang='lat' dir='ltr'><strong>Lotharii</strong></span> <span class='ocrx_word' id='word_1_623' title='bbox 1755 5454 1992 5512; x_wconf 84' lang='lat' dir='ltr'><strong>Junioris</strong></span> <span class='ocrx_word' id='word_1_624' title='bbox 2032 5457 2208 5513; x_wconf 90' lang='lat' dir='ltr'><strong>edicta</strong></span> <span class='ocrx_word' id='word_1_625' title='bbox 2258 5466 2427 5514; x_wconf 84' lang='lat' dir='ltr'><strong>testa-</strong></span> 
     </span>
    </p>
   </div>
   <div class='ocr_carea' id='block_1_87' title="bbox 2456 4586 2513 4649">
    <p class='ocr_par' dir='ltr' id='par_1_87' title="bbox 2456 4586 2513 4649">
     <span class='ocr_line' id='line_1_87' title="bbox 2456 4586 2513 4649; baseline 0 0"><span class='ocrx_word' id='word_1_626' title='bbox 2456 4586 2513 4649; x_wconf 91' lang='lat' dir='ltr'><strong>D</strong></span> 
     </span>
    </p>
   </div>
   <div class='ocr_carea' id='block_1_88' title="bbox 2533 3341 4114 3413">
    <p class='ocr_par' dir='ltr' id='par_1_88' title="bbox 2533 3341 4114 3413">
     <span class='ocr_line' id='line_1_88' title="bbox 2533 3341 4114 3413; baseline 0.003 -17"><span class='ocrx_word' id='word_1_627' title='bbox 2533 3357 2703 3397; x_wconf 92' lang='lat' dir='ltr'><strong>vocus</strong></span> <span class='ocrx_word' id='word_1_628' title='bbox 2748 3342 2839 3397; x_wconf 89' lang='lat' dir='ltr'><strong>hic</strong></span> <span class='ocrx_word' id='word_1_629' title='bbox 2880 3342 3064 3413; x_wconf 88' lang='lat' dir='ltr'><strong>junior</strong></span> <span class='ocrx_word' id='word_1_630' title='bbox 3099 3341 3409 3407; x_wconf 85' lang='lat' dir='ltr'><strong>Lotharius,</strong></span> <span class='ocrx_word' id='word_1_631' title='bbox 3458 3343 3525 3397; x_wconf 91' lang='lat' dir='ltr'><strong>de</strong></span> <span class='ocrx_word' id='word_1_632' title='bbox 3556 3359 3662 3413; x_wconf 92' lang='lat' dir='ltr'><strong>quo</strong></span> <span class='ocrx_word' id='word_1_633' title='bbox 3693 3343 3834 3397; x_wconf 86' lang='lat' dir='ltr'><strong>fama</strong></span> <span class='ocrx_word' id='word_1_634' title='bbox 3866 3345 3999 3400; x_wconf 87' lang='lat' dir='ltr'><strong>satis</strong></span> <span class='ocrx_word' id='word_1_635' title='bbox 4025 3346 4114 3400; x_wconf 70' lang='lat' dir='ltr'><strong>do«</strong></span> 
     </span>
    </p>
   </div>
   <div class='ocr_carea' id='block_1_89' title="bbox 2534 3435 4112 3507">
    <p class='ocr_par' dir='ltr' id='par_1_89' title="bbox 2534 3435 4112 3507">
     <span class='ocr_line' id='line_1_89' title="bbox 2534 3435 4112 3507; baseline 0.001 -16"><span class='ocrx_word' id='word_1_636' title='bbox 2534 3436 2691 3491; x_wconf 88' lang='lat' dir='ltr'><strong>lenda</strong></span> <span class='ocrx_word' id='word_1_637' title='bbox 2725 3435 3004 3506; x_wconf 84' lang='lat' dir='ltr'><strong>vulgatur,</strong></span> <span class='ocrx_word' id='word_1_638' title='bbox 3036 3435 3156 3489; x_wconf 90' lang='lat' dir='ltr'><strong>odio</strong></span> <span class='ocrx_word' id='word_1_639' title='bbox 3197 3435 3513 3506; x_wconf 72' lang='lat' dir='ltr'><strong>Teuthergrc</strong></span> <span class='ocrx_word' id='word_1_640' title='bbox 3551 3436 3708 3505; x_wconf 88' lang='lat' dir='ltr'><strong>hujus</strong></span> <span class='ocrx_word' id='word_1_641' title='bbox 3748 3454 3912 3507; x_wconf 88' lang='lat' dir='ltr'><strong>quam</strong></span> <span class='ocrx_word' id='word_1_642' title='bbox 3968 3438 4112 3493; x_wconf 77' lang='lat' dir='ltr'><strong>dixi-</strong></span> 
     </span>
    </p>
   </div>
   <div class='ocr_carea' id='block_1_90' title="bbox 2534 3524 4117 3604">
    <p class='ocr_par' dir='ltr' id='par_1_90' title="bbox 2534 3524 4117 3604">
     <span class='ocr_line' id='line_1_90' title="bbox 2534 3524 4117 3604; baseline -0.001 -21"><span class='ocrx_word' id='word_1_643' title='bbox 2534 3544 2695 3593; x_wconf 89' lang='lat' dir='ltr'><strong>mus,</strong></span> <span class='ocrx_word' id='word_1_644' title='bbox 2747 3527 2965 3595; x_wconf 81' lang='lat' dir='ltr'><strong>reginae,</strong></span> <span class='ocrx_word' id='word_1_645' title='bbox 3013 3534 3069 3580; x_wconf 90' lang='lat' dir='ltr'><strong>et</strong></span> <span class='ocrx_word' id='word_1_646' title='bbox 3122 3524 3302 3579; x_wconf 90' lang='lat' dir='ltr'><strong>illicita</strong></span> <span class='ocrx_word' id='word_1_647' title='bbox 3339 3530 3757 3604; x_wconf 77' lang='lat' dir='ltr'><strong>superductione</strong></span> <span class='ocrx_word' id='word_1_648' title='bbox 3790 3526 4117 3584; x_wconf 68' lang='lat' dir='ltr'><strong>Waldradaz.</strong></span> 
     </span>
    </p>
   </div>
   <div class='ocr_carea' id='block_1_91' title="bbox 2536 3615 4120 3686">
    <p class='ocr_par' dir='ltr' id='par_1_91' title="bbox 2536 3615 4120 3686">
     <span class='ocr_line' id='line_1_91' title="bbox 2536 3615 4120 3686; baseline 0.001 -13"><span class='ocrx_word' id='word_1_649' title='bbox 2536 3618 2667 3686; x_wconf 83' lang='lat' dir='ltr'><strong>Quae</strong></span> <span class='ocrx_word' id='word_1_650' title='bbox 2693 3617 3017 3673; x_wconf 83' lang='lat' dir='ltr'><strong>miserabilis</strong></span> <span class='ocrx_word' id='word_1_651' title='bbox 3052 3618 3260 3686; x_wconf 88' lang='lat' dir='ltr'><strong>species</strong></span> <span class='ocrx_word' id='word_1_652' title='bbox 3287 3615 3413 3671; x_wconf 87' lang='lat' dir='ltr'><strong>facti</strong></span> <span class='ocrx_word' id='word_1_653' title='bbox 3442 3633 3562 3671; x_wconf 91' lang='lat' dir='ltr'><strong>cum</strong></span> <span class='ocrx_word' id='word_1_654' title='bbox 3596 3616 3789 3671; x_wconf 88' lang='lat' dir='ltr'><strong>faciem</strong></span> <span class='ocrx_word' id='word_1_655' title='bbox 3830 3633 4008 3674; x_wconf 90' lang='lat' dir='ltr'><strong>rerum</strong></span> <span class='ocrx_word' id='word_1_656' title='bbox 4038 3619 4120 3674; x_wconf 92' lang='lat' dir='ltr'><strong>lu-</strong></span> 
     </span>
    </p>
   </div>
   <div class='ocr_carea' id='block_1_92' title="bbox 2536 3708 4119 3778">
    <p class='ocr_par' dir='ltr' id='par_1_92' title="bbox 2536 3708 4119 3778">
     <span class='ocr_line' id='line_1_92' title="bbox 2536 3708 4119 3778; baseline 0.003 -15"><span class='ocrx_word' id='word_1_657' title='bbox 2536 3719 2728 3765; x_wconf 90' lang='lat' dir='ltr'><strong>ctuoso</strong></span> <span class='ocrx_word' id='word_1_658' title='bbox 2766 3708 3022 3766; x_wconf 87' lang='lat' dir='ltr'><strong>foedasset</strong></span> <span class='ocrx_word' id='word_1_659' title='bbox 3056 3709 3322 3778; x_wconf 77' lang='lat' dir='ltr'><strong>exemplo,</strong></span> <span class='ocrx_word' id='word_1_660' title='bbox 3355 3718 3521 3763; x_wconf 92' lang='lat' dir='ltr'><strong>totum</strong></span> <span class='ocrx_word' id='word_1_661' title='bbox 3557 3724 3690 3778; x_wconf 86' lang='lat' dir='ltr'><strong>pene</strong></span> <span class='ocrx_word' id='word_1_662' title='bbox 3718 3710 3901 3765; x_wconf 84' lang='lat' dir='ltr'><strong>orbem</strong></span> <span class='ocrx_word' id='word_1_663' title='bbox 3939 3711 3993 3766; x_wconf 92' lang='lat' dir='ltr'><strong>in</strong></span> <span class='ocrx_word' id='word_1_664' title='bbox 4035 3712 4119 3768; x_wconf 89' lang='lat' dir='ltr'><strong>sui</strong></span> 
     </span>
    </p>
   </div>
   <div class='ocr_carea' id='block_1_93' title="bbox 2534 3802 4121 3875">
    <p class='ocr_par' dir='ltr' id='par_1_93' title="bbox 2534 3802 4121 3875">
     <span class='ocr_line' id='line_1_93' title="bbox 2534 3802 4121 3875; baseline 0.002 -17"><span class='ocrx_word' id='word_1_665' title='bbox 2534 3804 2827 3859; x_wconf 90' lang='lat' dir='ltr'><strong>commovit</strong></span> <span class='ocrx_word' id='word_1_666' title='bbox 2854 3803 3129 3857; x_wconf 86' lang='lat' dir='ltr'><strong>invidiam.</strong></span> <span class='ocrx_word' id='word_1_667' title='bbox 3162 3802 3293 3856; x_wconf 85' lang='lat' dir='ltr'><strong>Nam</strong></span> <span class='ocrx_word' id='word_1_668' title='bbox 3325 3812 3380 3857; x_wconf 87' lang='lat' dir='ltr'><strong>et</strong></span> <span class='ocrx_word' id='word_1_669' title='bbox 3400 3803 3541 3872; x_wconf 91' lang='lat' dir='ltr'><strong>quod</strong></span> <span class='ocrx_word' id='word_1_670' title='bbox 3576 3804 3738 3859; x_wconf 92' lang='lat' dir='ltr'><strong>multo</strong></span> <span class='ocrx_word' id='word_1_671' title='bbox 3768 3804 4002 3875; x_wconf 88' lang='lat' dir='ltr'><strong>amplius</strong></span> <span class='ocrx_word' id='word_1_672' title='bbox 4022 3820 4121 3861; x_wconf 73' lang='lat' dir='ltr'><strong>ex-</strong></span> 
     </span>
    </p>
   </div>
   <div class='ocr_carea' id='block_1_94' title="bbox 2536 3897 4123 3971">
    <p class='ocr_par' dir='ltr' id='par_1_94' title="bbox 2536 3897 4123 3971">
     <span class='ocr_line' id='line_1_94' title="bbox 2536 3897 4123 3971; baseline 0.003 -21"><span class='ocrx_word' id='word_1_673' title='bbox 2536 3897 2953 3967; x_wconf 86' lang='lat' dir='ltr'><strong>pavescendum,</strong></span> <span class='ocrx_word' id='word_1_674' title='bbox 2985 3897 3281 3964; x_wconf 87' lang='lat' dir='ltr'><strong>primarum</strong></span> <span class='ocrx_word' id='word_1_675' title='bbox 3317 3898 3525 3951; x_wconf 86' lang='lat' dir='ltr'><strong>sedium</strong></span> <span class='ocrx_word' id='word_1_676' title='bbox 3554 3899 3827 3955; x_wconf 90' lang='lat' dir='ltr'><strong>antistites</strong></span> <span class='ocrx_word' id='word_1_677' title='bbox 3856 3899 4123 3971; x_wconf 71' lang='lat' dir='ltr'><strong>Tietga‘u-</strong></span> 
     </span>
    </p>
   </div>
   <div class='ocr_carea' id='block_1_95' title="bbox 2536 3988 4118 4062">
    <p class='ocr_par' dir='ltr' id='par_1_95' title="bbox 2536 3988 4118 4062">
     <span class='ocr_line' id='line_1_95' title="bbox 2536 3988 4118 4062; baseline 0.001 -16"><span class='ocrx_word' id='word_1_678' title='bbox 2536 3991 2637 4046; x_wconf 93' lang='lat' dir='ltr'><strong>dus</strong></span> <span class='ocrx_word' id='word_1_679' title='bbox 2675 3989 3022 4044; x_wconf 87' lang='lat' dir='ltr'><strong>Treverensis</strong></span> <span class='ocrx_word' id='word_1_680' title='bbox 3068 3997 3122 4042; x_wconf 92' lang='lat' dir='ltr'><strong>et</strong></span> <span class='ocrx_word' id='word_1_681' title='bbox 3156 3988 3425 4043; x_wconf 82' lang='lat' dir='ltr'><strong>Gonterus</strong></span> <span class='ocrx_word' id='word_1_682' title='bbox 3457 3989 3795 4046; x_wconf 88' lang='lat' dir='ltr'><strong>Coloniensis</strong></span> <span class='ocrx_word' id='word_1_683' title='bbox 3830 3991 3993 4062; x_wconf 87' lang='lat' dir='ltr'><strong>hujus</strong></span> <span class='ocrx_word' id='word_1_684' title='bbox 4024 4007 4118 4049; x_wconf 81' lang='lat' dir='ltr'><strong>ex-</strong></span> 
     </span>
    </p>
   </div>
   <div class='ocr_carea' id='block_1_96' title="bbox 2537 4078 4123 4146">
    <p class='ocr_par' dir='ltr' id='par_1_96' title="bbox 2537 4078 4123 4146">
     <span class='ocr_line' id='line_1_96' title="bbox 2537 4078 4123 4146; baseline 0.003 -11"><span class='ocrx_word' id='word_1_685' title='bbox 2537 4079 2786 4135; x_wconf 90' lang='lat' dir='ltr'><strong>secrandi</strong></span> <span class='ocrx_word' id='word_1_686' title='bbox 2817 4078 3069 4133; x_wconf 88' lang='lat' dir='ltr'><strong>connubii</strong></span> <span class='ocrx_word' id='word_1_687' title='bbox 3101 4088 3501 4146; x_wconf 89' lang='lat' dir='ltr'><strong>assentatores,</strong></span> <span class='ocrx_word' id='word_1_688' title='bbox 3533 4096 3655 4135; x_wconf 90' lang='lat' dir='ltr'><strong>cum</strong></span> <span class='ocrx_word' id='word_1_689' title='bbox 3686 4081 4003 4137; x_wconf 89' lang='lat' dir='ltr'><strong>viderentur</strong></span> <span class='ocrx_word' id='word_1_690' title='bbox 4033 4098 4123 4139; x_wconf 86' lang='lat' dir='ltr'><strong>sa-</strong></span> 
     </span>
    </p>
   </div>
   <div class='ocr_carea' id='block_1_97' title="bbox 2536 4170 4122 4246">
    <p class='ocr_par' dir='ltr' id='par_1_97' title="bbox 2536 4170 4122 4246">
     <span class='ocr_line' id='line_1_97' title="bbox 2536 4170 4122 4246; baseline 0.003 -19"><span class='ocrx_word' id='word_1_691' title='bbox 2536 4174 2751 4245; x_wconf 84' lang='lat' dir='ltr'><strong>pientes</strong></span> <span class='ocrx_word' id='word_1_692' title='bbox 2794 4187 2913 4227; x_wconf 90' lang='lat' dir='ltr'><strong>esse</strong></span> <span class='ocrx_word' id='word_1_693' title='bbox 2968 4171 3203 4241; x_wconf 88' lang='lat' dir='ltr'><strong>ingenio,</strong></span> <span class='ocrx_word' id='word_1_694' title='bbox 3234 4181 3288 4225; x_wconf 79' lang='lat' dir='ltr'><strong>et.</strong></span> <span class='ocrx_word' id='word_1_695' title='bbox 3332 4170 3524 4226; x_wconf 91' lang='lat' dir='ltr'><strong>litteris</strong></span> <span class='ocrx_word' id='word_1_696' title='bbox 3562 4173 3742 4227; x_wconf 89' lang='lat' dir='ltr'><strong>divine</strong></span> <span class='ocrx_word' id='word_1_697' title='bbox 3776 4174 4122 4246; x_wconf 85' lang='lat' dir='ltr'><strong>humaneun</strong></span> 
     </span>
    </p>
   </div>
   <div class='ocr_carea' id='block_1_98' title="bbox 2538 4262 4118 4334">
    <p class='ocr_par' dir='ltr' id='par_1_98' title="bbox 2538 4262 4118 4334">
     <span class='ocr_line' id='line_1_98' title="bbox 2538 4262 4118 4334; baseline 0.003 -14"><span class='ocrx_word' id='word_1_698' title='bbox 2538 4265 2757 4329; x_wconf 88' lang='lat' dir='ltr'><strong>eruditi,</strong></span> <span class='ocrx_word' id='word_1_699' title='bbox 2806 4262 3131 4334; x_wconf 68' lang='lat' dir='ltr'><strong>insipientia:</strong></span> <span class='ocrx_word' id='word_1_700' title='bbox 3173 4262 3450 4317; x_wconf 88' lang='lat' dir='ltr'><strong>deterrimi</strong></span> <span class='ocrx_word' id='word_1_701' title='bbox 3501 4272 3629 4319; x_wconf 88' lang='lat' dir='ltr'><strong>sunt</strong></span> <span class='ocrx_word' id='word_1_702' title='bbox 3676 4263 3803 4320; x_wconf 88' lang='lat' dir='ltr'><strong>facti</strong></span> <span class='ocrx_word' id='word_1_703' title='bbox 3854 4264 4118 4324; x_wconf 88' lang='lat' dir='ltr'><strong>fautores.</strong></span> 
     </span>
    </p>
   </div>
   <div class='ocr_carea' id='block_1_99' title="bbox 2538 4351 4119 4425">
    <p class='ocr_par' dir='ltr' id='par_1_99' title="bbox 2538 4351 4119 4425">
     <span class='ocr_line' id='line_1_99' title="bbox 2538 4351 4119 4425; baseline 0.002 -15"><span class='ocrx_word' id='word_1_704' title='bbox 2538 4354 2751 4423; x_wconf 39' lang='lat' dir='ltr'><strong>Unde‘a</strong></span> <span class='ocrx_word' id='word_1_705' title='bbox 2784 4370 2916 4425; x_wconf 90' lang='lat' dir='ltr'><strong>papa</strong></span> <span class='ocrx_word' id='word_1_706' title='bbox 2950 4351 3171 4408; x_wconf 88' lang='lat' dir='ltr'><strong>Nicolao</strong></span> <span class='ocrx_word' id='word_1_707' title='bbox 3200 4353 3428 4409; x_wconf 84' lang='lat' dir='ltr'><strong>Romam</strong></span> <span class='ocrx_word' id='word_1_708' title='bbox 3454 4355 3665 4409; x_wconf 87' lang='lat' dir='ltr'><strong>evocati</strong></span> <span class='ocrx_word' id='word_1_709' title='bbox 3697 4363 3751 4409; x_wconf 92' lang='lat' dir='ltr'><strong>et</strong></span> <span class='ocrx_word' id='word_1_710' title='bbox 3773 4364 3901 4412; x_wconf 90' lang='lat' dir='ltr'><strong>ante</strong></span> <span class='ocrx_word' id='word_1_711' title='bbox 3927 4372 4119 4412; x_wconf 89' lang='lat' dir='ltr'><strong>sacra-</strong></span> 
     </span>
    </p>
   </div>
   <div class='ocr_carea' id='block_1_100' title="bbox 2539 4446 4119 4518">
    <p class='ocr_par' dir='ltr' id='par_1_100' title="bbox 2539 4446 4119 4518">
     <span class='ocr_line' id='line_1_100' title="bbox 2539 4446 4119 4518; baseline 0.003 -18"><span class='ocrx_word' id='word_1_712' title='bbox 2539 4446 2805 4501; x_wconf 87' lang='lat' dir='ltr'><strong>tissinmm</strong></span> <span class='ocrx_word' id='word_1_713' title='bbox 2868 4461 3067 4516; x_wconf 88' lang='lat' dir='ltr'><strong>corpus</strong></span> <span class='ocrx_word' id='word_1_714' title='bbox 3113 4446 3255 4500; x_wconf 89' lang='lat' dir='ltr'><strong>beati</strong></span> <span class='ocrx_word' id='word_1_715' title='bbox 3312 4446 3457 4500; x_wconf 90' lang='lat' dir='ltr'><strong>Petri</strong></span> <span class='ocrx_word' id='word_1_716' title='bbox 3504 4448 3751 4518; x_wconf 90' lang='lat' dir='ltr'><strong>synodo,</strong></span> <span class='ocrx_word' id='word_1_717' title='bbox 3794 4457 3903 4503; x_wconf 92' lang='lat' dir='ltr'><strong>tam</strong></span> <span class='ocrx_word' id='word_1_718' title='bbox 3950 4448 4119 4506; x_wconf 69' lang='lat' dir='ltr'><strong>Italia:</strong></span> 
     </span>
    </p>
   </div>
   <div class='ocr_carea' id='block_1_101' title="bbox 2536 4538 4119 4614">
    <p class='ocr_par' dir='ltr' id='par_1_101' title="bbox 2536 4538 4119 4614">
     <span class='ocr_line' id='line_1_101' title="bbox 2536 4538 4119 4614; baseline 0.001 -18"><span class='ocrx_word' id='word_1_719' title='bbox 2536 4556 2675 4612; x_wconf 92' lang='lat' dir='ltr'><strong>pene</strong></span> <span class='ocrx_word' id='word_1_720' title='bbox 2709 4540 2891 4606; x_wconf 90' lang='lat' dir='ltr'><strong>totius,</strong></span> <span class='ocrx_word' id='word_1_721' title='bbox 2930 4555 3090 4609; x_wconf 88' lang='lat' dir='ltr'><strong>quam</strong></span> <span class='ocrx_word' id='word_1_722' title='bbox 3144 4548 3199 4594; x_wconf 91' lang='lat' dir='ltr'><strong>et</strong></span> <span class='ocrx_word' id='word_1_723' title='bbox 3242 4538 3487 4609; x_wconf 91' lang='lat' dir='ltr'><strong>pluribus</strong></span> <span class='ocrx_word' id='word_1_724' title='bbox 3525 4540 3816 4595; x_wconf 85' lang='lat' dir='ltr'><strong>Galliarum</strong></span> <span class='ocrx_word' id='word_1_725' title='bbox 3849 4540 4119 4614; x_wconf 89' lang='lat' dir='ltr'><strong>episcopis</strong></span> 
     </span>
    </p>
   </div>
   <div class='ocr_carea' id='block_1_102' title="bbox 2536 4630 4120 4706">
    <p class='ocr_par' dir='ltr' id='par_1_102' title="bbox 2536 4630 4120 4706">
     <span class='ocr_line' id='line_1_102' title="bbox 2536 4630 4120 4706; baseline 0.001 -17"><span class='ocrx_word' id='word_1_726' title='bbox 2536 4640 2861 4703; x_wconf 89' lang='lat' dir='ltr'><strong>congregata</strong></span> <span class='ocrx_word' id='word_1_727' title='bbox 2899 4630 3092 4696; x_wconf 89' lang='lat' dir='ltr'><strong>auditi,</strong></span> <span class='ocrx_word' id='word_1_728' title='bbox 3129 4638 3185 4684; x_wconf 90' lang='lat' dir='ltr'><strong>et</strong></span> <span class='ocrx_word' id='word_1_729' title='bbox 3214 4631 3427 4700; x_wconf 88' lang='lat' dir='ltr'><strong>culpam</strong></span> <span class='ocrx_word' id='word_1_730' title='bbox 3466 4640 3729 4701; x_wconf 62' lang='lat' dir='ltr'><strong>praetextu</strong></span> <span class='ocrx_word' id='word_1_731' title='bbox 3764 4630 3997 4706; x_wconf 88' lang='lat' dir='ltr'><strong>conjugii</strong></span> <span class='ocrx_word' id='word_1_732' title='bbox 4029 4650 4120 4691; x_wconf 81' lang='lat' dir='ltr'><strong>or-</strong></span> 
     </span>
    </p>
   </div>
   <div class='ocr_carea' id='block_1_103' title="bbox 2534 4718 4119 4796">
    <p class='ocr_par' dir='ltr' id='par_1_103' title="bbox 2534 4718 4119 4796">
     <span class='ocr_line' id='line_1_103' title="bbox 2534 4718 4119 4796; baseline 0.001 -17"><span class='ocrx_word' id='word_1_733' title='bbox 2534 4737 2668 4779; x_wconf 90' lang='lat' dir='ltr'><strong>nare</strong></span> <span class='ocrx_word' id='word_1_734' title='bbox 2690 4721 2781 4777; x_wconf 90' lang='lat' dir='ltr'><strong>diu</strong></span> <span class='ocrx_word' id='word_1_735' title='bbox 2811 4722 3013 4787; x_wconf 91' lang='lat' dir='ltr'><strong>conati,</strong></span> <span class='ocrx_word' id='word_1_736' title='bbox 3037 4720 3253 4775; x_wconf 77' lang='lat' dir='ltr'><strong>laudent</strong></span> <span class='ocrx_word' id='word_1_737' title='bbox 3283 4718 3472 4776; x_wconf 91' lang='lat' dir='ltr'><strong>fraude</strong></span> <span class='ocrx_word' id='word_1_738' title='bbox 3498 4722 3757 4792; x_wconf 88' lang='lat' dir='ltr'><strong>captiosa,</strong></span> <span class='ocrx_word' id='word_1_739' title='bbox 3788 4738 3897 4793; x_wconf 90' lang='lat' dir='ltr'><strong>qua</strong></span> <span class='ocrx_word' id='word_1_740' title='bbox 3921 4739 4119 4796; x_wconf 86' lang='lat' dir='ltr'><strong>capere</strong></span> 
     </span>
    </p>
   </div>
   <div class='ocr_carea' id='block_1_104' title="bbox 2533 4811 4117 4883">
    <p class='ocr_par' dir='ltr' id='par_1_104' title="bbox 2533 4811 4117 4883">
     <span class='ocr_line' id='line_1_104' title="bbox 2533 4811 4117 4883; baseline -0.001 -13"><span class='ocrx_word' id='word_1_741' title='bbox 2533 4830 2591 4871; x_wconf 90' lang='lat' dir='ltr'><strong>se</strong></span> <span class='ocrx_word' id='word_1_742' title='bbox 2622 4813 2758 4867; x_wconf 90' lang='lat' dir='ltr'><strong>alios</strong></span> <span class='ocrx_word' id='word_1_743' title='bbox 2787 4811 3212 4877; x_wconf 88' lang='lat' dir='ltr'><strong>arbitrabantur,</strong></span> <span class='ocrx_word' id='word_1_744' title='bbox 3240 4811 3341 4881; x_wconf 90' lang='lat' dir='ltr'><strong>ipsi</strong></span> <span class='ocrx_word' id='word_1_745' title='bbox 3368 4812 3535 4883; x_wconf 88' lang='lat' dir='ltr'><strong>capti,</strong></span> <span class='ocrx_word' id='word_1_746' title='bbox 3566 4827 3702 4882; x_wconf 90' lang='lat' dir='ltr'><strong>papa</strong></span> <span class='ocrx_word' id='word_1_747' title='bbox 3733 4811 3956 4870; x_wconf 84' lang='lat' dir='ltr'><strong>Nicolao</strong></span> <span class='ocrx_word' id='word_1_748' title='bbox 3981 4829 4117 4869; x_wconf 87' lang='lat' dir='ltr'><strong>cun-</strong></span> 
     </span>
    </p>
   </div>
   <div class='ocr_carea' id='block_1_105' title="bbox 2533 4901 4117 4974">
    <p class='ocr_par' dir='ltr' id='par_1_105' title="bbox 2533 4901 4117 4974">
     <span class='ocr_line' id='line_1_105' title="bbox 2533 4901 4117 4974; baseline 0.002 -15"><span class='ocrx_word' id='word_1_749' title='bbox 2533 4904 2636 4959; x_wconf 88' lang='lat' dir='ltr'><strong>ctis</strong></span> <span class='ocrx_word' id='word_1_750' title='bbox 2666 4902 3088 4958; x_wconf 91' lang='lat' dir='ltr'><strong>assentientibus</strong></span> <span class='ocrx_word' id='word_1_751' title='bbox 3120 4901 3386 4968; x_wconf 87' lang='lat' dir='ltr'><strong>damnati,</strong></span> <span class='ocrx_word' id='word_1_752' title='bbox 3420 4910 3475 4957; x_wconf 90' lang='lat' dir='ltr'><strong>et</strong></span> <span class='ocrx_word' id='word_1_753' title='bbox 3498 4903 3755 4974; x_wconf 84' lang='lat' dir='ltr'><strong>gradibus</strong></span> <span class='ocrx_word' id='word_1_754' title='bbox 3782 4911 3910 4960; x_wconf 88' lang='lat' dir='ltr'><strong>sunt</strong></span> <span class='ocrx_word' id='word_1_755' title='bbox 3937 4904 4117 4962; x_wconf 85' lang='lat' dir='ltr'><strong>eccle-</strong></span> 
     </span>
    </p>
   </div>
   <div class='ocr_carea' id='block_1_106' title="bbox 2534 4993 4119 5067">
    <p class='ocr_par' dir='ltr' id='par_1_106' title="bbox 2534 4993 4119 5067">
     <span class='ocr_line' id='line_1_106' title="bbox 2534 4993 4119 5067; baseline 0.001 -15"><span class='ocrx_word' id='word_1_756' title='bbox 2534 4994 2774 5053; x_wconf 90' lang='lat' dir='ltr'><strong>siasticis</strong></span> <span class='ocrx_word' id='word_1_757' title='bbox 2805 4993 3049 5060; x_wconf 89' lang='lat' dir='ltr'><strong>multati;</strong></span> <span class='ocrx_word' id='word_1_758' title='bbox 3080 5008 3172 5049; x_wconf 83' lang='lat' dir='ltr'><strong>rex</strong></span> <span class='ocrx_word' id='word_1_759' title='bbox 3200 5008 3414 5067; x_wconf 90' lang='lat' dir='ltr'><strong>quoque</strong></span> <span class='ocrx_word' id='word_1_760' title='bbox 3439 5009 3561 5050; x_wconf 89' lang='lat' dir='ltr'><strong>cum</strong></span> <span class='ocrx_word' id='word_1_761' title='bbox 3592 4994 3883 5051; x_wconf 83' lang='lat' dir='ltr'><strong>Waldrada</strong></span> <span class='ocrx_word' id='word_1_762' title='bbox 3909 5005 3965 5053; x_wconf 90' lang='lat' dir='ltr'><strong>et</strong></span> <span class='ocrx_word' id='word_1_763' title='bbox 3983 5012 4119 5053; x_wconf 84' lang='lat' dir='ltr'><strong>cun-</strong></span> 
     </span>
    </p>
   </div>
   <div class='ocr_carea' id='block_1_107' title="bbox 2533 5086 4117 5157">
    <p class='ocr_par' dir='ltr' id='par_1_107' title="bbox 2533 5086 4117 5157">
     <span class='ocr_line' id='line_1_107' title="bbox 2533 5086 4117 5157; baseline 0 -13"><span class='ocrx_word' id='word_1_764' title='bbox 2533 5088 2642 5144; x_wconf 91' lang='lat' dir='ltr'><strong>etis</strong></span> <span class='ocrx_word' id='word_1_765' title='bbox 2678 5087 2797 5157; x_wconf 90' lang='lat' dir='ltr'><strong>ejus</strong></span> <span class='ocrx_word' id='word_1_766' title='bbox 2841 5086 3111 5143; x_wconf 89' lang='lat' dir='ltr'><strong>scandalis</strong></span> <span class='ocrx_word' id='word_1_767' title='bbox 3150 5086 3601 5157; x_wconf 88' lang='lat' dir='ltr'><strong>participantibus</strong></span> <span class='ocrx_word' id='word_1_768' title='bbox 3650 5086 3859 5156; x_wconf 89' lang='lat' dir='ltr'><strong>pariter</strong></span> <span class='ocrx_word' id='word_1_769' title='bbox 3890 5088 4117 5145; x_wconf 86' lang='lat' dir='ltr'><strong>anathe-</strong></span> 
     </span>
    </p>
   </div>
   <div class='ocr_carea' id='block_1_108' title="bbox 2534 5176 4111 5250">
    <p class='ocr_par' dir='ltr' id='par_1_108' title="bbox 2534 5176 4111 5250">
     <span class='ocr_line' id='line_1_108' title="bbox 2534 5176 4111 5250; baseline 0 -16"><span class='ocrx_word' id='word_1_770' title='bbox 2534 5180 2797 5235; x_wconf 85' lang='lat' dir='ltr'><strong>matizati.</strong></span> <span class='ocrx_word' id='word_1_771' title='bbox 2825 5177 2912 5245; x_wconf 87' lang='lat' dir='ltr'><strong>Et,</strong></span> <span class='ocrx_word' id='word_1_772' title='bbox 2961 5185 3022 5232; x_wconf 90' lang='lat' dir='ltr'><strong>ut</strong></span> <span class='ocrx_word' id='word_1_773' title='bbox 3063 5176 3229 5231; x_wconf 90' lang='lat' dir='ltr'><strong>multa</strong></span> <span class='ocrx_word' id='word_1_774' title='bbox 3272 5177 3340 5232; x_wconf 89' lang='lat' dir='ltr'><strong>ad</strong></span> <span class='ocrx_word' id='word_1_775' title='bbox 3372 5177 3477 5231; x_wconf 90' lang='lat' dir='ltr'><strong>alia</strong></span> <span class='ocrx_word' id='word_1_776' title='bbox 3511 5176 3735 5233; x_wconf 91' lang='lat' dir='ltr'><strong>tendens</strong></span> <span class='ocrx_word' id='word_1_777' title='bbox 3768 5186 4111 5250; x_wconf 63' lang='lat' dir='ltr'><strong>praeteream,</strong></span> 
     </span>
    </p>
   </div>
   <div class='ocr_carea' id='block_1_109' title="bbox 2536 5266 4115 5343">
    <p class='ocr_par' dir='ltr' id='par_1_109' title="bbox 2536 5266 4115 5343">
     <span class='ocr_line' id='line_1_109' title="bbox 2536 5266 4115 5343; baseline 0.003 -20"><span class='ocrx_word' id='word_1_778' title='bbox 2536 5269 2768 5341; x_wconf 89' lang='lat' dir='ltr'><strong>qualiter</strong></span> <span class='ocrx_word' id='word_1_779' title='bbox 2797 5269 2912 5340; x_wconf 89' lang='lat' dir='ltr'><strong>ipse</strong></span> <span class='ocrx_word' id='word_1_780' title='bbox 2948 5267 3220 5324; x_wconf 87' lang='lat' dir='ltr'><strong>Gonterus</strong></span> <span class='ocrx_word' id='word_1_781' title='bbox 3263 5266 3467 5326; x_wconf 86' lang='lat' dir='ltr'><strong>factum</strong></span> <span class='ocrx_word' id='word_1_782' title='bbox 3504 5283 3659 5324; x_wconf 89' lang='lat' dir='ltr'><strong>suum</strong></span> <span class='ocrx_word' id='word_1_783' title='bbox 3697 5276 3857 5325; x_wconf 92' lang='lat' dir='ltr'><strong>tuens</strong></span> <span class='ocrx_word' id='word_1_784' title='bbox 3879 5308 3895 5334; x_wconf 91' lang='lat'><strong>,</strong></span> <span class='ocrx_word' id='word_1_785' title='bbox 3930 5268 3984 5325; x_wconf 92' lang='lat' dir='ltr'><strong>in</strong></span> <span class='ocrx_word' id='word_1_786' title='bbox 4011 5286 4115 5343; x_wconf 85' lang='lat' dir='ltr'><strong>pa-</strong></span> 
     </span>
    </p>
   </div>
   <div class='ocr_carea' id='block_1_110' title="bbox 2534 5359 4115 5435">
    <p class='ocr_par' dir='ltr' id='par_1_110' title="bbox 2534 5359 4115 5435">
     <span class='ocr_line' id='line_1_110' title="bbox 2534 5359 4115 5435; baseline 0.003 -18"><span class='ocrx_word' id='word_1_787' title='bbox 2534 5379 2657 5435; x_wconf 89' lang='lat' dir='ltr'><strong>pam</strong></span> <span class='ocrx_word' id='word_1_788' title='bbox 2682 5363 2855 5433; x_wconf 90' lang='lat' dir='ltr'><strong>ipsum</strong></span> <span class='ocrx_word' id='word_1_789' title='bbox 2879 5360 3091 5432; x_wconf 90' lang='lat' dir='ltr'><strong>publice</strong></span> <span class='ocrx_word' id='word_1_790' title='bbox 3114 5360 3295 5416; x_wconf 89' lang='lat' dir='ltr'><strong>multis</strong></span> <span class='ocrx_word' id='word_1_791' title='bbox 3322 5360 3589 5427; x_wconf 88' lang='lat' dir='ltr'><strong>invectus,</strong></span> <span class='ocrx_word' id='word_1_792' title='bbox 3606 5360 3806 5432; x_wconf 86' lang='lat' dir='ltr'><strong>injuste</strong></span> <span class='ocrx_word' id='word_1_793' title='bbox 3832 5376 3892 5417; x_wconf 90' lang='lat' dir='ltr'><strong>se</strong></span> <span class='ocrx_word' id='word_1_794' title='bbox 3907 5359 4115 5432; x_wconf 89' lang='lat' dir='ltr'><strong>judicio</strong></span> 
     </span>
    </p>
   </div>
   <div class='ocr_carea' id='block_1_111' title="bbox 2535 5452 4115 5522">
    <p class='ocr_par' dir='ltr' id='par_1_111' title="bbox 2535 5452 4115 5522">
     <span class='ocr_line' id='line_1_111' title="bbox 2535 5452 4115 5522; baseline 0.003 -14"><span class='ocrx_word' id='word_1_795' title='bbox 2535 5454 2813 5522; x_wconf 87' lang='lat' dir='ltr'><strong>alligatum</strong></span> <span class='ocrx_word' id='word_1_796' title='bbox 2851 5459 3083 5508; x_wconf 84' lang='lat' dir='ltr'><strong>testatus</strong></span> <span class='ocrx_word' id='word_1_797' title='bbox 3130 5453 3229 5520; x_wconf 90' lang='lat' dir='ltr'><strong>sit,</strong></span> <span class='ocrx_word' id='word_1_798' title='bbox 3260 5460 3405 5507; x_wconf 68' lang='lat' dir='ltr'><strong>etvut</strong></span> <span class='ocrx_word' id='word_1_799' title='bbox 3433 5452 3828 5522; x_wconf 90' lang='lat' dir='ltr'><strong>parvipendens</strong></span> <span class='ocrx_word' id='word_1_800' title='bbox 3853 5454 4115 5522; x_wconf 85' lang='lat' dir='ltr'><strong>apostoli-</strong></span> 
     </span>
    </p>
   </div>
  </div>
