4472 5522
366 326 469 406 933

1400 340 1483 393 DE
1522 333 2043 391 TRANSLATIONE
2086 333 2138 385 Ξ.
2183 329 2649 385 GLODESINDIS.

3499 333 3602 387 ΞΜ

368 472 486 511 cam
521 470 829 516 censuram,
864 453 1077 506 domum
1118 465 1211 504 nec
1240 449 1394 502 venia
1426 448 1615 517 petita,
1646 459 1744 497 nec
1774 444 1937 512 impc-
1970 446 2013 503 Α
2044 447 2145 500 ret,
2178 447 2231 490 et
2268 426 2429 505 (quod
2462 438 2633 507 magis
2663 441 2898 507 stupeas)
2930 454 3050 492 vase
3088 449 3370 509 exceptum
3405 441 3609 498 diutius

369 553 507 596 trata
547 560 815 605 reversus,
843 544 1057 601 missas,
1099 550 1152 593 et
1189 542 1238 592 in
1271 538 1354 591 die
1384 546 1745 590 sacrosancta:
1772 548 1938 587 omna:

370 636 767 689 absolutionem
797 644 849 687 et
874 633 1183 686 chrismatis
1216 631 1478 683 actionem
1506 628 1679 680 victus
1718 640 1941 695 perege-

370 727 458 778 rit.
493 724 605 777 lloc
637 733 841 777 tantum
885 724 936 775 iu
966 732 1225 775 terrorem
1255 735 1459 780 eorum,
1490 718 1531 771 si
1560 718 1647 786 qui
1679 716 1816 769 forte
1858 724 1941 767 ta-

370 816 498 868 lium
530 831 765 883 unquam
788 823 948 867 erunt
977 814 1291 881 participes,
1318 810 1517 863 dixisse
1538 805 1943 874 sufficiat,quod

370 905 550 956 socius
589 905 705 972 ejus
752 903 1083 971 Tielgandns
1117 900 1466 954 Treverensis
1493 914 1721 967 peregre
1763 898 1944 950 Romae

370 992 876 1044 excommunicatns
908 992 1132 1044 interiit.
1180 989 1470 1042 Lotharius
1517 1004 1628 1047 rex,
1664 988 1787 1042 licet
1826 1002 1945 1040 cor-

373 1082 669 1133 rectionem
718 1081 1065 1148 promiserit,
1115 1088 1169 1131 et
1210 1079 1449 1148 reginam
1490 1077 1843 1146 Tcutlscrgam
1893 1077 1944 1129 iu

373 1175 578 1227 honore
627 1188 743 1235 suo,
794 1182 848 1224 ut
901 1173 1221 1235 videbatur,
1264 1170 1551 1239 receperit;
1598 1177 1717 1237 post
1767 1179 1943 1222 tamen

374 1261 602 1316 Romam
632 1262 856 1314 veniens
894 1277 921 1313 a
953 1277 1086 1329 papa
1119 1276 1277 1329 super
1312 1260 1413 1313 tidc
1449 1259 1695 1329 conjugis
1729 1259 1947 1327 requisi-

376 1359 482 1412 tus,
516 1359 567 1403 et
598 1359 743 1403 metu
768 1350 977 1418 culpam
1007 1343 1304 1408 inliciatus,
1323 1364 1382 1402 ea
1406 1348 1729 1410 conditione,
1756 1348 1797 1401 si
1825 1362 1946 1400 vera

375 1442 654 1504 fateretur,
692 1443 883 1495 missas
911 1457 938 1494 a
967 1442 1165 1495 donmo
1195 1457 1325 1509 papa
1368 1441 1418 1493 in
1443 1449 1631 1493 sancto
1662 1440 1948 1492 Anastasio

376 1533 602 1590 audivit.
651 1541 705 1585 et
743 1547 937 1599 corpus
970 1531 1305 1585 Dominicqu
1338 1532 1403 1583 de
1434 1546 1591 1583 manu
1623 1530 1737 1599 ejus
1766 1528 1945 1582 infelix

376 1622 741 1693 prmsumpsit.
777 1620 901 1675 lude
932 1622 1161 1690 patriam
1194 1631 1464 1689 repetens,
1500 1631 1719 1689 repente
1763 1620 1950 1674 miser—

377 1714 511 1767 rima
539 1714 694 1766 clade
714 1727 931 1765 suorum
961 1726 1094 1780 pene
1123 1711 1173 1763 in
1196 1712 1321 1779 ipsis
1342 1710 1525 1764 Romm
1544 1711 1713 1780 portis
1738 1720 1945 1770 exorta,

2042 539 2224 599 postea
2253 538 2334 581 est
2366 541 2658 592 servatum,
2707 530 2967 597 multique
3010 546 3103 598 pro
3135 532 3363 585 diversis
3396 534 3606 587 incom-

2044 623 2217 675 modis
2253 636 2317 674 eo
2366 620 2492 673 tacti
2539 630 2593 673 et
2636 623 2783 674 uncti
2833 638 2954 674 vera
3006 623 3307 675 retulerunt
3353 625 3609 678 remedia.

2044 713 2237 783 Opinio
2276 714 2416 783 vulgi
2447 722 2585 775 erat,
2617 723 2670 767 et
2711 714 3030 782 quilmsdam
3072 715 3487 769 rcvclationibns
3516 716 3613 770 sibi

2044 805 2225 875 plures
2248 815 2521 858 ostensum
2554 820 2674 859 esse
2697 806 2971 869 dicebant,
3002 806 3269 876 lacrymas
3298 823 3389 861 eas
3414 818 3617 862 sancta:

2045 897 2269 968 virginis
2300 910 2436 959 esse,
2465 897 2660 966 quibus
2687 898 2998 951 imminente
3033 899 3181 951 urbis
3210 900 3454 962 interitu,
3482 902 3616 952 iram

2049 988 2259 1041 Domini
2294 998 2537 1041 avertere
2570 988 2868 1041 laborabat.
2899 987 3014 1041 Non
3048 1005 3431 1059 usquequaque
3468 1006 3621 1044 error

2048 1078 2406 1141 damnandus,
2439 1080 2529 1147 qui
2560 1081 2682 1133 licet
2721 1089 2777 1134 et
2816 1094 2880 1134 ex
2920 1081 3150 1149 simplici
3184 1092 3361 1136 mente
3400 1084 3619 1137 descen-

2048 1171 2200 1233 dens,
2231 1171 2471 1224 nonnihil
2501 1182 2678 1224 tamen
2714 1171 3075 1240 intelligentiae
3106 1173 3428 1241 perspicitur
3449 1171 3620 1226 couti-

2058 1274 2187 1314 nere
2216 1276 2229 1312 :
2255 1260 2519 1328 siquidem
2556 1260 2732 1313 oleum
2761 1260 2985 1331 figuram
3020 1262 3422 1325 miscricordhc,
3452 1262 3624 1333 lacry-

2051 1365 2151 1403 mae
2182 1358 2385 1403 motum
2413 1352 2725 1420 exprimunt
2750 1351 3116 1419 indulgentim.
3146 1351 3257 1405 Etsi
3290 1353 3432 1405 enim
3458 1353 3508 1405 in
3537 1351 3624 1405 illa

2052 1453 2277 1491 summa:
2306 1438 2504 1493 Iartitim
2532 1440 2748 1493 civitate
2778 1439 2931 1493 dolor
2972 1439 3169 1504 nullus,
3216 1440 3374 1493 nulla:
3408 1442 3629 1495 oumino

2057 1526 2163 1580 sint
2197 1526 2467 1597 lacrymm,
2502 1529 2590 1583 ubi
2625 1530 2899 1598 ahsterget
2925 1529 3065 1583 Deus
3094 1544 3307 1583 omnem
3336 1529 3625 1599 lacrymam

2059 1618 2126 1671 ab
2152 1617 2324 1671 oculis
2365 1629 2709 1685 sanctorum;
2754 1636 2860 1674 non
2904 1621 3197 1690 incongrue
3235 1630 3410 1673 tamen
3448 1621 3627 1674 Domi-

2054 1724 2155 1763 nus
2185 1710 2358 1764 oculis
2408 1710 2657 1765 humanis
2714 1710 3018 1778 lmjusmodi
3068 1712 3301 1781 speciem
3344 1711 3633 1766 ostendere

377 1820 476 1858 nec
506 1819 680 1865 mora,
716 1817 814 1856 nec
853 1804 1066 1871 requies
1106 1804 1449 1856 morientium
1481 1811 1617 1863 erat,
1643 1804 1811 1857 donec
1838 1812 1951 1856 tan-
1984 1787 2027 1845 Β
2054 1798 2247 1861 voluit,
2298 1814 2391 1868 per
2438 1815 2598 1868 quam
2653 1800 2888 1868 prudens
2920 1801 3147 1869 quisque
3190 1801 3487 1869 colligeret,
3522 1816 3630 1870 qua

377 1895 498 1949 dem
530 1896 655 1947 dum
693 1896 844 1948 ocius
876 1894 1123 1958 festinat,
1151 1896 1263 1964 jam
1301 1894 1411 1947 fere
1439 1896 1690 1949 omnibus
1713 1898 1825 1949 suis
1855 1912 1945 1949 as-

376 1986 625 2054 sumptis,
680 1984 1007 2038 Placentiam
1058 2001 1226 2053 usque
1268 2002 1387 2038 cum
1438 1987 1621 2055 paucis
1662 1989 1946 2056 pervenit:

377 2074 464 2125 ubi
521 2073 665 2125 circa
719 2073 905 2127 horam
948 2090 1144 2126 nonam
1176 2090 1298 2127 cum
1338 2075 1621 2129 incolumis
1654 2076 1950 2139 resideret,

377 2171 600 2230 repente
629 2178 920 2230 percussus
946 2165 1235 2225 obmutuit,
1265 2175 1317 2218 et
1344 2182 1498 2220 mane
1530 2176 1703 2221 morte
1737 2169 1953 2221 misera-

379 2252 467 2305 bili
495 2252 779 2307 defunctus
808 2254 879 2307 ibi
916 2255 964 2307 in
994 2256 1224 2323 quadam
1254 2257 1496 2310 vilissimi
1524 2258 1701 2325 operis
1729 2258 1951 2313 basilica

378 2352 461 2397 est
507 2346 755 2399 obrutus.
806 2346 933 2414 Ejus
970 2358 1143 2401 morte
1190 2348 1483 2402 Advcutius
1532 2350 1814 2419 episcopus
1864 2366 1953 2406 co-

381 2434 546 2503 gnita,
577 2437 825 2489 tumtium
852 2438 1000 2490 ocius
1019 2437 1212 2491 Carolo
1235 2439 1344 2508 regi
1378 2438 1620 2492 Francia!
1642 2441 1953 2495 occidenta-

382 2523 446 2577 lis
472 2524 686 2594 dirigit,
717 2541 947 2595 eumque
982 2526 1159 2580 Metim
1189 2527 1473 2581 deductum
1496 2569 1508 2593 ,
1543 2530 1813 2584 associato
1846 2532 1948 2585 sibi

382 2611 671 2667 llincmaro
695 2614 985 2669 Remorqu
1016 2618 1450 2687 archiepiscopo;
1483 2634 1679 2673 corona
1697 2622 1949 2683 secunda,

379 2714 577 2774 praeter
612 2722 752 2769 eam,
783 2724 941 2776 quam
976 2710 1259 2772 habuerat,
1303 2712 1353 2763 in
1400 2711 1625 2766 ecclesia
1656 2713 1794 2766 beati
1830 2713 1950 2768 Stc-

384 2800 569 2867 phani,
621 2816 739 2869 qua:
786 2802 983 2855 dicitur
1026 2804 1215 2856 domus
1246 2804 1500 2873 episcopii
1524 2845 1537 2867 ,
1568 2805 1730 2872 capiti
1765 2806 1954 2860 iterato

379 2892 652 2962 imposita,
684 2907 861 2961 regem
893 2907 1055 2962 super
1076 2895 1178 2947 duo
1210 2909 1369 2963 regna
1403 2895 1701 2947 constituit.
1729 2893 1867 2955 Hinc,
1896 2903 1956 2948 ιιι

377 2985 617 3054 episcopi
646 2984 798 3051 cujus
824 2986 1025 3039 mentio
1055 2984 1192 3039 facta
1226 2984 1397 3039 fuerat
1420 2995 1628 3056 tempus
1652 2988 1821 3056 magis
1848 2987 1954 3041 cla-

383 3083 639 3137 resceret,
669 3074 856 3142 paucis
886 3073 1089 3127 inserta
1121 3085 1271 3127 sunt.

2053 1890 2338 1952 suavitate,
2371 1906 2543 1958 quove
2589 1891 2787 1944 lumine
2830 1891 2879 1943 iu
2920 1901 3213 1960 conspectu
3239 1891 3504 1946 claritatis
3535 1892 3629 1947 Dei

2052 1980 2227 2032 anima
2251 1978 2338 2031 il'a
2357 1990 2540 2033 sancta
2559 1982 2840 2047 gauderet,
2867 1980 3020 2045 cujus
3046 1980 3131 2031 hic
3167 1982 3471 2034 exstinctus
3496 1981 3633 2034 cinis

2055 2078 2160 2121 tam
2178 2069 2417 2138 jucunde
2439 2069 2695 2123 cordibus
2716 2077 2771 2122 et
2794 2068 3159 2137 pulcherrimo
3182 2070 3353 2123 oculis
3379 2071 3634 2140 mysterio

2052 2160 2437 2227 resplemlcret.
2501 2160 2689 2214 Exitus
2740 2169 2917 2214 tamen
2984 2177 3162 2214 rerum
3216 2163 3450 2225 edocuit,
3507 2163 3633 2229 quid

2053 2250 2207 2303 beata
2237 2252 2387 2319 virgo
2423 2250 2474 2301 in
2505 2250 2716 2304 occulto
2766 2266 2861 2317 pro
2910 2250 3127 2305 civitate
3161 2252 3475 2311 obtinuerit,
3511 2267 3631 2303 cum

2052 2356 2170 2395 eam
2214 2342 2282 2393 ita
2314 2341 2553 2411 periculo
2596 2342 2898 2411 proximam
2957 2358 2985 2394 a
3033 2342 3386 2396 barbarorum
3418 2341 3635 2397 infesta-

2055 2434 2219 2496 tione,
2250 2443 2304 2487 et
2330 2433 2373 2487 si
2408 2450 2510 2487 non
2542 2434 2816 2504 lacrymis,
2842 2442 2989 2488 certe
3016 2436 3267 2502 precibus
3288 2434 3636 2503 virginisine-

2054 2527 2418 2581 narrabilibus
2437 2527 2683 2581 Christus
2700 2526 3130 2580 inenarrabiliter
3148 2526 3321 2581 ﬂexus
3345 2527 3634 2580 immunem

2057 2617 2368 2671 reddiderit.

2124 2709 2211 2763 50.
2245 2708 2355 2762 Sub
2375 2722 2440 2763 eo
2462 2710 2646 2773 etiam,
2673 2709 2763 2777 qui
2782 2710 2906 2763 huic
2934 2719 3051 2778 post
3084 2725 3282 2762 annum
3313 2709 3639 2778 subrogatus

2052 2810 2156 2863 est,
2177 2801 2426 2869 episcopo
2441 2799 2734 2869 Ruolperto
2749 2802 2925 2871 gentis
2942 2802 3356 2855 Alemauaorum
3382 2801 3496 2853 viro
3523 2802 3633 2853 cla-

2057 2893 2292 2953 rissimo,
2323 2890 2424 2944 olei
2457 2892 2705 2945 similiter
2734 2894 3002 2945 emanatio
3033 2908 3095 2946 ex
3130 2892 3245 2961 ipso
3276 2908 3432 2947 sacro
3455 2892 3633 2962 sepul-

2058 2998 2150 3037 cro
2176 2981 2506 3049 frequentius
2532 2983 2645 3034 visa
2671 2993 2751 3036 est
2787 2980 3130 3051 proﬂuxisse,
3171 2993 3232 3035 ut
3256 3000 3283 3033 a
3311 2982 3475 3035 latere
3520 2998 3636 3035 mo-

2060 3072 2298 3127 numcnti
2344 3071 2554 3141 longius
2612 3073 2663 3124 in
2706 3074 2878 3125 rivum
2933 3089 3027 3142 per
3054 3073 3414 3142 pavimentum
3444 3074 3640 3128 decur-

451 3162 588 3216 lluic
631 3162 893 3215 Adventio
922 3163 1204 3225 successit,
1251 3172 1306 3215 ιιι
1357 3164 1614 3227 diximus,
1654 3165 1810 3221 Walo
1839 3167 1953 3235 epi-
1984 3142 2027 3203 Ο
2060 3172 2221 3216 reret.
2248 3160 2361 3215 lloc
2400 3162 2468 3214 ab
2494 3162 2700 3215 ancillis
2734 3162 2826 3215 Dei
2856 3163 3078 3232 spongia
3104 3162 3409 3225 collectum,
3439 3172 3489 3216 et
3515 3177 3641 3216 vase

380 3265 576 3319 scopus
601 3290 614 3313 ,
666 3266 773 3319 quo
820 3260 1060 3319 tempore
1093 3251 1405 3306 Berthnlfns
1434 3253 1688 3308 Treveris
1728 3268 1958 3324 prmcrat

382 3338 841 3408 archiepiscopus,
891 3340 1008 3408 ipso
1062 3342 1239 3394 adlmc
1291 3341 1484 3397 Carolo
1531 3346 1852 3413 superstite,
1903 3356 1957 3400 et

380 3429 590 3485 Joanne
620 3431 852 3500 quodam
892 3432 1197 3486 universale
1228 3449 1419 3487 nomen
1461 3450 1612 3503 papa:
1656 3447 1892 3501 tenente,
1927 3452 1957 3490 a

380 3538 488 3592 quo
513 3533 565 3577 et
594 3524 707 3592 ipse
737 3522 891 3578 Walo
917 3524 1133 3592 pallium
1163 3526 1479 3593 promeruit.
1512 3526 1611 3593 Qui
1635 3527 1811 3593 Walo,
1833 3529 1958 3583 dum

380 3617 473 3670 vix
525 3624 731 3685 septem
783 3616 942 3669 annis
993 3616 1279 3670 ecclesiam
1332 3618 1586 3683 rexisset,
1638 3621 1960 3675 excursione

383 3704 869 3767 Nortmannorum,
914 3717 1199 3774 postquam
1232 3705 1414 3775 plures
1440 3705 1736 3761 Galliarum
1777 3721 1960 3778 partes

379 3807 674 3866 pervagata
705 3796 903 3860 fuerat,
928 3812 1098 3865 usque
1126 3798 1377 3852 Treviros
1400 3799 1708 3864 accedente,
1730 3801 1853 3855 dum
1880 3803 1959 3856 eis

383 3886 596 3939 incaute
641 3900 915 3953 manuque
957 3885 1147 3953 impari
1179 3887 1433 3956 congredi
1468 3897 1641 3955 parat,
1694 3905 1863 3957 usque
1892 3892 1959 3945 ad

381 3973 583 4039 locum,
615 3974 707 4044 qui
745 3976 947 4029 dicitur
976 3975 1259 4038 Remicha,
1288 3978 1338 4029 in
1379 3977 1556 4030 littore
1588 3976 1837 4042 Mosellae,
1865 3982 1960 4036 ob—

380 4066 524 4120 viam
556 4065 705 4119 venit
732 4064 1085 4119 Nortmannis
1118 4066 1373 4135 impetum
1403 4066 1691 4121 minaciter
1712 4069 1958 4124 facienti-

380 4159 481 4213 bus
505 4175 520 4211 ;
549 4158 673 4212 dum
698 4159 781 4212 his
809 4157 967 4211 uulhe
994 4160 1058 4211 ad
1086 4158 1443 4211 resistendum
1476 4168 1769 4227 suppetunt
1790 4162 1952 4224 vires.

380 4265 491 4304 non
522 4248 762 4320 prndium
785 4248 897 4317 jam
924 4248 1076 4312 illud,
1110 4248 1203 4303 sed
1244 4259 1454 4318 strages
1490 4249 1807 4303 miserorum
1836 4252 1952 4315 fuit,

380 4340 451 4395 ibi
483 4341 771 4410 episcopus
799 4356 921 4393 cum
955 4340 1163 4394 caeteris
1188 4340 1565 4393 obtruncatur.
1601 4338 1809 4411 Corpus
1838 4353 1958 4411 post

377 4431 589 4486 cladem
624 4430 804 4485 Metim
848 4430 1098 4494 relatum,
1144 4439 1200 4484 et
1229 4430 1281 4483 in
1312 4429 1532 4484 basilica
1570 4432 1743 4486 sancti
1776 4432 1962 4487 Salva-

380 4522 539 4583 toris,
578 4536 737 4590 quam
763 4521 952 4590 ipsein
984 4520 1291 4589 sepulcrum
1329 4521 1430 4575 sibi
1470 4524 1678 4590 pridem
1708 4538 1737 4576 a
1763 4523 1957 4578 funda-

379 4614 582 4669 mentis
611 4622 992 4675 exstruxerat,
1025 4612 1314 4682 sepultum.
1360 4613 1522 4680 Hujus
1558 4615 1722 4685 igitur
1753 4625 1959 4687 tempo-

380 4705 535 4758 ribus
556 4701 895 4775 jamjamque
923 4704 1071 4757 obitu
1099 4704 1267 4774 ipsius
1287 4704 1626 4769 imminente,
1656 4705 1961 4760 lnctiferum

382 4797 511 4864 quid
546 4806 790 4850 monstro
824 4796 938 4864 ipso
969 4806 1323 4867 pnesagante,
1363 4813 1391 4850 a
1424 4806 1577 4867 parte
1607 4798 1841 4867 sepulcri
1873 4814 1962 4853 sa-

383 4903 489 4941 cra:
516 4885 765 4955 virginis,
797 4900 915 4954 qua:
945 4888 1107 4955 pedes
1138 4888 1379 4957 respicit,
1425 4888 1601 4943 oleum
1645 4904 1751 4943 non
1792 4891 1963 4960 phan-

386 4978 655 5037 tasticum,
683 4978 778 5031 sed
805 4993 1012 5042 verum,
1042 4978 1183 5035 dictu
1211 4979 1488 5035 mirabile!
1524 4983 1694 5037 visum
1718 4993 1802 5036 est
1823 4999 1966 5037 ema-

385 5082 561 5122 nasse.
616 5066 733 5119 l-loc
782 5081 886 5118 non
932 5070 1089 5123 modo
1134 5070 1267 5138 ipsis
1320 5070 1831 5126 sanctimonialilms
1881 5073 1965 5125 vel

382 5158 610 5221 aedituis,
642 5157 740 5227 qui
778 5168 938 5210 noctu
977 5168 1136 5229 atque
1163 5161 1395 5214 interdiu
1443 5164 1584 5217 sacri
1617 5162 1848 5230 sepulcri
1874 5164 1967 5215 ad-

382 5247 663 5303 hazrebant
700 5246 970 5312 excubiis,
999 5266 1180 5305 vermu
1233 5251 1327 5304 toti
1374 5252 1489 5305 urbi
1530 5253 1843 5323 perclaruit.
1878 5253 1966 5307 Vi-

381 5338 515 5394 derit
536 5340 779 5411 quisque
805 5340 855 5391 in
887 5353 1043 5407 quam
1072 5351 1281 5412 partem
1310 5340 1409 5394 hoc
1440 5341 1783 5415 interpretari
1813 5342 1962 5396 velit.

378 5428 503 5485 Illud
538 5442 696 5486 certe
758 5429 1045 5485 multorum
1095 5442 1148 5488 et
1194 5432 1343 5485 visus
1371 5433 1618 5500 probavit
1660 5442 1715 5488 et
1756 5442 1963 5498 tactus;

2062 3253 2233 3307 vitreo
2261 3255 2386 3306 dum
2439 3252 2751 3322 impleretur
2798 3253 3135 3317 destrictum,
3183 3269 3343 3321 super
3392 3263 3638 3308 sanctum

2059 3342 2362 3412 sepulcrum
2422 3351 2505 3395 est
2565 3351 2877 3397 reverenter
2918 3358 3246 3412 appensum;
3300 3346 3365 3398 de
3395 3359 3521 3413 quo.
3584 3353 3645 3398 ut

2061 3434 2375 3503 prwdictum
2438 3440 2558 3495 est,
2610 3432 2789 3502 plures
2847 3432 2946 3488 sibi
3003 3436 3237 3488 remedia
3288 3449 3640 3504 praesumpse—

2060 3540 2121 3577 1³11
2131 3542 2158 3577 ll
2169 3532 2204 3577 ι.

2131 3617 2220 3669 51.
2245 3614 2310 3668 Ει
2336 3623 2391 3667 ιιι
2440 3630 2542 3669 nou
2578 3614 2697 3668 vani
2728 3615 2855 3685 quid
2886 3614 3065 3670 simile
3097 3616 3196 3670 hoc
3240 3614 3497 3669 :estimari
3548 3616 3642 3668 da-

2063 3718 2234 3768 retur,
2283 3706 2409 3759 illnd
2458 3706 2634 3775 palam
2675 3708 2883 3761 cunctis
2918 3719 2971 3760 et
3006 3718 3129 3760 tunc
3160 3707 3417 3775 temporis
3446 3705 3641 3761 factum

2062 3806 2165 3859 est,
2209 3806 2261 3850 et
2310 3811 2405 3865 per
2458 3797 2746 3850 multorum
2777 3813 2893 3863 ora,
2938 3798 3026 3866 qui
3055 3798 3318 3857 viderant,
3353 3797 3548 3852 exinde
3577 3808 3643 3850 ad

2063 3904 2161 3943 nos
2195 3903 2363 3956 usque
2402 3891 2668 3952 cucurrit,
2701 3892 2843 3959 quod
2896 3891 2966 3943 ibi
2994 3904 3057 3943 ex
3103 3890 3218 3959 ipso
3246 3890 3364 3943 oleo
3395 3890 3637 3962 contigit.

2062 3979 2194 4034 Erat
2223 3989 2422 4033 sancta:
2457 3980 2588 4033 aulis
2637 3980 2777 4033 illius
2799 3990 3000 4043 custos,
3035 3982 3249 4035 nomine
3281 3980 3446 4047 Doda,
3478 3997 3639 4052 quam

2063 4088 2169 4126 una
2193 4087 2462 4134 sororum,
2506 4070 2660 4140 cujus
2694 4088 2837 4127 cura:
2880 4081 2997 4126 erat
3046 4074 3342 4127 oratorium
3371 4076 3638 4144 quoddam

2064 4172 2265 4218 sancta:
2290 4164 2468 4217 crucis
2508 4162 2643 4216 infra
2673 4175 2825 4232 septa
2858 4164 3024 4233 ipsius
3056 4168 3393 4228 monasterii,
3436 4168 3637 4237 impor-

2066 4261 2192 4306 tune
2218 4252 2445 4323 rogavit,
2489 4264 2545 4306 ut
2573 4268 2665 4308 vas
2693 4255 2942 4315 vitreum,
2977 4258 3116 4324 quod
3147 4256 3323 4312 oleum
3356 4260 3483 4313 illud
3506 4262 3643 4315 divi-

2066 4358 2195 4398 num
2249 4343 2582 4410 continebat,
2615 4345 2714 4399 sibi
2748 4346 2813 4398 ad
2849 4345 2986 4399 idem
3012 4362 3154 4401 cura:
3189 4364 3301 4402 sure
3320 4353 3640 4415 oratorium,

2066 4435 2220 4506 quasi
2249 4432 2441 4502 majori
2482 4436 2781 4489 reverentia
2811 4454 2837 4488 a
2865 4451 2923 4490 se
2964 4436 3035 4490 ibi
3078 4439 3399 4493 servandum
3445 4442 3647 4497 tribue-

2068 4536 2173 4583 ret.
2200 4527 2329 4596 Quaa
2356 4528 2483 4581 dum
2537 4526 2755 4583 levitate
2798 4528 3084 4584 admodum
3113 4532 3397 4585 temeraria
3429 4548 3644 4587 manum

2067 4637 2229 4692 super
2273 4622 2600 4691 sepulcrum,
2648 4637 2755 4690 quo
2808 4637 2901 4676 vas
2954 4638 3247 4693 appensum
3306 4624 3647 4687 meminerat,

2069 4713 2420 4782 perrexisset,
2479 4722 2537 4767 ut
2588 4713 2827 4783 poscenti
2880 4713 3054 4777 daret,
3104 4730 3368 4784 nusquam
3423 4700 3647 4770 invenit.

2099 4805 2257 4858 lirala
2280 4814 2334 4859 et
2366 4816 2625 4871 tremens,
2654 4806 2780 4859 dum
2821 4806 2948 4860 item
2994 4808 3230 4875 itemque
3258 4808 3524 4877 palpando
3552 4810 3653 4863 sol-

2067 4894 2268 4950 licitius
2312 4895 2637 4965 exploraret,
2679 4912 2780 4951 nec
2830 4898 3033 4951 sentire
3081 4899 3187 4952 ullo
3236 4900 3394 4954 modo
3445 4912 3651 4967 posset,

2075 5000 2195 5039 cum
2227 4995 2402 5040 tamen
2452 4987 2647 5042 ibidem
2679 5002 2774 5041 vas
2813 4987 2952 5041 idem
2988 4998 3045 5042 ut
3078 4989 3306 5058 positum
3351 4988 3528 5042 fuerat
3560 4993 3654 5045 de-

2073 5075 2353 5142 penderet,
2382 5075 2611 5133 ridiculo
2640 5079 2769 5131 satis
2796 5077 3137 5135 diludcbatur
3156 5092 3365 5132 errore.
3393 5078 3524 5132 Cum
3554 5098 3655 5137 om.

2072 5175 2215 5219 teras
2243 5168 2582 5235 advocasset,
2626 5170 2859 5240 ipszeque
2908 5171 3154 5226 similiter
3201 5184 3323 5223 cum
3364 5185 3424 5224 ea
3455 5170 3662 5227 diutius

2070 5255 2388 5310 errabundre
2420 5273 2535 5327 pra:
2576 5258 2746 5314 oculis
2785 5272 3005 5330 semper
3046 5262 3332 5324 haberent,
3376 5272 3472 5312 nec
3511 5262 3663 5317 vide-

2072 5344 2221 5411 rint;
2254 5348 2474 5405 lucerna
2510 5350 2747 5408 adhibita
2781 5350 2930 5405 circa
2962 5352 3264 5423 sepulcrum
3298 5353 3400 5406 huc
3430 5349 3669 5423 illucque

2074 5448 2212 5489 vana
2248 5438 2505 5509 indagine
2556 5440 2943 5514 perquirebant
2974 5465 2985 5500 :
3019 5444 3229 5499 tandem
3272 5450 3555 5511 postquam
3584 5462 3671 5500 sa.
