4472 5522
821 465 925 520 235

1734 464 2015 519 JOAN‘NIS
2050 464 2338 521 ABDATIS
2379 466 2434 520 S.
2478 466 2776 523 ARNULl-‘l
2819 467 3154 524 METENSIS

3969 476 4079 531 256

818 578 936 632 vir.)
962 574 1211 647 religioso
1233 578 1552 649 presbytero
1578 576 1864 649 Angelerio
1882 577 1948 633 ad
1974 577 2259 633 ecclesiam
2279 594 2401 634 san-
2431 587 2475 644 Α
2506 579 2785 635 sistentem
2814 589 2868 634 et
2898 596 3021 634 cum
3054 581 3283 651 quodam
3316 582 3542 651 imperio
3577 580 3771 652 jubere
3807 592 3864 639 ut
3893 601 4080 661 surge-

820 671 893 726 cti
920 668 1218 724 Salvatoris
1248 669 1302 723 in
1348 669 1533 723 eadem
1570 669 1705 723 urbe
1753 684 1852 738 pro
1892 669 2134 738 reliquiis
2177 684 2398 724 munere

818 764 989 828 misit,
1016 777 1113 816 vas
1159 762 1330 831 ipsum
1362 776 1488 816 eum
1548 760 1752 831 reliqua
1795 770 1947 831 parte
1988 760 2187 829 petenti
2239 762 2397 815 sociae

820 854 1030 917 tribuit,
1063 864 1117 908 et
1144 852 1383 908 oratorio
1414 867 1575 923 supra
1602 851 1747 906 dicto
1788 851 1855 905 ab
1889 852 1999 920 ipsa
2035 860 2119 905 est
2147 850 2397 920 deporta-

818 954 952 997 tum.
1003 941 1122 997 Mox
1164 943 1277 1011 ipsa
1327 949 1511 996 custos
1540 940 1827 995 temeraria
1887 955 1984 1009 pro
2014 948 2120 993 tam
2152 937 2397 1008 improbo

817 1050 949 1087 ausu
992 1034 1226 1087 amentia
1275 1047 1332 1087 se
1375 1032 1508 1086 satis
1561 1031 1720 1101 digna
1747 1046 1907 1101 pcena
1931 1032 2253 1101 corripitur;
2299 1048 2397 1089 nec

816 1126 966 1194 prius
1021 1124 1280 1178 medelam
1332 1123 1585 1193 consequi
1618 1122 1809 1192 potuit,
1836 1137 1997 1190 quam
2022 1137 2088 1176 ex
2133 1123 2393 1193 utrisque,

812 1216 1014 1284 quibus
1044 1214 1257 1285 largitio
1295 1213 1380 1267 illa
1408 1214 1586 1283 inepta
1622 1212 1797 1267 fuerat
1824 1210 1992 1277 facta,
2022 1213 2165 1283 quod
2212 1214 2397 1269 illicite

815 1307 997 1360 datum
1042 1313 1183 1369 eral,
1230 1304 1582 1373 reciperetur,
1637 1310 1691 1356 et
1741 1302 1860 1357 loco
1884 1318 1982 1357 suo
2016 1318 2177 1372 super
2222 1304 2397 1374 sepul-

810 1412 991 1462 crum,
1025 1407 1084 1450 ut
1128 1397 1303 1464 prius,
1336 1396 1543 1465 integre
1596 1404 1985 1462 reponeretur:
2021 1410 2145 1448 nam
2186 1410 2305 1451 mox
2340 1405 2397 1449 ut

812 1486 864 1542 id
894 1486 1098 1542 factum
1124 1495 1227 1550 est,
1251 1486 1336 1540 vix
1372 1486 1545 1556 spatio
1573 1486 1803 1540 duarum
1854 1487 2109 1541 horarum
2159 1487 2394 1543 interce-

812 1582 975 1636 dente
997 1596 1144 1636 sana:
1174 1581 1371 1636 mentis
1398 1590 1453 1636 et
1494 1581 1794 1650 plenissimi
1816 1561 1832 1577 ’
1851 1598 2041 1638 sensus
2071 1581 2260 1638 effecta
2291 1592 2392 1638 est.

811 1670 889 1725 Ex
930 1671 1121 1725 eodem
1156 1679 1357 1739 postea,
1392 1678 1448 1723 ut
1474 1671 1678 1725 dictum
1702 1679 1808 1737 est,
1846 1671 1965 1727 oleo
1991 1672 2175 1742 plures
2211 1681 2392 1741 caput,

813 1761 1001 1815 oculos
1028 1760 1108 1815 vel
1148 1770 1341 1815 ctctcra
1366 1760 1479 1815 loca
1505 1762 1749 1829 corporis
1767 1760 2005 1817 dolentes
2026 1762 2150 1815 dum
2184 1764 2394 1818 coutin-

808 1860 1020 1917 gereut,
1048 1850 1255 1905 meritis
1284 1858 1485 1905 sanctae
1520 1850 1745 1920 virginis
1776 1851 2075 1921 saepissime
2098 1865 2155 1906 se
2183 1866 2395 1908 recrea-

814 1953 896 1996 tos
921 1953 973 1996 et
996 1941 1232 2011 perfecte
1256 1950 1543 1997 senserunt
1574 1952 1811 1997 curatos.

876 2035 963 2089 32.
991 2034 1157 2089 Multa
1202 2043 1461 2105 prmterea
1509 2036 1840 2104 temporibus
1867 2034 2106 2104 ejusdem
2144 2037 2389 2093 Rotberti

809 2126 1070 2196 episcopi,
1105 2140 1204 2179 nec
1251 2126 1482 2189 minora,
1531 2126 1905 2195 superioribus
1933 2127 1999 2180 ad
2026 2127 2168 2181 idem
2200 2142 2388 2183 sacro-

804 2229 1050 2273 sanctum
1079 2216 1385 2288 sepulcrum
1414 2218 1672 2272 Dominus
1704 2217 1860 2271 Jesus
1885 2216 2133 2272 Christus
2161 2226 2242 2273 est
2262 2234 2390 2287 ope-

802 2312 911 2366 rari
937 2312 1190 2382 dignatus
1220 2309 1501 2373 miracula,
1533 2326 1596 2364 ex
1631 2311 1829 2380 quibus
1850 2311 2188 2380 subsequens
2219 2311 2390 2381 stylus

803 2405 1061 2474 expedire
1108 2402 1286 2469 aliqua
1319 2402 1550 2456 teutabit
1594 2417 1657 2455 eo
1708 2402 1976 2465 securius,
2034 2416 2139 2471 quo
2170 2402 2387 2465 multos,

803 2495 896 2566 qui
935 2494 1018 2549 his
1058 2492 1447 2557 interfuerunt,
1481 2499 1667 2546 nostra
1700 2500 1861 2546 aetate
1885 2492 2216 2562 superfuisse
2241 2501 2389 2545 certo

800 2585 1189 2654 comperimus,
1213 2599 1350 2653 quos
1383 2584 1433 2637 in
1481 2584 1732 2637 idoneum
1760 2585 2129 2639 testimonium
2160 2585 2391 2638 advoca-

801 2686 886 2730 tos
916 2689 1074 2729 nemo
1124 2682 1207 2728 est
1256 2673 1347 2743 qui
1403 2673 1574 2742 possit
1616 2671 1886 2728 refellere.
1922 2674 1993 2726 Ex
2029 2673 2141 2741 ipsa
2175 2688 2388 2742 quoque

804 2774 1124 2820 curatorum
1153 2764 1304 2817 turba
1342 2764 1582 2817 nonnulli
1630 2764 1742 2818 haec
1779 2765 1891 2833 ipsa
1930 2772 2113 2818 nostra
2147 2772 2387 2834 tempora

809 2859 1127 2926 attigerunt.

863 2946 951 2999 35.
969 2944 1271 3011 Mulier,eui
1291 2944 1581 3015 llildigardi
1601 2961 1795 3001 nomen
1810 2954 1947 3009 erat,
1963 2946 2120 3001 annis
2134 2956 2257 3001 octo
2268 2962 2385 3001 ocn-

797 3035 972 3089 lorum
1017 3035 1134 3090 luce
1175 3035 1519 3104 privata,spe
1534 3052 1640 3090 non
1669 3036 2388 3106 cassa,salutiferumsepul-

799 3141 952 3180 crum
969 3125 1214 3195 expetiit.
1248 3124 1322 3178 lbi
1348 3126 1577 3180 noctein
1612 3115 2212 3196 excubiispermauens,
2244 3135 2389 3180 ante-

795 3233 959 3289 quam
977 3218 1352 3279 diluceseeret,
1370 3219 1720 3273 miseratione
1735 3218 1918 3272 divina
1935 3218 2141 3289 virgine
2158 3218 2386 3271 interce-

2501 679 2604 735 ret,
2644 680 2695 724 et
2725 671 2809 725 his
2836 671 2925 740 qui
2961 681 3086 725 tunc
3113 670 3253 726 forte
3288 674 3594 742 pavimento
3617 676 3914 741 instabant,
3942 696 4077 750 ope-

2500 772 2647 815 rator
2686 762 2800 831 ipse
2824 762 3267 834 conjungeretur,
3295 779 3538 836 opusque
3566 766 3737 836 ipsum
3773 768 3959 838 perfici
3985 773 4079 825 atl—

2492 852 2727 922 juvaret.
2794 853 2989 908 Statim
3055 864 3424 924 experrectus,
3494 865 3545 911 et
3633 858 3765 913 nihil
3834 861 4079 930 pristina:

2498 943 2793 999 debilitatis
2834 944 2885 999 in
2935 960 2993 1001 se
3039 960 3446 1017 recognoscens,
3477 948 3628 1003 laetus
3660 949 3881 1013 exsiliit,
3914 960 3970 1005 et
4019 961 4081 1007 ut

2495 1033 2680 1103 jussus
2700 1034 2895 1101 fuerat,
2931 1036 3537 1095 mirantibusuniversis
3565 1042 3631 1095 ad
3656 1056 3791 1112 opus
3822 1044 4075 1110 accessit,

2497 1124 2751 1194 nulloque
2785 1126 3003 1196 segnior
3047 1126 3100 1181 in
3129 1128 3401 1196 operando
3422 1131 3691 1198 apparuit,
3715 1132 3899 1186 sciens
3946 1149 4074 1203 pro—

2497 1213 2641 1272 fecto
2683 1216 3053 1272 beatissimam
3090 1218 3351 1290 virginem
3394 1218 3759 1277 desideratam
3800 1224 3904 1280 sibi
3933 1241 4075 1295 pra:-

2498 1308 2700 1364 stitisse
2726 1308 2979 1363 salutem.

2567 1398 2655 1452 56.
2689 1399 2995 1469 Adelburga
3053 1399 3246 1454 mulier
3275 1401 3574 1466 dicebatur,
3623 1418 3716 1458 ore
3767 1415 3822 1460 et
3853 1408 4078 1463 naribus

2497 1490 2730 1559 plurimo
2777 1492 3040 1560 sanguine
3091 1492 3292 1546 diutius
3327 1490 3516 1557 ﬂuens,
3577 1491 3686 1561 jam
3719 1495 3770 1548 in
3806 1496 3918 1564 ipso
3954 1500 4077 1552 vitae

2499 1596 2666 1651 agens
2693 1581 3029 1646 discrimine,
3062 1598 3182 1636 cum
3221 1584 3353 1637 nihil
3400 1585 3755 1652 undecunque
3776 1588 3824 1641 ei
3852 1590 4075 1643 remedii

2499 1678 2683 1737 posset
2706 1683 3015 1724 occurrere.
3063 1669 3225 1724 Forte
3246 1670 3364 1725 dies
3396 1672 3677 1728 natalitius
3718 1677 4077 1731 sanctissimae

2498 1758 2725 1828 virginis
2753 1759 2804 1812 in
2837 1760 3131 1813 crastinum
3162 1760 3510 1826 imminebat;
3538 1778 3685 1832 spem
3717 1765 3860 1820 illico
3885 1767 4076 1822 salutis

2499 1861 2565 1900 ex
2598 1846 2780 1903 divino
2806 1851 3136 1917 prmsumens
3181 1850 3394 1915 solatio,
3436 1853 3740 1917 candelam,
3764 1871 3884 1924 qua:
3921 1868 4078 1911 nocte

2428 1930 2468 1988 Β
2500 1936 2800 2005 vigiliarum
2865 1938 3033 2007 ipsius
3083 1939 3440 1997 solemnitatis
3487 1952 3613 1998 ante
3649 1960 3799 1998 aram
3830 1956 4074 2000 sanctam

2497 2024 2677 2079 lumen
2710 2026 2995 2094 prteberet,
3026 2036 3149 2080 voto
3172 2029 3402 2096 propria:
3428 2030 3678 2085 sanitatis
3701 2031 3917 2085 direxit.
3955 2033 4075 2088 Mox

2492 2130 2555 2170 ea
2604 2116 2810 2185 perlata
2859 2125 3098 2186 optatam
3154 2117 3372 2173 Christo
3421 2134 3517 2187 per
3546 2129 3786 2174 sanctam
3812 2123 4074 2193 virginem

2492 2215 2751 2277 operante
2770 2205 2997 2261 salutem
3030 2210 3346 2276 promeruit.
3373 2208 3546 2263 Simili
3574 2212 3730 2264 modo
3752 2212 3835 2265 vir
3855 2214 4072 2281 quidam

2491 2310 2554 2350 ex
2589 2294 2709 2347 villa
2750 2293 3045 2357 Fadiliaco,
3100 2297 3317 2350 nomine
3354 2296 3630 2363 Hilleicus,
3670 2300 3873 2354 habens
3900 2301 4069 2356 lilium

2492 2382 2721 2438 debilem
2748 2392 2802 2436 et
2844 2384 3100 2439 membris
3131 2386 3381 2442 omnibus
3435 2388 3699 2453 inutilem,
3725 2400 3909 2445 votum
3940 2407 4070 2447 san-

2492 2484 2591 2529 cta:
2623 2475 2878 2529 candelas
2936 2475 3091 2529 altari
3155 2476 3321 2545 ipsius
3373 2476 3571 2541 intulit,
3616 2493 3681 2533 ae
3728 2494 3829 2548 pro
3882 2496 3948 2535 eo
4002 2480 4074 2537 ibi

2489 2580 2706 2635 precem
2748 2564 3079 2635 profundens
3115 2568 3331 2621 domum
3381 2584 3631 2624 reversus
3670 2571 3875 2626 invenit
3903 2572 4070 2627 filium

2490 2671 2700 2711 sanum.
2735 2656 2871 2723 Quid
2922 2656 3117 2711 femina
3172 2658 3284 2724 illa,
3315 2674 3433 2729 quae
3484 2660 3573 2714 diu
3612 2670 3914 2727 contracta,
3946 2664 4075 2718 dum

2491 2756 2613 2799 vota
2667 2746 2757 2801 illo
2809 2747 3088 2800 candelam
3145 2748 3403 2815 misisset,
3466 2752 3780 2821 priusquam
3825 2754 4076 2811 ecclesiae

2489 2838 2710 2891 candela
2737 2837 2849 2905 ipsa
2884 2838 3361 2903 intromitteretur,
3390 2839 3687 2910 perfectam
3716 2845 3950 2899 emeruit
3980 2859 4073 2899 so-

2490 2927 2759 2997 spitatem.
2794 2927 2916 2983 Hazc
2937 2942 3003 2981 ex
3036 2929 3155 2983 villa
3174 2929 3513 2985 Columbaria
3540 2933 3660 2999 fuit,
3691 2944 3743 2989 et
3764 2950 3861 3004 per
3898 2945 4070 2991 totum

2489 3020 2734 3072 aestivum
2777 3019 3089 3088 temputha
3116 3020 3365 3091 languida
3386 3024 3641 3077 membris
3662 3026 3909 3081 omnibus
3937 3042 4073 3096 pene

2489 3117 2850 3172 emarcuerat,
2885 3118 2942 3163 ut
2990 3125 3089 3165 nec
3124 3127 3367 3181 gressum
3398 3113 3581 3183 figere,
3613 3130 3712 3169 nec
3744 3116 3845 3170 nisi
3875 3118 4070 3173 alienis

2492 3200 2741 3254 manibus
2767 3200 2968 3254 valeret
2998 3200 3199 3255 efferri.
3256 3203 3372 3257 Alia
3402 3220 3506 3257 non
3544 3206 3745 3276 dispari
3796 3210 3954 3285 modo
3979 3208 4071 3264 diu

797 3312 980 3375 dente,
1008 3311 1141 3365 nihil
1174 3310 1351 3365 noctis
1378 3311 1718 3366 obstantibus
1742 3310 2001 3375 tenebris,
2022 3309 2223 3364 lumine
2251 3325 2386 3379 puro
2414 3282 2459 3344 δ
2493 3291 2557 3344 de

2303 3325 2386 3364 πο
2414 3282 2459 3344 C
2493 3290 2685 3344 debilis
2714 3300 2768 3344 et
2799 3290 2987 3363 clauda
3021 3292 3369 3359 decumbens,
3396 3296 3462 3350 ad
3483 3298 3765 3353 ecclesiam
3787 3282 4069 3369 perducta,

797 3404 996 3456 donata
1025 3411 1128 3455 est.
1181 3401 1311 3454 Item
1339 3401 1653 3455 adolescens
1679 3416 1873 3464 cmens,
1902 3402 2029 3454 dum
2074 3400 2385 3469 aliquandiu

790 3494 934 3550 infra
993 3493 1271 3548 basilicam
1306 3492 1666 3545 visitationem
1711 3506 1997 3561 supernam
2026 3497 2383 3557 exspectaret,

793 3586 1005 3642 meritis
1060 3584 1284 3654 virginis
1339 3583 1512 3638 visum
1562 3581 1800 3651 perfecte
1852 3582 2075 3651 recepit.
2132 3580 2382 3641 Femina,

793 3682 1015 3735 nomine
1068 3677 1196 3744 Osa,
1249 3677 1616 3746 quinquennio
1671 3675 1885 3739 clauda,
1920 3674 2045 3728 illuc
2097 3689 2156 3728 se
2190 3689 2385 3743 rogans

795 3770 1013 3833 deferri,
1044 3769 1321 3825 mensibus
1350 3784 1444 3823 sex
1480 3768 1677 3822 ibidem
1709 3766 1961 3832 languida
1996 3765 2205 3832 jacens,
2248 3766 2385 3819 divi-

794 3878 925 3915 num
966 3861 1400 3915 indeficientilms
1423 3858 1618 3912 animis
1644 3857 2056 3927 prmstolabatur
2078 3856 2334 3909 auxilium
2367 3871 2381 3908 :

793 3968 895 4005 nec.
922 3952 1073 4020 prius
1126 3966 1155 4004 a
1189 3950 1308 4004 tldei
1371 3965 1480 4004 sua:
1513 3948 1769 4002 instantia
1797 3947 2023 4013 destitit,
2054 3962 2212 4017 quam
2245 3962 2384 4000 mer-

794 4045 983 4096 celem
1042 4040 1217 4095 fidelis
1267 4038 1704 4109 perseverantiae,
1765 4036 2088 4091 soliditatem
2141 4036 2380 4090 omnium

795 4132 1168 4184 membrorum
1240 4129 1563 4199 perciperet,
1617 4126 1951 4197 pedibusque
1978 4126 2208 4195 propriis
2254 4141 2384 4196 gau-

796 4225 931 4277 dens
995 4221 1241 4285 rediret,
1298 4235 1417 4289 quzn
1481 4219 1729 4273 manibus
1781 4216 1971 4271 alienis
2020 4215 2148 4271 illuc
2217 4216 2380 4270 allata

794 4311 917 4367 fuit.

867 4404 952 4460 δι.
989 4404 1217 4472 Quidam
1237 4402 1489 4458 similiter
1516 4401 1740 4457 claudus
1765 4399 2071 4471 vespertino
2092 4398 2381 4470 aliquando

795 4508 1041 4565 tempore
1070 4494 1297 4565 grabato
1327 4492 1663 4562 deportatus,
1689 4500 1744 4548 et
1787 4507 1888 4563 pro
1914 4490 2119 4547 foribus
2147 4492 2381 4546 basilica:

792 4589 1024 4661 positus,
1053 4587 1179 4642 dum
1209 4586 1421 4655 copiam
1462 4585 1564 4640 sibi
1604 4600 1667 4641 ea
1700 4593 1858 4641 nocte
1880 4585 2023 4639 intra
2058 4584 2227 4639 aedem
2256 4598 2379 4638 san»

793 4689 939 4734 ctam
967 4678 1280 4750 quiescendi
1330 4678 1736 4747 deprecaretur,
1775 4691 1877 4732 nec
1904 4676 2151 4731 obtinere
2180 4674 2377 4731 valuis-

783 4779 897 4833 set,
930 4770 999 4825 ibi
1028 4777 1154 4823 ante
1179 4766 1405 4836 januam
1447 4767 1554 4823 fide
1583 4783 1690 4823 non
1731 4782 1902 4823 vacua
1934 4780 2102 4836 usque
2125 4766 2177 4820 in
2202 4764 2375 4821 lucem

784 4870 1094 4933 pernoctat.
1124 4860 1265 4917 Ecce
1300 4869 1479 4916 autem
1537 4875 1697 4915 mane
1724 4858 1903 4914 subito
1926 4857 2131 4913 viribus
2158 4856 2380 4911 validio—

790 4955 945 5008 ribus
966 4952 1376 5013 accedentibus,
1408 4952 1544 5005 miro
1576 4950 1845 5019 celerique
1873 4950 2102 5019 quodam
2142 4948 2279 5003 saltu
2306 4947 2379 5001 lc-

790 5055 881 5101 cto
908 5060 1168 5101 excussus
1214 5044 1404 5099 relicto
1454 5044 1506 5097 in
1544 5042 1660 5098 loco
1690 5042 1881 5098 eodem
1924 5041 2168 5113 grabato,
2206 5041 2376 5108 gradu

791 5139 1001 5193 directo
1030 5138 1094 5193 ad
1144 5136 1410 5191 tumulum
1439 5143 1685 5190 sanctum
1718 5132 1983 5203 processit
2011 5130 2157 5187 clare
2192 5139 2247 5184 et
2277 5144 2372 5199 pa-

790 5230 896 5284 lam
933 5230 1195 5302 virginem
1246 5237 1485 5285 sanctam
1519 5226 1899 5285 Glodesindem
1930 5224 2114 5280 divino
2174 5221 2374 5275 auxilio

786 5334 1063 5380 auctorem
1083 5338 1191 5379 sua:
1208 5322 1483 5392 sospitatis
1501 5320 1863 5391 proclamans,
1887 5325 1941 5371 et
1967 5315 2169 5386 gratias
2198 5327 2370 5382 quan-

788 5425 843 5454 ΙΛ
881 5416 1202 5454 nrvnvolnlml
1266 5413 1504 5454 rnl‘nrunc
1560 5410 1863 5454 nmnlinrag-
1901 5407 2121 5454 vneihus
2164 5402 2370 5454 mannis

2490 3381 2697 3451 integre
2722 3382 2792 3435 ibi
2814 3391 2898 3436 est
2931 3390 3140 3437 sanata.

2558 3474 2647 3528 δῖ.
2679 3474 2914 3527 Audiant
2956 3475 3099 3529 aliud
3145 3475 3342 3532 divina:
3388 3480 3878 3540 animadversionis
3904 3485 4071 3540 docu-

2487 3573 2727 3643 mentum
2758 3564 2831 3625 hi,
2871 3564 2961 3632 qui
3013 3579 3074 3617 ea
3118 3580 3238 3633 quae
3286 3567 3454 3620 semel
3508 3566 3732 3625 Domino
3787 3581 4070 3639 voverant,

2487 3653 2675 3708 illicita
2712 3654 3131 3723 prmsumptione
3173 3671 3276 3709 non
3308 3656 3502 3711 timent
3539 3657 3825 3730 effringere
3855 3677 3870 3727 ;
3901 3671 3956 3717 et
3984 3664 4068 3719 vel

2484 3748 2659 3818 poenis
2707 3746 3169 3803 manifestioribus
3192 3748 3425 3813 discant,
3475 3750 3665 3819 quanti
3718 3753 3787 3806 sit
3841 3754 4067 3823 periculi

2484 3839 2747 3909 promissa
2797 3854 2903 3892 non
2958 3840 3202 3904 reddere,
3251 3855 3372 3910 quae
3424 3840 3719 3911 Scriptura:
3750 3845 4071 3904 testimoniis

2485 3930 2775 3985 noluerunt
2817 3945 3131 4000 agnoscere.
3168 3928 3263 3984 Vir
3294 3930 3451 3986 Metis
3496 3932 3640 3986 inter
3666 3950 3793 3988 suos
3822 3951 3927 3991 non
3961 3937 4059 3994 ob-

2485 4034 2698 4082 scurus,
2730 4018 2814 4072 cui
2867 4018 3204 4074 Adelmauno
3236 4036 3430 4077 nomen
3460 4032 3597 4087 erat,
3639 4023 3802 4079 filiam
3858 4026 3911 4081 in
3940 4029 4069 4098 ipsis

2484 4111 2672 4180 primis
2703 4109 2865 4164 annis.
2885 4110 2978 4164 Dei
3007 4120 3061 4164 et
3089 4111 3247 4180 hujus
3278 4120 3476 4166 sanctre
3503 4111 3849 4172 Glodesindis
3886 4116 4063 4175 famu-

2484 4202 2613 4256 latui
2670 4202 2723 4255 in
2773 4200 2958 4255 habitu
2995 4203 3298 4257 sanctitatis
3330 4211 3452 4256 voto
3499 4204 3787 4276 delegavit.
3822 4206 3947 4263 Hme
3974 4213 4063 4265 ubi

2486 4291 2664 4346 adulta
2695 4300 2797 4353 est,
2827 4299 3003 4360 patre,
3041 4299 3097 4344 ut
3120 4292 3324 4357 dicunt,
3358 4293 3546 4363 ignaro
3572 4305 3626 4349 et
3650 4297 3837 4364 invito,
3879 4316 4067 4369 quem-

2484 4382 2606 4436 dam
2635 4389 2785 4435 extra
2840 4381 3025 4436 urbem
3055 4380 3399 4438 clandestino
3444 4396 3628 4440 secuta
3663 4396 3744 4443 est
3783 4392 4066 4447 matrima--

2483 4474 2592 4527 nio.
2626 4472 2870 4543 Cumque
2923 4473 2979 4527 in
3016 4472 3110 4527 tali
3146 4472 3394 4544 conjugio
3425 4483 3634 4545 tempus
3675 4478 3889 4549 aliquod
3919 4480 4068 4537 elllu-

2482 4568 2668 4630 xisset,
2710 4568 2849 4621 forte
2895 4565 3183 4637 aliquando
3216 4567 3333 4631 fuit,
3382 4576 3441 4622 ut
3485 4578 3737 4637 parentes
3764 4580 3816 4624 et
3847 4575 4067 4642 propin-

2406 4636 2457 4696 Ῑ)
2482 4672 2617 4729 quos
2647 4657 2700 4711 iu
2732 4656 2864 4710 urbe
2909 4636 3070 4710 vellet
3118 4656 3353 4710 revisere
3397 4674 3408 4710 :
3443 4636 3530 4711 ubi
3561 4657 3685 4711 dum
3717 4658 3831 4714 dies
3847 4636 4065 4731 aliquot

2481 4757 2825 4814 moraretur,
2882 4748 2953 4801 ita
3023 4749 3303 4818 repentina
3378 4748 3746 4804 membrorum
3819 4753 4061 4807 omnium

2481 4840 2832 4898 dissolutione
2860 4850 3141 4896 contracta
3186 4852 3287 4906 est,
3333 4850 3391 4895 ut
3438 4841 3706 4897 neclecto
3747 4857 4060 4915 exsurgere,

2481 4948 2581 4989 nec
2606 4933 2709 4987 nisi
2743 4932 2919 4986 alieno
2957 4930 3261 4986 ministerio
3306 4930 3422 4986 loco
3449 4942 3631 5001 posset
3661 4934 3887 4988 moveri.
3922 4933 4059 4988 Tum

2480 5033 2635 5097 pater
2681 5022 2789 5077 voti
2841 5022 3196 5077 reminiscens
3226 5021 3292 5075 ad
3345 5023 3731 5077 monasterium
3762 5038 3882 5080 eam
3932 5023 4061 5079 fecit

2482 5117 2699 5174 deferri.
2732 5117 2860 5185 Quae
2888 5116 2959 5170 ibi
3008 5116 3253 5181 dimissa,
3286 5125 3568 5186 postquam
3595 5116 3821 5170 multum
3857 5126 4060 5201 tempp-

2481 5211 2557 5264 ris
2580 5209 2631 5262 in
2662 5208 2919 5276 languore
2968 5207 3143 5263 tabida
3190 5207 3457 5277 jacuerat,
3501 5207 3568 5261 ab
3613 5208 3823 5262 ancillis
3866 5210 3955 5263 Dei
4008 5211 4056 5264 ei

2478 5317 2696 5358 suasum
2735 5312 2839 5367 est,
2893 5312 2950 5356 ut
2979 5317 3191 5357 sacrum
3244 5302 3485 5359 velamen
3543 5305 3642 5359 sibi
3691 5305 3970 5375 imponens
4000 5322 4059 5361 se

2480 5396 2589 5450 Deo
2611 5393 2931 5449 servituram
2960 5394 3317 5454 promitteret.
3345 5394 3569 5450 Factum
3587 5404 3689 5454 est.
3717 5403 3770 5449 et
3792 5397 3877 5451 die
3901 5396 4063 5451 tertio
