4472 5522
362 478 463 533 ἳῖοἹ

1380 463 1465 518 DE
1505 450 2027 515 TRANSLATIONE
2068 450 2121 505 S.
2166 450 2630 507 CLODESINDIS.

3509 452 3613 507 238

363 586 526 657 pedes
551 580 833 653 languidos
864 577 1103 643 mimus,
1150 575 1363 631 nomine
1394 574 1546 635 Alda,
1572 572 1637 625 ad
1664 575 1935 623 monaste-
1967 566 2010 622 Α
2042 561 2265 657 riorum,
2297 562 2489 631 quibus
2515 563 2625 632 jam
2666 561 2891 657 Domino
2922 563 3211 657 miserante
3256 571 3492 657 tempora
3520 563 3616 619 ﬂo-

365 678 501 730 rium
534 672 765 727 adducta
806 684 903 739 per
931 684 1019 723 sex
1063 682 1234 721 annos
1273 666 1469 720 ibidem
1500 661 1690 716 debilis
1721 659 1933 712 mansit.

364 766 607 832 Cumque
634 762 841 816 crebris
887 775 1068 813 coram
1100 758 1265 811 altare
1294 753 1774 824 supplicationibus
1806 749 1939 802 divi-

366 872 492 910 num
552 855 654 909 sibi
706 855 893 907 adesse
947 852 1140 921 saepius
1179 859 1496 918 precaretur
1551 843 1827 901 auxilium,
1858 841 1941 893 die

366 946 598 1015 quadam
628 944 903 1012 inopinato
933 944 1003 995 ita
1051 940 1284 1011 perfecte
1317 947 1501 993 sanata
1533 944 1633 997 est,
1672 944 1727 987 ut
1773 932 1943 987 libero

368 1052 552 1107 gressu
587 1036 785 1104 ubique
822 1035 1058 1101 gaudens
1089 1033 1379 1085 incederet.

438 1126 527 1179 59.
557 1127 928 1179 Dzmnoniacus
961 1124 1255 1191 quidamex
1290 1121 1411 1173 villa
1440 1117 1645 1180 Marlei,
1674 1114 1947 1169 Wolferus

371 1214 566 1279 dictus,
601 1217 669 1268 ita
708 1215 1050 1267 atrocissime
1072 1224 1123 1265 et
1152 1226 1355 1265 vesano
1396 1210 1589 1278 spiritu
1616 1207 1789 1261 fuerat
1824 1221 1943 1274 per-

370 1322 554 1369 vasus,
598 1317 657 1359 ut
678 1307 916 1359 omnium
954 1321 1010 1359 se
1056 1304 1305 1358 notitiam
1331 1301 1531 1356 habere
1568 1302 1870 1371 linguarum
1897 1307 1951 1353 et

374 1402 507 1455 situs
532 1409 849 1452 cunctarum
901 1399 1133 1467 jactaret
1180 1412 1335 1450 nosse
1395 1404 1682 1450 terrarum.
1746 1393 1842 1447 llic
1884 1393 1949 1446 ad

371 1504 587 1543 sarrunt
662 1489 952 1557 perductus
1005 1488 1413 1550 monasterium,
1459 1502 1520 1539 ac
1567 1486 1802 1555 pcrdics
1831 1493 1951 1538 octo

376 1580 445 1633 ibi
476 1580 745 1641 detentus,
773 1581 943 1646 gratia
973 1579 1171 1633 Cltristi
1205 1595 1265 1633 ac
1297 1578 1504 1633 meritis
1535 1579 1760 1649 virginis
1801 1579 1953 1631 ltoste

375 1670 581 1740 fugato,
614 1670 809 1724 mentis
838 1670 1072 1724 libertati
1125 1670 1329 1740 integre
1359 1672 1639 1725 restitutus
1668 1669 1949 1723 abscessit.

376 1762 504 1817 Item
534 1762 849 1816 adolescens
877 1762 1093 1831 quidam
1119 1778 1185 1816 ex
1209 1762 1331 1815 villa
1355 1761 1636 1828 Lauriaeo,
1661 1771 1713 1816 et
1744 1762 1955 1816 femin

377 1863 609 1921 quatuor
637 1852 795 1907 ftedis
843 1854 1123 1921 spiritibus
1171 1854 1423 1915 obsessae,
1462 1853 1531 1907 ibi
1580 1853 1828 1907 similiter
1855 1869 1955 1921 ope

377 1942 760 1996 sacratissima:
786 1942 1014 2013 virginis
1039 1944 1219 1997 curari
1251 1952 1588 1996 meruerunt.

447 2032 537 2086 40.
570 2032 775 2087 llisilla
807 2049 913 2088 non
962 2035 1257 2104 itu-.angrue
1310 2035 1598 2088 inserenda
1641 2044 1952 2099 censentur,

382 2124 656 2195 inquibus
689 2123 834 2187 fidei,
871 2126 954 2178 cui
981 2126 1161 2179 omnia
1207 2124 1459 2179 Salvator
1505 2125 1758 2195 perbibet
1784 2125 1958 2193 possi-

381 2216 533 2281 bilia,
567 2217 759 2287 ingens
789 2217 1095 2271 ostenditur
1142 2217 1549 2280 documentum,
1586 2224 1645 2269 ut
1675 2217 1817 2284 quod
1865 2230 1959 2268 na-

380 2315 499 2361 tura
524 2322 718 2373 negare
745 2307 1099 2371 convincitur,
1132 2317 1316 2361 sancta
1347 2316 1401 2360 et
1452 2307 1709 2361 innocens
1743 2306 1958 2375 virgini—

382 2404 465 2449 tas
496 2396 690 2448 merito
718 2396 829 2449 suis
858 2394 1067 2450 ellicere
1098 2413 1254 2464 posse
1285 2397 1560 2465 probetur.

454 2504 541 2557 At.
573 2504 649 2558 Ex
683 2504 769 2559 bis
793 2521 911 2574 qn:e
944 2506 1129 2559 habitu
1170 2507 1310 2560 inter
1339 2506 1504 2563 laicas
1542 2508 1792 2579 religioso
1816 2507 1964 2562 obla-

387 2596 561 2650 tiones
595 2596 786 2651 altario
839 2599 1051 2653 deferre
1090 2610 1507 2665 consueverunt,
1558 2602 1801 2670 quzedam
1840 2599 1962 2667 fuit,

386 2684 603 2738 nomine
634 2684 944 2755 Raginaidis
970 2729 982 2751 ,
1026 2704 1144 2757 qure
1174 2690 1239 2743 ad
1284 2688 1564 2743 basilicam
1600 2691 1824 2761 virginis
1874 2708 1968 2748 ve-

388 2776 564 2839 niens,
596 2777 893 2841 vasculum,
937 2793 1042 2847 quo
1084 2779 1265 2832 vinum
1306 2779 1372 2833 ad
1402 2795 1554 2834 sacra
1587 2782 1733 2853 (354)
1783 2799 1966 2837 secmn

386 2866 690 2936 bujusmodi
720 2869 1057 2926 circumferri
1113 2872 1267 2936 solet,
1302 2874 1518 2942 plenum
1565 2876 1829 2931 detulerat
1863 2892 1964 2932 :ex

386 2974 495 3028 quo
521 2960 647 3014 dum
694 2960 811 3029 ipsa
878 2961 1179 3028 obtulisset,
1229 2973 1284 3017 et
1340 2965 1569 3027 caeteris,
1622 2981 1741 3034 quae
1788 2966 1969 3036 plures

385 3049 652 3105 oblaturte
679 3062 1069 3118 convenerant,
1122 3056 1246 3109 dum
1302 3057 1443 3126 quod
1483 3058 1750 3126 superfuit
1800 3067 1969 3112 totum

391 3140 683 3205 divisisset,
713 3154 932 3212 repente
956 3145 1226 3199 vasculum
1260 3147 1431 3217 ipsum
1461 3148 1602 3216 quod
1626 3146 1737 3214 jam
1752 3150 1972 3203 omnino

385 3231 713 3285 exhaustum
740 3236 982 3301 putabat,
1021 3246 1313 3297 attentans,
1350 3239 1477 3293 vino
1508 3250 1564 3293 ut
1589 3240 1761 3308 prius,
1796 3239 1966 3309 reple-

396 3329 506 3373 tum
534 3324 770 3378 maximo
796 3340 919 3379 cum
942 3338 1163 3397 stupore
1187 3330 1411 3383 invenit.

462 3431 551 3484 42.
578 3432 775 3489 Custos
805 3438 1048 3505 quaadam
1076 3440 1317 3509 ejusdem
1342 3458 1510 3497 sacrae
1542 3445 1694 3508 mdis,
1721 3448 1847 3500 dum
1888 3448 1979 3501 die

391 3524 625 3591 quadam
655 3527 837 3582 missis
881 3530 1217 3587 celebrandis
1242 3535 1425 3590 vinum
1456 3538 1741 3606 quiesitum
1770 3553 1976 3610 nequa-

396 3632 557 3686 quam
588 3621 641 3675 in
691 3634 943 3692 promptu
991 3636 1172 3695 posset
1201 3629 1453 3695 inveniri,
1498 3631 1565 3685 ad
1616 3647 1795 3686 arcam
1831 3633 1974 3687 illam

395 3725 502 3779 qua
551 3714 736 3767 nescio
786 3715 852 3769 de
889 3730 1051 3771 causa
1123 3721 1387 3783 accessit,
1421 3720 1507 3774 ubi
1562 3720 1673 3790 jam
1748 3733 1894 3777 retro
1948 3739 1977 3777 a

400 3802 804 3858 utensibttsfere
820 3806 992 3862 tribus
1007 3810 1308 3875 vasculum,
1323 3812 1463 3880 quod
1483 3814 1533 3866 in
1557 3813 1772 3868 modmn
1796 3813 1981 3868 llaseo-

398 3891 483 3943 nis
499 3893 703 3959 parvuli
732 3895 1071 3963 (butticulam
1107 3900 1399 3969 appellant)
1440 3918 1666 3957 vacuum
1698 3914 1751 3957 et
1776 3905 1978 3959 siccum

400 3980 752 4050 dependebat.
800 3985 941 4040 Area
997 4000 1181 4057 aperta
1231 3992 1505 4045 vasculum
1554 3994 1728 4063 ipsum
1762 3996 1885 4049 vino
1915 3996 1980 4050 ad

398 4085 666 4127 summum
698 4091 871 4144 usque
903 4077 1179 4147 impletum
1211 4081 1464 4135 viditzex
1489 4098 1597 4149 quo
1623 4096 1677 4138 et
1698 4084 1981 4140 sacrificiis

402 4169 530 4217 tunc
556 4164 923 4219 ministratum
954 4179 1036 4222 est
1058 4168 1077 4233 ⁷;
1112 4179 1169 4224 et
1194 4173 1436 4239 quaadam
1471 4174 1756 4243 ipsiusloci
1782 4175 1979 4230 femina

401 4252 597 4306 dudum
624 4257 861 4324 graviter
884 4258 1159 4329 languida,
1191 4263 1313 4317 dum
1343 4280 1408 4318 ex
1432 4267 1619 4321 eodem
1648 4268 1771 4323 vino
1791 4285 1980 4338 parum

398 4343 531 4410 quid
577 4344 677 4399 sibi
733 4348 1131 4405 absorbendum
1184 4356 1547 4423 poposcisset,
1602 4376 1726 4414 mox
1760 4370 1983 4431 gustato

403 4434 631 4489 salutem
659 4437 923 4509 integram
956 4446 1309 4512 recuperavit.

474 4524 560 4578 43.
619 4527 868 4583 Paschali
919 4534 1147 4601 quadam
1204 4537 1545 4595 solemnitate
1586 4544 1760 4609 puella
1814 4561 1980 4609 cteca,

404 4617 681 4686 cujusdam
711 4619 937 4676 Joannis
991 4625 1125 4680 civis
1172 4626 1424 4684 Metensis
1452 4630 1579 4696 lilia,
1618 4635 1684 4687 ad
1736 4626 1982 4692 sanctum
2013 4627 2065 4687 ῐ)

405 4708 710 4777 sepulcrum
736 4715 1013 4779 perducta,
1056 4716 1179 4770 dum
1206 4734 1300 4786 per
1332 4729 1439 4775 tres
1464 4724 1576 4777 dies
1599 4725 1795 4780 ibidem
1830 4745 1986 4784 man-

404 4804 586 4865 sisset,
630 4806 740 4873 ipsa
770 4819 959 4877 quarta
994 4824 1161 4864 sacra:
1186 4811 1538 4869 hebdomadis
1568 4817 1695 4873 feria
1738 4837 1833 4891 per
1858 4839 1985 4894 gra-

405 4895 538 4948 tiam
564 4896 838 4951 cmlestem
869 4899 1041 4953 visum
1066 4900 1295 4969 pleniter
1322 4914 1407 4959 est
1428 4920 1736 4964 consecuta.

475 5008 568 5062 4-5.
596 5008 741 5073 Haec,
774 5022 833 5064 ut
860 5011 1145 5081 valuimus,
1178 5032 1242 5071 ex
1271 5018 1563 5086 prioribus,
1607 5039 1742 5092 quas
1779 5027 1986 5082 inveni-

406 5116 546 5165 mus,
573 5101 959 5160 transfudimus
989 5106 1201 5174 litteris,
1232 5125 1337 5163 non
1381 5114 1519 5181 quod
1564 5117 1807 5171 eamdem
1854 5122 1989 5174 scri-

408 5201 622 5259 pturam
676 5194 875 5249 nullam
926 5200 1340 5265 testimaremus,
1406 5220 1525 5273 quae
1582 5207 1769 5276 utique
1830 5210 1986 5279 plena

411 5282 528 5339 fidei
552 5294 608 5339 et
635 5287 700 5339 ad
736 5303 913 5343 rerum
942 5302 1213 5362 gestarum
1259 5296 1501 5351 ordinem
1544 5301 1686 5355 vires
1727 5305 1991 5362 maximas

409 5378 833 5448 subministrat;
867 5385 958 5437 sed
1007 5387 1151 5455 quia,
1193 5386 1269 5440 uti
1318 5390 1572 5457 praelatus
1621 5408 1763 5460 sum,
1790 5397 1990 5457 littera-

2043 662 2180 713 rent,
2222 652 2322 705 hoc
2369 662 2622 720 expetere
2673 652 2912 720 voluptas
2944 653 3241 706 videbatur.
3291 653 3609 722 Quanquam

2042 756 2108 795 ne
2136 742 2200 795 ad
2232 742 2370 796 hanc
2414 743 2628 811 quidem
2676 751 2880 811 partem
2920 743 3048 795 milii
3098 744 3329 811 aliquam
3378 746 3617 799 scicntia:

2043 834 2455 902 prterogaveritn
2510 834 2840 896 facultatem,
2891 834 3000 901 qui,
3041 842 3098 886 ut
3144 848 3268 888 vere
3297 835 3489 899 fateor,
3516 835 3622 889 fre—

2045 925 2294 993 quentius
2331 934 2508 978 tamen
2542 924 2591 977 in
2624 924 2780 977 dictis
2806 939 2966 993 quam
2994 924 3208 992 scriptis
3237 926 3403 979 nimio
3427 926 3619 978 rubore

2047 1014 2353 1070 sull‘undor:
2392 1026 2444 1070 et
2474 1017 2573 1070 nisi
2608 1015 2930 1084 aliquorum,
2954 1018 3044 1086 qui
3073 1017 3207 1071 forte
3239 1018 3290 1071 in
3324 1033 3408 1071 me
3440 1032 3623 1071 amore

2048 1107 2303 1161 lalmntur
2334 1108 2650 1176 improvido,
2683 1107 2884 1161 stimuli
2912 1108 3221 1171 incitarent,
3254 1109 3466 1177 penitus
3498 1123 3626 1161 con-

2051 1200 2291 1261 ticercm,
2322 1200 2391 1253 ob
2424 1199 2525 1253 hoc
2547 1199 2628 1251 vel
2656 1198 2905 1263 maxime,
2938 1200 3061 1267 quia
3089 1200 3190 1253 etsi
3216 1200 3464 1261 scicntia,
3492 1216 3625 1268 qua-

2050 1287 2173 1341 liter
2207 1298 2523 1357 przescntes,
2563 1298 2618 1342 et
2665 1289 2755 1358 qui
2786 1304 2848 1341 ex
2880 1288 2991 1357 ipsa
3020 1289 3159 1342 inter
3211 1304 3309 1343 nos
3345 1300 3630 1342 consuetu-

2053 1379 2177 1433 dine
2218 1378 2477 1447 quidquid
2534 1392 2629 1432 ore
2696 1378 2958 1432 exciderit
3007 1380 3270 1449 probant,
3323 1379 3627 1447 accipiant;

2053 1482 2334 1525 secuturos
2364 1481 2509 1524 certe
2541 1479 2635 1524 aut
2661 1471 2880 1525 omnino
2912 1471 3174 1540 ingratos,
3218 1483 3310 1525 aut
3360 1488 3462 1526 non
3498 1472 3633 1527 mul—

2056 1572 2168 1617 tum
2224 1564 2336 1617 haec
2368 1573 2654 1618 curaturos
2698 1564 2832 1618 satis
2858 1565 3171 1633 perspicio.
3213 1564 3419 1631 Quibus
3454 1574 3630 1619 tamen

2055 1654 2199 1723 quod
2227 1655 2493 1709 acerrimo
2519 1656 2679 1709 dente
2710 1655 2762 1708 in
2814 1655 3034 1709 mutulos
3076 1654 3433 1727 Hieronymus
3457 1671 3635 1727 proas-

2058 1745 2166 1798 mio
2214 1744 2601 1799 Hebraicarum
2664 1744 3019 1815 qumstionum
3048 1745 3187 1810 fixit,
3237 1747 3630 1817 objiciendum:

2066 1852 2084 1885 ι
2116 1833 2406 1905 Peregrina
2432 1850 2639 1891 merces
2667 1844 2874 1889 tantum
2897 1835 3200 1890 volentibus
3224 1839 3345 1889 navi
3373 1836 3633 1892 defertur.

1981 1910 2031 1971 Β
2064 1926 2390 1992 Balsamum,
2440 1928 2613 1997 piper,
2654 1936 2707 1982 et
2756 1942 2915 1996 poma
2961 1926 3261 1995 palmarum
3294 1930 3481 1983 rustici
3532 1947 3639 1984 non

2056 2026 2257 2072 emant.
2300 2037 2317 2069 ι
2354 2018 2431 2071 lta
2474 2026 2525 2072 et
2564 2018 2640 2071 illi
2688 2018 2732 2072 si
2777 2018 3142 2086 despexerint,
3190 2036 3257 2073 ne
3309 2022 3525 2090 quidem
3568 2022 3641 2075 le-

2058 2119 2205 2179 gant,
2238 2124 2433 2163 moneo
2481 2118 2533 2164 et
2578 2124 2693 2173 oro,
2755 2109 2878 2163 dum
2924 2111 3140 2164 tandem
3183 2112 3289 2165 voti
3347 2114 3449 2167 mei
3501 2116 3640 2183 apud

2061 2204 2228 2258 Deum
2282 2213 2335 2259 et
2366 2213 2612 2260 sanctam
2645 2205 2762 2273 ejus
2809 2206 3097 2277 virginem,
3148 2209 3303 2278 cujus
3352 2225 3437 2263 me
3488 2227 3641 2264 amor

2063 2300 2227 2351 traxit
2266 2282 2605 2365 immodicus,
2643 2315 2790 2369 spem
2822 2300 3052 2355 fideliter
3083 2313 3463 2373 prmsumptam
3513 2305 3640 2357 mibi

2063 2402 2169 2442 non
2206 2389 2419 2458 penitus
2447 2390 2740 2453 invideant,
2767 2390 2850 2443 vel
2882 2390 3268 2447 intercludant.

2143 2478 2226 2532 55.
2250 2478 2369 2533 Jam
2401 2480 2527 2549 quia
2551 2481 2615 2534 ad
2640 2490 2879 2535 nostram
2908 2491 3120 2537 aetatem
3148 2499 3235 2538 res
3261 2485 3515 2553 perducta
3543 2495 3641 2545 est,

2066 2570 2409 2627 liberioribus
2437 2573 2626 2641 spatiis
2667 2574 3039 2641 decurrentes,
3088 2576 3344 2642 breviter,
3392 2594 3510 2647 quae
3548 2578 3645 2630 Dn-

2069 2662 2244 2716 minus
2302 2662 2455 2717 nobis
2515 2663 2695 2717 videre
2762 2665 3444 2729 concessit,adnotamus.
3526 2669 3653 2723 Post

2068 2751 2389 2821 Rotpertum
2414 2755 2505 2823 qui
2537 2753 2607 2807 40
2637 2755 2850 2822 praefuit
2872 2757 3051 2822 annis,
3084 2757 3347 2828 Wigirico
3404 2760 3469 2815 l0
3496 2763 3653 2817 annis

2070 2844 2351 2913 pontificio
2399 2856 2590 2900 exacto
2618 2847 2726 2900 vita
2779 2847 3093 2915 decedente,
3139 2850 3263 2905 dum
3299 2852 3482 2907 Benno
3530 2855 3653 2924 qui-

2072 2936 2217 3001 dam,
2270 2938 2320 2990 in
2344 2938 2621 2992 eremitica
2669 2942 3085 2997 conversatione
3138 2943 3337 2997 dudum
3394 2945 3651 3006 famosus.

2074 3026 2214 3080 bona
2255 3026 2551 3081 intentione
2582 3027 2821 3083 lleinrici
2863 3040 2988 3085 tunc
3041 3034 3201 3103 regis,
3235 3037 3401 3105 patris
3437 3038 3655 3107 gloriosi

2075 3123 2261 3183 postea
2289 3115 2518 3171 Caesaris
2544 3118 2723 3172 domni
2764 3118 2996 3185 Ottonis,
3045 3122 3219 3177 eidem
3268 3134 3411 3180 esset
3458 3126 3653 3183 subro-

2077 3213 2254 3272 gatus,
2287 3206 2485 3277 vixque
2530 3208 2805 3263 biennium
2855 3210 2907 3263 in
2936 3225 3092 3265 sacro
3125 3215 3313 3270 ordine
3348 3218 3613 3288 exegisset
3642 3238 3658 3285 ;

2076 3296 2292 3350 infanda
2316 3298 2547 3353 etnimis
2576 3298 2905 3369 lacrytnabili
2932 3303 3268 3359 servulorum
3299 3312 3656 3376 quorumdam

2076 3386 2307 3443 factione
2353 3401 2674 3455 exczecatus,
2718 3400 2772 3446 et
2814 3392 3022 3448 inutilis
3067 3395 3327 3465 redditus,
3374 3416 3480 3469 quo
3509 3400 3659 3473 fungi

2078 3496 2183 3536 non
2216 3489 2430 3550 poterat
2461 3480 2632 3538 oﬂicio
2661 3499 2780 3540 sesc
2804 3486 2915 3554 ipse
2953 3487 3222 3545 abdicavit
3250 3510 3261 3544 :
3299 3492 3422 3547 inde
3453 3510 3482 3548 a
3512 3494 3659 3565 prin-

2076 3573 2197 3642 tipe
2258 3572 2521 3628 electione
2568 3575 2731 3645 petita
2787 3585 2841 3631 et
2890 3579 3198 3648 impetrata,
3266 3584 3439 3640 virum
3483 3591 3661 3659 magni

2078 3675 2202 3736 post
2228 3663 2466 3719 futurum
2494 3668 2771 3736 praeconii,
2801 3669 3078 3727 dominum
3108 3673 3524 3745 Adelberonem,
3551 3681 3666 3737 Itch

2082 3764 2265 3811 sancta
2298 3756 2453 3812 sedes
2489 3757 2680 3830 adepta
2720 3770 2822 3815 est.
2854 3762 2952 3816 llic
2975 3768 3301 3822 monasteria
3328 3785 3667 3843 qurccunque

2082 3863 2176 3919 per
2222 3849 2627 3918 amplitudinem
2676 3868 2786 3908 suae
2824 3865 2981 3910 erant
3024 3859 3413 3928 providentiae,
3457 3875 3602 3920 retro
3635 3870 3672 3920 εἰ

2083 3937 2264 3991 multis
2290 3939 2403 4009 jam
2434 3942 2593 3996 annis
2621 3942 2851 4000 interius
2888 3954 2942 4001 et
2961 3950 3203 4004 exterius
3251 3952 3585 4022 spiritalibus
3614 3968 3667 4011 et

2083 4032 2458 4100 corporalibus
2505 4033 2698 4103 Opibus
2743 4036 2967 4091 nimium
3045 4038 3190 4111 lapsa
3242 4044 3424 4100 studio
3472 4058 3669 4115 praeter

2084 4130 2276 4176 cetera
2307 4125 2523 4194 egregie
2553 4126 2792 4180 animum
2840 4142 3164 4198 recuperare
3196 4132 3424 4189 induxit.
3457 4137 3521 4191 Et
3558 4140 3669 4209 pri-

2085 4228 2230 4267 mum
2259 4214 2474 4283 quidem
2503 4214 2620 4284 ejus
2654 4232 2876 4286 operum
2906 4222 3265 4290 spiritualium
3322 4224 3519 4282 Gorzia
3554 4245 3667 4285 mo-

2086 4308 2379 4361 nasterinm
2405 4306 2528 4373 fuit,
2561 4309 2650 4363 ubi
2680 4326 2995 4381 magnarum
3023 4315 3282 4370 virtutum
3314 4320 3433 4373 viro
3464 4321 3661 4374 domno

2086 4397 2515 4471 Eginoldo(355)
2564 4411 2836 4470 promoto,
2867 4412 2919 4457 et
2950 4404 3098 4487 brevi
3135 4409 3350 4477 copiosa
3396 4411 3668 4483 religioso-

2087 4508 2203 4547 rum
2238 4492 2393 4546 turba
2418 4507 2483 4547 eo
2514 4492 2840 4557 conﬂuente,
2889 4503 2944 4548 et
2972 4496 3024 4549 in
3056 4496 3444 4556 beatitudinem
3470 4520 3669 4574 paupe-

2090 4599 2207 4636 rum
2236 4583 2427 4652 spiritu
2457 4585 2556 4637 sub
2587 4582 2770 4653 regula
2804 4584 2944 4638 beati
2995 4584 3269 4644 Benedicti
3298 4596 3666 4664 conspirante,

2091 4674 2156 4728 ad
2187 4674 2303 4743 ejus
2326 4673 2604 4743 exemplar
2640 4674 2844 4742 reliqua
2880 4685 3031 4730 extra
3062 4677 3145 4732 vel
3172 4678 3310 4733 infra
3342 4683 3581 4738 virorum
3607 4701 3669 4740 ac

2092 4765 2437 4829 feminarum,
2470 4764 2515 4818 si
2544 4780 2648 4834 qua
2679 4765 2844 4819 etiam
2876 4768 2976 4822 sub
3023 4770 3238 4824 nomine
3287 4774 3670 4828 canonicorum

2090 4868 2265 4924 erant,
2320 4858 2621 4927 composuit
2675 4861 3027 4913 monasteria.
3083 4862 3234 4917 Unde
3284 4873 3337 4917 et
3375 4865 3476 4920 hoc
3531 4869 3672 4923 idem

2090 4952 2264 5007 beatae
2318 4950 2547 5019 virginis
2577 4948 2859 5020 collegium
2904 4953 3155 5022 praelecta
3188 4955 3257 5008 ibi
3301 4956 3493 5010 domna
3529 4959 3678 5013 llim-

2093 5044 2366 5108 miltrude,
2402 5044 2685 5115 sanguine,
2740 5052 2793 5097 et
2823 5042 2986 5115 (quod
3022 5047 3194 5112 majus
3219 5047 3321 5117 est)
3354 5048 3548 5116 Spiritu
3575 5050 3678 5104 sibi

2090 5140 2412 5211 pr0piuqua,
2438 5139 2506 5193 ad
2523 5136 2877 5191 monasticam
2902 5137 3289 5191 institutionem
3318 5136 3461 5207 (556)
3480 5141 3678 5210 coegit.

2094 5230 2171 5285 De
2199 5229 2353 5299 cujus
2378 5231 2553 5287 sancti
2586 5227 2857 5297 pontificis
2901 5228 3077 5299 dignis
3114 5229 3222 5283 Deo
3269 5231 3524 5299 operibus
3564 5248 3683 5304 pro-

2091 5324 2272 5393 prium
2312 5329 2395 5374 est
2447 5322 2637 5377 merito
2666 5321 2807 5388 quod
2838 5321 3175 5377 desideretur
3222 5336 3355 5390 Opus
3383 5323 3558 5395 (557),
3586 5340 3686 5379 nec

2096 5414 2256 5460 lmine
2306 5412 2521 5460 articuli
2563 5412 2829 5460 brevitate
2865 5424 3066 5460 tantam
3116 5412 3356 5460 concludi
3397 5411 3477 5460 fas
3525 5416 3687 5460 rum-it
