4472 5522
874 421 978 476 239

1793 426 2070 485 JOANNIS
2109 427 2394 484 ABBATIS
2433 427 2489 484 S.
2529 426 2824 484 ARNULFI
2867 429 3204 486 METENSlS

3991 430 4096 486 ΜΟ

874 531 1227 604 maiestatem.
1253 537 1401 606 Quod
1425 539 1489 593 ad
1516 541 1996 610 prmsensattinere
2021 542 2251 607 videtur,
2279 541 2426 596 brevi
2459 545 2504 604 Α
2533 539 2583 593 in
2604 541 2900 608 proximam
2945 542 3229 609 quamdam
3259 542 3471 596 domum
3507 541 3718 596 interim
3764 554 4093 595 conservan-

871 625 1204 694 subjicimus.

943 716 1033 770 46.
1065 717 1220 770 Anno
1247 719 1585 787 pontiﬁcatus
1609 722 1686 776 sui
1719 722 1806 785 '25,
1836 740 1955 778 cum
1996 727 2434 794 nongentesimus

873 807 1348 877 quinquagesimus
1412 811 1616 880 primus
1679 815 1968 871 Dominicze
2043 817 2434 873 lucarnationis

868 907 1142 967 ageretur,
1175 910 1400 955 matrem
1434 906 1740 972 pratdictam
1782 907 1878 960 loci
1930 909 2092 975 ipsius
2123 910 2429 976 reparandi,

867 989 988 1056 quia
1031 1000 1268 1043 vetustas
1293 1001 1344 1046 et
1386 993 1618 1048 brevitas
1651 1012 1865 1050 monere
1910 999 2206 1061 videbatur,
2237 1001 2432 1067 cupido

865 1079 1028 1145 cmpit
1053 1080 1352 1136 immodica.
1406 1083 1457 1136 ld
1484 1100 1577 1153 per
1599 1102 1672 1144 se,
1707 1088 1958 1156 quoniam
1992 1105 2094 1142 non
2148 1091 2246 1142 nisi
2277 1107 2430 1145 sacro

864 1179 1086 1236 corpore
1139 1169 1350 1224 interim
1384 1173 1631 1227 submoto
1665 1175 1776 1228 fieri
1824 1187 2056 1244 poterat,
2088 1194 2190 1230 non
2225 1195 2426 1247 praesu-

864 1274 1038 1324 mens,
1069 1263 1193 1330 quid
1224 1266 1403 1318 animo
1430 1255 1771 1336 conceperat,
1803 1271 2054 1338 episcopo
2086 1271 2312 1324 iutimat.
2338 1271 2428 1326 Ille

859 1349 926 1405 de
951 1350 1150 1407 fabrica
1182 1363 1237 1407 ut
1264 1355 1412 1408 fieret
1438 1369 1645 1428 gratum
1673 1362 1894 1414 omnino
1919 1361 2144 1424 habens,
2170 1377 2426 1431 suamque

856 1442 1084 1510 benigne
1138 1443 1406 1511 pollicitus
1453 1463 1693 1516 operam,
1754 1451 1818 1502 de
1868 1451 2233 1505 sublevatione
2283 1452 2424 1506 sacri

856 1533 1096 1600 corporis
1134 1534 1222 1586 diu
1269 1538 1696 1600 cunctabnmlus,
1733 1539 1946 1593 tandem
2003 1539 2208 1593 Domini
2267 1556 2426 1608 super

855 1621 955 1675 hoc
979 1623 1306 1677 voluntatem
1340 1635 1398 1679 ut
1433 1628 1795 1694 exquirerent,
1842 1630 2150 1699 imperavit:
2184 1645 2425 1684 commu-

857 1710 1032 1763 nicato
1100 1712 1292 1767 deinde
1366 1717 1580 1786 negotio
1636 1719 1877 1785 patribus
1935 1727 2061 1772 tunc
2108 1722 2424 1775 venerandis

851 1799 1096 1865 Einoldo,
1138 1805 1201 1858 de
1232 1821 1338 1874 quo
1361 1809 1738 1874 prtemisimus,
1778 1819 1831 1862 et
1858 1811 2056 1864 Ansteo
2086 1812 2230 1881 (558)
2271 1829 2422 1881 reque

2537 627 2633 682 dos
2686 639 3057 698 transponunt.
3107 630 3304 684 Eadem
3339 632 3422 685 die
3466 645 3493 684 a
3523 631 3835 699 parentibus
3875 631 4090 700 quidam

2536 716 2660 769 illuc
2706 717 3064 771 (Ιίειιιοιιιτιειις
3117 721 3394 783 adductus,
3425 736 3545 773 cum
3590 735 3750 788 penes
3777 719 4005 772 loculum
4037 720 4090 772 in

2535 810 2690 862 domo
2715 810 2899 876 eadem
2933 811 3126 879 popqu
3168 811 3484 866 abs:edente
3512 821 3651 866 esset
3694 812 3929 873 relictus,
3971 820 4093 878 post

2533 901 2799 955 modicum
2850 902 3206 965 intervallum,
3237 901 3460 955 Domino
3513 912 3567 956 et
3617 902 3820 955 meritis
3871 901 4092 972 virginis

2532 992 2968 1062 sulfragmntibus,
2997 1009 3026 1045 a
3052 1008 3248 1046 vesano
3276 993 3461 1060 spiritu
3491 1005 3572 1047 est
3599 993 3874 1046 liberatus.

2607 1083 2696 1136 47.
2730 1084 2838 1136 Sub
2862 1083 2972 1152 ipsa
3000 1084 3109 1137 fere
3138 1085 3264 1136 hora
3296 1082 3786 1136 sanctitnonialibtts
3815 1098 3842 1136 a
3872 1081 4007 1146 loco,
4038 1081 4090 1136 in

2530 1190 2635 1244 quo
2659 1191 2870 1228 sacrum
2901 1190 3094 1244 corpus
3131 1175 3457 1240 extulerant,
3496 1177 3562 1228 ad
3599 1191 3821 1244 corpora
3853 1175 4089 1228 curanda

2529 1269 2905 1331 residentibus,
2945 1268 3222 1337 puerulum
3270 1268 3499 1322 naturali
3547 1268 3909 1321 membrorum
3939 1280 4089 1318 com-

2527 1376 2660 1430 page
2689 1359 2996 1413 damnatum
3038 1361 3354 1429 penitusque
3393 1361 3458 1412 ab
3510 1359 3624 1426 ipsa
3649 1359 3925 1411 uativitate
3955 1372 4089 1411 con-

2528 1462 2754 1505 tractum
2781 1452 3012 1520 bajulus,
3040 1462 3097 1505 ut
3127 1453 3345 1505 brachio
3377 1451 3602 1512 ferebat,
3630 1451 3866 1504 ecclesia‘
3889 1449 4084 1502 intulit.

2525 1541 2649 1596 Inde
2688 1558 2716 1594 a
2748 1545 2973 1610 quadam
3005 1558 3067 1596 ex
3101 1542 3596 1596 sanctimonialibus
3623 1541 3762 1594 intra
3793 1540 4087 1594 domuncu-

2525 1631 2650 1692 lam,
2699 1650 2802 1702 qna
2855 1649 3050 1702 corpus
3098 1634 3447 1687 sanctissima:
3486 1633 3706 1702 virginis
3755 1631 4084 1691 servabatur,

2523 1723 2620 1772 sub
2652 1722 2763 1788 ipso
2815 1721 2987 1776 loculo
3014 1721 3156 1775 solus
3189 1723 3420 1786 relictus,
3466 1737 3628 1788 parva
3675 1735 3821 1773 mora
3857 1720 4089 1774 interce-

2522 1813 2704 1875 dente,
2729 1813 2892 1866 nimio
2918 1826 3136 1877 repente
3157 1811 3386 1865 clamore
3414 1826 3546 1880 puer
3567 1809 3783 1871 emisso,
3814 1809 3877 1861 ad
3903 1823 4084 1862 vocem

849 1890 968 1945 viro
1020 1892 1270 1961 religioso
1326 1911 1356 1949 e
1403 1898 1645 1964 proximo
1688 1899 1858 1953 sancti
1911 1900 2115 1953 Arnulfi
2170 1902 2411 1972 collegio,
2447 1915 2488 1972 η
2519 1902 2726 1955 caeteris
2749 1901 3171 1960 accurrentibus,
3199 1901 3453 1952 membris
3479 1898 3650 1952 officio
3692 1907 3894 1950 natura:
3942 1897 4084 1950 dirc-

850 1980 1088 2053 lpsisque
1117 1986 1325 2039 animos
1346 1986 1516 2039 eidem
1541 1997 1727 2041 saneto
1750 1989 1986 2057 pontifici
2025 1990 2103 2040 vel
2133 1992 2417 2044 abbatissa:

849 2074 1021 2142 magis
1063 2073 1418 2138 addentibus,
1458 2077 1507 2128 in
1565 2079 1834 2131 connnuni
1888 2081 2160 2133 decretum
2208 2089 2313 2144 est,
2362 2090 2420 2133 ut

851 2163 1021 2218 fieret.
1066 2163 1301 2218 Instabat
1329 2174 1454 2220 tunc
1504 2166 1616 2220 dies
1643 2168 1988 2222 Ascensionis
2024 2168 2331 2234 Dominicar,
2365 2170 2416 2222 in

848 2269 1005 2324 quem
1032 2254 1254 2324 populus
1285 2256 1566 2310 universus
1597 2259 1879 2312 missarum
1931 2259 2206 2313 solemniis
2234 2261 2418 2314 condi-

847 2353 935 2396 cto
982 2341 1166 2410 jussus
1217 2345 1424 2399 adesse.
1482 2345 1683 2401 Prmsul
1759 2349 2239 2404 reverendissimus
2298 2358 2418 2419 post

843 2433 1065 2486 verbum
1091 2448 1264 2488 sacrae
1295 2435 1396 2488 dici
1425 2435 1619 2505 popqu
1666 2437 1951 2503 redditum,
2000 2440 2064 2493 de
2096 2441 2195 2494 hac
2220 2440 2329 2510 ipsa
2362 2455 2418 2494 re

839 2537 1017 2592 param
1050 2527 1311 2594 aperiens.
1339 2525 1547 2580 Domini
1597 2528 2022 2605 miscricordiam
2049 2542 2271 2585 cunctos
2299 2546 2413 2583 rno-

841 2614 959 2667 nuit
985 2628 1231 2675 exorare,
1264 2624 1320 2668 ut
1346 2630 1659 2684 prosperum
1692 2618 1973 2672 conatibus
2014 2619 2248 2672 fidelium
2289 2635 2415 2673 suo-

830 2718 957 2756 rum
987 2704 1164 2774 largiri
1201 2705 1514 2774 dignaretur
1540 2705 1808 2761 effectum.
1858 2707 2006 2774 Quod
2046 2726 2166 2763 cum
2201 2710 2251 2762 in
2293 2725 2413 2763 era-

837 2795 1036 2849 stinntn
1094 2805 1259 2850 sexta:
1314 2797 1461 2850 felice
1508 2800 1672 2851 multa
1732 2815 1852 2853 cuin
1911 2800 2194 2855 devotione
2243 2802 2413 2856 sacris

835 2884 1040 2939 mdibus
1070 2886 1470 2956 circunquaqne
1511 2888 1753 2942 lustratis
1790 2889 2040 2942 alacriter
2059 2877 2408 2960 peregissent,

837 2975 891 3029 in
927 2977 1170 3046 sequenti
1224 2993 1344 3030 mox
1396 2978 1668 3032 Dominica
1716 2961 1903 3034 omnes
1937 2981 2002 3032 ad
2041 2996 2254 3034 sacrum
2284 2996 2411 3034 con-

833 3065 1006 3122 ﬂuunt
1049 3067 1243 3122 locum.
1289 3069 1360 3122 lbi
1405 3071 1471 3123 ab
1523 3070 1637 3140 ipso
1688 3082 1875 3124 sancto
1919 3073 2167 3140 pontifice
2233 3072 2410 3126 missis

836 3158 1016 3222 dictis,
1055 3159 1286 3229 itemque
1314 3161 1540 3229 plurima
1584 3163 1959 3216 exhortatione
1990 3163 2142 3232 plebe
2166 3164 2215 3216 in
2242 3163 2408 3218 Deum

2519 1995 2619 2047 ctis
2646 2009 2807 2047 sanus
2840 1993 3020 2044 divino
3061 1991 3259 2043 auxilio
3308 2001 3388 2045 est
3429 1993 3691 2043 inventus.
3737 1988 3889 2042 Hunc
3921 1987 4086 2041 multo

2518 2083 2854 2152 postmodum
2889 2090 3126 2148 tempore
3160 2081 3342 2132 eadem
3374 2080 3738 2133 incolumitate
3769 2077 4084 2146 gaudentem

2517 2188 2776 2244 prospero
2821 2173 3017 2239 ubique
3061 2171 3225 2240 gradu
3267 2171 3643 2238 conspeximus
3681 2168 3905 2237 ingredi.
3935 2167 4086 2244 Alter

2519 2241 2697 2318 itidem
2741 2262 2990 2331 puerulus
3042 2261 3210 2315 oculis
3252 2270 3456 2329 captus,
3487 2262 3580 2313 sed
3630 2268 3685 2312 et
3734 2241 4084 2327 quorumdam

2519 2355 2877 2406 membrorum
2905 2351 3264 2420 inteqnalitate
3289 2349 3565 2403 confectus
3586 2389 3598 2412 ,
3623 2348 3725 2401 alio
3763 2347 3968 2400 ferente
3997 2344 4085 2397 illo

2515 2443 2847 2510 deportatus,
2881 2450 2934 2493 ct
2957 2449 3080 2493 ante
3110 2439 3336 2492 loculum
3383 2437 3669 2508 projectus,
3703 2437 3817 2488 visu
3843 2445 3894 2487 et
3921 2441 4083 2488 θεειο-

2517 2547 2697 2585 rorum
2752 2531 3111 2583 membrorum
3172 2528 3478 2597 integritate
3534 2527 3726 2580 virtute
3788 2524 3985 2579 Christi
4031 2531 4085 2577 et

2515 2621 2733 2674 obtentu
2777 2617 3152 2672 sacratissima:
3197 2616 3416 2684 virginis
3463 2623 3679 2684 repente
3731 2613 3942 2668 cunctis
3970 2619 4084 2665 stu-

2513 2712 2761 2782 pentibus
2807 2717 2862 2764 et
2931 2709 3131 2778 gratias
3186 2707 3292 2760 Deo
3344 2707 3723 2769 clamantibus,
3767 2715 3850 2758 est
3899 2716 4081 2756 mune-

2512 2814 2682 2858 ratus.

2584 2892 2739 2946 l’lura
2787 2891 2979 2946 deinde
3027 2898 3077 2943 et
3123 2904 3293 2958 usque
3335 2889 3386 2942 in
3435 2902 3667 2957 praesens
3715 2896 3919 2956 tempus
3948 2899 4082 2953 pene

2512 2984 2752 3053 quotidie
2776 2999 2894 3036 eum
2925 2981 3026 3035 fide
3047 2980 3339 3050 petentium
3373 2979 3565 3032 ibidem
3615 2978 3838 3031 Domino
3864 2976 4081 3030 Christo

2510 3081 2767 3142 operante
2811 3071 3135 3124 exhibentur
3184 3067 3396 3132 solatia,
3443 3076 3552 3120 tum
3620 3080 3924 3134 corporum,
3969 3073 4078 3116 tum

2512 3165 2674 3236 (quod
2723 3160 3225 3232 prmstanlissimum
3278 3159 3379 3226 est)
3422 3158 3751 3209 animarum:
3803 3154 3890 3207 ubi
3952 3168 4080 3206 cono

827 3252 1090 3314 animata,
1125 3254 1332 3306 cunctis
1352 3253 1791 3317 acclamantibus,
1840 3265 1892 3310 et
1936 3257 2196 3309 ministris
2228 3271 2405 3310 sacro-
2437 3270 2480 3331 ς
2512 3253 2731 3310 scientia
2763 3249 3183 3316 uniuscujusque
3227 3247 3578 3317 supplicantis
3615 3247 3748 3299 satis
3795 3245 4076 3314 persentit,

829 3329 960 3397 runr
983 3342 1153 3396 solitis
1176 3342 1653 3410 supplicationibus
1680 3361 1866 3414 preces
1899 3347 1949 3399 in
1982 3349 2174 3400 cceliim
2211 3348 2400 3402 tollen-

833 3433 996 3495 tibus,
1028 3433 1093 3486 ad
1123 3449 1304 3486 arcam
1334 3434 1554 3503 virginis
1589 3437 1931 3503 aperiendam
1979 3439 2216 3506 pontifex
2246 3455 2406 3494 vene-

831 3521 1059 3584 randuz,
1088 3537 1316 3591 cumque
1351 3538 1416 3576 eo
1463 3533 1643 3592 patres
1676 3527 2123 3580 monasteriorum
2164 3528 2320 3581 simul
2350 3537 2405 3582 et

831 3615 1009 3668 czeteri
1035 3630 1100 3669 ex
1133 3613 1277 3668 clero
1307 3615 1537 3686 religiosi
1569 3617 1724 3685 digne
1750 3618 1860 3671 Deo
1890 3627 2180 3686 sancteque
2211 3619 2402 3688 virgini

830 3703 1082 3757 submissi
1119 3713 1423 3757 reverenter
1453 3706 1745 3770 accedunt;
1778 3722 2006 3776 moxque
2035 3718 2406 3762 sacrosanctos

837 3804 989 3850 artus
1038 3795 1210 3849 loculo
1248 3806 1373 3849 tunc
1403 3811 1499 3866 pro
1549 3804 1790 3867 tempore
1821 3807 2123 3868 praeparato
2150 3809 2405 3868 exceptos

903 3911 1051 3981 (338)
1090 3911 1165 3965 De
1193 3910 1412 3964 Einoldo
1437 3910 1718 3966 Gorziensi
1763 3920 1815 3964 et
1843 3909 2046 3963 Ansteo
2102 3909 2158 3963 S.
2199 3907 2404 3962 Arnulﬂ

831 3983 1047 4036 abbatis
1075 3981 1388 4037 Corziensis
1414 3983 1609 4036 saeculo
1637 3981 1879 4050 sequenti
1917 3981 2232 4034 referendis.

836 4164 1086 4186 ——

2509 3353 2766 3414 quantam
2809 3341 2930 3394 inde
2958 3337 3248 3392 efﬁcaciam
3303 3351 3519 3406 precum
3559 3350 3775 3389 suarum
3804 3341 4075 3401 reportet;

2510 3447 2564 3491 et
2592 3436 2692 3488 nisi
2721 3431 3013 3486 difﬁdentia
3040 3431 3150 3484 sola
3175 3431 3446 3492 retundat,
3484 3443 3609 3481 vere
3644 3425 3842 3481 Christi
3875 3432 4074 3486 certus,

2511 3526 2738 3587 fatebor,
2787 3522 2979 3575 nullius
3017 3520 3125 3573 illic
3165 3520 3415 3587 suspiria,
3454 3518 3650 3572 nullius
3697 3516 3949 3585 gemitus,
3991 3512 4074 3567 vel

2512 3616 2780 3684 lacrymas
2837 3610 2990 3681 pleno
3038 3610 3200 3663 corde
3258 3609 3504 3677 profusas
3537 3648 3551 3672 ,
3600 3618 3930 3676 quaecunque
3986 3602 4074 3656 illa

2513 3705 2674 3760 fuerit
2698 3702 2989 3756 necessitas
3015 3699 3097 3753 vel
3137 3699 3397 3769 angustia,
3433 3699 3556 3753 inde
3602 3696 3887 3765 aliquando
3913 3706 4075 3747 vacuo

2515 3795 2690 3848 fructu
2726 3805 2986 3846 reversas.

2470 3907 2757 3962 abbatibus
2808 3899 3022 3968 egregia
3077 3901 3276 3953 mentio
3351 3909 3432 3953 est
3481 3899 3531 3952 in
3572 3896 3719 3951 Actis
3755 3892 3810 3947 S.
3851 3891 4074 3946 Joannis

1097 4145 4064 4191 ___________________________________________

1621 4314 2204 4481 VITA
2338 4315 2459 4473 J
2474 4307 3084 4469 OANN
3097 4311 3313 4468 IS

2068 4581 2356 4639 ABBATIS
2392 4581 2793 4637 GORZIENSIS
2815 4623 2828 4645 ,

1617 4740 1995 4807 AUC-TORE
2039 4737 2367 4835 JQANNE
2407 4736 2738 4797 ABBATE
2771 4737 2833 4797 S.
2883 4733 3268 4795 ARNULFI.

1375 4910 1551 4984 [Apud
1582 4910 1764 4974 Pertz,
1792 4909 2132 4963 Monumenta
2164 4904 2468 4959 Germaniae
2496 4902 2774 4965 historica,
2801 4901 2996 4969 Script.
3026 4910 3152 4954 tom.
3188 4898 3275 4962 IV,
3300 4914 3350 4968 p.
3380 4897 3527 4968 355.}

1823 5175 2502 5270 ADMONITIO
2576 5171 3083 5264 PRZEVIA.

2151 5501 2297 5522 |I2__
2359 5497 2604 5522 n--l--:_.
2661 5498 2962 5522 I2n1-_-_.-_.
3009 5504 3216 5522 ...Α-...ιι
3259 5507 3355 5522 -Α-
3384 5490 3634 5522 n-An‘nm
3679 5507 3708 5522 ν
3743 5490 4065 5522 ἶΙῘηΩΙ-ιᾳηίῖ-
