4472 5522
724 5263 739 5299 1

860 450 963 506 213
1742 463 2023 523 JOANNIS
2060 468 2349 525 ABBATIS
2390 471 2446 525 S.
2486 472 2787 533 ARNULFI
2826 481 3164 541 METENSIS
4000 497 4107 553 ειμι

857 576 916 621 ut
970 566 1070 622 sibi
1124 582 1337 640 semper
1403 574 1570 629 moris
1627 578 1956 645 parcissimae
1989 620 2004 645 ,
2064 580 2117 635 id
2154 592 2237 637 est
2273 583 2429 653 panis
2456 592 2503 650 Α
2536 597 2639 642 tam
2670 595 2935 650 acerrime
2972 599 3113 651 circa
3144 600 3345 653 exitum
3394 603 3595 657 sineret
3640 606 3874 677 fatigari.
3922 608 4109 680 Neque

856 667 1062 712 tantum
1114 668 1169 714 et
1230 674 1383 731 aquae
1418 703 1432 727 ,
1492 664 1804 721 acutissima
1876 668 2025 724 febre
2086 672 2422 741 corripitur,
2529 679 2671 732 enim
2703 682 3084 741 vehementiori
3138 689 3452 757 cujusquam
3503 691 3637 746 alias
3680 664 4109 752 discriiniiieilh

850 763 1010 858 quam
1068 760 1192 858 post
1240 754 1485 822 quintam
1532 756 1727 858 exinde
1767 760 1909 815 diem
1958 763 2135 818 exitus
2171 773 2263 858 est
2304 765 2429 819 sub-
2531 773 2863 829 tremuimus.
2918 776 3010 830 Pia
3069 754 3217 833 veroi
3256 754 3435 849 potius
3501 786 3787 855 unicuique
3846 790 4108 858 cogitatio

849 848 1089 947 secutus.
1150 840 1286 896 Tum
1338 858 1467 899 vero
1515 848 1624 901 aesi
1682 863 1778 918 per
1819 865 1939 905 sera
1985 852 2218 922 suspiria
2266 854 2427 910 altius
2527 865 2807 927 aestuabat.
2838 869 2884 920 si
2912 867 3051 924 forte
3076 886 3171 939 pro
3202 840 3500 927 atlestauda
3532 875 3642 928 vita
3670 840 3788 945 ejus
3834 840 4105 947 prd’batis-

851 929 1008 985 nobis
1050 940 1292 1034 tempora
1342 945 1565 992 eatenus
1603 946 1709 993 tam
1754 942 2041 1011 prmsentia
2086 957 2151 997 ex
2178 946 2426 1001 manibus
2525 952 2657 1007 sima
2682 954 2859 1025 aliquo
2882 973 3003 1013 eum
3049 929 3304 1015 D'ominus
3331 963 3396 1016 ad
3439 963 3661 1034 gloriam
3699 929 3858 1022 suam
3886 969 4107 1024 eviden-

843 1030 1109 1123 prmrcpta
1148 1023 1523 1123 inge-multum.
1556 1029 1900 1123 quietique.
1931 1047 2157 1123 qumque
2200 1034 2422 1089 dicenda
2526 1046 2647 1100 tiori
2677 1023 2955 1106 declarare
2981 1053 3292 1123 dignaretur
3319 1023 3535 1112 indicio.
3586 1059 3732 1114 Inter
3763 1062 3860 1116 hus
3909 1062 4105 1120 fluctus

840 1122 1025 1169 essent
1052 1114 1285 1217 diipsoo
1318 1119 1385 1170 ab
1416 1116 1534 1187 ίρεο
1563 1118 1755 1217 melius
1785 1120 1910 1174 dum
1939 1122 2233 1217 ίξάνίιίεεεῑ
2261 1154 2331 1165 -
2356 1125 2421 1179 ad
2522 1138 2843 1204 animorum,
2876 1157 2995 1196 cum
3038 1114 3153 1198 fere
3191 1146 3334 1199 nulla
3378 1149 3535 1217 aegris
3586 1150 3858 1207 mentibus
3904 1152 4105 1208 clarior

837 1218 999 1275 quem
1022 1206 1251 1272 scilicet,
1278 1209 1322 1261 si
1352 1224 1459 1279 quo
1485 1224 1619 1279 opus
1664 1209 1888 1276 fuisset,
1938 1211 2114 1270 facilis
2156 1225 2300 1270 esset
2337 1231 2423 1270 re-
2522 1242 2603 1280 aur

2337 1231 2423 1310 ιέῖ·
2522 1242 2651 1280 aura
2683 1229 2908 1285 rationis
2934 1246 2993 1287 se
3018 1234 3273 1302 aperiret,
3303 1235 3403 1291 sibi
3426 1206 3658 1292 vtantum
3699 1241 3930 1310 quisque
3961 1242 4102 1297 diffi-

836 1310 1031 1397 ουτδυξ
1053 1327 1121 1337 -’
1145 1298 1532 1397 ,ἀίεοετθηιιιςς
1566 1301 1611 1356 Si
1643 1310 1821 1357 tamen
1863 1304 2148 1375 quisquam
2182 1306 2269 1361 ille
2290 1306 2417 1362 ίιιιί·
2520 1332 2633 1382 sus,
2666 1334 2731 1373 ex
2762 1321 2944 1377 dolore
2968 1324 3133 1378 nimio
3162 1326 3462 1396 reputabat,
3492 1329 3620 1397 quid
3650 1298 3749 1384 sibi
3780 1298 3951 1395 lie-ret,
3976 1349 4101 1387 cum

834 1402 955 1443 ""15
983 1388 1031 1443 εί
1071 1389 1367 1491 ειξειθτθιν
1414 1393 1504 1462 (ιυὶ
1554 1394 1733 1465 aliqua
1792 1410 1857 1450 εκ
1890 1411 1955 1451 eo
1992 1404 2316 1468 θιῑοτψιθτθ
2359 1413 2418 1454 Sc
2520 1423 2620 1463 nec
2652 1409 2724 1463 illi
2759 1419 2917 1466 tanta:
2946 1388 3294 1483 perfectionis
3326 1417 3439 1472 viro
3492 1388 3685 1489 supera
3716 1422 3807 1459 ίδοί
3846 1432 4102 1491 parceret

829 1493 989 1572 P955e
1032 1480 1370 1538 εοηηάθτθιε
1426 1484 1562 1541 adeo
1610 1486 1857 1540 Ιιυηκιητε
1913 1502 2127 1557 semper
2181 1487 2417 1557 fugitans
2517 1502 2867 1572 dispensatio.
2888 1505 3146 1562 Sedhanc
3169 1510 3509 1564 temerariam
3540 1514 3737 1567 mentis
3759 1512 4102 1570 affectionem

829 1569 1035 1673 αιοτίξε.
1068 1572 1321 1643 quicquid
1370 1584 1588 1644 egerat.
1621 1575 1731 1631 Deo
1774 1577 1875 1632 soli
1918 1594 2143 1648 operum
2188 1594 2253 1634 ac
2296 1596 2417 1635 cor-
2518 1569 2629 1658 ipsa
2678 1593 2837 1647 citius
2894 1596 3031 1650 ratio
3064 1597 3156 1632 ¹⁸⁹³
3211 1614 3395 1653 revera
3448 1600 3540 1633 ¹⁸⁹³
3588 1604 3960 1672 compescuit,
4004 1590 4099 1673 qui

800 1661 909 1758 ﬁnis
943 1654 1035 1758 j‘”
1062 1662 1145 1717 sui
1196 1664 1319 1719 testi
1378 1667 1769 1723 committebat.
1805 1666 1910 1724 SCd
1962 1670 2104 1725 miro
2150 1672 2309 1726 modo
2355 1682 2415 1726 ul
2514 1683 2877 1752 certisutiqne
2895 1687 3283 1755 scripturarum
3302 1690 3640 1746 documentis
3664 1654 4098 1758 rervincebamds,

822 1748 1049 1819 gloriam
1084 1753 1284 1822 quique
1314 1764 1626 1824 appetentes
1654 1758 1722 1812 ab
1764 1772 1828 1811 ea
1869 1760 2100 1827 amplius
2153 1760 2412 1815 deserun-

823 1851 929 1907 tur,
963 1844 1037 1898 ita
1064 1854 1282 1900 econtra
1316 1863 1375 1901 se
1418 1846 1680 1918 fugientes
1722 1849 1834 1918 ipsa
1884 1851 2052 1920 magis
2085 1852 2405 1922 insequitur.

2513 1780 2567 1823 et
2596 1772 2758 1825 vitam
2809 1775 3082 1829 hominum
3132 1792 3238 1831 non
3294 1779 3346 1832 in
3388 1781 3749 1834 ostentatione
3782 1782 3875 1815 “'9‘
3900 1797 4097 1851 corpo-

2515 1876 2652 1925 rum,
2684 1863 2776 1916 sed
2808 1863 2860 1917 in
2911 1866 3107 1920 virtute
3157 1867 3530 1923 arstimandam
3559 1870 3650 1903 ’δ”
3682 1870 3999 1927 meritorum
4041 1883 4106 1955 et

822 1931 975 1988 Unde
1026 1937 1199 1990 sancti
1254 1938 1353 1992 viri
1397 1948 1603 2007 quanto
1658 1939 1828 1995 latere
1883 1941 2210 2007 desiderant,
2256 1954 2411 1999 tanto
2444 1946 2484 2003 Β
2516 1969 2743 2008 morum.
2774 1955 2881 2009 Nec
2911 1958 3329 2021 adtendendum,
3362 1975 3468 2029 quo
3513 1961 3661 2016 exitu
3694 1962 3923 2032 quisque
3968 1943 4101 2017 hine

818 2024 1183 2093 conspectius,
1211 2024 1337 2080 licet
1364 2027 1534 2090 inviti,
1569 2028 1886 2098 produntur.
1922 2028 2035 2084 lloc
2080 2030 2248 2100 igitur
2277 2048 2405 2087 casu

819 2124 997 2170 mente
1021 2131 1157 2186 pene
1184 2119 1483 2189 con50pita,
1509 2135 1630 2174 cum
1652 2135 1681 2173 a
1711 2128 1872 2175 tantae
1897 2122 1995 2189 rei,
2017 2138 2176 2191 quam
2203 2124 2404 2179 dudum

813 2222 1259 2278 conceperamus,
1291 2224 1486 2265 exorsu
1512 2226 1608 2266 nos
1635 2213 1874 2283 graviter
1922 2213 2227 2281 deiecisset,
2274 2217 2404 2286 quid

815 2317 1031 2356 rursum
1078 2302 1326 2372 jacentes
1382 2312 1436 2357 et
1488 2304 1801 2372 desperatos
1847 2306 2103 2375 paulatim
2161 2307 2217 2361 in
2261 2308 2404 2362 vires

814 2392 1115 2455 reduxerit,
1150 2406 1213 2447 ac
1240 2393 1433 2447 deinde
1462 2392 1575 2460 jam
1620 2394 1862 2450 volentes
1908 2397 2081 2464 magis
2125 2412 2190 2451 ac
2231 2399 2401 2469 magis

808 2480 1105 2549 impulerit,
1134 2482 1304 2536 ferme
1332 2482 1383 2536 id
1430 2482 1550 2537 fuit.
1594 2483 1728 2539 Cum
1776 2485 1855 2538 vir
1898 2495 2121 2542 sanctus
2167 2503 2235 2543 ex
2288 2499 2397 2543 tam

809 2570 1006 2636 valido,
1033 2581 1093 2625 ut
1124 2572 1327 2625 dictum
1359 2581 1462 2637 est,
1497 2574 1685 2628 morbo
1712 2574 1854 2629 lecto
1886 2577 2069 2629 statim
2106 2577 2398 2632 decubuis-

806 2672 909 2729 set,
941 2662 1138 2717 festino
1170 2678 1294 2718 mox
1347 2664 1556 2728 nuntio,
1603 2664 1695 2734 qui
1741 2666 2167 2736 circumquaque
2209 2683 2395 2723 curam

807 2754 1265 2810 monasteriorum
1316 2755 1576 2809 habentes
1623 2771 1809 2810 sumus
1855 2758 2102 2821 inventi,
2155 2760 2219 2813 ad
2255 2760 2394 2813 sein

805 2851 1105 2906 crastinum
1154 2864 1344 2904 omnes
1385 2849 1676 2902 contraxit.
1712 2848 1752 2902 Ε
1798 2850 1993 2918 quibus
2036 2859 2168 2904 nutu
2213 2850 2396 2905 divino

802 2944 1074 2998 neminem
1108 2950 1238 2997 tunc
1284 2942 1511 3012 contigit
1556 2942 1790 2996 defuisse
1815 2982 1829 3005 ,
1875 2944 2069 2997 additis
2096 2960 2162 2998 ex
2194 2944 2394 3013 primo-

802 3035 952 3088 ribus
1015 3033 1207 3087 domus
1255 3044 1457 3087 sancta:
1523 3034 1665 3087 sedis
1722 3034 1862 3088 beati
1931 3035 2189 3105 Stephani
2242 3035 2390 3106 (553)

798 3125 930 3178 viris
955 3124 1047 3165 “0°
1075 3124 1365 3194 religiosis,
1389 3124 1455 3177 ad
1488 3124 1590 3177 hoc
1624 3125 1892 3178 minorum
1922 3140 2391 3195 quorumcumque

799 3214 955 3268 turba
1010 3228 1117 3267 non
1180 3214 1426 3277 modica,
1480 3213 1568 3265 ille
1614 3213 1852 3283 singulos
1904 3215 2275 3270 accedentium
2321 3231 2389 3271 ex

2508 2053 2685 2107 exeat,
2719 2045 2810 2099 sed
2844 2046 3017 2115 qualis
3040 2057 3215 2102 exeat.
3246 2048 3597 2121 Quacumque
3618 2052 3761 2106 enim
3786 2052 4097 2118 occasione,

2506 2134 2844 2189 moriendum
2890 2140 3140 2193 omnibus
3202 2140 3587 2196 inevitabiliter
3651 2152 3754 2197 cst.
3817 2142 3887 2197 Et
3942 2158 4096 2198 mors

2506 2224 2879 2295 undecumque
2910 2229 2998 2297 pio
3026 2230 3226 2284 bonum
3252 2241 3353 2285 est.
3390 2232 3499 2288 Nec
3530 2233 3716 2297 refert,
3748 2235 4096 2291 innocentem

2505 2318 2639 2371 mori
2674 2317 2955 2390 naufragio
2985 2336 3051 2374 an
3086 2320 3253 2386 febre,
3287 2323 3576 2378 dummodo
3623 2326 3882 2380 innocens
3912 2326 4002 2379 sit.
4025 2325 4095 2381 Et

2502 2407 2616 2461 sive
2649 2410 2774 2465 hinc
2801 2411 2913 2477 “",
2945 2412 3057 2465 sive
3088 2413 3210 2467 inde
3240 2416 3535 2481 moriatur,
3570 2417 3930 2485 querendum,
3955 2432 4092 2486 qua-

2500 2499 2566 2553 lis
2603 2502 2673 2554 sit
2700 2501 2790 2569 qni
2824 2504 3102 2567 moriatur,
3146 2518 3257 2572 quo
3295 2513 3415 2573 post
3460 2515 3689 2559 mortem
3736 2506 3914 2560 iturus
3960 2515 4088 2571 est,

2500 2605 2604 2642 non
2632 2591 2771 2642 unde
2801 2589 2868 2644 de
2904 2590 3013 2642 vita
3046 2592 3293 2646 exiturus
3335 2602 3437 2646 est.
3471 2592 3566 2647 flis
3615 2603 3669 2649 et
3714 2593 4089 2663 hujuscemodi

2501 2677 2853 2733 firmamentis
2885 2679 3086 2748 liquido
3110 2681 3242 2736 satis
3264 2681 3603 2753 collegimus,
3637 2683 3784 2738 illam
3806 2686 4091 2741 examina-

2500 2767 2698 2821 tiouem
2733 2769 2829 2821 viri
2852 2766 3003 2835 justi,
3032 2783 3192 2837 quam
3225 2770 3442 2839 quidem
3471 2772 3610 2840 ipse,
3634 2781 3692 2826 ut
3720 2774 3859 2828 inter
3888 2787 4087 2832 cuncta

2497 2874 2713 2929 semper
2740 2858 3072 2924 inﬂexibilis,
3106 2861 3379 2929 sapienter
3408 2872 3462 2915 et
3492 2878 3648 2932 mquo
3680 2865 3861 2920 animo
3890 2866 4087 2920 tolera-

2497 2950 2611 3015 bat,
2647 2965 2754 3004 non
2809 2951 2966 3006 modo
2997 2950 3138 3004 laudi
3172 2951 3312 3005 illius
3346 2952 3478 3005 nihil
3516 2953 3807 3009 detrahere
3832 2996 3845 3019 ,
3880 2955 3975 3009 sed
4014 2955 4087 3010 ad

2496 3042 2777 3111 amplioris
2830 3057 3043 3111 quoque
3100 3043 3274 3096 meriti
3323 3042 3558 3098 fructum
3604 3046 3907 3110 accedere;
3956 3060 4086 3100 nam

2494 3130 2678 3184 electis
2706 3131 2794 3199 qui
2823 3131 2888 3183 ad
2922 3139 3233 3199 perpetuam
3264 3131 3428 3185 vitam
3463 3132 3713 3197 tendunt,
3741 3134 3870 3203 quid
3900 3133 4083 3200 obest,

2492 3222 2536 3275 si
2562 3222 2851 3291 aliquando
2879 3222 2967 3253 ⁸⁸⁵⁷
2992 3221 3126 3276 dure
3149 3222 3490 3276 moriuntur?
3514 3222 3623 3278 Nec
3646 3226 3772 3280 item
3796 3225 4082 3296 signorum

794 3308 935 3361 lecto
977 3306 1092 3375 ipso
1121 3306 1173 3360 in
1224 3307 1410 3361 OSCUIO
1460 3315 1649 3360 SMICIO
1678 3346 1693 3369 ι
1733 3307 1881 3361 νυιιιι
1930 3308 2217 3364 admodum
2260 3324 2389 3379 gau-
2417 3291 2461 3352 Ο
2494 3317 2575 3370 vel
2608 3314 2989 3369 miraculorum
3027 3315 3316 3369 novitatem
3362 3316 3683 3385 plerumque
3716 3315 4080 3371 differentiam

794 3401 976 3462 dente,
1014 3408 1288 3468 exceptos,
1321 3414 1383 3451 ac.
1414 3414 1510 3468 pro
1536 3408 1778 3469 tempore
1807 3409 1863 3455 et
1891 3416 1949 3455 re
1989 3402 2171 3456 causis
2195 3402 2390 3472 aliqui-

790 3496 891 3549 bus
918 3493 1313 3557 determinatis,
1340 3502 1451 3546 tum
1478 3502 1738 3563 prcetcrea
1770 3493 1983 3549 cunctis
2012 3494 2064 3548 in
2095 3509 2385 3548 commune

791 3586 949 3639 solita
1002 3585 1104 3639 sibi
1154 3600 1370 3655 semper
1418 3585 1797 3649 exortatione,
1849 3594 2115 3654 quantum
2164 3587 2385 3641 morbus

791 3676 1056 3743 paciebat,
1088 3675 1155 3729 de
1183 3675 1506 3731 infelicitate
1534 3674 1727 3743 hujus,
1755 3676 1821 3730 de
1854 3675 2114 3732 felicitate
2160 3676 2382 3731 alterius

790 3765 914 3818 sita:
944 3779 1115 3833 pauca
1146 3764 1378 3831 locutus,
1409 3754 1753 3819 multitudine
1783 3764 1898 3819 vale
1949 3764 2097 3820 facto
2133 3766 2375 3831 dimissa,

787 3866 970 3925 patres
1017 3858 1447 3913 reverentissimi
1490 3857 1743 3912 Kadhroe
1788 3857 1935 3929 (554)
1965 3900 1979 3922 ,
2028 3859 2335 3914 Berhardus
2363 3901 2376 3924 ,

786 3946 959 4013 lludo,
1011 3948 1339 4005 Adelmodus
1364 3991 1377 4014 ,
1411 3963 1643 4018 cumque
1679 3949 1762 4002 his
1801 3964 1900 4019 ego
1949 3948 2163 4004 infimus
2188 3990 2201 4015 ,
2254 3966 2375 4003 cum

786 4039 1040 4109 nomiulla
1106 4049 1260 4107 parte
1314 4048 1622 4094 nostrorum
1671 4048 1983 4094 sanctorum
2036 4042 2182 4095 exitu
2236 4041 2376 4095 illius

783 4132 1121 4185 observando
1184 4131 1543 4185 substitimns.
1599 4130 1671 4183 Ibi
1731 4145 1827 4200 per
1884 4141 2120 4199 quatuor
2180 4132 2374 4200 quibus

783 4221 1049 4289 superfuit
1087 4223 1223 4286 dies,
1253 4222 1511 4275 admixtis
1536 4222 1740 4289 pariter
1773 4221 1873 4276 loci
1904 4223 2146 4291 ejusdem
2194 4222 2366 4274 sancti

779 4311 989 4379 collegii
1040 4310 1332 4377 fratribus,
1384 4312 1474 4381 qui
1526 4312 1688 4366 unico
1731 4312 1779 4366 ei
1837 4311 2100 4366 famulatu
2156 4312 2370 4366 assidue

780 4402 1136 4468 iulucrebant,
1166 4403 1292 4457 dum
1328 4404 1377 4458 ei
1429 4403 1568 4457 tristi
1620 4402 1908 4456 admodum
1947 4400 2119 4455 ofﬁcio
2164 4402 2369 4455 asside-

778 4508 918 4557 mus,
953 4503 1006 4547 at
1029 4509 1113 4561 lue
1136 4508 1200 4549 ex
1230 4493 1348 4564 ejus
1374 4509 1536 4549 sacro
1560 4507 1671 4555 ore,
1698 4508 1804 4562 quo
1832 4500 1887 4548 et
1928 4494 2067 4547 inter
2105 4493 2213 4561 ipsa
2243 4493 2365 4546 vita:

776 4586 1075 4656 mortisque
1099 4587 1394 4641 certamina
1435 4586 1694 4643 doctrina:
1724 4586 1979 4641 salutaris
2022 4586 2191 4656 gratia
2234 4600 2360 4654 pro-

2493 3407 2668 3461 facere
2696 3405 3020 3467 sanctitatis,
3046 3403 3128 3458 vel
3153 3404 3276 3459 inde
3304 3414 3553 3473 patenter
3584 3404 3905 3467 ostenditur,
3929 3405 4081 3473 quod

2488 3512 2585 3565 per
2611 3495 2784 3549 malos
2813 3496 2924 3549 hazc
2954 3494 3243 3563 aliquando
3273 3492 3436 3555 fiant,
3471 3493 3774 3562 multosque
3828 3492 4082 3547 recclesia

2488 3599 2702 3638 summo
2733 3585 2957 3645 honore,
2996 3582 3272 3636 memoriis
3304 3581 3539 3636 studiose
3580 3581 3872 3636 exstructis
3916 3581 4071 3643 colit,

2484 3679 2551 3733 de
2574 3679 2787 3748 quibus,
2813 3691 2878 3730 an
2908 3690 3014 3729 uno
3038 3675 3227 3729 saltem
3253 3674 3751 3745 signo-claruerint,
3785 3674 4071 3728 reticetur.

2480 3772 2706 3841 Jamque
2731 3781 2791 3824 ut
2820 3780 3045 3825 caeteros
3077 3777 3352 3822 taceamus
3377 3808 3389 3828 ,
3436 3766 3709 3821 Johannes
3760 3768 3873 3836 ipse
3898 3808 3911 3832 ,
3962 3781 4077 3836 quo

2482 3877 2641 3916 nemo
2696 3861 2747 3914 in
2784 3861 2925 3914 natis
2974 3858 3259 3913 mulierum
3313 3855 3523 3924 major,
3576 3865 3715 3912 teste
3745 3856 4066 3927 Evangelia,

2478 3954 2686 4022 signum
2721 3950 2845 4006 fecit
2874 3949 3099 4013 nullum,
3134 3959 3187 4003 et
3210 3950 3333 4002 dum
3362 3948 3415 4000 in
3464 3958 3687 4003 carcere‘
3729 3948 3904 4019 gladio
3938 3949 4071 4029 feri-

2479 4052 2646 4105 retur,
2681 4050 2860 4095 utrum
2891 4040 2973 4094 vel
3020 4048 3261 4093 extrema
3306 4037 3543 4106 qualibet
3591 4048 3713 4092 nota
3742 4054 3771 4092 a
3821 4040 4065 4109 quolibet

2476 4132 2867 4186 homicidarum
2896 4146 2990 4185 seu
3039 4130 3305 4183 latronum
3358 4129 3615 4185 distiterit
3661 4130 3773 4194 “",
3802 4142 4066 4200 perpetuo

2473 4223 2713 4276 omnium
2731 4222 3119 4290 scripturarum
3142 4219 3354 4273 silentio
3371 4220 3700 4289 consopitur.
3720 4219 3953 4275 Proinde
3969 4221 4073 4261 η’*

2476 4314 2673 4367 frustra
2704 4313 2904 4382 aliquid
2931 4311 3193 4381 ejusmodi
3217 4310 3518 4379 splendoris
3548 4312 3795 4380 corporei
3824 4312 3876 4365 in
3907 4325 4061 4365 com-

2475 4404 2870 4458 mendationem
2906 4403 2995 4433 ¹⁸⁰⁰
3025 4403 3155 4456 tanti
3188 4403 3284 4455 viri
3314 4402 3636 4465 desiderari,
3666 4402 3731 4456 de
3761 4418 3869 4471 quo
3902 4402 4059 4457 firma

2471 4496 2604 4549 satis
2669 4504 2725 4549 et
2774 4496 2975 4564 absque
3029 4494 3375 4549 cunctatione
3404 4493 3493 4525 ¹⁸⁰¹
3552 4493 3684 4547 fides
3738 4503 4059 4558 constaret,

2470 4602 2643 4655 eaque
2699 4586 2752 4639 in
2821 4586 3073 4654 operibus
3124 4586 3238 4639 suis
3292 4594 3346 4639 et
3396 4592 3585 4639 sancta
3642 4585 4059 4640 conversatione

773 4672 1004 4741 fluebat,
1050 4678 1345 4745 pendemus
1372 4696 1384 4731 :
1416 4678 1577 4732 variae
1614 4679 1757 4732 inter
1785 4692 1882 4731 nos
1930 4676 2049 4730 cedi
2080 4691 2363 4732 sermones
2395 4650 2442 4707 ι)
2471 4688 2633 4746 atque
2666 4663 2928 4731 indefessa
2962 4690 3131 4743 usque
3162 4675 3213 4729 in
3240 4676 3400 4729 linem
3434 4676 3486 4728 in
3518 4674 3672 4729 bonis
3694 4689 4057 4744 perseveran-

773 4775 1057 4834 ceperunt,
1086 4768 1357 4836 quomodo
1384 4782 1627 4822 summus
1663 4767 1753 4822 ille
1781 4766 1965 4837 opifex
1991 4807 2005 4830 ,
2033 4777 2359 4822 cunctorum

772 4856 1067 4925 dispositor
1094 4868 1147 4912 et
1183 4858 1622 4914 ordinatissimus
1665 4859 1993 4921 moderator,
2031 4859 2174 4913 hunc
2208 4869 2361 4915 tanto

769 4956 1012 5017 tempore
1039 4950 1141 5005 sibi
1173 4949 1401 5006 fideliter
1448 4950 1795 5005 famulantem
1820 4982 1889 4991 —
1914 4952 2362 5021 quadragesimus

769 5038 1032 5110 siquidem
1068 5043 1118 5095 in
1146 5052 1333 5097 sancto
1362 5043 1636 5113 proposito
1684 5059 1857 5098 annus
1886 5044 1933 5097 ei
1984 5052 2110 5097 tunc
2150 5052 2268 5097 erat
2292 5073 2360 5083 —-

2468 4766 2540 4819 tia
2598 4766 2711 4820 visa
2768 4765 2876 4820 sint
2936 4765 3028 4795 ¹⁵⁰¹
3082 4765 3249 4835 signis
3295 4763 3546 4819 omnibus
3607 4763 4055 4831 mirabilibusque

2469 4866 2763 4928 praestare,
2802 4867 2857 4911 et
2912 4855 3069 4911 saluti
3118 4855 3423 4909 animarum
3480 4871 3585 4911 non
3643 4855 3763 4909 sine
3816 4853 4053 4923 plurimo

2468 4954 2643 5006 fructu
2674 4951 2997 5005 conducere.
3034 4947 3165 5003 Cum
3196 4947 3313 5002 haec
3348 4956 3404 5002 et
3436 4947 3599 5001 multa
3632 4946 3717 5000 his
3759 4944 3958 5000 similia
3992 4943 4049 4997 in

2466 5046 2655 5099 eodem
2710 5052 2899 5097 sancto
2950 5051 3217 5097 conventu
3266 5040 3466 5095 mutuis
3518 5036 4051 5095 confabulationibus

1993 5230 2000 5237 ι
2061 5156 2289 5211 VARUS
2339 5154 2734 5213 LECTIONES.

842 5269 935 5301 ειη
961 5273 1169 5308 ..μη-,κα
1202 5290 1231 5310 ρ
1327 5272 1418 5305 mo
1446 5273 1592 5316 viro!
1620 5288 1667 5318 ιτ.
1746 5270 1838 5303 li"
1860 5284 2085 5323 superas
2118 5270 2167 5322 1.

1327 5272 1418 5305 ιδοο
1446 5273 1592 5316 viro!
1620 5288 1667 5318 ιτ.

2248 5269 2340 5301 ’⁸⁸³
2373 5287 2497 5324 raro
2528 5271 2577 5325 1.
2612 5272 2748 5324 ratio
2771 5269 2825 5323 2.

2907 5268 2997 5299 ¹⁸⁹³
3020 5283 3236 5323 reversa
3266 5269 3313 5322 1.
3342 5268 3426 5323 vel
3454 5284 3637 5324 revera
3668 5267 3721 5321 2.
3803 5266 3897 5301 ³⁵⁸⁸
3920 5268 4046 5322 hos.
