4472 5522
418 370 525 425 2ιῦ

1297 367 1381 421 DE
1420 366 1577 420 VITA
1650 362 1931 421 JOANNlS
1980 361 2267 415 ΑΗΒλῖΙὸ
2303 362 2727 418 GORZIENSIS.

3566 371 3671 426 966

418 498 773 554 gererem“,
838 488 1103 540 universis
1157 487 1206 537 in
1252 486 1475 538 eandem
1526 484 1617 523 ¹ι⁰³
1672 481 1990 535 sententiam
2025 483 2065 538 Α
2099 489 2417 533 venustante
2468 481 2683 535 domino
2735 489 2791 533 et
2843 483 3335 550 pl'tecciiettlis‘sitllo
3400 486 3671 552 ptwsulc,

417 583 777 642 venientibus,
812 580 940 633 utile
971 580 1129 632 nimis
1160 586 1209 631 et
1251 577 1709 647 pernecessarium
1756 572 1993 641 jactaba-

416 683 523 734 tur,
553 680 612 725 ut
637 671 873 741 ejusdem
905 670 1046 723 beati
1081 670 1177 720 viri
1207 668 1581 728 conversatio,
1634 666 1686 718 iit
1734 673 1992 732 quantum

414 762 500 817 vel
529 764 698 816 videri
740 762 972 832 potuerit
1013 761 1094 814 vel
1144 760 1405 829 majorum
1458 760 1645 813 relatio
1680 758 1949 812 docuisset
1978 796 1991 819 ,

416 856 482 907 ad
514 852 802 906 multorum
834 850 1132 920 profectum
1163 866 1221 905 se
1251 852 1411 921 digna
1439 849 1699 904 memoria
1729 848 1992 902 scribere-

412 948 519 999 tur.
556 945 667 1014 Ego
689 945 799 1015 jam
831 944 952 998 inde
980 944 1045 998 ab
1078 944 1231 997 initio
1265 944 1395 997 tanti
1432 944 1626 1013 negotii
1659 941 1867 1000 aridus.
1896 940 1994 993 hac

414 1038 808 1093 consultatione
830 1035 1003 1090 factus
1033 1036 1329 1094 accensior.
1366 1036 1463 1088 etsi
1494 1034 1771 1087 tenuitatis
1796 1032 1993 1100 ingenii

416 1145 519 1184 non
554 1129 836 1183 immemor
871 1142 1017 1181 eram
1044 1169 1057 1189 ,
1086 1127 1151 1181 ad
1196 1128 1296 1181 hoe
1325 1136 1379 1181 et
1418 1142 1570 1180 mens
1616 1125 1815 1178 laboris
1861 1138 1991 1193 prat-

414 1236 541 1291 saga
572 1220 642 1275 ab
664 1219 785 1274 aliis
814 1220 881 1273 ad
911 1234 995 1272 me
1040 1219 1420 1272 revolveuduin
1474 1218 1830 1287 perseutiret,
1863 1228 1992 1268 voce

414 1322 595 1367 tamen
627 1312 837 1367 caeteris
866 1311 1066 1373 addita,
1102 1320 1159 1363 ut
1198 1310 1349 1365 ﬁeret
1394 1312 1522 1363 item
1556 1311 1790 1377 itemque
1841 1309 1993 1377 i~-gc-

413 1406 706 1459 minabam.
733 1403 864 1458 Cum
894 1402 1055 1456 dubie
1086 1402 1399 1472 cogitationi
1429 1417 1585 1455 verus
1620 1398 1712 1431 ¹⁸⁰⁸
1738 1398 1992 1453 continuo

412 1496 787 1561 successisset,
823 1505 1041 1563 tumque
1075 1510 1267 1562 meque
1299 1510 1486 1548 omnes
1517 1494 1582 1547 ad
1630 1492 1731 1547 hoc
1776 1492 1993 1560 potissi-

410 1605 557 1641 tnunt
589 1587 933 1656 delegissent,
982 1588 1120 1639 inter
1150 1586 1399 1639 ruborem
1431 1596 1483 1639 ct
1514 1585 1822 1637 aviditatem
1858 1594 1992 1635 tem-

410 1676 556 1741 poris
585 1676 813 1729 articulo
844 1677 1235 1745 deprehensus,
1293 1676 1418 1729 dum
1468 1674 1597 1744 quid
1638 1675 1989 1728 deliberarem

410 1779 514 1817 non
548 1764 705 1820 facile
731 1776 1065 1828 occurreret,
1102 1768 1315 1819 tandem
1342 1767 1657 1835 inpatientia
1705 1767 1849 1827 \icit,
1878 1780 1987 1818 me-

2095 569 2261 637 gloria
2300 578 2406 623 tam
2433 571 2609 624 divina
2636 587 2796 639 quant
2828 572 3060 625 humana
3089 572 3389 628 clarissimo
3408 617 3422 641 ,
3468 576 3674 631 Deode-

2096 663 2231 723 rico,
2265 670 2451 715 nostro
2478 662 2692 732 speciali
2724 672 2969 731 patrono,
2999 674 3054 718 et
3096 680 3198 719 non
3231 668 3386 721 modo
3432 669 3669 735 hortatu,

2094 765 2305 815 verum,
2337 754 2479 821 quod
2512 753 2874 808 ittevitabilius
2896 765 2994 819 est,
3042 755 3195 824 jussu
3231 772 3315 811 me
3361 758 3670 828 inpellente,

2098 850 2366 896 tantorum
2405 844 2533 896 mihi
2566 842 2818 914 sull‘ragia
2849 861 2953 901 non
3002 846 3252 902 defutura
3304 849 3516 905 confido
3544 892 3559 915 ,
3614 861 3674 906 ut

2093 934 2235 1001 quod
2257 948 2321 987 ex
2354 947 2439 987 me
2485 946 2568 989 est
2597 936 2949 1005 impossibile,
2980 953 3075 1006 per
3096 953 3189 993 eos
3216 954 3446 1008 quorum
3486 940 3673 994 volun-

2098 1024 2191 1075 tati
2223 1038 2415 1091 parere
2447 1024 2713 1089 desidero,
2748 1041 2831 1091 ea,
2865 1027 2931 1081 de
2954 1029 3105 1098 enjus
3129 1030 3459 1100 plenitudine
3483 1046 3673 1085 omnes

2094 1116 2234 1183 quod
2261 1118 2517 1170 habemus
2541 1118 2665 1171 boni
2695 1120 3021 1187 accepinms,
3055 1122 3229 1190 gratia
3274 1136 3508 1191 superna
3542 1137 3668 1191 sup.

2095 1204 2239 1273 plere
2265 1205 2532 1275 dignetur.
2573 1205 2702 1272 Qua:
2733 1208 2896 1278 igitur
2937 1224 2965 1261 a
2997 1210 3187 1278 primis
3218 1212 3448 1280 gesserit
3496 1211 3687 1276 annis..

2093 1311 2320 1364 quorum
2348 1313 2523 1350 raram
2554 1299 2841 1352 admodum
2872 1301 2935 1352 ad
2965 1316 3061 1353 nos
3106 1312 3318 1354 constat
3365 1303 3675 1371 pervenissd

2094 1388 2380 1449 notitiam,
2438 1388 2489 1439 in
2553 1388 2788 1441 medium
2843 1389 3249 1460 relinquentes,
3308 1407 3372 1445 ea
3425 1402 3677 1459 tantum,

2092 1477 2286 1545 quibus
2341 1478 2391 1530 in
2457 1477 2629 1530 virum
2695 1476 2991 1547 perfectum
3048 1495 3382 1550 assurgens,
3445 1482 3679 1551 plurimo

2091 1566 2395 1619 videntibus
2446 1575 2499 1619 et
2552 1566 2752 1619 imitari
2801 1567 3102 1622 volentibus
3150 1571 3513 1625 emolumento
3557 1571 3677 1637 fuit,

2091 1667 2149 1709 ut
2190 1658 2559 1711 misericordia
2607 1658 2809 1712 Christi
2866 1660 3047 1712 stilum
3097 1676 3281 1730 regere
3325 1665 3677 1732 dignabitur,

2091 1748 2342 1814 expedire
2391 1748 2792 1816 temptabimus.
2850 1748 3029 1804 Primo
3081 1753 3325 1806 videlicet
3370 1766 3571 1822 quanto
3625 1758 3679 1810 in

408 1869 513 1923 que
539 1855 604 1907 ad
641 1857 782 1925 quod
833 1856 1145 1909 solvendum
1194 1874 1294 1909 non
1344 1856 1671 1910 sufﬁciebam
1699 1898 1712 1920 ,
1763 1857 1984 1909 nimium
2020 1830 2061 1888 Β
2090 1852 2174 1890 5““

1916 1873 1984 1908 ιη,
2020 1830 2061 1888 Β
2090 1837 2329 1890 saeculari
2378 1838 2554 1889 adhuc
2596 1838 2779 1889 habitu
2834 1847 3065 1907 degens,
3100 1841 3251 1894 bona:
3288 1844 3517 1897 actionis
3561 1860 3680 1913 ger-

406 1959 648 2013 praaccps
678 1955 730 1999 et
759 1946 1043 2013 impudens
1079 1947 1330 2015 obligavi.
1384 1947 1449 1999 Et
1488 1946 1643 2015 plane
1689 1946 1860 1999 fateor
1882 1989 1895 2009 ,
1928 1956 1987 1999 ut

406 2034 709 2103 improbum
736 2038 1053 2105 scriptorem
1084 2053 1166 2089 me
1211 2040 1502 2107 sumpsisse
1546 2039 1825 2091 materiam
1878 2052 1983 2090 non

403 2127 612 2181 viribus
638 2143 846 2196 aequam
876 2147 889 2193 ;
921 2130 1012 2182 sed
1042 2146 1164 2197 spes
1212 2131 1427 2182 tandem
1458 2145 1518 2182 ea
1563 2130 1766 2182 solatur
1796 2171 1808 2193 ,
1843 2131 1985 2198 quod

404 2217 755 2271 miseratione
778 2219 975 2280 divina,
1008 2219 1261 2287 quicquid
1296 2219 1420 2271 illttd
1447 2221 1553 2272 erit
1579 2221 1782 2281 oneris,
1816 2222 1981 2273 meri-

405 2310 476 2361 tis
501 2307 740 2376 ejusdem
786 2311 918 2373 viri,
969 2312 1058 2379 qui
1106 2323 1250 2364 certa
1304 2311 1407 2365 lide
1436 2326 1550 2364 mea
1600 2312 1652 2363 in
1701 2313 1986 2380 prmsentia

404 2399 672 2454 claritatis
696 2398 897 2454 Christi
926 2402 1150 2464 assistit,
1201 2401 1483 2454 levandum
1538 2416 1639 2453 non
1678 2401 1901 2465 dubito;
1933 2409 1989 2454 et

403 2491 495 2559 qui
528 2490 654 2545 licet
686 2492 1035 2555 immeritunt,
1068 2492 1194 2545 dum
1250 2492 1527 2545 nobiscum
1576 2500 1753 2555 esset,
1800 2502 1987 2546 sancta

404 2581 775 2635 familiaritate
799 2582 879 2636 sui
898 2583 988 2623 "°'
1012 2599 1115 2635 non
1134 2581 1397 2651 judicavit
1422 2582 1720 2651 indignum,
1741 2598 1882 2635 nunc
1902 2582 1988 2651 pie

402 2674 553 2740 operi
579 2674 659 2725 sui
688 2674 889 2727 amoris
927 2674 1216 2727 instantem
1238 2712 1252 2738 ,
1286 2686 1386 2743 ope
1410 2674 1595 2726 amicxe
1615 2672 1742 2726 olim
1770 2673 1989 2742 pietatis

401 2775 503 2830 pro
530 2762 699 2831 gratia
730 2776 825 2815 sua
852 2803 866 2826 ,
904 2773 961 2815 ut
1020 2763 1185 2817 libere
1235 2778 1539 2833 przesumo,
1594 2778 1699 2815 non
1756 2764 1988 2817 deseret.

400 2848 660 2905 Preterea
692 2868 812 2906 cum
844 2852 1105 2921 plurimos
1130 2863 1438 2908 sanctorum
1473 2854 1709 2908 virorum
1732 2855 1988 2924 deinceps

398 2940 639 3008 ceperim
686 2943 1008 3008 hortatores,
1054 2944 1343 2998 accedente
1386 2943 1658 3014 praecipue
1708 2952 1984 3014 tamquam

398 3028 769 3098 pulcherrimo
790 3032 1023 3088 culmine
1075 3043 1240 3089 totam
1291 3034 1548 3090 fabricam
1595 3036 1733 3090 miro
1781 3036 1983 3092 lumine

2091 1928 2232 1979 Itiinc
2261 1926 2501 1989 virtterit,
2523 1925 2604 1979 vel
2631 1927 2882 1994 qualiter,
2913 1929 3023 1996 ipsa
3050 1930 3251 1997 Optima
3273 1928 3426 2002 fruge
3451 1933 3502 1985 itt
3534 1944 3679 1987 terra

2089 2018 2171 2071 sui
2205 2018 2388 2071 cordis
2433 2017 2651 2071 uberius
2694 2017 3094 2083 lructilicante,
3131 2022 3197 2073 ad
3243 2025 3680 2078 monasterialrm

2090 2109 2213 2163 inde
2243 2109 2406 2163 vitam
2436 2109 2735 2163 transierit.
2782 2110 2985 2163 Deinde
3016 2126 3123 2179 quo
3170 2114 3352 2166 studio
3381 2114 3433 2166 itt
3488 2115 3682 2170 eodem

2091 2212 2278 2255 sancto
2309 2201 2583 2271 proposito
2612 2241 2627 2265 ,
2657 2216 2764 2271 quo
2794 2202 2998 2266 labore,
3044 2219 3147 2271 qua
3180 2205 3381 2274 jugiter
3403 2206 3681 2276 vigilantia

2094 2292 2148 2347 in
2190 2293 2337 2347 omni
2388 2292 2647 2346 virtutum
2708 2293 2970 2347 exercitio
3000 2333 3013 2357 ,
3076 2304 3132 2347 et
3177 2296 3328 2363 prius
3381 2295 3433 2348 in
3490 2305 3684 2351 contu.

2094 2384 2281 2437 bernio
2323 2393 2626 2438 ceterorum
2684 2384 2784 2437 sub
2838 2384 3059 2453 majoris
3105 2386 3369 2454 imperio,
3420 2396 3474 2441 et
3530 2398 3682 2458 post-

2096 2478 2313 2531 modum
2384 2476 2436 2529 in
2496 2476 2756 2545 regimine
2825 2478 3199 2541 substitutus,
3276 2478 3453 2532 locum
3518 2494 3683 2550 quem

2094 2570 2261 2621 semel
2307 2568 2359 2620 in
2394 2566 2509 2621 acie
2549 2566 2814 2635 spirituali
2858 2578 3077 2636 ceperat
3122 2569 3379 2632 tenuerit,
3412 2585 3510 2624 nec
3542 2587 3681 2640 quo-

2097 2672 2330 2726 cumque
2383 2657 2551 2711 bostis
2604 2657 2835 2726 impulsu
2880 2659 3050 2727 gradu
3092 2660 3419 2721 excesserit,
3476 2662 3680 2727 donec,

2101 2752 2329 2805 Domino
2359 2766 2541 2804 secum
2568 2760 2811 2804 certante
2842 2765 3006 2819 seque
3036 2762 3317 2818 servante,
3352 2753 3524 2807 victor
3551 2768 3682 2807 eva—

2100 2845 2252 2899 serit.
2288 2843 2568 2897 Postremo
2607 2842 2728 2911 quis
2775 2843 2824 2896 ei
2873 2843 2994 2897 linis
3044 2844 3273 2900 feliciter
3322 2846 3685 2901 consummati

2100 2934 2414 2991 certaminis
2443 2932 2605 2987 fuerit
2625 2972 2640 2997 ,
2672 2936 2755 2986 cui
2788 2948 2884 2988 nos
2914 2936 3283 2992 misericordia
3313 2938 3491 2992 divina
3518 2939 3703 2994 etiam,

2099 3036 2393 3100 praesentes
2432 3027 2598 3082 fuisse
2641 3029 2926 3082 concessit.

1076 3297 1641 3413 TEXTUS
1732 3299 2183 3416 IPSIUS
2268 3299 2995 3414 YSTORl/E.

472 3476 531 3531 7.
558 3476 828 3546 Praecepta
856 3478 1407 3534 smcularisdoctrinm
1426 3497 1545 3550 quae
1570 3482 1874 3537 rhethorica
1902 3482 1996 3515 ⁸⁸⁸⁵⁸
2023 3487 2067 3548 C
2103 3482 2240 3536 hanc
2280 3482 2347 3536 de
2394 3482 2615 3552 pulvere
2668 3484 2962 3537 suscitatur
2990 3499 3214 3555 egenus,
3247 3493 3300 3538 et
3348 3485 3411 3541 de
3438 3497 3689 3547 stercore

394 3570 625 3633 dicitur,
667 3566 722 3619 itt
776 3568 1023 3635 personis
1072 3568 1297 3637 singulis
1355 3571 1791 3626 demonstrandis
1845 3574 1988 3626 inter

392 3666 597 3713 caetera
631 3671 755 3712 esse
796 3657 1101 3720 lradutttur,
1143 3670 1200 3711 ut
1238 3658 1468 3726 majores
1492 3661 1636 3716 illius
1666 3663 1755 3730 qui
1798 3664 1988 3732 praedi-

391 3749 609 3804 candus
630 3760 714 3804 est
740 3750 900 3803 altius
927 3760 1261 3820 repetantur,
1294 3764 1349 3807 et
1377 3754 1448 3807 ita
1476 3769 1572 3824 per
1593 3757 1795 3825 gradus
1834 3757 1987 3825 quasi

391 3842 489 3895 ﬁlo
522 3841 754 3911 quodam
786 3840 852 3893 ad
886 3841 1055 3909 ipsum
1099 3841 1238 3897 linea
1282 3844 1600 3910 deducatur,
1637 3856 1892 3917 tanquam
1920 3862 1987 3901 ex

389 3931 527 3995 illis,
558 3946 627 3985 ex
659 3932 855 4001 quibus
880 3932 1142 4001 originem
1171 3934 1352 3998 ducit,
1385 3937 1641 3991 illustrior
1668 3952 1789 3991 esse
1820 3938 1989 4006 possit

387 4034 449 4080 et
493 4024 717 4084 clarior,
752 4025 1160 4093 comparatione
1204 4028 1328 4081 data
1368 4029 1436 4082 ab
1465 4030 1692 4094 arbore,
1733 4046 1853 4099 quas
1888 4048 1987 4086 an-

387 4128 529 4171 nosa
553 4113 671 4182 jam
701 4115 752 4167 in
779 4116 946 4169 ramis
976 4117 1203 4181 aruerit,
1236 4127 1293 4170 ut
1315 4118 1681 4184 sterilitatem,
1714 4122 1987 4190 inquiunt,

386 4221 678 4262 ramorum
721 4208 873 4260 radix
940 4204 1170 4263 fecunda
1220 4222 1571 4280 contpensct,
1628 4223 1681 4268 et
1726 4215 1868 4283 quod
1936 4217 1988 4270 in

382 4296 576 4351 fructu
613 4310 716 4349 non
747 4304 969 4361 teneas,
1018 4297 1231 4353 mireris
1287 4300 1339 4352 itt
1398 4310 1607 4355 trunco.
1657 4302 1839 4357 Fuerit
1888 4304 1990 4360 hoc

381 4388 707 4443 institutum
735 4386 947 4441 illorum
971 4428 984 4453 ,
1018 4390 1109 4457 qui
1154 4400 1363 4444 tantum
1391 4393 1520 4460 'quze
1548 4394 1727 4447 carnis
1752 4406 1879 4449 sunt
1902 4412 1988 4450 sa-

380 4479 649 4549 piebant,
706 4485 763 4531 et
824 4494 931 4533 non
982 4490 1088 4534 tam
1144 4482 1209 4536 de
1274 4483 1506 4551 propriis
1556 4501 1990 4556 unumquemque

380 4568 535 4623 clare
592 4567 679 4621 vel
730 4568 959 4624 obscure
1004 4570 1170 4640 gestis
1214 4586 1376 4641 quam
1420 4572 1485 4627 de
1521 4574 1713 4630 alienis
1753 4575 1989 4632 famosos

378 4661 543 4716 reddi
587 4660 671 4715 vel
704 4660 933 4716 infames
962 4663 1258 4731 putabant;
1290 4680 1411 4718 cum
1451 4675 1556 4721 stet
1594 4678 1782 4722 contra
1816 4671 1985 4735 ratio,

376 4751 686 4825 plerosque
712 4768 778 4807 ex
816 4754 1065 4810 obscuris
1096 4756 1377 4826 sepissime
1408 4758 1727 4825 claritatem,
1762 4779 1826 4817 ex
1878 4762 1987 4817 ela-

2092 3586 2296 3640 pauper
2338 3572 2583 3642 erigitur,
2637 3580 2694 3625 ut
2743 3572 2834 3605 ¹⁵⁰⁹
2894 3587 3013 3625 cum
3061 3572 3394 3641 principibus
3442 3578 3682 3634 caelestis

2090 3662 2268 3731 populi
2297 3663 2484 3716 sedeat
2516 3661 2801 3732 gloriosus.
2835 3661 2942 3714 Nec
2970 3662 3164 3715 desunt
3189 3663 3489 3730 probationi
3513 3666 3680 3720 docu-

2092 3763 2292 3814 menta,
2320 3765 2444 3804 cum
2482 3751 2651 3804 David
2695 3765 2760 3804 ex
2810 3750 3024 3819 pascuis
3055 3764 3278 3820 gregum
3328 3751 3378 3803 iit
3427 3765 3677 3821 regnum,

2091 3838 2287 3894 Petrus
2315 3855 2438 3894 cum
2468 3840 2700 3895 consciis
2732 3842 3063 3909 paupertatis
3099 3857 3165 3896 ex
3206 3842 3412 3896 retibus
3450 3844 3681 3912 piscium

2093 3930 2145 3983 in
2191 3929 2338 3983 orbis
2392 3929 2554 3983 totius
2592 3929 2854 3983 attollitur
2896 3931 3292 4000 principatum;
3325 3947 3551 4001 quaeque
3579 3933 3677 3988 ab-

2084 4023 2229 4093 jecta
2260 4032 2387 4078 sunt
2430 4023 2611 4078 mundi
2652 4032 2705 4077 et
2740 4024 2994 4093 ignobilia
3026 4026 3316 4095 eliguntur,
3352 4035 3410 4078 ut
3438 4027 3683 4097 potentia

2090 4124 2147 4170 et
2177 4113 2376 4169 nobilia
2411 4112 2833 4167 confundantur.
2866 4112 3085 4168 Dicente
3123 4125 3301 4169 autem
3358 4117 3473 4186 ipso
3518 4115 3680 4185 hujus

2090 4206 2333 4277 principe
2364 4205 2591 4259 instituti
2625 4219 2639 4258 :
2671 4204 2731 4260 Si
2758 4222 2844 4259 vos
2877 4207 3171 4260 manseritia
3202 4208 3256 4260 in
3283 4224 3518 4262 sermone
3541 4225 3677 4275 meo,

2090 4315 2205 4353 vere
2233 4298 2383 4350 liberi
2408 4298 2572 4361 eritis,
2617 4306 2666 4350 et
2703 4297 2893 4351 veritas
2935 4297 3171 4351 liberabit
3214 4313 3299 4351 vos
3332 4296 3513 4368 (loan.
3554 4315 3679 4363 vm,

2090 4390 2182 4454 51,
2207 4388 2332 4459 32);
2369 4387 2510 4457 quod
2542 4402 2646 4442 non
2680 4398 2764 4443 est
2805 4388 2948 4447 aliud
2980 4389 3082 4443 nisi
3125 4389 3324 4443 liberos
3358 4405 3452 4444 vos
3479 4390 3676 4455 faciet;

2090 4481 2325 4549 itemque
2376 4480 2547 4549 ipsius
2570 4479 2830 4550 principis
2868 4495 3114 4548 princone
3143 4496 3156 4533 :
3191 4479 3290 4535 Ubi
3317 4483 3531 4549 spiritus
3572 4481 3680 4535 Dav

2092 4569 2236 4632 mini,
2269 4568 2339 4621 ibi
2390 4569 2603 4624 libanu:
2640 4568 2724 4639 (II
2777 4567 2899 4623 Cor.
2943 4586 3033 4635 ιιι,
3078 4572 3199 4641 l7),
3235 4573 3558 4641 cuicumque
3612 4574 3681 4628 de

2092 4670 2244 4716 tanto
2294 4678 2518 4716 munere
2564 4664 2829 4718 libertatis
2876 4663 3098 4734 gloriari
3146 4663 3345 4728 licebit,
3385 4664 3588 4719 lrustra
3626 4666 3680 4721 ei

2092 4752 2232 4808 illius
2262 4753 2607 4823 antiquitatis
2631 4755 2969 4809 enumeratio
2993 4755 3085 4789 ¹⁸¹⁰
3106 4764 3161 4808 et
3191 4758 3407 4810 nomina
3448 4758 3683 4812 cineres-

377 4843 626 4900 rissimis
672 4843 799 4897 item
850 4844 982 4899 alios
1017 4847 1289 4915 probrosae
1319 4847 1411 4879 ‘m
1456 4849 1578 4903 vita:
1621 4850 1983 4907 calamitatem
2012 4837 2062 4897 D
2089 4855 2192 4911 que
2219 4840 2483 4909 majorum
2508 4842 2560 4896 in
2588 4842 2761 4898 laudis
2784 4842 2940 4898 titulo
2962 4845 3386 4915 conquiruntur;
3412 4846 3512 4898 nisi
3542 4846 3682 4901 forte

377 4944 672 4989 mutuassc
716 4932 827 4984 ³⁸⁸⁸.
872 4932 1053 5004 Longe
1093 4946 1270 4990 autent
1310 4936 1525 4993 diVerso
1572 4939 1767 4996 itinere
1797 4943 1864 4996 ab
1900 4943 1985 4998 his

375 5035 574 5080 nostra
606 5024 813 5078 incedit
845 5025 1053 5096 religio,
1087 5027 1138 5081 in
1188 5041 1294 5096 qua
1348 5028 1606 5082 mentium
1658 5044 1722 5084 ac
1772 5046 1985 5087 morum

374 5114 568 5183 patius
609 5113 919 5181 ingenuitas
940 5155 955 5179 ,
987 5126 1040 5169 et
1063 5131 1187 5171 vera
1216 5116 1440 5186 spiritus
1463 5117 1702 5172 dominio
1730 5121 1982 5176 vitiorum

376 5214 547 5259 exuta
583 5203 849 5267 libertas,
877 5220 1036 5274 quam
1070 5207 1254 5261 carnis
1300 5221 1435 5261 vana
1474 5223 1537 5262 ac
1581 5219 1792 5265 tumens
1830 5219 1883 5264 et
1928 5213 1981 5267 in

374 5306 595 5347 morem
653 5290 792 5346 fumi
834 5308 1122 5351 vanescens
1172 5294 1479 5352 celebratur
1509 5297 1778 5353 nobilitas.
1826 5300 1983 5370 Apud

2088 4933 2300 5002 spiritui
2326 4947 2547 4988 carnem
2570 4933 2989 5005 praetulerimus,
3017 4937 3168 5003 cujus
3194 4936 3396 4991 caduca
3428 4938 3684 4993 nobilitas

2088 5025 2164 5080 illi
2214 5030 2589 5097 permanentis
2637 5030 2867 5085 dedecus
2920 5030 3273 5102 ignobilitatis
3320 5032 3687 5099 superducere

2087 5119 2385 5173 consuerit.

2156 5206 2210 5262 8.
2253 5208 2357 5264 Sed
2386 5224 2653 5278 Quorsum
2706 5212 2821 5266 hate
2867 5220 2977 5267 tam
3010 5212 3183 5284 longis
3220 5208 3556 5266 anfractibus
3582 5212 3688 5268 cir-

2085 5304 2410 5359 cumducta?
2440 5303 2713 5371 Quoniam
2746 5308 3103 5377 scriptoribus
3136 5306 3436 5377 quibusque
3465 5308 3519 5361 itt
3556 5319 3691 5378 quod

1688 5426 1921 5483 νΑΒΙίΕ
1963 5430 2367 5488 LECTlONES.
