4472 5522
818 456 920 510 2ἱ7

1716 454 1998 511 JUANNIS
2038 454 2325 511 ABBATIS
2365 455 2419 510 S.
2461 454 2764 511 AllNULFl
2805 456 3144 513 METENSIS

3976 463 4084 522 με

816 566 946 623 libet
980 586 1137 638 quem
1170 570 1455 623 dii-emtum
1490 571 1823 639 susceperint
1849 570 1971 623 talia
2010 568 2121 624 fere
2156 586 2217 623 ex
2252 584 2399 623 more
2429 576 2473 633 Α
2506 584 2651 623 cram
2682 569 2813 622 satis
2863 569 3067 639 frugem
3117 570 3356 624 scientia:
3387 584 3507 624 eum
3540 573 3762 643 contigit
3816 574 4080 629 retuliSse.

814 668 1102 715 sumuntur
1125 659 1305 723 iuieia,
1341 668 1399 712 ut
1444 674 1547 727 qua
1588 660 1804 727 regione
1836 668 2133 723 terrarum,
2168 659 2266 712 sub
2296 674 2400 727 qno

814 749 935 803 ρωιί
960 750 1199 813 climate,
1228 752 1379 820 cujus
1406 750 1598 819 lingua:
1628 750 1706 803 vel
1731 751 1923 818 gentis,
1947 766 2051 819 qua
2072 751 2397 813 conditione,

816 840 1038 909 cujusvc
1085 840 1313 895 fortuna:
1368 841 1680 911 parentibus
1749 844 2041 911 prodierit,
2093 843 2245 911 quasi
2305 859 2401 912 pro

812 930 1020 986 viribus
1052 930 1243 986 future
1280 934 1506 987 rationis
1533 972 1546 996 ,
1595 936 1768 1003 primo
1812 936 1992 989 statim
2035 936 2240 999 iaciant
2282 937 2401 990 fun-

810 1023 1085 1077 damento.
1110 1023 1260 1089 Quod
1285 1039 1386 1094 ego
1414 1025 1463 1078 in
1496 1026 1595 1079 hoe
1624 1035 1829 1090 nostro,
1857 1042 2015 1096 quem
2048 1037 2155 1081 tam
2180 1029 2398 1098 copiosa

810 1112 1032 1180 spiritus
1086 1124 1420 1183 generositas
1465 1117 1810 1171 ennuncudat
1868 1118 1997 1181 "",
2075 1118 2398 1187 superﬂuum

803 1204 991 1271 judico
1021 1205 1112 1237 '5“
1138 1205 1405 1269 laborari,
1440 1224 1559 1262 cum
1598 1226 1719 1264 eum
1762 1220 1903 1264 tanta
1932 1222 2260 1267 consumatze
2288 1212 2399 1265 Vir-

811 1294 941 1349 tutis
972 1295 1139 1366 gloria
1160 1338 1172 1359 ,
1200 1306 1277 1352 tot
1304 1300 1667 1367 perfecturum
1696 1310 1841 1356 retro
1873 1302 2107 1356 virorum
2138 1305 2399 1373 prosapia:

808 1388 886 1440 sic
924 1396 1015 1440 aut
1048 1398 1219 1457 :eqnet
1258 1400 1347 1442 aut
1399 1391 1699 1459 proximet,
1748 1400 1805 1445 ut
1851 1392 2104 1461 quiequid
2162 1393 2395 1447 felicium

807 1482 1030 1546 op'erunt
1076 1480 1252 1547 dignis
1292 1481 1358 1535 de
1408 1482 1512 1536 illis
1552 1482 1797 1537 laudibus
1840 1482 2166 1546 celebratur,
2204 1485 2252 1535 iu
2289 1486 2395 1537 isto

808 1566 963 1621 veluzl
1003 1570 1357 1623 nnunlissimo
1390 1570 1606 1639 speculo
1634 1580 1800 1625 totum
1836 1572 2225 1641 respleuduisse
2250 1589 2395 1626 mon-

804 1666 1031 1710 stt'alttnt
1065 1660 1152 1711 sit.
1190 1658 1265 1713 Ne
1292 1661 1376 1714 cui
1417 1670 1595 1713 tamen
1633 1661 1912 1715 curiosiori
1957 1663 2133 1716 minus
2168 1662 2390 1727 fecisse,

801 1759 856 1802 et
883 1758 1133 1819 tauquam
1171 1766 1233 1804 ex
1267 1752 1443 1822 inopia
1482 1752 1720 1806 materia:
1748 1753 1887 1807 hanc
1927 1753 2134 1807 dicendi
2182 1765 2390 1822 partem

800 1855 981 1894 sermo
1039 1840 1430 1911 subter-fugisse
1482 1840 1755 1911 culpetur,
1805 1857 1966 1910 quam
2021 1844 2294 1901 succincte
2344 1844 2387 1897 si

2577 662 2663 714 ll.
2705 660 2863 714 Patre
2911 662 3021 728 jam
3068 661 3191 715 inde
3240 662 3387 715 brevi
3437 660 3754 726 deficiente,
3798 679 3917 718 cum
3972 665 4085 733 ipse

2503 752 2914 805 adolescentiam
2952 752 3063 820 jam
3091 752 3363 804 rideretur
3400 752 3706 822 ingressus,
3735 763 3855 822 post
3882 754 4081 823 aliqua,

2504 853 2675 898 matre
2730 854 2913 912 utpote
2958 842 3170 910 juniore
3222 843 3509 897 thalamtnn
3564 845 3883 911 innovante,
3937 848 4084 903 solus

2504 934 2726 987 fratrum
2774 934 3045 1003 totiusque
3095 932 3307 987 familia)
3355 933 3665 988 domesticae
3718 945 3938 989 curator
4000 952 4085 990 re-

2504 1026 2787 1095 linquitur.
2823 1025 2877 1079 ln
2913 1040 2974 1079 ea
3032 1035 3183 1093 parte
3232 1024 3456 1077 actualis
3503 1026 3742 1080 scientiae
3787 1026 3871 1079 vel
3903 1043 4082 1080 rerum

2499 1118 2738 1170 euntium
2766 1117 3182 1170 domesticarum
3238 1115 3721 1171 ammiuistratione
3761 1132 3917 1186 quam
3945 1128 4087 1173 stre-

2500 1222 2665 1270 nuus,
2696 1216 2918 1269 cautus,
2949 1215 3004 1259 et
3056 1205 3271 1275 ingenio
3309 1205 3518 1259 caeteris
3560 1208 3940 1276 propemodum
3990 1208 4084 1261 bo-

2501 1298 2735 1351 minilms
2766 1297 3127 1365 pnestantiori
3159 1296 3466 1360 emicuerit,
3495 1305 3551 1351 ut
3578 1311 3727 1367 agro,
3753 1312 3945 1367 pecore
3967 1299 4079 1361 "",

2500 1388 2722 1451 familia,
2770 1398 2822 1441 et
2867 1388 2952 1442 his
3002 1388 3344 1442 instituendis
3389 1399 3551 1457 atque
3590 1388 3794 1444 alendis
3833 1390 4083 1445 substan-

2502 1479 2571 1532 tia
2599 1494 2701 1531 non
2732 1478 2990 1532 mediocri
3023 1478 3409 1546 locupletatus,
3442 1478 3634 1534 deinde
3664 1480 3718 1533 in
3756 1481 3955 1535 artium
3999 1480 4083 1535 di-

2500 1582 2803 1631 vi-rsiirum,
2836 1584 2954 1637 quzc
3002 1568 3068 1619 ad
3116 1568 3321 1620 variam
3354 1568 3739 1637 supellectilem
3767 1571 3884 1624 ttsui
3918 1581 4038 1625 sunt
4062 1611 4082 1635 ,

2497 1657 2763 1710 exercitio
2810 1667 2863 1711 et
2912 1656 3265 1725 dispositione
3296 1666 3554 1725 quantum
3592 1658 3854 1721 valuerit,
3882 1667 3939 1713 ut
3968 1658 4082 1716 fere

2498 1750 2549 1802 iu
2582 1750 2867 1803 mundanis
2895 1749 3122 1816 negotiis
3146 1747 3279 1801 nihil
3305 1756 3447 1801 esset
3468 1748 3609 1816 quod
3636 1764 3757 1803 eum
3781 1750 4082 1817 praeteriret

2492 1871 2562 1879 -—
2587 1841 2650 1891 de
2683 1840 2764 1893 bis
2786 1839 3037 1893 oumibus
3068 1838 3227 1891 silere
3278 1837 3467 1892 melius
3496 1847 3657 1907 puto,
3688 1854 3848 1908 quam
3890 1856 4078 1910 parum

800 1945 905 1997 qua
938 1929 1071 1983 forte
1126 1931 1311 1984 talium
1358 1932 1597 1986 inserere
1646 1933 1914 1998 oportebit
1957 1934 2389 2000 comprehensis,
2426 1923 2468 1983 Β
2498 1932 2654 2002 digne
2687 1932 3061 1992 conscribere;
3098 1929 3382 1998 prescrtim
3410 1944 3531 1983 cum
3572 1930 3857 1984 multorum
3902 1932 4079 1987 adhuc

801 2011 1113 2074 n:eli:':ribus
1148 2029 1203 2075 et
1232 2020 1404 2075 fructu
1432 2020 1653 2075 salutari
1685 2021 2009 2090 plenissimis
2032 2022 2121 2055 ¹⁸¹³
2152 2032 2391 2093 tempora

802 2109 1219 2165 transferantur.

876 2203 927 2257 9.
960 2202 1233 2259 Oriundus
1258 2206 1438 2275 itaque
1471 2208 1554 2261 hic
1581 2206 1855 2264 Johannes
1889 2224 1955 2263 ex
1990 2210 2262 2265 territorio
2294 2209 2391 2263 fuit

801 2295 999 2359 partim
1032 2294 1254 2349 Metensi
1281 2297 1474 2365 partim
1505 2297 1763 2363 Tttllettsi,
1800 2299 1926 2353 villa
1951 2300 2078 2354 olim
2116 2303 2260 2371 regia
2293 2317 2388 2354 ro-

797 2384 991 2439 rabqu
1032 2386 1285 2441 Vinderia
1339 2388 1511 2458 (.555),
1565 2391 1879 2459 parentibus
1928 2392 2114 2460 utique
2155 2408 2260 2446 non
2294 2392 2387 2424 “"

796 2476 1024 2547 nimium
1057 2478 1338 2545 obscuris,
1372 2481 1688 2535 substantiae
1717 2496 1848 2536 sane
1877 2482 2258 2551 locupletioris.
2289 2482 2389 2536 Pa-

797 2578 878 2621 ter
929 2580 1198 2640 provectae
1238 2574 1461 2627 omnino
1507 2574 1715 2636 artatis,
1756 2573 1944 2629 utfcre
1992 2576 2387 2645 nonagenarius

793 2660 1128 2726 crederetur,
1156 2662 1297 2717 inter
1323 2678 1450 2718 suos
1477 2673 1533 2717 ut
1564 2662 1815 2718 facultate
1847 2663 2113 2719 sufﬁciens
2134 2667 2386 2723 omnibus

792 2766 979 2821 arquos
1007 2762 1061 2806 et
1091 2753 1260 2806 [mnus
1295 2769 1359 2809 ac
1411 2755 1527 2810 sine
1570 2755 1787 2824 querela
1840 2755 2085 2818 habitus,
2121 2773 2289 2825 usque
2318 2756 2382 2809 ad

794 2840 1039 2895 intimum
1070 2857 1338 2911 quemque
1369 2845 1577 2899 cunctis
1606 2861 1663 2899 se
1690 2846 1934 2915 praebens
1956 2848 2381 2900 accommodum.

793 2931 1036 3000 Dumque
1072 2934 1182 2987 ruri
1217 2935 1454 2989 intentus
1481 2952 1545 2991 ac
1572 2937 1817 3007 regenda:
1846 2936 2082 3002 familiar,
2114 2953 2271 3006 quam
2300 2953 2383 2993 se-

792 3025 1027 3075 cundum
1059 3025 1487 3080 mediocritatem
1516 3029 1640 3081 vita:
1663 3043 1766 3080 non
1811 3028 2087 3081 minimam
2117 3043 2378 3098 procura-

790 3113 902 3176 bat,
936 3113 1087 3182 plura
1113 3114 1160 3168 ci
1198 3131 1259 3169 ex
1289 3116 1436 3186 justo
1468 3116 1651 3170 lahorc
1678 3127 2099 3180 suecrescerent,
2130 3128 2381 3187 essetque

791 3203 1243 3271 possessionibus,
1272 3207 1595 3274 sumptibus,
1630 3206 1877 3275 pecunia,
1906 3222 1968 3260 ex
1996 3206 2381 3261 benedictioni-

789 3296 891 3349 bus
906 3295 1113 3350 Domini
1133 3297 1419 3351 admodum
1445 3307 1653 3359 auctus,
1673 3298 2044 3369 bospitalitati,
2067 3298 2378 3354 elemosiuis

787 3383 1045 3437 arcelesizc
1071 3400 1285 3454 quoque
1313 3396 1471 3456 prout
1510 3396 1720 3455 poterat
1744 3387 2189 3453 honorificentia),
2220 3398 2379 3443 caete-

789 3476 975 3545 risque
1001 3477 1267 3532 bonarum
1298 3478 1561 3535 fructibus
1591 3480 1865 3535 actionum
1903 3481 2199 3536 studiosius
2242 3482 2377 3536 insi»

790 3567 990 3621 stehat.
1041 3567 1281 3638 Conjugc
1328 3570 1561 3640 denique
1609 3570 1877 3625 liberioris
1907 3572 2122 3639 generis
2176 3572 2226 3625 in
2262 3572 2377 3642 ipso

786 3672 904 3712 aevo
934 3658 1089 3712 senili
1127 3658 1361 3726 junioris
1399 3660 1560 3715 etatis
1590 3668 1803 3729 sumpta
1832 3702 1844 3723 ,
1887 3662 2028 3716 hunc
2074 3659 2375 3718 Iohannem

788 3751 1031 3820 duosque
1064 3760 1181 3819 post
1212 3752 1383 3819 ipsum
1419 3761 1689 3822 procreat.

858 3845 943 3898 ll).
984 3845 1104 3915 Ipse
1144 3846 1195 3900 in
1227 3847 1388 3901 domo
1412 3856 1641 3917 paterna
1676 3862 1740 3901 eo
1776 3851 2034 3904 teneriorl
2072 3863 2201 3902 cura
2247 3850 2379 3903 edu-

782 3946 940 3993 catus
970 3936 1090 3999 "l',
1122 3952 1229 4005 quo
1274 3937 1487 3992 animus
1517 3938 1661 3992 senis
1704 3947 1761 3991 ut
1798 3939 1863 3993 ad
1900 3939 1949 3993 id
1975 3938 2151 3993 artatis
2172 3940 2373 3992 editum

780 4039 997 4083 omnem
1026 4028 1293 4097 inpatiens
1340 4028 1560 4105 arcebat
1613 4028 1883 4096 injuriam.
1920 4028 2248 4083 Litterarum
2302 4038 2377 4082 ta-

782 4132 903 4173 men
936 4119 1127 4187 primis
1156 4120 1244 4174 vix
1287 4119 1571 4175 elementis
1619 4121 1849 4175 traditus
1892 4120 2372 4183 addiscendis"“,

783 4212 1099 4280 aliquandiu
1150 4228 1257 4266 non
1314 4211 1468 4282 longe
1498 4226 1527 4264 a
1564 4220 1855 4279 conspectu
1887 4210 2089 4279 patris,
2133 4219 2371 4279 postmo-

780 4304 931 4366 dum,
956 4301 1079 4358 licet
1106 4318 1248 4375 (egre
1277 4304 1464 4357 eodem
1497 4310 1652 4371 patre
1686 4300 1913 4365 lcrente,
1947 4300 2099 4355 Melis
2146 4301 2227 4355 eis
2253 4316 2374 4370 qua:

778 4403 909 4449 tunc
960 4408 1080 4449 esse
1129 4403 1382 4464 poxerant
1436 4393 1599 4448 scolis
1652 4392 2049 4447 instituebatur.
2111 4390 2371 4447 Nonnullo

776 4488 940 4543 etiam
976 4496 1219 4557 tempore
1248 4487 1298 4540 in
1342 4486 1670 4549 monasterio
1698 4484 1869 4539 sancti
1910 4482 2184 4539 Michaelis
2212 4499 2374 4553 super

779 4577 984 4632 Mosam
1016 4576 1236 4631 ﬂuvium
1264 4576 1413 4647 (350)
1444 4577 1510 4630 ad
1533 4576 1707 4631 studia
1735 4584 1976 4630 moratus
1998 4585 2100 4639 est,
2129 4574 2216 4627 tibi
2246 4582 2372 4626 tunc

766 4668 1039 4737 temporis
1090 4666 1435 4721 llildeboldus
1473 4666 1689 4735 quidam
1721 4665 2127 4736 grammaticam
2168 4662 2370 4731 profes-

777 4772 871 4812 sus
899 4772 965 4811 ex
993 4756 1272 4827 discipulis
1296 4755 1477 4810 domni
1510 4755 1737 4826 Remigii
1772 4754 1941 4825 (557),
1975 4753 2274 4807 doctissimi
2306 4767 2369 4809 ea

776 4855 937 4901 astate
973 4847 1247 4917 magistri,
1281 4846 1456 4901 scolas
1493 4844 1742 4899 habebat.
1784 4843 1951 4913 Cujus
1977 4844 2065 4875 ¹⁸¹⁷
2100 4844 2365 4904 doctrina,

778 4945 836 4989 ut
867 4937 982 5004 ipse
1011 4935 1286 4990 multoties
1312 4945 1497 5005 postea
1531 4933 1824 4996 fatebatur,
1862 4934 2126 4989 incertum
2160 4933 2363 4989 incuria

777 5042 845 5080 an
871 5026 1129 5095 quodam,
1162 5034 1221 5079 ut
1260 5024 1573 5095 apparebat,
1605 5022 1915 5092 supercilio,
1958 5038 2078 5078 eum
2121 5032 2296 5078 tamen
2335 5042 2364 5076 a

773 5125 927 5189 patre
966 5117 1251 5187 sepissime
1285 5131 1393 5172 non
1432 5115 1777 5177 mediocriter
1816 5125 2217 5179 muneraretur,
2250 5130 2360 5168 ma-

2496 2023 2685 2076 barum
2739 2021 3197 2075 retniniscentium
3238 2020 3545 2073 testimonia
3604 2018 3932 2077 suﬂicienter
3990 2038 4079 2075 sn-

2495 2117 2733 2185 persinl,
2770 2131 2832 2167 ex
2866 2114 3092 2182 quibus,
3139 2114 3183 2166 si
3228 2126 3363 2182 quos
3396 2112 3508 2166 haec
3552 2127 3683 2166 cura
3738 2113 3944 2183 pulsat,
3998 2113 4079 2166 fa-

2492 2206 2594 2260 cie
2639 2206 2847 2273 possint
2898 2204 3099 2257 doceri.
3828 2254 3837 2260 ,

2566 2298 2651 2353 12.
2687 2298 2863 2367 Usque
2896 2298 2961 2351 ad
2990 2307 3234 2351 exat-Lam
3283 2297 3462 2366 itaque
3513 2298 3720 2352 virilem
3767 2306 3980 2353 aetatem
4021 2298 4072 2351 in

2491 2394 2653 2445 domo
2706 2391 2923 2460 propria
2991 2400 3271 2452 versatus,
3319 2390 3655 2444 diversorum
3713 2398 3819 2444 tam
3867 2389 4075 2444 secula-

2491 2486 2628 2537 rimu
2672 2499 2833 2553 qttatn
2872 2492 2928 2536 et
2970 2471 3497 2542 ecc‘lesiasticorum,
3546 2480 3769 2534 honeste
3799 2480 4077 2534 dumtaxat

2489 2576 2611 2629 vit-.e
2655 2574 2958 2637 hominum,
2992 2573 3347 2626 familiaritati
3398 2572 3449 2625 in
3483 2570 3646 2624 variis
3667 2569 3855 2625 oﬂiciis
3890 2579 3945 2624 et
3983 2584 4079 2624 ne-

2489 2667 2650 2736 gotiis
2680 2681 2773 2733 per
2801 2679 2960 2718 omne
2993 2663 3043 2716 id
3077 2673 3285 2731 tempus
3314 2702 3329 2725 ,
3385 2668 3543 2730 prout
3583 2670 3911 2729 oportunum
3946 2656 4073 2726 fuit,

2490 2756 2748 2820 adbazsit,
2810 2770 2874 2808 ex
2943 2767 3171 2820 quorum
3245 2750 3600 2805 contubernio
3651 2750 3908 2819 optimam
3970 2750 4073 2806 sibi

2490 2844 2714 2899 fortnam
2744 2842 2953 2896 vivendi
2980 2841 3070 2873 ¹⁶¹⁹
3096 2841 3510 2909 exemplumque
3534 2840 3810 2894 conduxit.
3834 2839 3889 2893 In
3914 2840 4076 2895 domo

2488 2937 2701 2989 comitis
2744 2933 2998 3002 Riquini,
3049 2931 3481 3002 praestantissimi
3534 2946 3596 2985 ea
3653 2940 3971 3000 tempestate
4018 2938 4076 2986 et

2488 3027 2539 3080 in
2572 3026 2715 3079 omni
2746 3038 2944 3095 genere
2978 3023 3307 3093 agendarum
3351 3036 3530 3075 rerum
3568 3022 3849 3091 prudentis
3878 3030 3935 3075 et
3985 3036 4074 3075 sa-

2486 3118 2756 3187 gacissimi
2788 3118 2907 3182 viri,
2934 3132 3031 3186 per
3072 3132 3242 3170 annos
3286 3114 3501 3185 aliquod
3531 3116 3870 3177 obversatus,
3903 3112 4071 3182 pluri-

2490 3224 2635 3261 mqu
2666 3207 2859 3261 exinde
2887 3207 2989 3259 sibi
3019 3206 3182 3275 cmpit
3212 3203 3531 3274 profectum.
3551 3203 3683 3258 Nam
3708 3203 4071 3258 etmcclesiam

2408 3274 2450 3334 C
2483 3298 2621 3352 villae
2667 3298 2835 3365 ipsius
2869 3311 2935 3349 ex
2981 3310 3085 3365 qua
3106 3274 3263 3349 ortus
3302 3303 3387 3348 est
3416 3294 3557 3347 dono
3579 3293 3819 3362 ejusdem
3853 3289 4074 3347 comitis

2479 3388 2806 3457 pessitlebat.
2865 3385 3101 3439 Dadonis
3150 3386 3349 3447 etiam,
3408 3383 3603 3438 summi
3658 3382 3857 3451 ingenii
3897 3390 3953 3435 et
3990 3380 4072 3435 fa-

2479 3481 2797 3535 mosissima:
2852 3478 3156 3533 sanctitatis
3205 3476 3440 3545 episcopi
3505 3471 4068 3544 Virdunensis(358),

2480 3585 2583 3625 non
2621 3584 2786 3639 parvo
2830 3579 3069 3636 tempore
3107 3564 3412 3635 frequentia
3471 3579 3600 3618 usus
3649 3571 3771 3626 est,
3811 3562 3905 3633 qui
3964 3562 4069 3617 sibi

2478 3675 2692 3731 quoque
2714 3676 2834 3713 cum
2866 3659 2934 3711 ob
2971 3658 3107 3711 bene
3141 3657 3391 3710 meritam
3422 3654 3658 3710 indolem
3681 3654 3947 3723 vivatque
3973 3650 4071 3685 ¹³⁸⁶

2480 3754 2532 3807 iu
2565 3767 2629 3805 eo
2664 3760 3002 3822 perspectum
3048 3748 3351 3819 ingenium,
3387 3756 3704 3817 perpetuum
3738 3744 3924 3805 facere
3974 3760 4069 3800 cu-

2479 3843 2656 3913 picbat
2681 3884 2695 3906 ,
2744 3842 2835 3895 sed
2881 3855 3018 3910 quas
3064 3842 3131 3893 ob
3167 3853 3359 3893 causas
3383 3852 3487 3891 non
3526 3836 3844 3902 obtinuerit,
3871 3850 4067 3906 parum

2480 3932 2861 4002 comperimus.
4014 3993 4019 3998 _

2550 4023 2635 4076 l3.
2677 4019 2903 4075 Cuidam
2936 4018 3129 4071 deinde
3156 4016 3317 4070 nobili
3355 4016 3468 4069 viro
3519 4014 3803 4069 Warnerio
3832 4013 3884 4067 in
3928 4028 4068 4067 con.

2480 4114 2607 4167 linio
2628 4110 3051 4165 Tullcnsieausa
3082 4106 3338 4161 mcclesiaa
3364 4108 3535 4161 sancti
3568 4105 3839 4159 Laurentii
3864 4105 3915 4158 in
3937 4105 4062 4158 villa

2477 4203 2775 4256 Fontaneto
2802 4199 2948 4269 (359)
2982 4198 3154 4251 eidem
3183 4197 3387 4251 civitati
3422 4196 3717 4265 adjacentis
3756 4210 3814 4249 se
3848 4195 4068 4254 nomine

2480 4291 2687 4346 Domini
2758 4291 3000 4352 socians,
3063 4287 3179 4354 ejus
3246 4288 3441 4341 ofﬁciis
3504 4302 3666 4355 quam
3722 4286 4065 4340 fatuiliariter

2479 4382 2780 4437 insistebat.
2815 4380 2888 4433 Ea
2919 4380 3205 4433 occasione
3233 4376 3388 4430 Tullo
3418 4378 3465 4430 ei
3500 4386 3624 4429 tunc
3665 4377 3921 4445 temporis
3955 4375 4063 4431 fre-

2477 4490 2647 4544 quens
2690 4487 2974 4535 recursus,
3005 4471 3132 4540 quia
3179 4484 3299 4525 cum
3334 4469 3434 4523 hac
3471 4482 3533 4521 ex
3562 4468 3806 4537 proximo
3830 4508 3845 4533 ,
3889 4467 4060 4522 altera

2475 4581 2688 4637 quoque
2710 4580 2871 4635 quam
2902 4562 3061 4617 simul
3092 4560 3337 4632 genitalis
3378 4558 3475 4613 soli
3518 4559 3784 4641 retinebat
3811 4558 4061 4624 ecclesia,

2406 4637 2446 4694 θ
2476 4661 2719 4731 ejusdem
2749 4667 2867 4711 erat
2909 4656 3204 4711 dioceseos.
3242 4652 3394 4707 l’nde
3439 4637 3734 4705 Bernerum
3774 4651 4058 4705 diaconum

2479 4752 2647 4820 ipsius
2675 4758 2875 4802 sanctae
2908 4746 3053 4801 sedis
3077 4746 3129 4799 in
3164 4742 3498 4811 subjectioue
3526 4740 3891 4795 ecclesiastica
3936 4755 4056 4794 sor-

2480 4846 2608 4897 titus
2643 4840 3003 4911 magistrum,
3046 4836 3221 4890 virum
3272 4848 3403 4888 sane
3444 4842 3497 4885 et
3550 4832 3804 4902 opinione
3854 4832 4057 4886 sancti-

2478 4931 2602 4986 tatis
2648 4940 2704 4984 et
2750 4930 3049 4983 litterarum
3079 4926 3303 4980 scientia
3330 4938 3394 4977 eo
3419 4922 3518 4977 loci
3544 4922 3674 4976 satis
3702 4920 4053 4985 celebratum,

2476 5023 2654 5075 studio
2700 5018 2945 5073 lectionis
2994 5014 3133 5084 apud
3183 5027 3304 5067 eum
3346 5011 3617 5065 iutentiori
3658 5026 3788 5065 cura
3832 5024 4051 5079 operam

2479 5127 2605 5168 tunc
2644 5111 2807 5180 empit
2836 5104 3358 5183 impendere.Altius
3386 5115 3566 5159 autem
3592 5103 3693 5158 sibi
3725 5112 3948 5157 eatenus
3976 5102 4054 5156 sic

2060 5229 2293 5286 νΑΒιΑη]
2350 5222 2753 5284 LEC'flONES.

848 5330 937 5364 ι³¹⁸
967 5330 1259 5384 comitatur
1288 5329 1334 5380 l.
1361 5329 1443 5382 vel
1466 5328 1879 5383 commendati.
1962 5328 2053 5359 ¹⁸¹¹
2076 5325 2280 5392 judicio
2304 5325 2359 5397 l._
2383 5324 2555 5398 deleto
2576 5323 2608 5374 i.
2692 5317 3098 5398 "‘{plcnissim’
3133 5318 3179 5371 1.
3263 5315 3361 5398 ³⁸⁸⁵·
3381 5314 3515 5398 {Vota
3546 5313 3775 5397 valdelﬂ.
3803 5315 4046 5398 ill‘nttﬂ’g.
