4472 5522
384 403 489 459 249

1286 407 1371 459 DE
1416 404 1566 457 HTA
1608 403 1886 457 JUA-NMS
1928 403 2214 460 ABBATIS
2251 407 2671 462 CORZIENSIS.

3531 400 3637 457 250

387 528 628 584 tempora
675 516 976 583 prazterisse
1021 515 1256 579 dolebat,
1312 526 1368 569 ut
1416 517 1480 570 de
1523 518 1729 585 integro
1778 530 1962 569 rursus
1991 525 2035 578 Α
2066 519 2234 581 dinis,
2269 521 2452 589 quales
2483 523 2532 574 in
2562 521 2732 588 patria
2763 535 2866 587 que
2899 518 3050 572 Belsa
3091 517 3239 587 (360)
3279 516 3475 570 dicitur
3514 513 3633 584 plu-

385 608 558 660 scolas
589 606 846 659 innovare
882 616 1188 675 cogeretur.
1231 607 1486 661 Pnerulus
1514 609 1776 676 siquidem
1808 609 1858 660 in
1884 608 1962 660 dis

387 711 578 757 versa,
636 704 690 747 ut
744 696 944 749 dictum
1001 705 1124 759 est,
1186 698 1605 766 praeceptoribus
1656 698 1719 750 ad
1789 697 1962 750 studia

386 789 743 849 commissus,
793 788 1346 855 quantulnmcumque
1394 805 1576 844 aurem
1633 789 1754 841 inde
1802 803 1962 857 vapo-

389 886 558 930 ratam
597 878 843 931 retulisse
876 881 1020 931 visus
1049 888 1188 938 erat,
1225 887 1393 932 totum
1434 880 1483 932 id
1523 881 1965 947 consequentium

387 984 639 1021 cat-arum
675 970 814 1023 mole
846 985 979 1038 pene
1013 970 1246 1036 sopitum
1287 970 1563 1023 amiserat.
1609 969 1712 1023 Sed
1747 968 1970 1022 facilita-

389 1070 494 1112 tem
527 1061 724 1129 ingenii
759 1061 928 1130 gratia
953 1059 1174 1126 juvaute
1204 1061 1412 1124 d.vina,
1443 1076 1503 1114 ea
1547 1061 1709 1114 citius
1741 1063 1967 1128 dampna

388 1147 521 1201 lucri
551 1152 828 1217 sequentis
853 1149 995 1204 felici
1025 1153 1295 1219 reparavit
1334 1168 1608 1205 succe5su.
1659 1153 1836 1206 Prima
1878 1156 1972 1206 ita-

389 1255 492 1306 que
523 1241 787 1293 elementa
819 1243 1183 1309 grammatice
1211 1244 1518 1311 primasque
1559 1253 1763 1296 tantum
1793 1255 1972 1312 partes

392 1329 576 1382 Donati
605 1345 668 1383 ex
700 1333 812 1400 ipso
836 1332 1177 1386 llerneroum
1198 1334 1420 1396 audivit,
1453 1348 1620 1400 eaque
1647 1335 1974 1388 introducto-

396 1419 475 1471 ria
510 1423 826 1488 aspersione
857 1432 1162 1485 contentus.
1196 1424 1391 1476 divinis
1412 1439 1468 1476 se
1500 1425 1720 1477 oumino
1751 1434 1975 1477 transtu-

392 1510 454 1563 lit
506 1513 742 1580 scriptis.
797 1515 852 1566 Ιιι
904 1514 1098 1582 quibus
1142 1515 1280 1568 intra
1325 1516 1484 1570 breve
1526 1527 1733 1583 tempus
1767 1527 1972 1568 tantum

395 1599 761 1670 intelligentia:
789 1605 1022 1672 praetulit
1053 1604 1229 1658 lumen
1253 1647 1264 1668 ,
1306 1615 1362 1658 ιιι
1383 1608 1621 1659 omniunt
1649 1623 1786 1659 novo
1816 1608 1975 1658 mira-

391 1692 513 1746 culo
541 1696 990 1764 adquascumque
1009 1696 1308 1763 sapientum
1340 1713 1443 1749 non
1475 1696 1976 1750 difticulteroccur-

393 1793 537 1836 reret
578 1785 907 1852 qttcslioncs.

468 1873 550 1924 H.
597 1873 887 1926 licclesiam
918 1890 1077 1942 porro
1106 1876 1278 1927 sancti
1307 1873 1606 1933 Laurentii.
1632 1890 1792 1942 quam
1843 1874 1974 1927 dixi-
2005 1864 2049 1922 Β

397 1979 536 2027 tnus,
565 1967 723 2018 unico
752 1983 937 2020 amore
964 1969 1218 2025 excoluit.
1255 1977 1310 2020 et
1364 1968 1413 2020 in
1463 1969 1760 2021 ministerio
1795 1968 1980 2021 arccle-

396 2055 616 2112 siastico
648 2059 966 2110 necessariis
995 2069 1253 2126 quantum
1283 2059 1587 2128 religiosius
1619 2061 1792 2128 potuit
1823 2074 1980 2113 exor-

396 2147 567 2198 navit.
620 2146 881 2211 Quotiens
931 2150 1160 2216 denique
1203 2165 1427 2202 vacuum
1481 2164 1629 2210 erat,
1679 2159 1854 2202 strato
1909 2150 1980 2202 ibi

396 2221 570 2293 iocato
595 2255 690 2308 per
718 2241 896 2309 plures
927 2242 1042 2296 dies
1073 2243 1194 2296 inde
1226 2260 1328 2296 non
1360 2243 1661 2308 recedebat,
1692 2255 1984 2313 noctesque

399 2330 762 2384 creberrimas
787 2331 1126 2385 orationibus
1161 2334 1528 2387 continuabat.
1566 2334 1629 2386 Et
1657 2350 1982 2403 quamquam

402 2423 588 2476 seculo
619 2425 795 2476 adhuc
817 2425 1141 2493 voluptatem
1178 2427 1359 2481 laxare
1403 2427 1689 2488 tiderelur.
1724 2429 1986 2482 secretius

404 2514 458 2566 in
482 2515 650 2567 oculis
680 2516 887 2569 Domini
920 2531 1016 2582 pro
1046 2515 1176 2569 locis
1204 2525 1256 2569 et
1288 2518 1618 2586 temporibus
1657 2519 1984 2586 spiritalibus

403 2605 662 2658 inhiabat.
684 2606 754 2657 Ibi
784 2605 1035 2658 feminam
1064 2606 1330 2672 quandam
1349 2608 1520 2660 “"ex
1544 2607 1764 2676 geniceo
1791 2608 1986 2661 “mdo-

408 2694 537 2745 mini
569 2695 648 2746 sui
683 2694 877 2746 divinis
911 2691 1096 2746 oﬂiciis
1123 2694 1218 2746 sub
1249 2695 1508 2749 velamine
1531 2697 1824 2764 deputavit.
1857 2698 1985 2763 Qua:

404 2792 465 2837 ut
497 2784 699 2852 integra
735 2800 959 2852 corpore
990 2785 1107 2838 loco
1135 2795 1322 2838 sancto
1349 2796 1432 2839 est
1457 2787 1648 2839 tradita
1670 2827 1682 2849 ,
1715 2787 1785 2839 ita
1817 2801 1986 2854 usque

417 2875 528 2949 sub_
548 2874 729 2927 debito
761 2877 864 2928 line
896 2885 1101 2928 natura:
1132 2886 1316 2928 sancta
1347 2891 1568 2930 manens
1597 2891 1759 2930 carne
1791 2886 1844 2929 et
1876 2878 1986 2945 spi-

410 2966 514 3017 ritu
537 3005 551 3027 ,
584 2967 682 3018 sub
715 2965 856 3034 stipe
896 2966 1065 3034 ipsius
1100 2967 1393 3029 cecclesite,
1435 2967 1576 3020 nulla
1617 2983 1870 3036 umquam
1908 2978 1988 3020 at-

411 3061 556 3105 tacla
589 3052 848 3115 infamia,
881 3053 1008 3107 felix
1039 3056 1340 3107 consenuit.
1373 3055 1573 3108 Ibidem
1601 3071 1811 3125 quoque
1839 3072 1990 3124 pere-

412 3145 624 3213 grinum
657 3146 924 3213 quendam
959 3146 1070 3214 jam
1112 3158 1378 3215 provectw
1416 3151 1592 3203 aetatis
1628 3152 1986 3217 presbiterum

408 3247 693 3306 exceptum
716 3277 730 3300 ,
765 3239 888 3291 dum
920 3237 1079 3291 beato
1111 3239 1214 3291 line
1244 3242 1563 3304 excederet,
1597 3215 1731 3294 aluit
1761 3252 1814 3294 et
1843 3244 1989 3296 omni
2019 3215 2062 3272 C

409 3342 541 3381 cura
571 3329 826 3380 servavit.
864 3328 936 3381 De
965 3344 1070 3396 quo
1103 3329 1254 3396 plura
1287 3331 1438 3383 bona:
1461 3331 1690 3384 actionis
1715 3332 1868 3385 nobis
1901 3347 1995 3400 pa-

413 3431 499 3473 ter
550 3419 827 3475 Johannes
878 3437 1101 3475 narrare
1153 3431 1552 3476 consueverat:
1604 3426 1744 3492 quod
1787 3424 1994 3477 scilicet

416 3511 567 3580 operi
595 3510 781 3564 divino
814 3519 972 3565 nocte
1002 3526 1066 3564 ac
1097 3512 1182 3565 die
1214 3512 1481 3576 intentus,
1523 3513 1667 3567 nullo
1703 3513 1815 3566 fere
1857 3524 1991 3567 tem-

412 3617 542 3671 pore
569 3611 766 3671 praeter
793 3617 1068 3671 corporea:
1102 3604 1440 3658 necessitatis
1471 3621 1656 3658 curam
1695 3606 1854 3659 limen
1894 3622 1995 3660 we-

414 3694 593 3749 clesia:
621 3702 947 3748 excesserat.
979 3692 1223 3748 Psalmos
1254 3695 1432 3748 verbis
1454 3703 1506 3749 et
1529 3711 1686 3749 sensu
1715 3697 1993 3759 distincte,

428 3793 484 3838 ut
514 3771 648 3854 pene
680 3782 899 3837 sillabas
928 3796 1050 3836 eum
1080 3797 1362 3837 recensere
1393 3794 1632 3852 putares,
1666 3785 1878 3838 assidue
1903 3799 1996 3838 ore

422 3875 687 3929 volvebat.
718 3875 975 3928 Oratione
1001 3889 1132 3942 pura
1161 3877 1336 3927 noctis
1361 3875 1646 3943 plurimmn
1679 3874 1993 3942 occupabat.

421 3965 557 4019 Cum
583 3965 714 4033 ipsis
737 3964 1152 4034 cogitationibus
1175 3979 1301 4018 voce
1327 3965 1437 4032 ipsa
1468 3964 1776 4034 conﬂigens,
1799 3978 1998 4031 easque

417 4055 570 4122 quasi
608 4069 770 4106 manu
811 4055 1212 4108 deret-berans:
1249 4073 1264 4104 ι
1299 4055 1486 4118 Abite,
1530 4055 1746 4122 inquid,
1780 4054 1903 4107 vani
1943 4062 1998 4106 et

422 4147 636 4218 ignavi,
671 4162 774 4199 non
807 4146 934 4198 tnihi
966 4145 1340 4213 psalmiculum
1371 4160 1465 4199 ore
1495 4145 1831 4198 subtrahite!
1868 4164 1885 4195 ι
1919 4144 1997 4197 Ad

419 4243 699 4295 ntartirem
752 4255 967 4307 quoque
1012 4239 1327 4308 plerumque
1377 4239 1602 4307 querula
1642 4253 1771 4292 voce
1810 4237 2002 4291 clami-

421 4344 541 4387 tans
569 4351 581 4385 :
614 4351 632 4383 ι
665 4332 955 4394 Laurenti,
988 4332 1114 4399 quid
1151 4331 1236 4384 hic
1262 4331 1408 4399 agis,
1435 4345 1531 4383 cur
1565 4345 1668 4383 non
1701 4345 1785 4383 tne
1818 4329 1884 4382 ab
1915 4329 2000 4382 his

421 4428 653 4482 vaesanis
690 4426 990 4482 defendis?
1026 4446 1043 4477 ι
1081 4425 1346 4479 Demones
1383 4426 1549 4478 variis
1586 4425 1844 4493 proludiis
1895 4425 1997 4478 sibi

418 4519 700 4573 obversari
734 4517 1010 4585 corporeis
1044 4515 1212 4570 oculis
1254 4516 1609 4577 testabantur,
1645 4527 1700 4569 ut
1736 4531 1860 4585 sepe
1898 4516 1995 4569 sibi
2033 4555 2076 4610 υ

422 4610 756 4665 infestissimi
810 4624 980 4678 usque
1029 4609 1081 4661 in
1129 4609 1386 4676 quosd.un
1439 4609 1684 4676 corporis
1725 4609 1999 4663 cruciatus

421 4701 746 4769 dejicerent,
791 4702 1035 4769 lectoque
1075 4716 1170 4769 per
1209 4699 1425 4767 aliquod
1476 4699 1589 4753 dies
1626 4716 1730 4752 non
1771 4715 2000 4754 consur-

423 4802 590 4863 geret.

501 4885 583 4938 l5.
629 4884 726 4937 Hic
753 4884 893 4937 idem
924 4883 989 4937 de
1021 4899 1076 4936 se
1111 4881 1312 4937 referre
1341 4881 1532 4936 solitus
1565 4893 1685 4937 erat
1710 4925 1723 4946 ,
1759 4892 2004 4952 tempore

429 4991 533 5042 quo
565 4973 882 5028 Nortmanni
918 4973 1306 5041 irruptionilms
1336 4973 1491 5026 sa'vis
1520 4974 1660 5028 circa
1697 4973 2004 5044 Sequanam

431 5075 487 5118 et
541 5064 778 5135 Ligerim
836 5061 1192 5132 populabundi
1254 5063 1615 5116 excurrebant
1674 5078 1731 5117 se
1797 5064 1865 5117 ab
1926 5063 2008 5118 eis

435 5155 920 5225 comprehensum,
960 5161 1014 5206 et
1051 5152 1101 5205 in
1141 5164 1300 5224 puteo
1337 5152 1567 5220 quodam
1611 5155 1789 5209 nimia:
1824 5154 2004 5208 altitu-

2067 611 2186 664 rimi
2236 613 2640 681 conspiciuntur
2669 641 2725 649 —-
2765 626 2886 663 nam
2938 610 3059 663 inde
3107 609 3366 664 oriundus
3416 616 3534 661 erat
3569 635 3638 646 --

2067 700 2357 766 deiectum,
2405 703 2456 754 in
2510 702 2758 769 nulloque
2806 700 3020 768 penitus
3071 700 3282 761 Iesum;
3338 698 3461 752 inde
3510 697 3639 750 item

2067 801 2368 844 extractum
2423 792 2474 844 in
2520 793 2624 843 alio
2662 790 2999 860 profundiori
3043 790 3434 859 przecipitatutn
3467 805 3479 850 ;
3517 803 3641 840 cum

2070 899 2167 936 nee
2201 885 2276 937 sic
2304 885 2531 953 opprimi
2567 885 2860 953 potuisset,
2892 882 3250 950 eductumque
3276 880 3451 950 gladio
3480 877 3642 931 ferire

2070 975 2384 1028 decerneret
2412 975 2524 1036 πυ,
2560 973 2774 1027 tandem
2809 987 2912 1025 uno
2951 987 3015 1025 ex
3051 971 3178 1040 ipsis
3226 970 3470 1031 dicente,
3519 981 3646 1019 nec-

2071 1067 2193 1120 dum
2233 1082 2352 1118 eum
2391 1064 2699 1133 pervenisse
2735 1065 2784 1116 in
2819 1079 2987 1133 genus
3019 1072 3173 1114 terr:e
3220 1075 3326 1128 quo
3375 1057 3510 1111 mori
3552 1055 3643 1109 de-

2072 1156 2253 1217 beret,
2309 1155 2566 1208 divinitus
2623 1162 2679 1206 ut
2733 1153 2971 1206 creditur
3010 1152 3325 1212 dimissum;
3367 1162 3487 1200 cum
3525 1154 3649 1214 post

2072 1249 2284 1316 aliquod
2333 1262 2549 1300 orarum
2593 1247 2765 1316 spatia
2822 1244 3170 1298 Nortntannis
3215 1238 3648 1310 przetergressis,

2074 1352 2234 1412 puteo
2274 1355 2330 1394 se
2371 1340 2631 1407 reptando
2664 1346 2952 1404 utcumque
2985 1335 3073 1374 '5"
3105 1332 3421 1391 exemisset,
3460 1336 3512 1381 et
3549 1328 3653 1380 iter

2077 1435 2351 1501 ingressus
2400 1433 2538 1484 fante
2588 1445 2723 1500 pene
2766 1427 3023 1482 deficeret
3051 1440 3269 1478 —natn
3323 1423 3500 1476 triduo
3536 1418 3653 1488 jam

2075 1523 2186 1578 fere
2237 1525 2352 1576 sine
2401 1523 2521 1576 cibo
2576 1529 2852 1574 manserat
2879 1549 2967 1581 --,
3003 1525 3223 1584 repente
3260 1516 3310 1567 in
3351 1512 3526 1566 media
3563 1510 3651 1562 via

2078 1627 2186 1669 tres
2228 1616 2473 1684 jacentes
2524 1613 2721 1680 reperit
2771 1625 2971 1679 panes,
3027 1624 3089 1660 ex
3141 1605 3334 1675 quibus
3371 1598 3657 1669 usquead

2078 1708 2386 1777 praedictam
2423 1704 2720 1757 (ecclesiam
2761 1701 2928 1754 sancti
2980 1697 3256 1752 Laurentii
3306 1693 3567 1764 pervenit.
3609 1689 3658 1744 is

2080 1801 2194 1852 sine
2234 1798 2336 1848 ulla
2367 1795 2708 1848 cunt-talione
2744 1793 3030 1852 firmabat,
3065 1787 3395 1857 psalmorum
3437 1783 3656 1844 virtute,

2081 1904 2214 1956 quos
2244 1902 2456 1954 semper
2487 1887 2538 1937 in
2581 1898 2673 1936 ore
2720 1881 2997 1942 versabat,
3043 1893 3179 1947 quos
3228 1878 3277 1929 in
3325 1876 3454 1942 ipsis
3496 1873 3658 1925 etiam

2081 1977 2249 2047 puteis
2281 1975 2661 2028 consistentem
2696 1987 2752 2024 se
2785 1971 2998 2023 assidue
3025 1969 3339 2022 decantasse
3366 1965 3655 2026 fatebatur,

2081 2068 2145 2120 de
2176 2075 2252 2118 tot
2279 2063 2529 2132 periculis
2562 2062 2867 2115 liberatum.
2902 2060 2983 2112 Ab
3012 2074 3076 2112 eo
3109 2059 3246 2111 idem
3289 2055 3560 2109 Iohannes
3604 2069 3664 2108 se

2081 2175 2142 2213 es
2180 2157 2390 2218 multis,
2427 2169 2544 2222 qua:
2582 2154 2718 2206 forte
2754 2152 2942 2203 leviter
2977 2157 3253 2218 gesserat,
3294 2145 3485 2200 crebro
3542 2157 3658 2195 mo-

2085 2253 2252 2305 nitum
2274 2288 2286 2310 ,
2332 2255 2384 2299 ct
2414 2245 2700 2314 aliquando
2731 2243 2907 2296 acrius
2939 2241 3279 2305 redargutum
3303 2277 3315 2299 ,
3350 2233 3659 2302 multiplici-

2086 2352 2271 2408 terque
2301 2348 2601 2393 correctum
2622 2377 2636 2400 ,
2671 2335 2851 2403 sepius
2882 2330 3140 2403 gratulari
3174 2329 3399 2382 solebat.

2157 2431 2241 2482 16.
2283 2429 2388 2482 Sed
2419 2435 2470 2481 et
2507 2426 2623 2479 aliis
2652 2439 2812 2494 quam
2841 2423 3115 2492 pluribus,
3156 2419 3200 2471 si
3238 2432 3372 2487 quos
3413 2415 3652 2483 probata:

2085 2526 2207 2577 vitae
2258 2538 2320 2575 ac
2370 2519 2626 2574 docltinze
2681 2522 3059 2583 compererat,
3117 2507 3355 2564 solitario
3406 2504 3665 2558 comitatu

2087 2627 2408 2683 quamquam
2442 2616 2650 2664 secreto
2691 2606 2902 2659 interim
2928 2602 3264 2661 adhierebat,
3300 2595 3667 2666 paulatimque

2088 2711 2140 2754 et
2170 2701 2321 2768 quasi
2352 2715 2446 2768 per
2476 2705 2654 2766 partes
2682 2710 2710 2746 a
2741 2693 3164 2761 quibuscumque
3203 2687 3382 2740 mundi
3415 2683 3658 2736 oblecta-

2089 2792 2284 2845 mentis
2303 2790 2622 2848 subduccns,
2641 2780 3071 2852 eastigatioribus
3097 2794 3151 2833 se
3167 2777 3374 2831 actibus
3392 2773 3664 2842 applicare

2089 2882 2386 2952 satagebat.
2411 2879 2576 2932 Paulo
2599 2886 2723 2929 ante
2753 2875 2896 2928 dicto
2924 2871 3158 2924 Bernero
3185 2868 3410 2921 diacono
3442 2863 3673 2916 maxime

2093 2973 2481 3032 delectabatur,
2523 2982 2753 3036 eumque
2791 2967 2997 3019 honore
3034 2972 3088 3016 et
3126 2954 3673 3024 ollicioamplissimo

2094 3061 2429 3118 venerationi
2482 3058 2746 3119 habebat,
2796 3071 2896 3123 pro
2948 3068 3013 3106 eo
3063 3051 3204 3120 quod
3243 3065 3344 3101 non
3389 3044 3545 3098 modo
3580 3041 3676 3093 do-

2095 3154 2267 3207 ctrina
2303 3159 2356 3204 et
2387 3150 2492 3203 vita
2525 3147 2642 3217 ejus
2663 3187 2676 3209 ,
2704 3160 2809 3213 que
2843 3144 2969 3196 item
3001 3141 3170 3192 vicem
3212 3135 3434 3206 gerebat
3468 3130 3674 3186 doctri-

2097 3260 2162 3298 ne
2183 3285 2196 3307 ,
2232 3243 2368 3312 apud
2403 3241 2579 3308 ipsum
2610 3234 2926 3306 proficiebat
2953 3249 2966 3297 ;
3004 3239 3087 3285 set
3117 3238 3171 3283 et
3201 3227 3373 3297 quod,
3410 3225 3453 3278 si
3485 3238 3588 3291 qua
3621 3222 3675 3273 in

2095 3352 2152 3390 se
2185 3331 2627 3404 reprehendenda
2659 3327 2797 3381 forte
2826 3325 3081 3388 vidisset,
3111 3333 3450 3389 nequaquam
3483 3317 3565 3370 his
3592 3313 3677 3368 vel

2099 3425 2163 3479 ad
2211 3432 2540 3477 momentum
2589 3433 2813 3489 parcere
2844 3424 3099 3478 noverat,
3141 3411 3267 3480 quin
3308 3409 3488 3463 statim
3527 3419 3679 3460 seve-

2098 3517 2242 3579 rius,
2275 3524 2329 3568 et
2358 3514 2402 3567 si
2436 3514 2506 3566 ita
2543 3527 2627 3565 res
2657 3516 3010 3578 exposceret,
3043 3505 3206 3558 etiam
3241 3500 3454 3571 publice
3483 3496 3675 3564 objur-

2098 3619 2269 3680 garet.
2309 3608 2440 3661 Erat
2478 3607 2617 3658 idem
2659 3602 2929 3656 Bernerus
2959 3600 3098 3652 inter
3125 3606 3316 3649 cetera
3343 3633 3355 3655 ,
3390 3606 3494 3658 qne
3535 3591 3676 3643 bono

2097 3700 2261 3752 odore
2294 3698 2357 3750 de
2387 3711 2451 3748 eo
2482 3694 2620 3746 fama
2651 3698 2986 3760 reSperscrat
3017 3687 3133 3750 ¹³²⁸,
3160 3682 3437 3754 religionis
3475 3681 3566 3711 "‘7
3605 3689 3663 3731 et

2097 3788 2363 3860 praecipue
2403 3786 2524 3838 vitae
2560 3782 2918 3852 pudicissima:
2949 3795 2976 3832 a
3017 3791 3184 3847 puero
3216 3773 3440 3842 insignis
3473 3769 3587 3832 "’3,
3621 3766 3677 3821 in

2099 3857 2224 3931 vitia
2256 3876 2501 3936 mordax,
2522 3882 2580 3926 ut
2611 3888 2707 3926 nec
2735 3869 3104 3939 superioribus
3134 3862 3424 3932 aliquando
3453 3857 3674 3913 cederet

2099 3969 2367 4040 personis.
2404 3964 2609 4032 Eloquii
2647 3961 2997 4016 nihilominus
3029 3957 3191 4010 multa
3225 3957 3271 4007 ei
3310 3961 3594 4012 venustas,
3626 3957 3682 4001 et

2101 4060 2330 4130 plurima
2365 4058 2415 4110 in
2448 4053 2745 4110 exortando
2773 4061 2827 4104 et
2857 4047 3230 4119 persuadendo
3263 4044 3512 4098 facilitas.
3543 4040 3679 4093 Cen-

2101 4167 2192 4205 sus
2221 4152 2265 4204 ei
2306 4166 2408 4203 non
2450 4147 2615 4201 multo
2647 4145 2736 4176 “"9
2771 4151 3150 4209 sumptuosus,
3192 4139 3283 4191 sed
3325 4151 3422 4188 nec
3461 4133 3682 4186 omnino

2100 4242 2358 4310 abjectus.
2392 4236 2631 4305 Simplici
2664 4234 2804 4287 enim
2831 4233 2973 4284 victu
3006 4229 3086 4284 vel
3116 4235 3424 4293 legumento
3454 4233 3681 4276 conten-

2105 4342 2223 4394 tus,
2278 4331 2321 4382 si
2361 4329 2487 4398 quid
2527 4336 2706 4379 tamen
2744 4338 2930 4376 eorum
2974 4319 3184 4381 fuerat,
3224 4314 3470 4369 lautioris
3507 4313 3685 4365 cultus

2101 4431 2155 4476 et
2190 4432 2244 4474 ut
2277 4436 2414 4490 pene
2447 4426 2732 4471 notaretur
2766 4421 2903 4466 erat.
2948 4410 3022 4462 Ita
3065 4410 3145 4461 vir
3175 4406 3292 4476 puri
3332 4404 3538 4464 animi,
3571 4417 3687 4455 sor-

2103 4513 2251 4566 dium
2279 4489 2616 4562 exteriorum
2653 4511 2910 4556 altactum
2942 4511 3162 4568 prorsus
3192 4493 3424 4563 quadam
3467 4489 3571 4542 sibi
3604 4489 3688 4540 itt-

2108 4601 2208 4655 si'ta
2237 4608 2423 4652 natura
2456 4597 2761 4650 horruerat.
2794 4589 3131 4654 Tantumque
3158 4581 3425 4652 pudicitia?
3455 4578 3548 4608 "3°
3578 4578 3690 4629 vir-

2112 4705 2196 4748 tus
2230 4704 2466 4746 mentem
2497 4688 2585 4718 ¹⁵³¹
2615 4685 2730 4751 ejus
2758 4691 2922 4736 totam
2951 4683 3295 4747 pervaserat,
3329 4681 3382 4725 ut
3414 4685 3519 4739 quo
3551 4668 3691 4721 forte

2113 4787 2228 4840 loco
2262 4783 2539 4836 mulierem
2573 4777 2775 4832 sedisse
2803 4776 3162 4839 conspexerat
3185 4806 3197 4826 ,
3230 4763 3374 4817 nullo
3408 4768 3565 4830 pacto
3605 4758 3692 4810 illa

2120 4879 2405 4934 recedente
2438 4875 2626 4927 eodem
2670 4869 2781 4938 ipse
2820 4865 2902 4918 vel
2940 4859 3319 4930 fatigabundus
3356 4851 3691 4908 succederet.

2187 4967 2523 5024 HCInterea
2564 4962 2799 5017 Joannes
2837 4966 2890 5010 et
2934 4954 3087 5009 Metis
3152 4947 3481 5004 monasterio
3521 4941 3697 4997 sancti

2122 5063 2304 5122 Petri,
2343 5057 2428 5112 ubi
2472 5065 2527 5110 et
2566 5057 2781 5108 domum
2825 5049 3056 5101 vicinam
3109 5041 3376 5102 habebat,
3410 5035 3509 5090 sub
3539 5050 3702 5087 occa-

2117 5157 2268 5211 sione
2307 5150 2565 5207 azeclesia:
2600 5159 2758 5216 quant
2803 5142 3056 5201 tenebat,
3099 5150 3218 5207 qua:
3258 5149 3376 5188 cmn
3417 5129 3537 5182 villa
3581 5139 3706 5196 pro-

1716 5265 1945 5322 VARIAE
1996 5265 2409 5325 LECTIONES.
