4472 5522
811 396 911 451 εει

1712 394 1991 451 JOANNIS
2029 395 2317 449 ABBATIS
2358 395 2415 448 S.
2458 394 2759 449 ARNULFI
2800 390 3139 446 METENSIS

3934 384 4041 435 253

813 508 929 577 pria
955 505 1129 561 eidem
1151 506 1475 561 monasterio
1500 507 1762 577 subjacet,
1795 509 2207 563 ebdomadarius
2236 507 2375 561 sacri
2407 512 2451 569 Α
2484 516 2684 561 lentum
2706 546 2721 569 ,
2744 507 2984 560 ordinem
3009 505 3277 558 actionum
3298 496 3817 556 ecclesiasticarum,
3845 495 3912 547 ad
3943 495 4043 547 hoc

815 596 1006 650 altaris
1036 596 1270 659 ascitus,
1300 604 1423 665 post
1461 597 1675 665 aliquod
1714 612 1872 665 quam
1918 598 2111 651 ibidem
2155 597 2377 649 ollitinm

816 696 1029 755 ceperat
1077 696 1285 756 tempus
1306 728 1321 753 ,
1352 688 1443 740 tali
1484 687 1672 741 ordine
1711 688 1899 741 salutis
1926 689 1972 741 ei
2004 689 2217 742 occasio
2249 687 2383 741 divi-

818 777 966 829 nitus
1018 776 1346 845 providetur.
1406 776 1461 830 In
1514 777 1740 847 collegio
1792 778 2086 847 puellarum
2144 778 2381 845 ejusdem

819 864 960 928 loci,
992 865 1130 933 quod
1162 881 1303 920 nunc
1334 866 1563 920 feliciter
1596 868 1820 921 Domino
1852 868 2145 921 miserante
2189 879 2382 935 proce-

821 955 929 1019 dit,
961 965 1082 1008 erat
1122 956 1350 1023 quedam
1391 957 1631 1011 moribus
1669 966 1721 1010 et
1760 958 2166 1011 conversatione
2206 970 2385 1010 remo-

823 1046 927 1099 tior
956 1061 986 1099 a
1013 1048 1209 1101 ceteris
1230 1088 1245 1113 ,
1279 1049 1437 1103 annis
1474 1048 1760 1103 admodum
1790 1048 2149 1117 puellaribus,
2175 1048 2388 1101 nomine

829 1134 988 1189 Geisa
1010 1175 1025 1199 ,
1057 1151 1219 1205 quam
1251 1138 1413 1191 amita
1446 1138 1617 1192 eidem
1650 1140 1896 1207 religiosa
1932 1138 2209 1193 secretiori
2248 1137 2389 1207 apud

824 1242 882 1280 se
912 1227 1154 1281 custodia
1185 1229 1484 1294 educebat;
1518 1231 1617 1285 hec
1644 1229 1954 1301 Fredeburg
1986 1232 2281 1285 dicebatur.
2314 1230 2389 1283 Ea

823 1314 1003 1383 itaque
1041 1315 1201 1371 Geisa
1236 1333 1357 1372 cum
1397 1319 1464 1372 ad
1510 1320 1704 1373 artiora
1737 1335 1794 1373 se
1823 1321 2020 1375 cotidie
2048 1330 2234 1375 sancte
2262 1335 2390 1374 con-

820 1406 1142 1462 versationis
1171 1410 1521 1475 extenderet,
1548 1410 1687 1466 inter
1712 1422 1906 1465 cmtcra
1934 1414 2103 1467 sancti
2131 1412 2390 1482 propositi

818 1504 1137 1550 ornamenta
1157 1539 1170 1562 ,
1202 1500 1363 1553 etiam
1396 1500 1495 1555 sub
1519 1502 1663 1555 omni
1691 1511 1839 1555 veste
1866 1502 2025 1557 cilicii
2056 1518 2210 1556 usum
2242 1503 2393 1557 addi-

819 1586 993 1642 derat.
1017 1587 1291 1645 Jobannes
1315 1590 1430 1659 ejus
1455 1592 1683 1646 instituti
1710 1594 1802 1624 ¹⁵³¹
1825 1595 1996 1649 adhuc
2018 1595 2110 1627 ‘m
2135 1596 2218 1648 vix
2244 1595 2389 1665 (561)

821 1684 914 1730 aut
961 1678 1182 1732 omnino
1230 1680 1485 1750 ignarus,
1537 1682 1662 1736 dum
1712 1686 1942 1753 quadam
1994 1685 2113 1748 die,
2161 1701 2390 1755 quonam

821 1766 1089 1822 incertum
1137 1770 1287 1835 loco,
1321 1787 1443 1827 cum
1488 1789 1551 1828 ea
1600 1776 1987 1841 familiaribus,
2041 1787 2100 1830 ut
2137 1793 2257 1833 cum
2301 1794 2391 1833 ce-

2484 608 2536 649 et
2585 596 2905 649 sccularium
2956 594 3130 647 edicta
3182 590 3388 658 legum,
3438 588 3501 640 ad
3562 599 3723 639 unum
3777 597 3945 652 usque
3989 591 4047 635 ut

2484 686 2555 738 ita
2594 687 2765 739 dicam
2810 687 3028 739 verbum
3068 682 3234 737 corde
3278 680 3548 734 recondita
3597 678 3730 728 inire
3758 673 4043 727 continuit.

2484 778 2846 844 Omeliarum,
2877 792 3215 839 sermonum,
3250 788 3312 827 ac
3342 774 3673 826 diversorum
3720 777 4045 821 tractatuum

2488 871 2539 924 in
2592 870 2913 923 lectionibus
2954 867 3303 938 epistolarum
3350 864 3431 918 vel
3471 862 3903 932 evangeliorum,
3954 858 4048 912 sed

2487 969 2541 1013 et
2589 969 2737 1029 gesta
2792 968 3099 1013 sanctorum
3148 957 3191 1010 si
3242 970 3344 1023 qua
3396 964 3520 1007 sunt
3576 948 4047 1009 memorabilium,

2490 1058 2689 1102 tantam
2724 1050 2968 1118 concepit
3001 1047 3240 1101 notitiam
3265 1086 3278 1106 ,
3324 1056 3379 1097 ut
3420 1043 3674 1111 quociens
3713 1036 4051 1108 postmodum

2488 1144 2536 1197 ei
2566 1143 2906 1210 oportunitas
2939 1141 3073 1194 forte
3102 1139 3424 1193 accessisset
3467 1134 3745 1204 loquendi,
3793 1131 3901 1185 acsi
3942 1144 4053 1198 pne

2489 1233 2659 1288 oculis
2699 1233 2835 1285 liber
2878 1232 3123 1293 adesset,
3167 1245 3194 1281 a
3240 1230 3409 1297 prima
3455 1240 3623 1293 usque
3666 1224 3716 1277 in
3756 1232 4053 1276 extremam

2491 1322 2813 1376 sententiam
2864 1335 2929 1374 ex
2979 1318 3170 1371 ordine
3226 1327 3496 1383 tamquam
3555 1314 3668 1365 visa
3722 1322 4054 1380 persequens

2490 1411 2717 1481 vestigia
2773 1410 2949 1464 verbis
2997 1408 3371 1462 communibus
3427 1405 3677 1457 universa
3735 1399 4053 1455 revolveret.

2491 1504 2751 1561 Cantibus
2780 1500 3157 1557 ecclesiasticis
3186 1496 3285 1551 sub
3315 1496 3452 1550 idem
3483 1492 3739 1562 temporis
3771 1488 4057 1551 insudare,

2493 1612 2593 1651 nec
2642 1595 2861 1650 erubuit
2914 1608 3013 1646 nec
3068 1590 3392 1659 desperavit.
3439 1587 3504 1640 Et
3544 1586 3671 1638 licet
3716 1578 3955 1636 nonnulli
4001 1584 4062 1631 ut

2494 1686 2737 1739 alieniori
2763 1693 2921 1738 mtate
2944 1682 3119 1736 deludi
3147 1681 3306 1733 tacite
3330 1679 3565 1731 riderent
3596 1674 3864 1745 ingenium
3888 1712 3902 1734 ,
3934 1683 4058 1738 per-

2497 1778 2693 1832 tinacia
2728 1776 2851 1829 boui
2883 1773 3133 1828 desiderii
3166 1771 3413 1840 quamvis
3445 1770 3579 1822 duro
3610 1768 3847 1821 eluctato
3877 1762 4062 1815 labore

824 1859 955 1911 teris
1000 1860 1311 1926 adsolebat,
1361 1866 1702 1919 sermonibus
1744 1867 1973 1935 quedam
2028 1867 2322 1932 insereret,
2356 1883 2385 1920 a
2418 1854 2461 1913 Β
2494 1882 2717 1936 prorsus
2749 1864 2929 1916 evicit.

821 1960 1044 2018 pectore
1074 1953 1266 2022 puella:
1306 1955 1445 2009 intra
1488 1956 1809 2023 interulam,
1849 1974 1968 2027 quae
2008 1960 2184 2013 fuerat
2223 1962 2393 2016 subti—

831 2042 956 2105 lior,
997 2045 1242 2099 umbram
1284 2047 1443 2101 cilicii
1482 2050 1547 2102 ad
1588 2064 1803 2103 carnem
1842 2050 2061 2104 latentis
2098 2050 2197 2104 sub
2233 2050 2394 2105 dubio

820 2134 941 2188 visu
973 2135 1267 2202 prospexit.
1300 2136 1456 2190 Manu
1486 2138 1728 2206 protinus
1752 2138 1816 2191 ad
1848 2140 2239 2207 explorandum
2268 2140 2394 2209 quid

822 2234 968 2281 esset
996 2225 1190 2294 injecta
1214 2267 1230 2292 ,
1260 2229 1350 2282 ubi
1382 2243 1491 2283 rem
1520 2231 1763 2299 asperior
1797 2240 1969 2285 tactus
1998 2231 2242 2292 edocuit,
2277 2240 2394 2285 stu-

823 2333 955 2386 pore
986 2319 1290 2373 vehementi
1326 2328 1379 2374 et
1409 2329 1519 2375 toto
1549 2337 1772 2390 corpore
1816 2330 2050 2377 tremore
2091 2323 2392 2376 exhorruit.

825 2408 962 2475 Quid
994 2409 1186 2463 deinde
1211 2409 1299 2465 hic
1329 2410 1542 2465 habitus
1583 2412 1972 2481 praetenderet,
2014 2422 2391 2482 percuntatns,

826 2499 1179 2553 verecundior
1206 2499 1295 2553 illa
1324 2509 1379 2554 et
1408 2501 1605 2555 rubore
1630 2502 1778 2554 vultu
1808 2517 2025 2571 aspersa
2050 2543 2063 2565 ,
2110 2511 2394 2572 postquam

824 2588 1136 2657 aliquandiu
1167 2590 1504 2644 obticuerat:
1534 2609 1552 2641 ‹
1584 2591 1787 2655 Nescis,
1823 2592 2026 2659 inquid,
2060 2607 2155 2645 nos
2184 2607 2285 2644 non
2313 2590 2396 2643 isti

828 2679 1008 2733 seculo
1036 2680 1217 2734 vivere
1247 2688 1340 2734 aut
1381 2681 1653 2735 deservire
1679 2682 1875 2736 debere
1888 2683 1911 2735 ’ἓ
1934 2683 2044 2736 llee
2065 2684 2131 2735 ad
2157 2698 2275 2751 qtt:e
2304 2681 2396 2717 1'“

820 2769 1109 2839 plerosque
1149 2770 1360 2825 deditos
1389 2771 1568 2834 video,
1599 2785 1733 2823 vana
1767 2786 1987 2839 prorsus
2016 2780 2069 2825 et
2094 2772 2395 2824 animarum

823 2862 1183 2931 perditionem
1206 2877 1329 2916 esse
1354 2861 1644 2931 perpendo.
1672 2861 1850 2932 Longe
1875 2861 2009 2916 alius
2034 2862 2159 2915 mihi
2188 2861 2398 2914 animus

825 2952 895 3007 ab
936 2952 1050 3016 his,
1080 2951 1284 3022 proprii
1316 2960 1522 3006 tantum
1556 2952 1779 3021 periculi
1812 2952 2098 3005 sollicitam
2131 2951 2221 2983 ¹⁸³³
2252 2950 2398 3019 cogit

820 3044 1075 3099 existere.
1094 3062 1110 3093 ι
1135 3042 1295 3096 Plura
1320 3040 1374 3097 in
1401 3044 1542 3096 hunc
1559 3042 1772 3096 modum
1800 3042 1971 3096 sancti
2002 3041 2249 3095 desiderii
2278 3055 2397 3093 ver-

818 3135 885 3189 ba
910 3149 1031 3188 eam
1066 3133 1377 3203 replicasset
1400 3173 1413 3195 ,
1439 3131 1711 3186 Joltannes
1736 3132 1804 3185 ab
1828 3132 1935 3185 imo
1957 3130 2193 3200 pectoris
2214 3130 2266 3183 in
2290 3128 2395 3181 alta

2567 1954 2651 2008 l9.
2687 1954 2795 2006 Hec
2839 1954 2886 2004 ei
2918 1952 3132 2005 interim
3182 1958 3493 2003 sanctorum
3544 1945 3892 2013 negociorutn
3940 1940 4063 1994 ocia

2493 2059 2616 2098 cum
2666 2041 2935 2111 prtcdictis
2974 2039 3184 2093 ancillis
3223 2038 3317 2091 Dei
3362 2036 3531 2089 fuere.
3581 2035 3656 2087 Ex
3704 2033 3856 2100 cujus
3901 2031 4065 2085 etiam

2495 2131 2704 2200 collegii
2752 2128 3095 2183 multitudine
3136 2126 3418 2195 plerasque
3453 2123 3544 2159 ⁸⁸³⁸
3571 2124 3638 2175 ab
3684 2121 3880 2174 infimis
3922 2118 4069 2171 dele-

2494 2220 2823 2275 ctationibus
2887 2215 2953 2269 ad
3014 2215 3313 2269 crelestium
3376 2212 3763 2266 desideriorum
3823 2208 4069 2261 ﬂammas

2498 2312 2621 2381 igne
2669 2309 2837 2363 divini
2886 2306 3083 2375 eloquii
3136 2304 3479 2373 permutavit.
3533 2302 3648 2367 Qne
3702 2314 3844 2352 nunc
3898 2310 4071 2363 usque

2498 2408 2664 2455 testes
2694 2398 2900 2453 ordinis
2930 2397 3054 2449 vita:
3086 2396 3450 2460 virtutumque
3492 2390 3606 2458 ejus
3646 2390 3905 2442 existunt.
3947 2384 4069 2437 Jam

2498 2504 2625 2544 vero
2662 2490 2713 2541 in
2746 2488 2958 2541 caeteris
2987 2484 3261 2539 exercitiis
3303 2482 3665 2551 spiritalibus,
3701 2477 4068 2538 continentia,

2492 2578 2722 2647 jejunio,
2754 2574 2982 2647 vigiliis,
3013 2574 3316 2628 orationum
3360 2570 3665 2640 frequentia
3689 2608 3701 2631 ,
3743 2567 3826 2619 vel
3864 2564 4071 2632 reliquo

2498 2672 2680 2727 labore
2720 2682 3014 2738 corporeo,
3047 2667 3333 2733 carnisque
3360 2661 3745 2730 castigatione,
3775 2666 3977 2727 quanta
4009 2668 4070 2708 se

2499 2769 2698 2821 virtute
2726 2764 3025 2818 accinxerit
3047 2802 3060 2824 ,
3094 2769 3147 2813 et
3179 2761 3244 2813 de
3273 2760 3357 2813 die
3386 2759 3437 2811 in
3478 2758 3619 2810 diem
3662 2752 3971 2809 melioribus
4007 2764 4071 2805 se

2500 2872 2838 2931 przeparans,
2871 2856 3043 2925 gratia
3091 2852 3294 2907 Christi
3348 2850 3645 2904 comitante
3701 2847 3754 2899 in
3809 2842 4069 2897 ulteriora

2499 2964 2713 3017 semper
2744 2945 3065 3007 tetenderit,
3098 2941 3439 3011 sequentium
3468 2935 3817 2991 attestatione
3846 2946 4070 3003 cperum

2499 3039 2723 3094 forsitan
2757 3036 2945 3090 melius
2975 3032 3444 3088 demonstraliitur.

2570 3131 2659 3184 20.
2704 3129 2784 3182 Ad
2826 3127 3008 3180 mundi
3051 3130 3415 3190 contemptum
3446 3128 3499 3171 et
3530 3116 3842 3170 facultatum
3873 3126 4072 3165 renun-

820 3224 1092 3277 excitatus
1134 3223 1364 3291 suspiria
1395 3240 1407 3275 :
1439 3240 1457 3271 ι
1490 3220 1598 3283 Ve,
1647 3220 1832 3290 inquid
1858 3260 1873 3285 ,
1926 3196 2125 3276 misero
2168 3220 2298 3274 mihi
2343 3228 2399 3273 et
2428 3196 2472 3256 (ἶ
2508 3219 2786 3273 tiationem
2821 3230 2886 3268 ex
2922 3214 3160 3279 integro,
3191 3209 3338 3264 onmi
3371 3206 3638 3261 desiderio
3667 3202 3930 3257 estuabat.
3964 3199 4073 3254 Sed

822 3310 1174 3371 ignavissimo
1197 3352 1209 3374 ,
1242 3311 1331 3378 qui
1361 3310 1563 3363 tamdiu
1597 3324 1776 3363 moras
1805 3302 1909 3362 non
1938 3309 2094 3362 modo
2121 3307 2397 3374 steriliter,

822 3400 916 3454 sed
947 3399 1111 3457 etiam
1144 3399 1353 3467 perdite
1386 3399 1613 3453 vivendo
1642 3400 1881 3469 protraxi
1908 3401 1921 3452 ἱ
1958 3398 2179 3454 Scilicet
2210 3416 2295 3455 me
2322 3401 2402 3454 vi-

824 3505 943 3543 rum
965 3529 979 3552 ,
1013 3490 1158 3543 hunc
1189 3487 1516 3559 l‘ragiliorem
1546 3504 1733 3543 sexum
1776 3490 1974 3543 virtute
2015 3491 2208 3560 pneire
2243 3506 2403 3560 opor-

825 3580 948 3633 tuit.
983 3578 1117 3633 Nam
1150 3594 1363 3634 summo
1389 3579 1588 3647 probro
1604 3588 1673 3657 ,ει
1700 3580 2024 3634 contumelia
2044 3620 2058 3645 ,
2095 3597 2199 3636 non
2230 3581 2402 3635 solum

826 3684 931 3722 non
966 3684 1267 3738 consequor
1286 3667 1398 3738 jam
1432 3669 1825 3734 ambulantem,
1872 3670 1966 3723 sed
2015 3686 2114 3725 nec
2154 3672 2309 3726 deses
2352 3681 2408 3726 et

828 3766 973 3812 totus
999 3758 1195 3812 herens
1218 3767 1362 3813 terre
1384 3758 1492 3811 ullo
1518 3766 1663 3811 motu
1690 3759 2007 3828 progredior
2027 3768 2116 3812 aut
2135 3761 2363 3814 conitor.
2380 3780 2399 3813 ι

900 3851 988 3904 18.
1031 3849 1126 3904 llis
1168 3850 1333 3920 igitur
1372 3850 1552 3903 acrius
1594 3848 1903 3904 stimulatus
1943 3858 1999 3903 et
2040 3864 2201 3918 supra
2245 3866 2407 3919 quam

830 3942 963 3996 alias
996 3943 1225 3997 antehac
1254 3940 1573 4011 cujusquam
1609 3944 1859 4012 exemplo
1888 3944 2101 3998 virtutis
2128 3960 2406 4010 accensus,

827 4031 894 4085 de
926 4029 1266 4100 perfeCtioris
1298 4031 1421 4085 vitae
1454 4032 1794 4087 institutione
1828 4033 1932 4085 lixa
1982 4042 2163 4087 mente
2204 4033 2410 4088 delibe-

828 4130 935 4175 rat.
970 4121 1218 4175 Studium
1262 4122 1447 4191 itaque
1498 4121 1750 4176 lectionis
1795 4122 1991 4176 divina!
2035 4138 2157 4177 cum
2206 4123 2408 4177 eisdem

830 4209 1042 4264 ancillis
1075 4210 1168 4264 Dei
1200 4224 1408 4264 summa
1448 4209 1500 4263 vi
1546 4211 1727 4265 statim
1774 4212 2036 4281 arripuit,
2079 4220 2131 4265 et
2178 4212 2410 4281 primum

830 4312 1001 4351 sacra:
1050 4297 1352 4353 bibliotecze
1386 4299 1670 4353 historiam
1702 4297 1913 4355 Veteris
1956 4314 2022 4354 ac
2054 4298 2187 4354 N0vi
2227 4298 2413 4353 Testa-

830 4388 997 4443 menti
1028 4404 1350 4459 percurrens
1379 4406 1446 4446 ex
1478 4391 1717 4463 integro,
1748 4390 1942 4447 deinde
1982 4406 2317 4461 quecumque
2358 4391 2410 4444 in

829 4477 1033 4531 divinis
1080 4476 1269 4534 ciliciis
1318 4480 1482 4535 certis
1531 4481 1865 4551 temporibus
1912 4481 1965 4535 in
2012 4480 2253 4536 sacclesia
2300 4479 2407 4534 fre-

831 4577 1145 4637 quentatur,
1181 4569 1426 4625 lectionis
1452 4570 1575 4626 libri
1604 4572 1695 4642 qui
1732 4571 1959 4626 Comitis
2001 4571 2199 4626 dicitur
2239 4570 2406 4641 (562),

832 4660 1115 4715 orationes
1145 4670 1200 4716 et
1233 4662 1275 4716 si
1307 4677 1411 4731 qua
1444 4672 1571 4718 sunt
1600 4663 2011 4718 sacramentarii
2056 4662 2109 4716 in
2156 4677 2286 4716 usus
2328 4663 2411 4715 di-

835 4766 1055 4812 versos.
1098 4752 1309 4822 regulas
1350 4755 1790 4823 supputationem
1834 4751 2243 4823 temporalium,
2289 4766 2409 4820 qua:

836 4856 1022 4896 coram
1072 4842 1345 4897 antedicto
1391 4842 1630 4896 Bernero
1677 4842 1902 4896 diacono
1934 4841 2084 4909 prius
2128 4854 2197 4894 ex
2241 4840 2406 4893 multa

835 4944 988 5002 parte
1028 4932 1325 5003 relegerat,
1363 4934 1639 4989 memoriae
1682 4932 1941 4992 vicaciter
1971 4931 2120 5001 (565)
2152 4941 2212 4984 ut
2252 4944 2407 4983 nemo

841 5025 1092 5091 superius
1124 5026 1540 5081 commendavit.
1584 5023 1843 5093 Precepta
1883 5022 2160 5079 canonica:
2200 5022 2412 5075 institu-

838 5115 1035 5180 tionis,
1071 5117 1172 5171 hoc
1206 5127 1291 5171 est
1332 5119 1546 5173 decreta
1594 5106 1945 5170 concilioruin
1969 5153 1985 5177 ,
2016 5111 2216 5180 judicra
2260 5128 2413 5181 pent-

2498 3325 2609 3379 quo
2641 3308 2878 3362 locorum
2921 3318 2979 3357 se
3022 3302 3330 3362 conferret,
3372 3314 3476 3351 non
3523 3296 3681 3350 facile
3721 3292 4071 3363 pervidcbat,

2502 3398 2638 3451 adeo
2692 3392 3061 3462 exemplorum
3115 3389 3268 3457 copia
3318 3402 3375 3440 se
3423 3402 3489 3440 ex
3542 3394 3649 3438 tota
3704 3384 3803 3436 hac
3853 3380 4073 3448 regione

2503 3484 2870 3545 subduxerat,
2930 3493 3028 3532 nec
3078 3478 3242 3530 ullum
3299 3475 3519 3527 omnino
3570 3470 3958 3526 monasterium
4016 3468 4073 3519 in

2503 3574 2719 3631 cunctis
2748 3570 3035 3639 Cisalpinis
3068 3567 3311 3636 partibus
3338 3566 3431 3619 sed
3465 3574 3519 3619 et
3558 3565 3647 3617 vix
3692 3564 3744 3615 in
3779 3562 3893 3630 ipsa
3925 3558 4075 3613 Italia

2505 3665 2847 3726 audiebatur,
2893 3663 2945 3715 in
2989 3674 3093 3726 quo
3135 3655 3396 3726 regularis
3430 3654 3550 3707 vita:
3578 3652 3854 3720 diligentia
3888 3663 4075 3703 serva-

2509 3765 2680 3809 retur.
2713 3753 2849 3819 Quia
2883 3750 3044 3820 igitur
3071 3762 3177 3816 quo
3208 3761 3266 3800 se
3298 3751 3535 3796 verteret
3577 3738 3890 3811 ignorabat,
3935 3736 4079 3805 quod

2507 3846 2683 3901 solum
2744 3850 2959 3912 poterat
3012 3840 3251 3892 virorum
3307 3833 3683 3903 quorundam,
3742 3843 3876 3897 quos
3934 3826 4078 3907 fama

2507 3935 2776 4005 vulgatior
2808 3931 2895 3963 ¹⁵³⁷
2932 3946 2961 3982 a
2990 3928 3327 3982 surcularium
3356 3922 3766 3977 conversatione
3795 3903 4079 3985 sejungere

2509 4025 2811 4084 videbatur,
2862 4020 3118 4088 frequens
3174 4016 3358 4069 limina
3410 4011 3724 4093 obterebat,
3783 4020 4079 4075 eorumque

2511 4114 2818 4171 actionibus
2862 4112 3139 4171 intentus,
3186 4121 3287 4160 nec
3339 4106 3392 4158 in
3438 4100 3837 4157 conlaborando
3868 4096 3960 4130 ¹⁵³⁸
3991 4096 4075 4149 itt-

2512 4206 2698 4267 ferior,
2732 4215 2971 4257 mensem
3001 4199 3317 4268 plerumque
3345 4203 3438 4248 aut
3468 4208 3531 4247 eo
3561 4191 3788 4260 amplius
3807 4228 3822 4253 ,
3854 4202 3995 4240 nunc
4024 4187 4078 4240 in

2513 4295 2669 4350 istius
2701 4305 2843 4345 nunc
2877 4290 2929 4343 in
2960 4288 3103 4342 illius
3133 4284 3489 4340 contubernio
3518 4292 3573 4335 et
3614 4294 3828 4349 quoquo
3857 4284 4071 4346 poterat

2512 4382 2770 4451 obsequio
2797 4378 3064 4449 exigebat.
3109 4374 3261 4428 Metis
3288 4388 3383 4442 per
3417 4373 3466 4425 id
3500 4369 3757 4439 temporis
3812 4367 3917 4420 duo
3945 4380 4079 4419 con-

2516 4472 2739 4528 tinentis
2775 4471 2899 4523 vitaz
2941 4465 3210 4537 praeconio
3251 4464 3384 4516 satis
3425 4460 3666 4515 celebres
3705 4456 4077 4511 habebantur:

2516 4567 2653 4619 alter
2706 4560 3005 4615 Rotlandus
3058 4555 3201 4611 scole
3254 4563 3535 4609 cantorum
3592 4551 3642 4602 in
3698 4548 3857 4603 domo
3908 4545 4081 4600 sancti

2518 4651 2773 4721 Stephani
2803 4646 3117 4720 praesidens,
3145 4652 3199 4698 et
3226 4643 3278 4696 in
3307 4639 3685 4696 remotioribus
3708 4636 3930 4691 oratorii
3958 4648 4084 4688 san-

2514 4746 2587 4812 cti
2624 4742 2919 4805 Michaelis,
2951 4738 3093 4809 quod
3121 4744 3239 4792 erat
3269 4736 3321 4789 in
3352 4733 3630 4803 superiora
3665 4729 3903 4798 ejusdem
3933 4725 4081 4781 basi-

2514 4836 2630 4889 licae
2657 4831 2829 4888 sancti
2871 4826 3151 4897 Stephani,
3193 4822 3526 4879 orationibus
3546 4860 3560 4885 ,
3595 4818 3813 4889 pszthnis
3839 4855 3854 4882 ,
3886 4815 4083 4869 missa-

2510 4938 2737 4993 rumque
2764 4918 3234 4979 celebrationibus,
3263 4922 3448 4968 noctes
3471 4912 3694 4978 diesque
3728 4906 4078 4967 continuatis;

2512 5020 2649 5074 alter
2672 5016 3069 5073 Warimbertus
3103 5011 3242 5080 apud
3284 5008 3557 5062 basilicam
3586 5003 3756 5060 sancti
3791 4998 4084 5056 Salvatoris

2516 5126 2621 5165 non
2658 5109 2811 5175 longe
2842 5122 2869 5158 a
2903 5102 3153 5158 claustris
3184 5099 3504 5154 clericorum
3530 5135 3544 5160 ,
3576 5094 3691 5164 pari
3736 5088 4085 5147 nihilominus

2108 5245 2191 5298 VA
2202 5243 2338 5298 lli/ﬁ
2415 5236 2808 5297 LECTIONES.
