4472 5522
386 392 491 447 255

1342 388 1429 443 DE
1469 388 1621 443 ΥΙΤΑ
1660 388 1942 444 JOANMS
1981 389 2269 444 Αιιωτιδ
2306 388 2731 445 GORZIENSIS.

3535 388 3640 445 254

387 492 565 559 studio
594 503 648 556 in
676 504 837 557 rbus
866 501 1061 555 divinis
1105 500 1321 557 Christo
1356 504 1686 558 deserviens.
1727 502 1964 570 Quorum
1996 512 2039 566 Α
2073 517 2166 556 nes
2193 502 2324 556 nihil
2356 512 2554 566 motus,
2580 502 2893 555 nmltotiens
2917 501 3077 556 etiam
3104 510 3282 557 tantas
3313 504 3361 556 in
3391 502 3644 560 inbecillo

388 598 495 651 vite
524 594 777 649 omnibus
807 593 1198 663 acceptissima:
1220 602 1385 650 testes
1408 595 1582 650 adhuc
1607 595 1756 649 multi
1780 610 1967 665 super-

386 695 531 749 sunt,
570 701 639 740 ex
678 685 910 756 quibus,
957 685 1001 739 si
1034 686 1155 754 quis
1199 685 1358 751 velit,
1404 686 1614 756 plenius
1653 696 1829 758 potest
1874 687 1968 741 ad-

389 775 621 829 discere.

380 927 385 931 ο
456 853 558 920 2ιῖ
592 866 687 921 llis
733 868 912 935 itaque
960 884 1064 922 non
1112 883 1278 935 parvo
1307 878 1546 941 tempore
1591 871 1889 935 cohaerens,
1915 880 1971 925 et

390 957 557 1012 multo
586 958 754 1011 divini
784 959 960 1028 aperis
990 957 1172 1013 labore
1198 975 1256 1014 se
1293 960 1464 1029 ipsum
1503 976 1783 1025 exercens,
1806 961 1971 1016 etiam

384 1033 530 1119 ‘apud
557 1050 785 1104 eandem
813 1051 990 1105 sancti
1015 1049 1315 1107 Salvatoris
1343 1053 1618 1109 basilicam
1650 1055 1971 1109 retrusionis

392 1141 658 1206 cellulam,
692 1144 741 1196 in
769 1157 872 1212 qua
902 1151 1160 1212 perpetuo
1206 1143 1552 1199 clauderetur
1572 1186 1586 1209 ,
1616 1146 1842 1200 adorsus
1865 1155 1966 1201 est.

395 1231 498 1287 Sed
529 1234 695 1287 credo
718 1232 815 1286 loci
842 1233 1282 1288 incommoditate
1305 1232 1557 1296 olfensus,
1591 1244 1775 1304 utpote
1797 1236 1972 1290 medio

394 1324 581 1385 urbis,
632 1332 686 1377 et
736 1324 911 1392 potius
960 1332 1167 1378 secreta
1208 1324 1449 1392 quelibet
1492 1324 1745 1379 silvarum
1794 1326 1974 1380 animo

396 1411 685 1466 tnetlitatns
710 1452 724 1475 ,
765 1413 979 1465 interim
1012 1413 1198 1466 statuit
1246 1411 1620 1466 differendum.
1670 1413 1863 1466 Audita
1896 1413 1976 1466 in-

397 1510 543 1554 terea
569 1500 712 1554 fama
760 1500 862 1553 viri
897 1500 1220 1554 venerabilis
1264 1499 1566 1562 llumberti,
1611 1501 1701 1571 qui
1753 1501 1974 1555 Virdtmi

399 1592 659 1655 reclusus,
684 1603 739 1647 et
768 1592 990 1647 scientia
1024 1592 1323 1646 litterarum
1356 1605 1687 1658 sanctarum,
1713 1604 1767 1648 et
1792 1594 1977 1648 lauda-

395 1682 519 1736 bilis
564 1684 687 1735 vita:
718 1681 1026 1735 testimOnio
1065 1682 1280 1745 clarus,
1325 1690 1380 1734 et
1424 1683 1617 1736 merito
1665 1692 1881 1736 sanctus
1910 1683 1977 1735 ab

396 1771 644 1824 omnibus
678 1786 742 1823 eo
788 1770 891 1823 luci
939 1771 1271 1834 habebatur,
1306 1770 1555 1825 celeriter
1598 1772 1662 1825 ad
1696 1785 1817 1824 eum
1851 1786 1980 1824 con-

2068 608 2295 662 corpore
2322 594 2465 647 vires
2490 608 2609 647 cmn
2650 592 2881 661 quodam
2931 601 3150 663 stupore
3180 609 3362 648 serum
3392 609 3645 664 compen-

2069 699 2195 738 sans
2223 712 2290 723 —
2318 692 2438 737 erat
2484 682 2627 736 enim
2679 682 2849 737 macie
2895 692 2949 737 ct
2989 683 3240 752 squalore
3296 684 3462 738 nimio
3513 700 3643 739 con-

2071 775 2244 829 fectus
2280 805 2349 814 —
2375 789 2495 829 cum
2528 788 2592 827 eo
2623 773 2930 841 aliquandiu
2955 783 3039 827 est
3069 783 3453 839 commoratus,
3478 774 3646 829 cellu-

2071 865 2175 919 lam
2222 881 2434 935 quoque
2482 864 2581 919 sibi
2622 864 2688 917 ad
2730 864 3077 918 habitandum
3134 866 3417 933 compegit.
3461 864 3649 921 Plures

2073 965 2199 1010 tunc
2229 971 2295 1009 ex
2326 956 2503 1010 vicino
2549 954 2782 1008 civitatis
2825 952 2947 1007 illuc
2976 952 3178 1007 visendi
3225 954 3395 1023 gratia
3428 954 3651 1009 venien-

2074 1056 2173 1109 tes,
2207 1056 2263 1101 et
2304 1057 2515 1115 queque
2567 1042 2891 1097 necessariis
2930 1044 3117 1097 usibus
3148 1041 3509 1106 conferentes,
3544 1059 3651 1099 non

2074 1138 2353 1194 minimum
2384 1136 2436 1191 in
2479 1146 2665 1191 sancto
2703 1135 2969 1190 desiderio
3016 1136 3465 1191 accendebantur.
3511 1135 3654 1190 Inter

2073 1244 2209 1299 quos
2252 1236 2303 1280 et
2354 1228 2610 1295 pratfatns
2650 1224 2975 1279 llumbertus
3022 1223 3337 1295 plerumque
3388 1225 3653 1279 accedens

2074 1325 2406 1392 thindeque
2448 1323 2704 1377 recedens
2727 1362 2740 1384 ,
2780 1336 3160 1389 uoonunqnam
3192 1330 3244 1375 et
3296 1320 3511 1390 aliquod
3538 1321 3655 1376 dies

2076 1414 2405 1476 subsistens;
2450 1424 2501 1466 et
2541 1412 2759 1481 quidam
2803 1410 2882 1463 vir
2933 1412 3149 1464 natione
3182 1410 3372 1473 Britto,
3411 1410 3657 1464 Andreas

2078 1506 2311 1565 nomine,
2339 1502 2650 1556 liberalibus
2684 1501 2927 1569 adprime
2958 1502 3152 1554 studiis
3176 1501 3439 1565 eruditus,
3488 1502 3580 1555 sed
3604 1507 3660 1553 et

2080 1594 2243 1647 animi
2274 1594 2466 1646 virtute
2494 1592 2812 1662 praepollens
2837 1631 2850 1655 ,
2880 1600 2935 1644 et
2976 1591 3117 1659 quod
3149 1590 3230 1643 bis
3256 1589 3427 1657 majus
3469 1598 3571 1653 est,
3604 1590 3660 1643 in

2081 1686 2257 1739 divina
2288 1684 2576 1738 admodum
2607 1683 2902 1737 studiosus.
2938 1682 3035 1735 llic
3064 1682 3131 1735 de
3162 1685 3332 1752 patria
3367 1681 3539 1736 insula
3570 1680 3657 1733 in-

2084 1771 2368 1826 festatione
2418 1770 2871 1824 Nortmanuorum
2903 1810 2917 1833 ,
2959 1772 3167 1825 cunctis
3200 1770 3440 1839 ejusdem
3476 1769 3663 1824 insula:

399 1860 605 1922 tendit,
661 1870 717 1914 et
760 1860 909 1914 brevi
960 1860 1162 1914 mutuis
1218 1860 1740 1917 confabulationibus
1800 1863 1979 1915 animo
2013 1856 2055 1917 Β
2085 1863 2274 1918 incolis
2308 1871 2399 1915 aut
2452 1862 2648 1915 occisis
2676 1870 2769 1913 aut
2818 1859 3042 1929 fugatis,
3095 1876 3215 1913 cum
3254 1860 3495 1930 pluribus
3542 1860 3664 1914 aliis

402 1951 539 2005 inter
564 1965 623 2006 se
654 1950 1113 2015 coadolescentes,
1145 1952 1362 2022 aliquod
1394 1953 1510 2008 dies
1536 1969 1657 2009 cum
1688 1970 1752 2009 eo
1779 1956 1975 2025 exegit.

401 2040 653 2095 Omnium
695 2042 890 2095 ibidem
932 2056 1253 2096 excessuum
1290 2057 1507 2095 suorum
1541 2059 1728 2112 puram
1777 2044 1981 2097 confvs-

400 2130 609 2183 sionem
640 2131 935 2199 deponens,
967 2146 1033 2183 ex
1070 2131 1255 2184 eodem
1286 2133 1577 2186 venerabili
1612 2134 1726 2188 viro
1754 2132 1981 2187 formam

402 2220 709 2289 peuitentia:
749 2222 909 2289 cepit.
957 2220 1221 2276 Carnibns
1252 2233 1307 2274 ut
1345 2233 1560 2292 putatur
1587 2226 1654 2277 ab
1702 2225 1818 2293 ipso
1852 2234 1985 2277 tem-

402 2328 531 2382 pore.
561 2312 1087 2377 onntinoﬁabstiuuit,
1133 2322 1187 2366 et
1210 2314 1410 2383 jejunia
1442 2315 1542 2368 sibi
1570 2330 1785 2385 semper
1812 2316 1985 2368 amica

404 2400 689 2471 infatigato
726 2404 906 2473 rigore
935 2404 1185 2474 arripuit.

473 2492 563 2546 22.
607 2492 740 2547 Cum
787 2508 914 2548 vero
958 2495 1331 2562 comperisset,
1371 2504 1424 2549 et
1455 2496 1682 2549 alterum
1715 2494 1987 2565 quendam

405 2581 705 2635 solitarium
750 2582 803 2636 in
849 2581 1044 2637 vicinia
1071 2582 1309 2651 ejusdem
1351 2586 1607 2650 civitatis,
1646 2587 1785 2639 intra
1815 2602 1991 2640 remo-

410 2672 544 2726 tiora
574 2670 745 2726 saltus
774 2671 865 2741 qui
898 2673 1151 2740 Argonna
1198 2675 1343 2745 (564)
1381 2676 1601 2742 dicitur,
1633 2675 1988 2741 commorari,

408 2764 571 2819 etiam
605 2764 748 2819 hunc
776 2764 962 2819 eadem
995 2763 1223 2819 fervoris
1267 2768 1525 2821 instantia
1557 2768 1729 2830 adiit,
1776 2772 1817 2821 si
1852 2766 1992 2821 forte

411 2855 605 2910 ibidem
637 2855 907 2910 desiderio
928 2856 1016 2909 diu
1047 2866 1309 2927 concepto
1339 2858 1405 2913 de
1424 2859 1629 2913 heremi
1657 2858 1993 2913 habitatione

409 2943 727 2999 satisfacere
752 2954 952 3013 posset.
983 2945 1080 3000 llic
1121 2956 1300 3002 autem
1332 2949 1640 3013 solitarius,
1670 2947 1993 3002 Lanﬂiertus

409 3035 647 3100 nomine,
680 3046 733 3089 ct
767 3037 1007 3091 moribus
1052 3047 1106 3092 et
1145 3039 1375 3093 scientia
1416 3041 1638 3095 omnino
1686 3040 1993 3094 rusticanus

408 3134 546 3189 erat,
574 3136 628 3179 et
660 3125 761 3179 nisi
785 3127 928 3195 quod
975 3126 1175 3183 multus
1205 3127 1390 3195 labor,
1433 3146 1540 3200 quo
1566 3132 1697 3186 satis
1724 3146 1994 3201 superque

2082 1956 2253 2012 doctis
2288 1970 2440 2024 teque
2465 1969 2527 2008 ac
2554 1953 2889 2022 sapientibus
2915 1953 3043 2006 viris
3066 1952 3269 2022 pulsus,
3302 1967 3328 2004 a
3374 1952 3665 2007 reverende

2083 2050 2386 2105 sanctitatis
2433 2048 2683 2116 episeopo
2744 2046 3002 2107 Dadone,
3056 2044 3210 2112 cujus
3256 2059 3416 2113 supra
3463 2042 3665 2097 mentio

2084 2144 2224 2198 facta
2254 2151 2333 2196 est
2365 2140 2533 2212 (565),
2585 2140 2636 2193 in
2686 2137 3137 2193 Moule-Falconis
3165 2137 3314 2206 (366)
3358 2152 3480 2190 cum
3534 2151 3666 2189 non-

2086 2234 2243 2288 nullis
2270 2233 2359 2301 qni
2393 2246 2512 2285 cmn
2542 2246 2606 2284 eo
2640 2231 2973 2283 advenerant
3016 2228 3350 2282 BrittOnibus
3382 2236 3664 2295 exceptus,

2085 2335 2133 2378 et
2162 2325 2293 2377 satis
2324 2321 2618 2375 liberaliter
2641 2329 2723 2373 est
2750 2328 3086 2388 procuratus.

2154 2416 2245 2470 24.
2284 2415 2416 2469 Cum
2460 2414 2540 2466 his
2566 2412 2962 2466 communicato
3014 2411 3240 2466 consilio
3267 2450 3280 2474 ,
3317 2419 3495 2463 utrum
3548 2408 3666 2462 loco

2088 2509 2274 2563 eodem
2307 2506 2407 2559 sibi
2450 2504 2664 2558 salubre
2708 2518 2770 2557 ac
2799 2501 3114 2572 frugiferum
3157 2511 3300 2555 esset
3325 2514 3564 2562 manere,
3593 2497 3669 2551 illi

2090 2609 2147 2653 ut
2174 2598 2314 2653 cauti
2350 2605 2403 2651 et
2449 2595 2591 2649 illius
2627 2602 2988 2664 portentuosa:
3035 2592 3343 2647 stoliditatis
3391 2590 3669 2645 ltercmitze

2091 2702 2301 2741 morum
2336 2701 2439 2739 non
2469 2683 2664 2755 ignari,
2695 2684 2762 2737 ab
2798 2680 2914 2749 ejus
2958 2681 3361 2735 cohabitatione
3394 2679 3666 2732 ontnimo-

2091 2778 2171 2831 dis
2200 2776 2437 2830 animum
2470 2772 2834 2835 dcllexerunt;
2884 2771 3114 2825 maxime
3142 2770 3328 2825 eodem
3374 2767 3671 2821 llumberto

2090 2867 2369 2928 suadente,
2402 2871 2461 2917 ut
2503 2862 2729 2915 Romam
2776 2860 3090 2915 memoriam
3137 2857 3415 2913 beatorum
3458 2865 3672 2925 aposto-

2091 2956 2263 3011 lorum
2292 2955 2646 3024 supplicatum
2681 2951 2833 3021 prius
2862 2951 3013 3004 adire
3043 2956 3350 3017 temptaret,
3399 2946 3538 3015 quod
3572 2946 3673 2999 iter

2094 3052 2206 3120 ipse
2232 3050 2343 3120 jam
2385 3047 2587 3103 dudum
2637 3044 2747 3099 Deo
2782 3044 3011 3115 propitio
3043 3050 3328 3111 exegerat,
3367 3048 3421 3093 et
3464 3040 3544 3092 sic
3582 3038 3676 3092 de-

2095 3159 2241 3197 :num
2269 3143 2375 3194 vita
2411 3139 2610 3194 comite
2658 3137 2895 3201 rediens,
2927 3134 3069 3203 quod
3120 3133 3171 3186 in
3218 3146 3500 3186 conmmnc
3538 3129 3677 3183 ratio

408 3214 701 3269 durissimo
726 3225 779 3269 et
823 3216 967 3269 velut
999 3216 1363 3273 inrationabili
1410 3235 1469 3276 se
1496 3222 1667 3292 ipsum
1698 3222 1991 3286 atterebat,
2020 3216 2065 3277 C
2097 3235 2495 3289 demonstraret
2523 3229 2728 3299 pariter
2754 3236 3179 3296 exsequerentur
3205 3224 3318 3275 "W.
3353 3222 3472 3275 Mox
3498 3235 3679 3274 moras

408 3320 531 3359 eum
585 3304 925 3375 aliquatenus
982 3306 1036 3359 in
1090 3308 1251 3362 rebus
1297 3309 1494 3364 divinis
1541 3313 1994 3374 commendabat,

408 3395 546 3450 alias
574 3396 799 3451 Stolidus
820 3409 874 3451 et
895 3398 1125 3472 agrestis
1165 3408 1311 3454 totus
1344 3402 1587 3470 parebat,
1622 3412 1679 3455 ut
1721 3403 1811 3471 qui
1859 3403 1996 3458 forte

410 3487 773 3540 intirmiurnm
830 3503 951 3541 eum
998 3501 1395 3559 conspexerat,
1464 3494 1632 3547 risum
1684 3504 1866 3548 tenere
1907 3494 1995 3547 vix

407 3587 612 3647 posset.
655 3575 888 3648 Tegendi
912 3580 1155 3647 corporis
1185 3582 1346 3635 etiam
1376 3592 1431 3637 et
1469 3585 1913 3639 verecundiorum
1946 3585 1995 3640 ei

407 3685 537 3725 cura
566 3679 869 3741 postrema;
902 3671 1256 3740 similiterque
1300 3672 1406 3727 cibi
1431 3673 1512 3726 vel
1544 3683 1699 3743 potus
1724 3674 1879 3744 longe
1908 3687 2000 3727 ce-

409 3762 541 3817 teris
571 3763 905 3818 mortalibus
938 3778 1068 3817 usus
1114 3762 1415 3818 dissimilis.
1449 3763 1681 3818 Medium
1725 3763 1997 3832 integrum

409 3850 597 3906 farina:
646 3851 700 3905 in
747 3868 910 3905 unum
956 3851 1275 3921 plerumque
1322 3867 1517 3922 panem
1554 3853 1865 3922 redegerat,
1904 3852 1996 3921 qui

408 3957 651 3998 mensem
675 3954 769 3997 aut
790 3952 939 3999 certe
963 3945 1095 3999 duos
1119 3943 1167 3998 ei
1192 3941 1479 4006 sufﬁceret,
1505 3944 1676 3999 donec
1699 3960 1808 4014 pra:
1831 3944 1996 3999 nimia

410 4032 609 4087 duritia
658 4033 761 4087 nisi
808 4015 987 4089 secdri
1032 4050 1139 4089 non
1187 4042 1371 4103 posset
1410 4032 1713 4105 ell‘ringere,
1768 4035 1999 4104 indeque

410 4123 509 4178 sibi
538 4124 861 4192 particulam
893 4125 960 4179 ad
994 4125 1204 4194 pondus
1254 4125 1451 4180 cotidie
1492 4126 1824 4196 praeriperet.
1862 4125 1997 4181 ltem

410 4211 637 4268 lebetem
691 4215 1110 4285 permaximum,
1161 4216 1347 4272 holere
1396 4231 1460 4271 ac
1513 4217 1782 4288 legumine
1837 4218 1999 4273 simul

411 4304 651 4373 plenum,
686 4306 739 4358 in
772 4320 936 4359 unum
986 4307 1238 4372 exeoxit,
1271 4307 1411 4375 quod
1461 4308 1751 4376 repositum
1780 4308 1996 4374 cotidie,

413 4396 537 4449 dum
564 4397 695 4464 quid
727 4396 929 4451 residui
957 4396 1083 4463 fuit,
1113 4398 1179 4452 ad
1220 4414 1527 4455 mensuram
1552 4415 1689 4470 aqua
1720 4403 1885 4456 cruda
1916 4416 1999 4457 re-

410 4486 650 4541 solutum
678 4488 935 4557 percepit.
972 4487 1163 4543 Subito
1195 4490 1436 4559 quoli’oet
1466 4492 1661 4545 mentis
1694 4491 1903 4562 inpulsu
1929 4506 1997 4546 ex

412 4576 636 4631 heremo
667 4593 724 4632 se
756 4580 1080 4649 proripiens,
1135 4558 1288 4635 villas
1321 4580 1412 4612 ’⁸³⁸
1442 4591 1496 4636 et
1524 4558 1774 4637 civitates
1813 4583 1997 4637 subin-
2028 4558 2075 4618 D

411 4666 599 4729 travit,
634 4666 871 4736 itemque
894 4678 1115 4737 repente
1140 4668 1347 4725 cellulae
1379 4670 1638 4725 condidit.
1672 4669 1855 4726 Noctis
1887 4671 1997 4741 ple-

409 4758 849 4827 rumque‘medio
876 4761 1070 4816 missas
1106 4777 1364 4825 exorsus,
1411 4764 1576 4817 etiam
1604 4764 1648 4818 si
1675 4764 1753 4820 sic
1782 4765 1997 4821 animus

407 4848 533 4903 tulit
558 4850 794 4919 vesperi,
823 4835 1089 4918 aut'ante,
1113 4863 1205 4909 aut
1227 4855 1327 4909 sub
1351 4854 1484 4910 lucis
1510 4855 1844 4926 crepusculo,
1876 4864 1998 4927 post

405 4939 562 4995 bidui
610 4942 841 4999 triduive
880 4942 1177 5015 jejunium,
1220 4956 1281 5000 ut
1326 4945 1559 5004 defectio
1604 4948 1848 5015 corporis
1878 4947 2000 5015 fuit,

403 5050 517 5091 non
546 5035 651 5091 diei
682 5052 789 5093 non
830 5040 1005 5095 noctis
1028 5040 1193 5097 ullum
1231 5050 1442 5112 tempus
1473 5041 1525 5096 in
1564 5040 1858 5098 reﬁciendo
1887 5058 2000 5097 scr-

402 5134 594 5181 vatum
620 5137 723 5181 est.

474 5215 572 5273 25.
613 5216 691 5272 De
716 5216 871 5286 cujus
897 5223 1323 5280 conversationis
1348 5223 1494 5278 vario
1523 5222 1765 5294 proludio
1799 5222 1996 5279 Johan-

1703 5337 1936 5396 VARUE
1973 5339 2386 5399 LECTlONES.

2096 3338 2283 3379 omnes
2310 3320 2473 3376 animi
2516 3318 2725 3373 fervore
2770 3317 3133 3386 disrumpens,
3167 3322 3379 3383 sumptu
3412 3326 3541 3365 sane
3570 3326 3678 3363 non

2098 3412 2314 3484 ignobili
2343 3410 2505 3475 facto,
2537 3409 2639 3462 iter
2669 3421 2858 3475 magna
2895 3421 2995 3476 ope
3036 3413 3288 3458 maturat.
3320 3401 3567 3455 Sociatns
3596 3407 3679 3453 cst:

2097 3505 2145 3559 ei
2182 3503 2453 3557 Bernacer
2487 3499 2702 3570 quidam
2744 3496 3006 3559 clericus,
3061 3493 3229 3547 multo
3265 3503 3389 3576 ante
3435 3498 3681 3557 tempore

2097 3610 2220 3650 cum
2274 3592 2639 3647 Warimberto
2670 3588 2796 3652 illo,
2850 3587 2915 3641 de
2962 3599 3068 3655 quo
3118 3598 3277 3652 supra
3311 3580 3510 3633 dictum
3553 3585 3677 3643 est,

2099 3685 2253 3740 Metis
2318 3681 2458 3750 apud
2497 3679 2783 3735 ecclesiam
2834 3677 3007 3731 sancti
3058 3671 3357 3728 Salvatoris
3392 3681 3636 3750 versatus
3664 3707 3679 3732 ,

2098 3789 2261 3830 manu
2307 3771 2528 3827 libraria
2576 3769 2773 3825 ceteris
2819 3766 2935 3835 ejus
2986 3765 3242 3834 temporis
3280 3778 3383 3816 non
3434 3758 3678 3821 inferior,

2100 3862 2326 3920 canendi
2382 3859 2667 3930 disciplina
2696 3857 2983 3911 admodum
3012 3863 3295 3925 przcstans,
3344 3850 3436 3904 sed
3467 3857 3521 3903 et
3547 3847 3682 3901 artis

2098 3952 2458 4011 calculatorize
2513 3947 2971 4010 studiosissimus,
3022 3953 3326 4012 cmteroqne
3375 3939 3587 4010 ingenio
3627 3938 3681 3990 in

2100 4047 2265 4102 rebus
2292 4058 2396 4097 non
2443 4041 2724 4096 minimum
2755 4038 2981 4107 pollens,
3017 4037 3161 4089 tenui
3202 4032 3421 4103 quidem
3464 4045 3544 4094 re,
3585 4027 3683 4083 sed

2099 4133 2382 4191 devotione
2422 4132 2473 4185 in
2498 4131 2677 4185 divina
2704 4128 2908 4198 Optime
2936 4124 3232 4180 cumulata.

2168 4225 2257 4281 25.
2298 4224 2590 4292 Postquam
2632 4234 2762 4274 vero
2810 4217 3036 4271 Romam
3080 4215 3302 4269 veniens
3355 4218 3476 4263 vota
3510 4209 3684 4263 sancti

2100 4316 2351 4373 desiderii
2380 4314 2526 4368 circa
2560 4310 2677 4366 loca
2709 4322 2921 4379 queque
2961 4316 3151 4362 sancta
3202 4301 3461 4372 explevit,
3488 4298 3692 4367 cupido.

2100 4422 2222 4464 eum
2248 4407 2301 4460 in
2331 4403 2590 4458 ulteriora
2616 4399 2870 4455 tendendi
2901 4396 3131 4467 amplius
3166 4392 3347 4463 coepit.
3375 4390 3557 4457 Ibique
3587 4388 3685 4442 ali-

2102 4497 2299 4568 quibus
2328 4510 2390 4549 ex
2417 4492 2673 4549 comitatu
2702 4488 2927 4554 relictis,
2976 4488 3089 4557 ipse
3119 4500 3241 4541 cum
3270 4481 3527 4555 praedicto
3558 4478 3691 4533 Ber-

2101 4602 2266 4641 nacro
2298 4578 2949 4655 paucisqueoquibusdam
2978 4576 3303 4646 expeditior,
3337 4584 3507 4639 usque
3534 4584 3687 4623 mon-

2101 4690 2208 4736 tem
2240 4677 2413 4733 sancti
2435 4674 2626 4746 Angeli
2658 4672 2999 4743 cognomine,
3033 4669 3123 4739 qui
3153 4665 3435 4735 Garganus
3460 4661 3685 4725 dicitur,

2100 4773 2253 4829 ocius
2277 4767 2638 4842 percucurrit.
2664 4764 2785 4833 Ipso
2818 4772 2998 4817 tamen
3039 4760 3235 4814 itinere
3268 4764 3509 4810 montem
3552 4752 3687 4806 Cas-

2104 4861 2283 4917 sinum
2332 4858 2491 4912 beato
2536 4852 2828 4909 Benedicto
2863 4851 3133 4920 insignem
3166 4854 3222 4900 et
3268 4842 3691 4914 congregatione

2105 4950 2494 5007 monachorum
2545 4944 2881 5015 frequentem
2932 4936 3264 5002 conscendit,
3302 4950 3533 5003 cumque
3560 4932 3694 5003 ipsis

2105 5042 2280 5098 servis
2305 5040 2399 5097 Dei
2426 5039 2641 5111 aliquod
2672 5036 2789 5091 dies
2811 5041 3113 5089 remoratus
3142 5028 3256 5093 "“,
3285 5027 3456 5083 sancti
3489 5038 3693 5123 praepo-

2105 5133 2198 5189 siti
2232 5131 2611 5202 vestigia,’que
2636 5128 2707 5183 ibi
2734 5126 2989 5183 nonnulla
3032 5125 3392 5191 supererant,
3421 5126 3692 5170 curtosms

2105 5224 2427 5296 exploravit.
2474 5220 2735 5279 Interiora
2784 5218 2948 5273 etiam
2981 5215 3065 5272 illa
3116 5208 3311 5265 marini
3347 5208 3521 5269 sinus,
3572 5216 3699 5273 qua:

2566 5453 2595 5462 ι.
2701 5445 2788 5462 aut.-
2989 5453 3069 5462 ..-
3110 5437 3129 5462 ι
