4472 5522
809 364 913 421 9.55

1689 366 1970 423 JOA‘NNIS
2011 367 2299 422 ABBATIS
2339 368 2393 421 S.
2438 369 2733 425 ARNULFI
2778 374 3110 431 METENSIS

3936 378 4042 435 236

805 480 1011 537 civitati
1044 480 1262 551 Neapoli
1303 482 1466 552 adjac.
1490 492 1565 544 nt,
1612 499 1884 535 servorum
1934 485 2023 535 Dei
2072 483 2371 536 habitacula
2410 487 2447 538 Λ
2480 483 2603 536 hinc
2632 487 2913 556 prepulsis,
2946 488 3231 541 virtutibus
3254 488 3376 542 hinc
3404 489 3747 550 introznissis.
3774 490 4040 545 editicium

805 572 907 625 sub
936 574 1154 627 nomine
1178 574 1348 627 sancti
1376 574 1689 635 Salvatotis,
1718 584 1949 625 montem
1980 574 2196 625 Bebium
2226 573 2372 641 (567)

806 662 951 717 haud
1000 665 1184 733 procul
1240 675 1497 733 perpetuo
1543 680 1736 731 vapore
1790 665 2079 716 fumantem
2132 666 2372 726 miratus,

794 753 1129 822 penetravit.
1171 768 1459 821 eorumque
1494 753 1827 805 oralonihus
1875 768 1931 804 se
1973 753 2373 815 commemlaus,

796 862 827 895 ιι
845 843 1051 898 onrihil
1078 844 1464 898 benedictionis
1486 859 1551 895 ex
1578 844 1661 896 his
1686 858 1791 912 que
1820 858 2001 895 secum
2035 842 2150 894 tulit
2175 843 2373 895 eisdem

795 932 978 984 servis
1008 932 1101 985 Dei
1135 931 1356 999 largitus
1386 940 1489 983 est.

873 1019 964 1073 26.
1007 1020 1243 1074 Tandem
1275 1018 1489 1073 Christo
1534 1020 1688 1079 duce,
1723 1018 1861 1071 felici
1892 1035 2051 1071 cursu
2080 1028 2134 1071 et
2164 1019 2375 1072 cunctis

800 1126 1061 1179 prospere
1116 1111 1214 1164 sibi
1272 1111 1585 1164 cedentibus
1635 1108 1848 1161 domum
1908 1125 2219 1177 regressus,
2278 1124 2375 1162 nec

805 1218 976 1263 mora,
1027 1202 1288 1255 monitore
1339 1215 1436 1253 suo
1468 1199 1760 1253 llinnberto
1814 1211 2107 1262 convento,
2154 1200 2375 1251 consilio

802 1293 989 1360 ipsius,
1015 1292 1139 1360 quia
1186 1290 1332 1343 locus
1380 1289 1661 1344 desideriis
1690 1304 1875 1342 eorum
1908 1300 2061 1356 aptus
2110 1305 2373 1358 nusquam

802 1384 1139 1439 occurrebat.
1169 1396 1350 1435 secum
1373 1380 1585 1431 interim
1610 1379 1751 1432 domi
1782 1380 2096 1443 subsistere,
2124 1389 2176 1432 et
2205 1380 2245 1432 si
2268 1393 2372 1446 qua

802 1475 903 1542 pi.c
948 1474 1173 1525 actionis
1226 1480 1433 1540 poti-rat
1474 1472 1668 1524 ibidem
1712 1486 1998 1529 exercere,
2047 1486 2371 1540 quamquam

797 1563 1085 1613 admodum
1115 1576 1252 1629 a‘gre
1278 1562 1445 1613 satius
1478 1560 1566 1591 ‘5'"
1595 1560 1764 1612 duxit.
1797 1561 2025 1628 liratque
2068 1570 2249 1629 utpote
2282 1561 2371 1628 qui

800 1656 1026 1719 figuram
1072 1651 1229 1719 hujus
1276 1654 1458 1706 mundi
1509 1653 1784 1721 pra-terire
1833 1655 2148 1719 quantotius
2195 1653 2373 1705 adten-

796 1744 975 1804 debat,
1011 1743 1211 1795 habens
1243 1752 1514 1810 tamquam
1574 1758 1678 1794 non
1728 1741 1964 1803 habens,
2011 1755 2194 1793 emens
2244 1750 2373 1792 tam-

2480 587 2692 627 morum
2714 577 2913 643 optime
2941 578 3359 645 compositorum
3408 588 3677 631 structura
3716 580 4037 647 perpulchra

2477 666 2729 726 erexerit,
2758 681 3070 733 magnorum
3102 667 3438 734 ingeniorum
3482 669 3623 721 vires
3648 668 3739 702 ”“
3773 670 3857 721 vix
3887 683 4043 737 posse

2477 757 2727 824 expedire
2752 758 3037 821 existimo;
3065 774 3185 811 cum
3213 768 3358 812 certe
3390 760 3486 812 hec
3510 761 3574 811 ad
3610 776 3695 821 ea,
3736 776 3837 828 quc
3862 760 4044 815 divino

2478 862 2699 899 munere
2744 858 2864 914 post
2894 848 2944 901 in
2976 849 3389 902 conversatione
3419 850 3782 902 monasteriali
3812 850 4041 919 peregit,

2477 937 2633 989 inicia
2682 939 2912 1005 quedam
2959 938 3100 990 velut
3146 948 3200 991 et
3249 936 3454 1003 alijecta
3504 938 3718 991 valeant
3782 940 4039 1006 reputari.

2477 1025 2584 1080 llec
2635 1037 2813 1080 autem
2853 1028 3031 1081 omnia
3070 1028 3214 1080 intra
3260 1026 3440 1079 abdita
3489 1026 3715 1086 domus,
3774 1025 3883 1080 Deo
3929 1026 4044 1080 solo

2477 1125 2627 1174 teste.
2657 1116 2740 1168 vix
2770 1116 3035 1183 aliquibus
3064 1133 3125 1169 ex
3169 1116 3371 1169 familia
3401 1116 3631 1169 consciis
3656 1156 3669 1178 ,
3695 1115 4041 1183 operabatur,

2474 1223 2668 1260 cavens
2695 1208 2912 1260 omnino
2944 1208 3083 1261 scire
3114 1208 3386 1260 sinistram
3433 1207 3560 1274 quid
3586 1206 4042 1268 faceretdextera,

2473 1305 2525 1349 et
2557 1306 2612 1348 nt
2647 1306 2844 1349 tenera:
2884 1297 3232 1364 plantatiouis
3257 1295 3568 1364 virgultum,
3597 1281 3907 1365 priusquam
3934 1292 4045 1348 suf-

2474 1384 2671 1438 ficienti
2703 1386 3011 1454 irrigatione
3040 1385 3273 1438 radicem
3307 1384 3614 1453 deligeret,
3658 1398 3852 1436 manus
3881 1389 4044 1450 atque

2474 1484 2751 1527 ventorum
2784 1484 3089 1528 contactum
3121 1489 3225 1527 non
3262 1473 3395 1526 bene
3420 1472 3695 1526 credulum
3747 1469 4040 1525 devitabat.

2474 1564 2567 1617 llis
2605 1580 2752 1633 ergo,
2798 1566 3049 1633 quoniam
3081 1564 3146 1616 ad
3182 1564 3320 1615 dicta
3354 1562 3515 1615 rebus
3562 1560 3889 1628 exaequanda
3930 1560 4043 1612 ari-

2472 1655 2611 1708 ditas
2648 1655 2843 1722 ingenii
2876 1654 3095 1707 minime
3127 1651 3342 1715 suflicit,
3378 1650 3776 1721 praatermissis,
3799 1649 4043 1703 ordinem

2473 1760 2650 1797 rerum
2684 1747 2860 1813 potius
2889 1758 3265 1812 exsequamur.

796 1847 955 1899 quam
986 1846 1086 1882 non
1114 1832 1411 1899 possidens,
1436 1840 1589 1881 utens
1615 1832 1713 1882 hoc
1743 1831 1938 1880 mundo
1968 1839 2234 1895 tamquam
2264 1843 2366 1879 non
2398 1819 2442 1875 Β
2539 1835 2627 1887 g9,
2671 1834 2901 1887 sanctus
2930 1834 3091 1885 pater
3137 1841 3191 1885 cl
3240 1832 3456 1885 unicum
3507 1832 3557 1882 ίη
3611 1831 3694 1883 bis
3735 1827 4047 1893 regionibus

794 1934 971 1977 utens.
1010 1923 1073 1976 Et
1094 1922 1203 1989 jam
1235 1931 1377 1974 totus
1415 1921 1715 1973 ccclestibns
1740 1920 2007 1987 flagrans,
2039 1918 2216 1987 Specie
2254 1917 2363 1971 sola

795 2029 882 2067 res
912 2012 1245 2066 transitorias
1291 2012 1574 2079 diSponere
1619 2009 1918 2061 videbatur.
1958 2007 2204 2060 Ceterum
2257 2007 2365 2060 vita

794 2104 909 2172 ejus
938 2104 987 2154 in
1016 2118 1119 2169 quo
1144 2119 1171 2154 a
1220 2100 1465 2155 monachi
1502 2098 1748 2152 instituto
1794 2096 2029 2149 differret
2057 2136 2071 2159 ,
2117 2098 2255 2150 haud
2289 2096 2365 2148 fa-

796 2194 898 2248 cile
944 2194 1225 2261 quisquam
1280 2191 1629 2245 discerncret.
1675 2188 1748 2241 Ita
1790 2203 1989 2255 pernox
2042 2188 2092 2240 in
2151 2186 2364 2255 vigiliis,

792 2283 1127 2337 orationibus
1159 2291 1343 2335 noctes
1372 2281 1590 2347 diesque
1632 2276 1960 2346 coniungens
1984 2316 1998 2339 ,
2047 2276 2367 2330 lectionibus

796 2373 969 2425 sacris
1008 2371 1182 2424 studio
1217 2372 1300 2423 vix
1330 2370 1617 2437 aliquando
1654 2369 1908 2421 interciso
1940 2368 2225 2428 inha‘rens,
2253 2382 2368 2419 om-

796 2462 957 2529 nique
1025 2461 1373 2527 castigatione
1420 2460 1661 2527 corporis
1703 2472 1821 2511 sese
1878 2471 2152 2519 coercens,
2182 2458 2359 2510 crucis

796 2562 1096 2615 auctorem,
1130 2552 1259 2605 satis
1290 2551 1339 2603 in
1382 2551 1610 2604 sublime
1652 2563 1810 2602 cruce
1833 2548 2028 2611 levata,
2059 2547 2177 2602 nisu
2217 2546 2366 2601 inde-

796 2643 937 2697 fesso
974 2644 1171 2696 cotidie
1204 2643 1497 2710 sequebatu
1510 2658 1550 2693 r.

862 2734 954 2786 9.7.
1000 2732 1071 2785 De
1118 2742 1303 2785 tenore
1345 2732 1670 2801 jcjuniorum
1722 2730 1889 2798 ipsius
1931 2746 1997 2783 an
2026 2729 2152 2797 quid
2191 2744 2369 2783 sermo

796 2826 957 2893 digne
1000 2823 1176 2875 valeat
1220 2822 1525 2889 explicare,
1575 2836 1795 2888 prorsus
1838 2834 1941 2873 non
1998 2821 2190 2873 sentio.
2240 2819 2369 2885 Qua:

796 2908 943 2969 tanta
973 2914 1259 2984 pertinatia
1289 2914 1355 2965 ab
1386 2913 1514 2981 ipsis
1549 2912 1717 2964 initiis
1757 2911 1855 2963 sibi
1890 2911 2099 2972 indixit,
2127 2920 2185 2964 nt
2212 2911 2369 2979 siqui

795 3008 934 3059 forte
957 3015 1111 3059 erant
1133 3020 1198 3058 ex
1230 3006 1330 3058 sibi
1363 3003 1762 3057 adluerentibus
1788 3003 1877 3071 qui
1910 3003 2006 3055 hcc
2045 3016 2371 3072 cognoscere

795 3104 1065 3164 poterant,
1099 3094 1359 3147 miracqu
1397 3102 1674 3161 stuperent
1722 3092 1959 3161 ingenti,
1990 3092 2258 3160 quomodo
2288 3091 2368 3144 vel

797 3198 1041 3241 extremo
1088 3186 1278 3256 spiritu
1331 3186 1598 3253 respirare
1647 3182 1740 3215 ’⁵⁸³
1789 3185 1839 3236 in
1884 3192 2029 3235 tanta
2058 3183 2369 3236 austeritate

799 3274 1101 3336 SulIicerct,
1135 3275 1225 3343 qui
1278 3274 1466 3344 pocius
1502 3274 1553 3326 in
1596 3282 1940 3341 augmentum
1999 3270 2369 3324 admirationis

796 3375 1078 3434 postquam
1132 3363 1272 3416 diem
1318 3373 1411 3415 aut
1458 3362 1619 3415 etiam
1664 3360 1884 3414 biduum
1914 3358 2225 3426 plerumque
2254 3358 2369 3411 sine

796 3456 903 3509 ullo
934 3456 1053 3509 cibo
1086 3470 1149 3508 ac
1178 3462 1303 3521 potu
1330 3493 1342 3515 ,
1392 3461 1450 3505 ut
1477 3466 1576 3505 nec
1620 3451 1888 3504 modicum
1917 3449 2042 3518 quid
2085 3456 2364 3516 gustaret,

795 3555 1167 3616 transegerat,
1202 3543 1502 3597 incredibili
1552 3542 1746 3595 virium
1789 3539 2095 3610 integritate
2134 3546 2188 3592 et
2233 3536 2369 3591 facie

795 3639 982 3691 laniori
1016 3636 1172 3705 agilis
1202 3645 1253 3688 et
1278 3644 1537 3689 constans
1568 3634 1635 3687 ad
1662 3646 1795 3700 opus
1823 3631 2198 3699 quodcumque
2224 3629 2369 3681 ince-

794 3731 965 3783 deret.
1005 3728 1057 3780 ld
1096 3743 1222 3781 vero
1251 3728 1420 3795 ipsum
1450 3740 1514 3778 ex
1541 3739 1635 3778 ore
1680 3723 1845 3792 ipsius
1874 3722 2151 3775 uobiscum
2187 3718 2369 3774 confa-

794 3818 1025 3872 bulanlis
1048 3832 1174 3885 sepe
1200 3817 1525 3876 audivimus,
1554 3814 1695 3882 quod
1731 3813 1782 3866 in
1815 3812 1954 3865 diem
1988 3810 2214 3863 alterum
2262 3808 2369 3864 fre-

794 3920 1018 3977 quenter
1045 3910 1188 3961 (ιιιιιιί
1214 3909 1334 3962 cibo
1363 3908 1443 3960 vel
1469 3914 1592 3975 potu
1620 3902 2026 3972 carensjejunia
2048 3901 2363 3955 extraxerit.

794 4001 1083 4055 Fatebatur
1113 4000 1288 4061 enim,
1338 4000 1461 4052 dum
1491 3998 1705 4066 quidam
1752 3994 1976 4048 fratrum
2017 3994 2148 4045 dura
2189 3991 2365 4060 aliqua

794 4094 1175 4161 refugientium
1226 4108 1419 4161 aquam
1467 4092 1517 4143 in
1556 4101 1683 4159 potu
1737 4088 1877 4141 male
1919 4086 2018 4139 sibi
2066 4085 2368 4139 conducere

792 4193 1181 4253 quererentur,
1215 4181 1412 4235 nemini
1460 4195 1611 4248 reque
1640 4193 1703 4231 ac
1731 4177 1833 4231 sibi
1884 4176 2030 4245 prius
2063 4189 2172 4243 prce
2200 4173 2367 4226 conti~

791 4290 900 4329 nuo
936 4289 1032 4328 usu
1084 4274 1222 4336 viui,
1257 4288 1407 4341 aqua!
1450 4269 1846 4339 perceptionem
1896 4281 2111 4319 exesam
2157 4263 2363 4316 fuisse:

797 4382 817 4417 ι
863 4362 1015 4421 adeo,
1049 4362 1318 4430 inquiens,
1355 4370 1410 4413 ut
1437 4361 1480 4413 si
1511 4373 1614 4427 qua
1639 4357 1845 4411 dierum
1877 4355 2005 4407 mihi
2042 4354 2160 4407 vino
2189 4351 2368 4405 fuerat

792 4452 1170 4507 abstinendum
1196 4491 1210 4515 ,
1258 4465 1451 4519 aquam
1488 4447 1769 4503 stomacho
1809 4445 2089 4499 nausiante
2114 4482 2128 4506 ,
2172 4456 2363 4511 panem

791 4544 951 4597 etiam
984 4544 1155 4611 ipsum
1187 4557 1281 4611 per
1312 4550 1474 4595 totam
1503 4541 1641 4595 diem
1665 4554 1787 4594 cum
1813 4537 1955 4590 omni
1986 4537 2103 4589 cibo
2131 4532 2368 4588 funditus

792 4634 1111 4702 respnerim.
1149 4650 1167 4681 ι

858 4726 945 4779 28.
988 4723 1251 4777 Praeterea
1293 4738 1451 4791 quam
1497 4723 1641 4776 celer
1674 4730 1727 4775 et
1755 4732 2024 4787 tamquam
2072 4734 2136 4772 ne
2166 4719 2287 4787 quis
2312 4733 2367 4771 se

788 4818 937 4886 prior
969 4816 1197 4867 irrueret
1232 4812 1488 4876 festinus,
1525 4822 1859 4865 armaturam
1886 4810 2154 4864 caalestem
2184 4808 2370 4862 indue-

791 4908 882 4970 rit,
909 4922 1123 4974 quoque
1154 4906 1343 4959 robore
1372 4911 1558 4957 cantra
1587 4902 1814 4955 virtutes
1841 4899 2141 4954 contrarias
2171 4898 2367 4951 bellum

790 4999 1008 5051 Christo
1038 4997 1211 5050 fretus
1236 4994 1555 5063 susceperit,
1590 5007 1861 5061 carneque
1892 5007 1953 5045 ac
1996 4989 2186 5059 spiritu
2218 4987 2362 5042 relu-

790 5086 1086 5150 ctantibus,
1104 5102 1223 5139 cum
1248 5101 1371 5155 pars
1395 5084 1486 5115 ‘m
1512 5083 1699 5138 melior
1716 5082 1783 5136 de
1811 5082 1983 5151 palma
2001 5094 2211 5148 semper
2232 5094 2363 5132 con-

1424 5192 1515 5198 δ--.-
1552 5176 1773 5200 αλ..ξΑ.ι12
1826 5185 2067 5200 ..‹Λι..Α-ι.-
2117 5172 2339 5202 -ΑᾹῖυἶινῖ

2394 4501 2444 4559 D

2470 1928 2809 1995 postmodum
2847 1926 3021 1978 lumen
3053 1925 3435 1978 monachorum
3465 1965 3479 1988 ,
3511 1924 3738 1977 domnus
3770 1921 4047 1984 Einaldus,

2470 2016 2585 2082 ipso
2624 2024 2863 2081 tempore
2920 2012 3073 2066 Tullo
3128 2013 3179 2065 in
3237 2027 3445 2064 summo
3488 2012 3726 2064 omnium
3780 2010 4047 2063 bonorum

2468 2103 2711 2171 exemplo
2744 2104 2903 2155 vitam
2943 2102 3189 2156 ducebat.
3226 2102 3272 2155 ls
3302 2100 3392 2132 ’⁸³⁸
3423 2101 3474 2154 in
3512 2100 3733 2153 scientia
3766 2099 4049 2153 literarum

2470 2205 2577 2249 tam
2619 2195 2940 2250 secularinm
2974 2210 3136 2263 quam
3168 2194 3470 2247 divinarum
3517 2208 3579 2245 ea
3608 2193 3697 2223 ¹⁸⁴⁷
3732 2199 4049 2260 tempestate

2469 2286 2608 2339 inter
2631 2302 2755 2339 suos
2801 2285 2929 2338 nulli
2967 2286 3253 2348 secundus,
3297 2300 3417 2338 cum
3452 2293 3595 2337 esset
3624 2283 3767 2336 sedis
3806 2280 4045 2349 ejusdem

2468 2378 2641 2445 primo
2686 2377 2899 2444 quidem
2952 2375 3366 2444 primiscrinius,
3418 2382 3601 2443 postea
3651 2381 3828 2426 autem
3881 2371 4047 2425 etiam

2466 2468 2671 2536 primus
2698 2465 3131 2528 archidiaconus,
3160 2454 3579 2531 cunctarumque
3602 2476 3759 2530 0pum
3778 2456 4053 2513 afﬂuentia

2468 2557 2743 2618 dilatatus,
2797 2568 2980 2608 amore
3027 2554 3255 2607 cwlestis
3305 2554 3554 2607 desiderii
3595 2562 3787 2613 tactus,
3839 2549 4050 2603 cunctis

2467 2662 2585 2715 qua:
2620 2648 2880 2699 habuerat
2909 2658 3076 2711 usque
3124 2644 3187 2695 ad
3228 2644 3471 2711 siliquam
3518 2653 3573 2693 ut
3620 2641 3819 2693 dicitur
3858 2638 4048 2691 distri-

2469 2738 2631 2801 butis,
2664 2746 2869 2790 tantmn
2902 2736 3131 2805 simplici
3165 2744 3313 2789 veste
3336 2744 3540 2788 retenta
3565 2744 3615 2786 et
3642 2732 3793 2786 libris
3814 2746 3875 2783 ac
3897 2738 4050 2783 veste

2470 2827 2813 2891 sacerdotali,
2848 2827 2899 2879 in
2926 2827 3116 2880 cellula
3146 2826 3381 2879 claustro
3404 2824 3721 2878 clericorum
3754 2822 4052 2875 adlierente

2471 2931 2588 2969 sese
2616 2916 2873 2976 cohibuit,
2906 2923 2959 2968 et
2992 2914 3279 2966 triennium
3307 2912 3419 2965 fere
3451 2912 3501 2964 iu
3536 2924 3743 2965 summa
3781 2919 3836 2963 et
3878 2908 4050 2961 ardua

2472 3008 2801 3061 continentia
2834 3006 2997 3058 vitam
3044 3019 3229 3073 agens,
3280 3018 3400 3055 raro
3442 3017 3663 3068 usquam
3695 3009 4051 3067 printer-quam

2472 3096 2536 3148 ad
2562 3096 2842 3149 ecclesiam
2874 3094 3065 3146 missas
3094 3092 3464 3144 ccleliraturus
3499 3099 3591 3142 aut
3620 3099 3897 3141 noeturme
3922 3099 4049 3138 ora-

2397 3159 2437 3217 Ω
2475 3188 2633 3241 tionis
2680 3186 2899 3238 obtentu
2950 3182 3229 3251 processit.
3280 3179 3506 3234 Servulo
3552 3188 3756 3231 tantum
3794 3192 3897 3230 uno
3920 3190 4051 3231 con-

2472 3287 2648 3329 tentus
2709 3274 2827 3336 fuit,
2872 3274 2961 3342 qui
3016 3272 3082 3323 ad
3128 3284 3338 3339 qucque
3390 3269 3691 3323 forinsecus
3730 3267 4050 3321 .neccssaria

2468 3367 2796 3421 mittebatur.
2829 3363 2961 3415 Nam
2992 3362 3093 3414 nisi
3119 3376 3236 3429 qua:
3266 3360 3546 3429 episcopus
3575 3359 3673 3412 loci
3702 3359 3784 3411 vir
3814 3372 4043 3411 venera-

2467 3459 2589 3513 bilis
2618 3456 2933 3519 Gauzlinus,
2986 3454 3037 3507 in
3079 3452 3462 3507 misericordiae
3490 3450 3741 3519 operibus
3776 3464 3906 3503 sane
3934 3462 4049 3501 me—

2468 3548 2763 3609 morabilis,
2813 3554 2904 3598 aut
2956 3544 3325 3613 religiosorum
3379 3541 3704 3609 quicumque
3748 3539 4047 3591 misissento

2469 3638 2626 3692 nullis
2655 3637 2775 3690 aliis
2806 3634 3225 3689 sustentabatur.
3250 3630 3545 3685 Clientulns
3589 3644 3803 3698 quoque
3829 3643 3894 3682 ex
3925 3625 4039 3681 cle-

2469 3734 2595 3787 ricis
2637 3747 2794 3791 unus,
2828 3730 2917 3797 qui
2975 3728 3169 3781 missas
3218 3723 3510 3779 celebranti
3562 3721 3862 3781 assisteret,
3892 3718 4050 3772 dore-

2469 3823 2641 3875 liclus.
2677 3821 2750 3874 De
2780 3820 3039 3888 qualitate
3084 3814 3401 3875 indumenti,
3441 3812 3569 3875 cibi,
3620 3810 3701 3863 vel
3734 3818 3905 3878 potus,
3941 3821 4047 3877 qua

2467 3913 2627 3967 cilicii
2657 3910 2991 3971 assiduitate,
3031 3904 3357 3975 jejuniorum
3403 3900 3854 3969 frequentatione,
3896 3890 4049 3966 peni-

2470 4002 2649 4055 tentia:
2701 3998 3017 4051 austeritate
3074 4008 3189 4047 sese
3246 3990 3540 4050 damnavit,
3584 3988 3885 4056 superfluus
3928 3998 4050 4039 esse

2469 4104 2656 4143 vereor
2688 4089 2739 4140 in
2770 4084 3021 4146 dicendo,
3054 4096 3174 4135 cum
3220 4079 3384 4133 etiam
3416 4078 3626 4146 copiam
3658 4086 4051 4145 quamcumque

2471 4180 2751 4235 verborum
2780 4173 3105 4245 operationis
3136 4172 3303 4240 ipsius
3334 4178 3551 4238 superet
3574 4167 3903 4237 magnitudo.

2538 4269 2623 4322 50.
2646 4267 2744 4321 llic
2770 4267 2895 4319 dum
2924 4265 3009 4317 die
3032 4260 3264 4331 quadam
3288 4259 3433 4313 solus
3457 4258 3717 4312 resideret
3745 4257 3797 4309 in
3821 4254 4006 4309 cellula
4031 4296 4047 4319 ,

2470 4373 2653 4413 vocem
2681 4357 2745 4410 de
2777 4364 3014 4423 repente,
3058 4351 3200 4405 unde
3228 4360 3321 4403 aut
3365 4364 3394 4402 a
3424 4364 3530 4417 quo
3558 4348 3757 4402 editam
3810 4344 4047 4409 nescius,

2470 4450 2616 4503 claro
2657 4445 2983 4501 omnimodis
3018 4456 3150 4496 sono
3190 4440 3293 4495 hec
3340 4440 3542 4492 audivit
3571 4439 3837 4491 dicentem
3872 4452 3885 4489 :
3920 4432 4051 4489 Sus-

2471 4540 2647 4593 lollam
2711 4549 2758 4591 te
2802 4552 2956 4605 super
2999 4532 3300 4586 altitudines
3328 4542 3501 4593 term,
3534 4539 3581 4582 et
3609 4528 3788 4581 cibabo
3826 4537 3874 4580 te
3904 4526 4051 4579 liere-

2469 4632 2631 4683 ditate
2658 4626 2823 4681 Iacob
2854 4620 3021 4695 patris
3048 4622 3157 4686 tui;
3186 4638 3243 4675 os
3288 4620 3421 4673 enim
3463 4617 3671 4671 Domini
3717 4616 3944 4668 locutum
3972 4621 4048 4666 est

2470 4724 2577 4774 lucc
2608 4718 2741 4789 (Isa.
2778 4732 2925 4779 Lvm,
2958 4714 3065 4781 Η).
3106 4711 3389 4765 Paululum
3423 4708 3545 4761 inde
3588 4706 3848 4759 attenilus
3878 4713 3930 4758 et
3959 4718 4047 4757 se-

2472 4828 2591 4867 cum
2620 4822 2678 4864 ut
2716 4809 2771 4862 fit
2816 4807 2979 4860 multa
3022 4804 3203 4857 animo
3250 4810 3520 4871 reputans,
3552 4806 3835 4868 postquam
3884 4795 4051 4849 misso

2473 4906 2893 4969 circumquaque
2927 4897 3194 4958 ministro,
3229 4894 3273 4948 si
3325 4892 3463 4946 forte
3509 4903 3800 4959 puerorum
3828 4886 3989 4955 aliqui
4018 4898 4051 4938 θ

2472 4995 2631 5049 scolis
2654 4991 2869 5054 vicinis,
2897 4989 3023 5043 dum
3053 4986 3301 5049 recitant,
3332 4983 3431 5036 hoc
3454 4980 3828 5051 protulissenl.
3859 4992 3922 5030 ac
3952 4988 4050 5029 ne-

2474 5088 2670 5139 minem
2704 5092 2816 5135 t0to
2846 5082 2894 5134 id
2921 5077 3177 5149 temporis
3199 5076 3373 5146 spatio
3414 5074 3465 5126 in
3500 5071 3737 5141 quolibet
3780 5070 3895 5123 loco
3921 5082 4053 5123 con-

2476 5176 2618 5202 I:~Ilo\
2652 5172 2813 5202 Γι-ἶοοα
2842 5170 3184 5202 νηηιιηιῖσὶιὶιο
3236 5166 3319 5202 υἷι*
3361 5161 3641 5202 ηνιιιιρηιῖς
3670 5160 3889 5202 inomnii-
3924 5173 4050 5202 01³21-
