4472 5522
351 497 451 551 257

1292 488 1373 544 DE
1414 488 1567 543 VITA
1611 485 1893 542 JOANNIS
1929 484 2215 541 ABBATIS
2243 486 2679 558 .CORZIENSIS.

3511 491 3614 546 258

346 624 472 678 eeps
499 609 565 661 de
596 604 749 660 donis
770 602 978 657 Domini
1005 601 1358 671 pmsumendi
1385 601 1667 664 directum,
1704 598 1929 652 fideliter
1959 604 2005 659 Α
2037 613 2139 652 non
2174 600 2373 668 passim
2424 603 2744 671 cuicumque
2794 616 2851 655 se
2885 601 2988 656 nisi
3027 601 3311 655 notissimo
3340 602 3533 672 aperit,
3566 611 3622 655 et

344 696 627 753 intellexit.
675 694 825 760 Quod
880 693 1018 762 apud
1048 708 1104 746 se
1136 691 1351 761 quidem
1388 692 1499 761 ipse
1530 691 1654 744 forti
1692 691 1931 745 custodia

347 789 507 841 animi
573 802 793 841 servare
845 785 1049 837 studuit
1105 785 1481 847 reconditum,
1539 785 1700 838 rebus
1754 793 1932 838 autem

346 888 528 948 postea
566 879 616 931 in
648 879 761 947 ipso
787 877 1025 930 omnium
1056 891 1240 930 eorum
1267 876 1399 930 fides
1426 886 1507 930 est
1535 878 1843 931 subsecuta.
1873 878 1935 930 Et

349 970 445 1024 hec
467 969 685 1039 quidem
720 968 784 1022 de
816 968 992 1021 inieiis
1032 967 1162 1020 tanti
1199 968 1297 1020 viri
1328 968 1566 1021 breviter
1591 983 1685 1035 pro
1710 966 1808 1022 loci
1840 984 1933 1021 ne-

348 1062 501 1131 gocio
534 1060 887 1122 inseruimus;
922 1069 1162 1113 ceterum
1211 1069 1356 1111 tanta
1404 1058 1635 1113 felicium
1661 1069 1933 1128 gestorum

350 1154 466 1221 ejus
510 1162 659 1207 extat
696 1152 968 1211 materies,
1006 1160 1065 1203 ut
1111 1162 1162 1203 et
1209 1151 1485 1220 proprium
1522 1165 1653 1219 opus
1683 1151 1936 1205 doctiori-

349 1244 555 1313 busquc
579 1244 771 1297 merito
796 1242 1157 1311 arripiendum
1183 1242 1507 1304 desiderent,
1530 1252 1582 1295 et
1606 1242 1937 1311 amplissimo

354 1338 701 1393 audientibus
756 1348 812 1392 ct
876 1338 1073 1390 imitari
1134 1338 1435 1391 volentibus
1485 1338 1679 1391 fructui
1733 1340 1939 1407 possint

354 1432 608 1485 existere.
1254 1438 1259 1443 ’

422 1520 509 1573 31.
542 1518 677 1573 Cum
709 1518 887 1587 itaque
916 1518 1007 1572 hic
1040 1517 1310 1573 Jobannes
1336 1528 1390 1572 ct
1416 1520 1527 1589 ipse
1557 1520 1787 1576 domnus
1818 1523 1939 1593 Egi-

354 1610 545 1664 noldus
576 1619 683 1662 tam
711 1611 1024 1678 propinquis
1057 1611 1295 1664 locorum
1328 1611 1627 1664 intervallis
1662 1613 1936 1674 abessent,

355 1701 488 1755 alter
516 1700 745 1753 alterum
799 1701 899 1753 nisi
946 1699 1083 1754 facie
1114 1701 1227 1755 sola
1257 1710 1308 1754 et
1356 1702 1624 1756 locutione
1665 1706 1935 1758 communi

354 1805 458 1844 non
488 1800 741 1854 noverat;
770 1790 902 1843 adeo
929 1800 1155 1859 uterque
1187 1790 1462 1860 popularis
1492 1791 1724 1860 fugitans
1752 1792 1937 1863 gloria:

354 1894 473 1934 sese
526 1889 734 1933 tantum
784 1880 1011 1935 testibus
1049 1880 1331 1936 fruebatur
1357 1897 1385 1934 a
1419 1882 1527 1936 Deo
1556 1883 1665 1937 W'.
1695 1884 1827 1938 Cum
1860 1885 1942 1938 in-

2036 688 2085 740 id
2113 703 2217 742 non
2250 688 2405 744 facile
2441 693 2680 761 quidem.
2728 692 2883 760 Apud
2920 706 2977 745 se
3010 693 3151 745 enim
3197 693 3519 748 omnimodis
3546 694 3621 746 la-

2036 790 2175 842 tens,
2210 781 2395 845 vitam,
2424 800 2527 853 qua
2573 785 2623 837 in
2656 785 3044 838 secretioribus
3071 785 3172 838 sub
3199 787 3371 839 oculis
3399 789 3619 856 superni

2036 873 2223 927 arbitri
2255 875 2498 929 districto
2545 877 2833 930 admodum
2884 892 3002 931 sese
3037 887 3273 940 coartat,
3306 879 3477 934 oculis
3526 880 3623 934 ho-

2036 965 2377 1028 minum,ubi
2408 968 2457 1020 in
2490 966 2763 1036 publicum
2814 967 3026 1029 exierit,
3076 966 3269 1021 offerre
3316 984 3526 1023 summa
3571 970 3619 1022 vi

2038 1066 2197 1125 atque
2252 1068 2365 1111 arte
2399 1057 2721 1112 dissimulat.
2779 1057 3044 1112 Adtamen
3096 1073 3124 1110 a
3170 1059 3320 1113 vobis
3368 1071 3624 1114 evocatus

2036 1151 2194 1204 citius
2227 1150 2424 1212 aderit,
2478 1158 2535 1204 et
2586 1159 2770 1203 mutua
2798 1151 2965 1203 vestri
3016 1149 3306 1204 collocutio
3356 1166 3440 1203 me
3491 1151 3623 1205 nihil

2037 1251 2187 1296 extra
2210 1258 2370 1312 quam
2406 1258 2493 1296 res
2513 1242 2679 1295 estde
2701 1256 2765 1294 eo
2789 1241 2981 1295 afferre
3011 1240 3164 1294 facile
3194 1242 3580 1311 comprobabit.
3600 1263 3616 1294 ι

2039 1332 2234 1388 Nuntio
2261 1349 2384 1387 mox
2413 1349 2470 1388 se
2496 1348 2617 1386 eum
2652 1333 2784 1388 velle
2809 1334 2992 1387 videre
3022 1344 3077 1387 et
3102 1334 3299 1403 alloqui
3319 1334 3620 1398 insinuans,

2040 1428 2110 1481 ita
2150 1426 2412 1490 condixit,
2465 1434 2523 1477 ttt
2571 1426 2738 1493 ipsius
2778 1434 2948 1479 staret
2992 1426 3239 1489 arbitrio,
3282 1434 3459 1479 utrtnn
3512 1428 3623 1496 ipse

2038 1536 2157 1574 eum
2212 1518 2379 1579 domi,
2441 1532 2507 1570 an
2568 1518 2655 1571 ille
2702 1533 2761 1573 se
2820 1517 2973 1571 Tullo
3020 1519 3357 1580 conveniret,
3390 1517 3625 1586 quidque

2038 1613 2228 1666 borum
2264 1609 2446 1663 mallet
2476 1611 2797 1678 resignaret.
2832 1609 3106 1664 Johanncs
3138 1612 3205 1663 ad
3237 1611 3398 1664 totius
3426 1610 3623 1678 proba-

2038 1701 2158 1754 bilis
2181 1698 2339 1753 oﬂicii
2378 1714 2589 1768 semper
2615 1700 3019 1754 exsecutionem
3042 1717 3147 1753 non
3177 1699 3387 1769 segnis:
3411 1718 3427 1749 ι
3454 1699 3627 1751 Disci-

2038 1790 2242 1858 pulum,
2290 1790 2495 1859 inquid,
2541 1791 2719 1858 potius
2763 1790 2974 1843 obviam
3008 1790 3165 1844 decet
3217 1792 3294 1844 ite
3345 1791 3622 1860 magistro.

2042 1881 2171 1947 ligo,
2205 1890 2263 1933 ut
2292 1882 2507 1950 (lignum
2539 1892 2640 1946 est,
2673 1882 2828 1936 Tullo
2873 1898 2995 1936 eum
3045 1883 3327 1937 convenio.
3352 1902 3369 1934 ›
3406 1882 3471 1936 Ut
3498 1898 3626 1952 ergo

356 1981 499 2026 terea
536 1988 663 2027 casu
708 1974 939 2041 quodam
986 1989 1147 2043 supra
1199 1984 1525 2029 memoratus
1556 1975 1881 2031 Hnittbertns
1910 1992 1939 2030 e
1973 1946 2013 2003 Β
2044 1969 2280 2032 advenit,
2332 1968 2625 2023 llumherto
2671 1971 2847 2024 adhuc
2885 1970 3079 2024 ibidem
3114 1986 3237 2025 emn
3288 1974 3625 2042 opperiente,

355 2062 566 2126 cellula,
614 2079 718 2133 qua
755 2078 811 2118 se
853 2065 964 2133 jam
997 2065 1197 2119 dudum
1248 2064 1470 2119 Virduni
1528 2068 1840 2130 recluserat,
1878 2084 1939 2121 ea

354 2168 459 2223 quo
489 2155 730 2207 nescitur
758 2153 978 2208 obtentu
1006 2154 1223 2210 effracta
1258 2156 1372 2221 ηδ’,
1400 2157 1629 2211 eundem
1659 2158 1941 2212 venerabi-

353 2242 458 2296 lem
492 2252 699 2311 patrem
734 2244 1013 2298 Einoldum
1046 2261 1112 2299 ex
1155 2246 1445 2315 improviso
1485 2246 1641 2300 Tullo
1672 2248 1940 2302 convenit.

352 2330 402 2387 ls
456 2332 603 2386 enim
652 2334 795 2387 inter
832 2349 985 2387 raros
1036 2334 1170 2389 alios
1216 2335 1339 2388 vitae
1375 2336 1543 2406 ipsius
1586 2335 1699 2403 jam
1736 2338 1941 2406 pridem

354 2427 607 2482 conscius
638 2427 831 2483 fuerat.
870 2429 994 2482 Viro
1018 2438 1208 2482 sancto
1235 2429 1299 2483 ad
1328 2438 1435 2481 tam
1468 2429 1795 2498 insperatam
1828 2430 1945 2499 ejus

352 2517 701 2588 prasentiam
732 2518 1057 2587 stupefacto,
1107 2518 1407 2586 prasertim
1440 2520 1582 2586 quod
1620 2518 1758 2571 fama
1792 2520 1855 2570 ad
1888 2532 1946 2573 se

353 2620 503 2664 certe
527 2608 810 2671 detulerat,
845 2608 959 2678 lege
990 2608 1303 2662 reclusionis
1341 2624 1462 2663 eum
1512 2610 1777 2663 intrusum
1811 2610 1944 2664 fuis-

354 2714 432 2761 se,
471 2699 758 2767 causisque
790 2697 1119 2767 egressionis
1166 2698 1427 2766 acceptis,
1472 2698 1615 2751 inter
1647 2714 1781 2767 quas
1812 2714 1945 2768 pran-

354 2789 510 2858 cipua
542 2797 682 2850 erat,
714 2788 782 2842 ob
810 2788 910 2841 hoc
934 2803 991 2841 se
1022 2788 1325 2849 advenisse,
1367 2796 1424 2841 ut
1456 2790 1733 2843 heremum
1759 2791 1943 2858 potius

355 2879 513 2934 simul
542 2886 821 2946 expeteret
850 2878 968 2941 “5°,
1001 2878 1181 2947 ibique
1231 2878 1398 2931 multo
1448 2878 1641 2932 melius
1682 2893 1845 2947 quam
1892 2879 1943 2930 in

355 2971 570 3025 urbium
618 2968 916 3038 frequentia
963 2971 1109 3024 utnni
1154 2971 1429 3023 hominum
1492 2970 1733 3024 molestia
1792 2970 1944 3023 liberi

357 3060 585 3115 Domino
612 3062 973 3115 deservirent:
1002 3062 1231 3116 consilio
1254 3062 1391 3116 clam
1430 3062 1571 3115 inter
1602 3078 1658 3116 se
1686 3062 1944 3126 conﬂato,

362 3152 463 3222 ipsi
506 3167 603 3222 per
629 3166 708 3216 se,
746 3153 958 3207 cunctis
985 3151 1202 3206 arbitris
1230 3152 1436 3221 procul,
1476 3152 1694 3207 ﬂumine
1732 3152 1944 3208 Mosella

358 3244 610 3312 Oppidum
664 3243 835 3311 ipsum
892 3242 1287 3310 prmterﬂueute
1344 3244 1607 3313 trajecto,
1667 3253 1721 3298 et
1781 3260 1941 3314 specu

358 3334 590 3402 quodam
626 3334 677 3386 in
707 3333 842 3387 saltu
873 3334 1049 3387 vicino
1083 3343 1315 3402 reperto,
1346 3335 1544 3389 ibidem
1579 3351 1637 3390 se
1666 3345 1941 3405 tamquam

357 3423 604 3493 perpetui
638 3422 916 3476 heremita:
958 3421 1122 3475 futuri
1154 3424 1441 3493 recipiunt.
1476 3423 1595 3477 Mox
1626 3425 1943 3493 quibusdam

359 3512 630 3583 religiosis
660 3527 724 3565 ex
778 3512 975 3581 Oppido
1024 3514 1197 3566 virum
1248 3525 1493 3569 sanctum
1528 3517 1945 3583 requirentibus,

361 3612 417 3657 et
438 3602 688 3671 quamvis
718 3602 893 3656 locum
923 3603 1069 3657 aditu
1121 3602 1390 3658 difficilem
1434 3620 1617 3660 amore
1649 3608 1949 3674 superanti-

360 3694 484 3757 bus,
517 3694 603 3746 ubi
634 3707 730 3747 eos
769 3704 1162 3753 convenerunt,
1198 3704 1409 3764 ceptum
1445 3695 1770 3763 hujusmodi,
1802 3696 1944 3766 quod

361 3787 495 3842 nulli
522 3787 713 3859 utique
757 3786 903 3841 bono
933 3803 1187 3855 umquam
1236 3800 1378 3843 eSset
1421 3789 1714 3860 probabile,
1747 3791 1947 3846 saniori

362 3876 589 3931 consilio
619 3877 974 3945 dissiparunt.
1011 3877 1181 3930 Tanta
1229 3878 1493 3947 siquidem
1544 3878 1644 3932 loci
1695 3879 1950 3948 iniquitas

362 3963 562 4029 fuerat,
592 3974 650 4018 ut
682 3981 783 4020 nec
809 3966 909 4036 ipsi
943 3967 1194 4037 cuiquam
1235 3969 1405 4022 labori
1439 3968 1509 4023 ibi
1546 3969 1818 4032 insistere,
1848 3984 1949 4023 nec

365 4074 394 4110 a
427 4073 693 4127 quoquam
732 4059 888 4113 facile
922 4059 1000 4114 eis
1026 4062 1315 4129 quicquam
1365 4064 1791 4117 necessariorum
1822 4080 1949 4133 pos-

363 4158 445 4203 set
472 4147 729 4204 conferri.
760 4148 865 4204 Sed
891 4159 945 4204 et
969 4151 1081 4220 ipse
1109 4160 1165 4206 ut
1193 4161 1311 4205 erat
1336 4153 1419 4206 vir
1447 4154 1653 4207 consilii
1686 4170 1788 4207 non
1833 4156 1948 4208 difi-

364 4238 541 4293 culter
589 4240 798 4294 meliori
850 4242 1118 4296 sententia
1168 4241 1360 4307 ﬂexus,
1411 4245 1641 4299 amicam
1694 4247 1951 4300 continuo

365 4328 563 4395 repetit
587 4328 859 4394 cellulam,
896 4328 1196 4386 Hutnberto
1226 4331 1523 4387 Virdunum
1553 4335 1618 4389 ad
1650 4350 1743 4389 sua
1776 4351 1837 4391 se
1870 4337 1951 4390 in-

365 4417 528 4471 terim
558 4418 876 4489 recipiente.

439 4506 529 4561 32.
558 4508 657 4576 Qui
697 4510 825 4564 dum
868 4526 1054 4568 rursus
1092 4529 1217 4568 eum
1248 4516 1492 4571 crebrius
1521 4519 1800 4584 reviseret,
1826 4535 1955 4589 qua-

364 4594 493 4649 dam
541 4597 626 4651 die
676 4598 819 4653 inter
864 4610 1045 4656 cetera
1092 4617 1197 4673 que
1241 4604 1584 4661 familiaritas
1630 4607 1716 4661 illa
1764 4624 1953 4677 parere

364 4686 578 4741 adsolet
628 4688 918 4758 colloquia,
951 4692 1097 4756 dum,
1148 4693 1193 4748 si
1233 4695 1324 4765 qui
1368 4694 1505 4750 forte
1548 4697 1742 4752 alicubi
1791 4700 1855 4753 ad
1904 4699 1954 4754 id

366 4778 633 4848 temporis
667 4781 759 4850 qui
806 4782 873 4837 ad
906 4794 1090 4839 sancta
1122 4785 1386 4841 desideria
1417 4788 1723 4856 aspirarent
1759 4790 1957 4846 existe-

370 4877 516 4934 rent,
548 4870 749 4926 vicaria
780 4873 1203 4946 interrogatione
1230 4888 1673 4948 percunctantur.
1710 4883 1852 4937 hunc
1888 4884 1955 4937 de

372 4977 484 5030 quo
500 4963 707 5031 agimus
726 4963 1030 5022 Johannem
1054 4969 1178 5035 sibi,
1202 4980 1262 5025 ut
1281 4971 1613 5040 praemissum
1632 4982 1734 5037 est,
1757 4973 1959 5045 optime

372 5062 561 5105 notum
591 5054 815 5110 adduxit
843 5056 895 5111 in
944 5059 1198 5114 medium.
1234 5061 1309 5116 De
1340 5060 1493 5129 cujus
1542 5062 1795 5119 laudabili
1822 5080 1953 5120 con-

372 5146 678 5202 versatione
723 5164 848 5205 cum
906 5151 1136 5219 plurima
1187 5154 1513 5223 replicaret:
1573 5174 1591 5207 ι
1648 5155 1950 5221 Hominem,

371 5236 558 5305 inquid
603 5240 831 5296 domnus
875 5242 1148 5311 Einoldus,
1176 5246 1306 5303 olim
1352 5262 1639 5317 cognosco,
1688 5260 1743 5304 et
1772 5252 1836 5305 ad
1868 5265 1953 5305 me

372 5330 564 5385 crebro
588 5332 889 5387 venientem
908 5350 1004 5389 usu
1022 5338 1292 5393 connnuni
1317 5350 1569 5410 expertus
1594 5355 1742 5406 sum;
1773 5352 1951 5397 utrum

374 5428 551 5454 Inlnm
602 5421 792 5454 Lam-0‘
841 5441 1019 5454 ’Λα-οιν-
1095 5432 1288 5454 -.-31...-
1342 5446 1480 5454 ....--
1526 5431 1847 5454 -..μΑΙΞ--οη-
1912 5433 1951 5454 -3

1971 3297 2018 3358 C

2041 2077 2201 2131 quam
2251 2061 2590 2115 familiariter
2622 2063 2721 2115 sibi
2772 2062 3091 2116 alterutrum
3142 2075 3303 2132 atque
3351 2064 3629 2119 ofﬁciosis-

2043 2154 2178 2207 sime
2201 2154 2582 2223 adgaudentes,
2628 2155 2879 2207 omnibus
2908 2169 2937 2208 e
2968 2164 3257 2223 conspectu
3292 2157 3532 2219 remotis,
3563 2156 3631 2207 de

2043 2259 2227 2309 causa,
2276 2253 2496 2314 pr0pter
2546 2260 2708 2313 quam
2769 2246 3091 2299 accersitum
3148 2246 3294 2299 illum
3345 2247 3627 2309 miserant,

2044 2335 2291 2387 conferre
2318 2343 2617 2402 coeperunt.
2647 2334 2993 2403 Tandemque
3027 2334 3138 2397 ubi,
3170 2345 3290 2404 pust
3316 2352 3420 2389 non
3454 2335 3629 2388 modi-

2045 2436 2161 2475 cam
2199 2437 2377 2475 rerum
2407 2422 2683 2476 celestium
2723 2422 3233 2488 cenfabulationem,
3268 2425 3519 2479 desiderii
3548 2427 3628 2479 sui

2045 2513 2182 2566 alter
2212 2512 2364 2566 alteri
2412 2514 2524 2583 jam
2581 2514 2684 2567 fida
2733 2523 2943 2569 secreta
3004 2515 3295 2579 refudcrat,
3346 2517 3628 2570 consilium

2045 2604 2237 2658 exinde
2264 2603 2364 2658 sibi
2399 2606 2519 2658 vita:
2551 2606 2827 2671 ducendae,
2860 2608 2934 2660 uti
2976 2607 3169 2675 quibus
3211 2608 3392 2662 seculo
3420 2610 3631 2677 penitus

2045 2704 2159 2749 erat
2188 2695 2398 2748 animus
2422 2697 2792 2759 renunciandi,
2812 2714 2938 2751 cura
2965 2698 3277 2751 sollicitiore
3300 2699 3627 2767 disquiruut.

2114 2783 2200 2837 55.
2236 2782 2348 2836 Sub
2392 2784 2491 2837 hoc
2521 2783 2793 2840 Johanncs
2823 2802 3041 2841 causam
3092 2788 3190 2841 sibi
3226 2798 3373 2841 ratus
3408 2797 3627 2856 oportno

2047 2890 2169 2930 nam
2219 2875 2497 2938 cecidisse,
2542 2877 2703 2930 totius
2744 2893 2855 2931 suae
2897 2879 3271 2933 conventionis
3323 2895 3444 2932 cum
3496 2880 3627 2933 viris

2048 2970 2308 3039 religiosis
2336 2970 2383 3024 ci
2408 2971 2600 3024 seriem
2651 2972 2912 3040 pandens,
2963 2983 3015 3025 et
3049 2974 3283 3027 maxime
3326 2976 3464 3043 apml
3493 2990 3629 3043 quos

2048 3060 2201 3114 Metis
2246 3061 2346 3115 sibi
2378 3060 2629 3130 frequens
2654 3072 2777 3116 tunc
2802 3064 2971 3117 solum
2998 3074 3115 3118 erat
3145 3081 3393 3121 recursus
3412 3096 3482 3106 —
3507 3082 3630 3120 nam

2047 3164 2077 3203 a
2109 3150 2305 3203 ceteris
2333 3150 2560 3204 aliorum
2592 3150 2830 3205 locermn
2857 3152 2970 3220 jam
3002 3155 3199 3208 dudum
3229 3156 3538 3210 abstinebat
3561 3187 3632 3197 —-

2049 3250 2248 3309 quanta
2284 3241 2385 3294 viri
2440 3241 2539 3310 ipsi
2590 3241 2641 3294 in
2690 3244 2917 3296 eandem
2966 3246 3291 3298 sententiam
3342 3248 3630 3301 concordia

2050 3331 2474 3399 conspirassent,
2522 3331 2750 3399 aperuit.
2792 3332 2883 3383 Illo
2912 3348 3073 3400 quam
3122 3334 3275 3388 facile
3322 3337 3515 3390 animis
3562 3337 3629 3390 ad

2052 3420 2151 3473 hoc
2194 3418 2486 3484 inclinatis,
2524 3428 2581 3472 ut
2626 3436 2806 3474 secum
2862 3422 2973 3491 ipse
3012 3426 3227 3477 eosdem
3262 3426 3404 3479 viros
3432 3440 3631 3480 conve-

2051 3512 2211 3576 niret,
2242 3511 2489 3566 hortatus
2515 3520 2617 3565 est.
2649 3513 2722 3566 Ita
2752 3513 3043 3567 Humberto
3074 3524 3198 3568 tunc
3227 3519 3440 3585 propria
3474 3534 3626 3588 repe-

2052 3610 2218 3665 tente,
2271 3601 2383 3669 ipse
2434 3610 2549 3670 post
2599 3604 2713 3657 dies
2762 3605 2978 3674 aliquod
3036 3605 3188 3659 Metis
3235 3609 3517 3672 accedens,
3572 3618 3627 3661 et

2051 3706 2213 3759 super
2239 3701 2427 3745 sancto
2457 3692 2694 3747 virorum
2729 3694 2938 3747 illorum
2988 3695 3235 3749 instituto
3282 3713 3388 3750 non
3421 3700 3629 3753 modice

2052 3781 2365 3841 delectatus,
2394 3781 2701 3850 aliquandiu
2733 3786 2894 3837 etiam
2929 3786 3064 3853 apud
3097 3800 3189 3839 eos
3214 3795 3295 3839 est
3326 3803 3629 3842 commora-

2053 3882 2155 3926 tus.
2207 3872 2479 3926 lntcrdum
2524 3888 2648 3928 vero
2685 3875 2748 3927 ad
2796 3876 3007 3944 propria
3042 3877 3141 3930 sub
3173 3885 3411 3946 tempore
3443 3893 3628 3932 recur—

2055 3981 2201 4027 rens,
2242 3966 2493 4018 memoria
2527 3965 2617 3996 ¹⁵¹⁵¹
2649 3967 2815 4019 semel
2863 3977 3080 4035 accepte
3131 3968 3430 4023 dulcedinis
3475 3970 3631 4038 quasi

2054 4072 2233 4111 moras
2259 4057 2476 4111 diutina:
2502 4058 2760 4112 absentia:
2782 4074 2924 4129 egra:
2950 4060 3229 4122 ferentem,
3257 4077 3408 4114 suam
3440 4062 3529 4093 ἠ’
3553 4062 3634 4115 eis

2053 4148 2381 4217 presentiam
2416 4147 2507 4183 ¹⁵⁸³
2547 4148 2707 4203 citius
2751 4150 3058 4204 revocabat.
3092 4151 3257 4203 Erant
3301 4161 3478 4205 autem
3515 4151 3634 4205 reli-

2054 4239 2203 4306 giose
2232 4237 2339 4303 ille,
2364 4238 2430 4291 de
2455 4237 2650 4306 quibus
2674 4254 2832 4307 supra
2861 4239 3061 4293 dictum
3086 4249 3166 4293 est
3198 4240 3331 4309 (cup.
3363 4242 3469 4310 i7),
3494 4245 3633 4311 apud

2057 4330 2315 4384 Sanctum
2351 4327 2567 4381 Patrum
2594 4326 2828 4393 feminaé,
2859 4328 3017 4383 Geisa
3066 4341 3119 4383 et
3150 4332 3310 4383 amita
3343 4332 3457 4401 ejus
3486 4334 3635 4387 alia:-

2056 4436 2161 4490 que
2213 4418 2500 4483 nonnullas,
2543 4428 2599 4473 et
2652 4417 2881 4473 Salecho
2918 4420 3145 4475 clericus
3191 4424 3361 4475 sancti
3419 4423 3635 4478 Martini

2058 4510 2198 4562 ultra
2230 4508 2446 4563 ﬂuvium
2481 4508 2731 4572 Moselhr,
2763 4516 2817 4562 et
2856 4509 3165 4564 Randincus
3202 4513 3465 4598 presbiter
3494 4513 3636 4567 tituli

2061 4604 2232 4657 sancti
2264 4601 2627 4671 Simphoriani
2654 4610 2805 4655 extra
2834 4610 3043 4670 portam
3084 4602 3231 4655 urbis
3261 4604 3637 4667 meridianam,

2059 4696 2394 4764 apud-quem
2423 4700 2478 4746 et
2506 4691 2750 4746 crebrius
2780 4706 2876 4760 pro
2903 4692 2999 4745 loci
3042 4693 3351 4747 secretioris
3388 4711 3484 4748 ustt
3513 4712 3641 4751 con-

2060 4785 2364 4844 veniebant,
2414 4792 2469 4837 et
2516 4781 2785 4837 Bernacer
2837 4782 3116 4847 diaconus,
3161 4799 3342 4838 comes
3380 4785 3642 4843 Johannis

2054 4878 2165 4948 jam
2198 4878 2400 4947 pridem
2432 4875 2657 4931 Romani
2690 4875 2929 4939 itineris;
2969 4892 3091 4929 nant
3124 4877 3225 4930 tlno
3256 4877 3325 4929 illi
3356 4878 3417 4931 de
3449 4880 3644 4947 quibus

2061 4967 2483 5023 memoravimus
2509 4980 2644 5039 (cap.
2684 4966 2779 5035 20)
2828 4968 2933 5022 vite
2970 4970 3382 5037 praestantioris,
3418 4969 3641 5026 Rotlan-

2064 5062 2163 5115 dus
2191 5070 2243 5114 et
2269 5058 2817 5129 Warimbertus,jam
2845 5064 2951 5117 vita
2976 5061 3337 5117 decesserant.
3366 5061 3499 5115 Cum
3531 5065 3644 5130 his,

2064 5154 2227 5210 veluti
2258 5156 2307 5208 in
2338 5156 2659 5224 quibusdam
2689 5154 2990 5211 cmlestium
3023 5153 3425 5221 disciplinarum
3465 5157 3635 5209 scolis

2063 5253 2373 5300 sanctorum
2422 5246 2762 5321 ingeniorum
2809 5248 3016 5303 viribus
3070 5260 3126 5301 se
3165 5244 3307 5314 ipsos
3352 5245 3549 5301 cotidie
3600 5247 3651 5299 in

2063 5334 2252 5390 studiis
2270 5334 2520 5395 omnium
2543 5336 2888 5411 probatarum
2915 5338 3169 5392 virtutum
3192 5343 3526 5400 exercentes,
3553 5336 3656 5388 duo

2730 5427 2795 5454 'o“
2817 5430 2882 5454 I2...

2065 5426 2163 5454 ἔνιοί
2194 5426 2289 5454 ..ι-Ξ
2320 5432 2579 5454 ηωωαὲᾐηε
2612 5437 2697 5454 Α...
2730 5427 2795 5454 ῘΑ.
2817 5430 3051 5454 ιξ--.ξι...ο
3081 5435 3165 5454 Α...
3201 5424 3533 5454 Ληηιῖηιιίιὶιιιι
3563 5442 3654 5454 pnn-
