4472 5522
807 457 911 512 259

1728 436 2009 505 JOANNIS
2046 443 2334 500 ABBATIS
2373 442 2430 497 S.
2471 436 2771 496 ARNL'LFI
2814 434 3151 491 METENSIS

3952 435 4060 489 260

810 569 1113 625 imitatione
1186 563 1417 635 amplius
1474 572 1634 633 atque
1709 560 1940 625 amplius
2006 560 2387 632 provocahant.
2420 565 2466 625 Α
2497 555 2669 618 rium,
2730 568 2832 607 non
2875 552 3100 605 multum
3149 551 3215 605 ab
3264 548 3396 603 urbe
3445 546 3687 618 longius,
3731 546 3811 602 eis
3845 547 4062 615 'optime

878 660 966 714 54.
997 657 1102 713 Sed
1136 666 1193 711 et
1240 656 1380 709 idem
1409 651 1735 708 venerabilis
1764 652 2018 705 Eiuoldus
2036 650 2146 719 jam
2172 660 2225 704 et
2253 652 2385 718 ipsa,

808 748 874 802 ad
903 762 1021 816 qua:
1055 746 1321 799 interdum
1368 756 1650 796 recurrere
1679 741 1983 802 videbatur,
2015 740 2230 810 propria
2258 739 2389 792 civi-

812 840 934 891 tatis
977 836 1244 892 'l'ulleusis
1302 833 1540 887 funditus
1591 831 1694 887 sibi
1747 831 2067 901 praecidens,
2096 832 2221 885 dum
2268 846 2390 883 cum

810 929 942 997 ipsis
964 937 1234 995 tamquam
1260 923 1593 977 mansionem
1617 931 1931 991 perpetuam
1953 921 2159 986 statuit,
2176 920 2391 974 eosdem

812 1020 1018 1088 pariter
1071 1030 1258 1068 omnes
1312 1014 1378 1067 ad
1431 1012 1884 1066 rcnuntiationem
1939 1024 2152 1079 quoque
2212 1025 2390 1063 rerum

813 1109 1053 1163 omnium
1081 1106 1410 1177 impellebat.
1441 1105 1592 1159 Unde
1620 1120 1739 1159 cmn
1766 1104 1830 1159 de
1857 1104 1942 1158 his
1967 1102 2251 1157 instantius
2268 1117 2394 1153 con-

814 1200 1093 1260 sularcut,
1130 1198 1265 1259 loca,
1299 1198 1350 1250 iu
1375 1196 1569 1265 quibus
1602 1210 1942 1249 communem
1968 1195 2132 1246 vitam
2167 1191 2393 1261 professi

813 1292 1019 1358 pariter
1073 1288 1316 1342 habitare
1360 1294 1600 1355 possent,
1644 1285 1869 1339 sollicite
1912 1291 2279 1353 pertractant;
2328 1281 2393 1334 ad

814 1379 919 1432 hoc
950 1377 1093 1431 nullo
1121 1378 1198 1430 eis
1226 1377 1277 1430 iu
1303 1376 1386 1429 bis
1410 1374 1690 1427 dumtaxat
1713 1375 2042 1443 regionibus,
2075 1373 2164 1441 qui
2194 1371 2294 1426 sibi
2328 1372 2396 1425 ad

815 1484 878 1521 ea
936 1484 1041 1537 que
1095 1476 1275 1521 mente
1328 1474 1686 1536 conceperant
1739 1475 2037 1534 Oportunus
2088 1464 2392 1524 videretur,

812 1568 1133 1611 occurrente
1161 1588 1229 1595 —
1261 1557 1396 1609 adeo
1441 1556 1608 1610 seculi
1658 1554 1865 1609 macula
1920 1554 2147 1623 quedam
2200 1562 2394 1606 cuncta

816 1647 932 1702 fere
982 1647 1227 1701 cmuobia
1276 1645 2032 1713 offuscaverat—longinqua
2087 1659 2294 1711 qucque
2346 1653 2399 1696 et

816 1738 1097 1808 peregrina
1146 1736 1393 1806 delegere
1444 1746 1766 1791 statuerunt.
1821 1735 1931 1789 lloc
1982 1751 2101 1788 cum
2150 1735 2397 1788 munibus

816 1843 925 1880 uno
951 1828 1130 1880 animo
1157 1828 1453 1895 eademque
1484 1828 1751 1880 sententia
1786 1825 2097 1894 placuisset,
2126 1823 2401 1877 Johannes

2487 658 2643 713 posse
2673 641 2891 695 concedi
2924 640 3217 709 respondit.
3248 639 3320 694 lbi
3363 650 3580 707 repente
3606 639 3721 691 viro
3757 638 4063 706 prudentis-

2490 734 2645 796 simo,
2676 732 2802 801 quid
2839 731 3146 799 aliquando,
3180 739 3466 797 antequam
3499 728 3705 796 apicem
3735 726 4063 795 pontificalis

2490 826 2709 879 honoris
2754 826 3062 892 attingeret,
3114 838 3272 889 super
3314 822 3429 873 loco
3470 820 3659 872 eodem
3705 818 3807 871 sibi
3838 818 3890 870 in
3936 825 4064 871 voto

2492 918 2675 982 fuerit,
2704 933 2885 971 secum
2911 918 3091 969 animo
3119 924 3421 984 reputante,
3462 928 3558 966 nec
3587 913 3817 965 humano
3842 911 4066 964 consilio

2491 1008 2582 1061 sed
2611 1007 2791 1060 divina
2818 1021 2946 1058 cura
2989 1019 3098 1057 rem
3147 1005 3229 1072 agi
3264 1003 3637 1062 considerans,
3673 1000 3803 1051 nihil
3845 998 4066 1050 omnino

2493 1110 2775 1155 cunctatus
2804 1097 2984 1150 firmat
3014 1097 3356 1151 sententiam.
3392 1093 3605 1146 Interim
3638 1107 3749 1144 rem
3784 1091 3946 1143 taceri
3975 1090 4067 1158 juo

2493 1191 2604 1253 bet,
2635 1190 2759 1242 dum
2795 1199 3003 1256 tempus
3029 1202 3121 1241 eos
3149 1188 3305 1240 detur
3346 1184 3528 1239 acciri.
3575 1184 3703 1236 Erat
3743 1182 3891 1235 locus
3922 1182 4065 1234 idem

2495 1297 2557 1335 ex
2589 1297 2694 1349 qua
2734 1280 2858 1334 olim
2886 1281 3058 1333 fuerat
3088 1280 3265 1348 specie
3287 1277 3733 1348 praestantissima
3776 1275 3931 1343 longe
3952 1273 4069 1341 jam

2496 1374 2599 1426 situ
2646 1388 2780 1440 pene
2820 1370 3109 1441 prmferens
3146 1370 3508 1432 solitudinem,
3552 1376 3606 1421 et
3635 1376 3833 1436 praeter
3869 1380 4071 1434 paucos

2497 1464 2548 1518 in
2588 1473 2738 1516 veste
2787 1461 3035 1515 monachi
3080 1461 3209 1513 inibi
3259 1460 3586 1522 habitantes,
3636 1457 3831 1525 quibus
3876 1456 4070 1509 divinae

2497 1555 2648 1624 stipis
2672 1556 2760 1608 vix
2790 1554 3057 1607 modicum
3094 1553 3219 1620 quid
3256 1554 3610 1613 inferebatur,
3653 1558 3832 1603 cetera
3873 1557 4070 1602 ornatu

2498 1647 2642 1701 omni
2688 1646 2934 1700 submoto
2978 1644 3094 1675 “‘3'
3139 1644 3278 1698 fceda
3336 1644 3508 1696 locum
3551 1642 3717 1695 facies
3769 1641 4067 1694 obsidebat.

2498 1739 2902 1793 Possessionum
2941 1737 3193 1806 quicquid
3235 1735 3470 1789 exterius
3515 1733 3711 1795 fuerat,
3750 1732 4073 1785 Adelbertus

2500 1843 2712 1891 comes,
2759 1828 2842 1881 vir
2883 1842 3080 1897 genere
3123 1826 3336 1895 quidem
3380 1824 3591 1887 clarus,
3635 1823 3847 1893 ingenio
3891 1831 4071 1875 autem

816 1918 1093 1985 superiore
1122 1914 1457 1985 profectione
1490 1931 1583 1969 sua
1612 1914 1794 1969 Italica
1825 1915 1969 1968 circa
1999 1912 2401 1968 Bcneventanas
2430 1906 2474 1965 Β
2503 1916 2655 1971 ferox
2682 1930 2745 1970 ac
2773 1916 3062 1978 violentus,
3097 1930 3197 1968 nec
3226 1915 3365 1969 bono
3398 1914 3647 1982 cuiquam
3680 1913 3790 1967 fere
3818 1926 4074 1980 umquam

819 2012 1072 2082 regiones
1114 2009 1229 2065 loca
1257 2025 1315 2064 se
1356 2010 1583 2079 quedam
1612 2009 1664 2061 iu
1712 2008 1939 2062 desertis
1962 2007 2113 2060 valde
2142 2016 2402 2076 oportuna

821 2102 1017 2154 asserit
1060 2098 1426 2168 conspexisse,
1476 2097 1529 2151 in
1569 2097 1762 2165 quibus
1823 2096 2007 2149 labore
2043 2110 2295 2148 manuum
2336 2092 2404 2147 ad

819 2190 1097 2260 exemplar
1119 2190 1468 2259 antiquorum
1510 2196 1821 2241 sanctorum
1870 2185 2015 2239 facili
2046 2186 2190 2239 victu
2237 2184 2403 2237 vitam

821 2284 1020 2338 ducere
1046 2291 1285 2349 possent,
1308 2294 1426 2346 qua:
1449 2279 1636 2347 utique
1665 2287 1719 2331 et
1742 2276 1936 2331 vinctis
1959 2284 2012 2329 et
2035 2276 2140 2328 situ
2164 2284 2217 2328 et
2242 2275 2406 2328 vasti-

822 2382 932 2427 tate
966 2370 1214 2425 obductis
1245 2369 1483 2439 copiosa,
1518 2376 1571 2423 et
1601 2377 1782 2422 cetero
1825 2381 1925 2420 usu
1969 2364 2285 2419 mortalibus
2310 2379 2406 2434 per

823 2461 1002 2518 omnia
1031 2468 1212 2515 essent
1235 2459 1569 2513 acommoda.
1616 2457 1697 2512 Ad
1737 2458 1838 2512 hoc
1866 2466 1919 2511 et
1951 2456 2146 2511 montis
2176 2456 2403 2522 Cassini,

825 2566 986 2622 quem
1015 2551 1255 2606 subierat
1276 2559 1329 2604 et
1358 2550 1588 2619 propriis
1609 2550 1814 2603 visibus
1836 2548 2230 2618 exploraverat,
2261 2561 2408 2599 men-

829 2646 1030 2700 tionem
1064 2643 1356 2706 adducens,
1390 2642 1547 2695 simul
1578 2650 1633 2695 et
1677 2641 1820 2695 illius
1850 2640 2017 2693 abditi
2069 2640 2210 2692 intra
2258 2639 2407 2694 sinus

826 2737 1067 2792 marinos
1093 2735 1265 2789 sancti
1292 2733 1591 2787 Salvator-is
1622 2732 1856 2787 cmuobii
1881 2731 2023 2800 quod
2053 2731 2220 2784 monti
2247 2729 2409 2784 Bebio

826 2828 1093 2892 imminet,
1144 2834 1419 2895 postremo
1459 2826 1509 2879 in
1563 2825 1616 2878 id
1671 2838 1861 2879 omnes
1921 2823 2125 2877 assensi
2178 2831 2322 2886 sunt,
2354 2829 2410 2875 ut

826 2918 1140 2990 quantotius
1167 2915 1555 2987 profectionem
1581 2915 1705 2969 illuc
1730 2924 2004 2967 maturare
2032 2914 2406 2967 decernerent.

901 3009 989 3062 55.
1007 3008 1139 3061 Cum
1153 3021 1298 3068 ecce,
1317 3006 1573 3059 divinitus
1600 3014 1656 3058 ut
1671 3015 1875 3059 certum
1894 3004 2086 3058 esthoc
2103 3012 2408 3071 procurate,

832 3098 899 3152 ad
915 3098 1167 3152 noticiam
1184 3095 1441 3165 episc0pi,
1459 3096 1636 3165 magni
1661 3096 1997 3165 postmodum
2019 3109 2196 3147 rerum
2215 3094 2414 3147 divina-

833 3204 953 3245 rum
970 3187 1388 3257 recuperatoris,
1405 3188 1583 3241 domui
1600 3186 1970 3250 Adelberonis,
1988 3185 2086 3239 hec
2102 3185 2279 3239 omnia
2296 3201 2415 3254 per-

830 3276 1096 3331 feruntur.
1113 3275 1382 3329 Bernaccr
1405 3276 1727 3346 euim,,unus
1742 3291 1808 3329 ex
1838 3276 1986 3343 ipsis,
2006 3276 2130 3328 dum
2163 3276 2417 3330 mcclesiae

837 3366 1013 3419 sancti
1050 3364 1346 3418 Salvatoris
1388 3372 1506 3433 post
1548 3364 1802 3417 domuum
1825 3363 2246 3417 Warimbertum
2281 3364 2416 3431 stipe

834 3456 1037 3509 domini
1064 3455 1302 3524 ejusdem
1325 3454 1581 3509 (ecclesia:
1603 3454 1782 3525 magni
1819 3463 1873 3508 et
1912 3453 2277 3508 memorabilis
2314 3453 2416 3507 viri

836 3542 1117 3599 Lantberti
1166 3544 1484 3611 deserviret,
1534 3547 1723 3601 eodem
1765 3547 1981 3602 domino
2027 3561 2123 3601 suo
2153 3546 2415 3600 secretius

836 3641 1061 3687 evocato
1093 3648 1203 3688 rem
1243 3649 1456 3688 omnem
1489 3636 1679 3689 ordine
1715 3636 1909 3705 aperit,
1943 3636 2257 3704 meritisque
2291 3650 2415 3689 san-

833 3722 1042 3778 ctitatis
1073 3723 1256 3777 domni
1285 3724 1493 3779 Einoldi
1540 3734 1701 3795 atque
1734 3726 1891 3793 hujus
1916 3726 2176 3780 Johannis
2202 3737 2413 3781 cetero-

835 3826 1065 3881 rumque
1092 3812 1327 3881 quicum
1360 3814 1439 3867 eis
1469 3824 1703 3867 erantet
1733 3813 1943 3868 fervore
1973 3824 2284 3869 sanctorum
2317 3818 2411 3871 de-

834 3901 1159 3955 sideriorum
1213 3903 1387 3956 eidem
1441 3903 1651 3973 plenius
1698 3905 1991 3969 inlimatis,
2041 3914 2096 3960 et
2146 3906 2411 3975 qualiter,

834 3990 1093 4059 quoniam
1139 3990 1193 4044 in
1221 3990 1305 4045 bis
1334 3992 1641 4061 regionibus
1669 4010 1774 4047 non
1805 3994 1884 4048 eis
1924 4007 2080 4063 aptus
2105 4005 2415 4051 occurreret

838 4080 987 4135 locus
1031 4080 1097 4135 ad
1143 4083 1485 4136 serviendum
1531 4084 1778 4150 Domino,
1828 4096 2041 4140 exteras
2083 4087 2418 4142 destinarent

835 4181 1019 4243 petere
1050 4173 1319 4241 regiones,
1350 4174 1400 4228 id
1430 4176 1497 4229 ab
1540 4191 1607 4229 eo
1654 4176 1870 4230 interim
1902 4177 2105 4246 accepit
2148 4180 2411 4247 responsi,

837 4271 899 4315 nt
929 4277 1145 4331 quoque
1186 4272 1346 4332 pacto
1386 4278 1479 4317 eos
1522 4265 1757 4320 retinere
1792 4276 2097 4334 temptaret,
2129 4267 2253 4320 dum
2302 4269 2417 4338 ipse

838 4350 1204 4420 oportunitate
1234 4353 1490 4420 temporis
1520 4362 1676 4422 capta
1708 4354 1960 4422 episcopo
2000 4369 2061 4406 ea
2097 4355 2412 4412 insinuaret.

842 4440 995 4505 Quod
1027 4440 1251 4495 Domino
1283 4441 1509 4496 faciente
1539 4444 1705 4497 cicius
1748 4459 1814 4498 ex
1853 4452 1975 4497 voto
2011 4445 2253 4508 cadente,
2286 4461 2418 4516 que-

838 4545 946 4600 que
975 4530 1075 4585 sibi
1105 4546 1265 4601 super
1292 4532 1420 4587 viris
1446 4532 1645 4587 eisdem
1679 4542 1832 4590 erant
1860 4546 2157 4605 comperta,
2189 4537 2417 4607 pleniter

837 4623 1091 4693 explicat,
1125 4623 1325 4677 addens
1351 4625 1419 4679 ad
1457 4625 1557 4680 hoc
1588 4642 1798 4681 summo
1843 4629 2026 4697 utique
2057 4630 2250 4698 probro
2279 4631 2416 4685 hanc

840 4714 1105 4771 maculam
1131 4714 1210 4769 eis
1239 4717 1490 4773 omnibus
1516 4729 1633 4787 post
1677 4720 1874 4775 seculis
1906 4721 2245 4786 inurendam,
2278 4724 2321 4779 si
2361 4725 2413 4780 bi

836 4803 1025 4859 famuli
1057 4804 1256 4859 Christi
1291 4815 1434 4859 tanta
1467 4810 1645 4877 spacia
1689 4809 1804 4878 ejus
1840 4812 2113 4882 episeopii,
2151 4815 2259 4869 Deo
2288 4830 2413 4883 pro-

837 4895 980 4968 picio
1009 4896 1088 4949 sic
1128 4896 1178 4949 in
1215 4896 1516 4953 inmensum
1547 4902 1773 4968 dilatati,
1814 4904 1886 4957 ita
1936 4906 2035 4958 sibi
2066 4919 2417 4962 causarentur

840 4986 1123 5057 przcclusa,
1153 4996 1211 5040 ut
1242 4988 1366 5057 quia
1394 5005 1654 5060 nusquam
1686 4994 2082 5062 exciperentur,
2120 4998 2169 5050 in
2210 4997 2413 5067 longin-

841 5091 948 5147 qua
986 5077 1216 5145 quedam
1260 5078 1361 5132 sub
1399 5081 1538 5134 C(BIO
1579 5083 1849 5154 incognito
1892 5096 2262 5153 preperarent,
2300 5088 2414 5140 fru~

839 5178 1065 5238 straque
1101 5176 1179 5222 tot
1211 5169 1439 5225 dicionis
1463 5172 1628 5241 ipsius
1658 5189 1778 5229 esse
1807 5176 2151 5241 monasteria,
2181 5178 2225 5231 si
2261 5179 2417 5233 modo

839 5264 908 5318 ab
936 5264 1019 5317 bis
1047 5272 1153 5317 tam
1193 5262 1371 5320 brevis
1406 5268 1613 5320 numeri
1657 5269 1899 5323 homines
1928 5270 2275 5338 pellerentur.

910 5351 979 5388 ’τιίῖ
1041 5353 1330 5388 πηῖοηηηιιο
1370 5373 1487 5388 nutu
1531 5358 1659 5388 ηἶΙιῖΙ
1708 5359 1804 5388 (⁵³1ῖῖ
1844 5375 2091 5388 Ilo-annua“...
2126 5364 2290 5388 ...αα-ἶ.
2326 5365 2383 5388 ,Ιιι

2503 2023 2714 2063 morum
2759 2008 3027 2078 probitate
3075 2007 3384 2077 probabilis,
3426 2021 3491 2060 ex
3537 2004 3797 2059 beneficio
3835 2004 4075 2074 episcopi

2502 2100 2585 2153 cui
2616 2100 2898 2164 militabat,
2930 2099 3099 2167 gratia
3124 2114 3252 2151 sane
3277 2098 3509 2166 ingrata,
3540 2097 3774 2151 tenebat.
3804 2096 4077 2165 Cognatas

2502 2189 2616 2257 ipse
2636 2188 2744 2256 jam
2778 2188 2904 2241 dicti
2933 2187 3206 2240 Lautberti
3228 2216 3295 2225 -—
3326 2202 3447 2239 nam
3479 2185 3595 2253 ejus
3633 2200 3873 2238 sororem
3905 2184 4075 2238 habe-

2502 2280 2690 2334 bat—
2720 2281 2965 2347 idemque
3006 2279 3146 2332 inter
3191 2293 3250 2332 se
3294 2277 3611 2347 quibusdam
3644 2276 4078 2330 animositatibus

2506 2371 2859 2426 dissidebant.
2886 2370 3025 2441 Ergo
3049 2370 3188 2424 idem
3212 2368 3535 2422 Lantbertus
3560 2377 3841 2436 postquam
3870 2368 4079 2420 animos

2505 2464 2743 2533 episcopi
2769 2462 2836 2516 ad
2860 2463 2961 2516 hoc
2992 2462 3276 2515 inclinatos
3308 2462 3594 2531 persensit,
3627 2459 3898 2513 Bernacro
3934 2458 4080 2513 cele—

2507 2557 2620 2610 rius
2651 2553 2840 2617 refert,
2874 2562 2933 2607 ut
2972 2553 3100 2606 viris
3122 2563 3378 2621 quantum
3404 2561 3583 2621 potest
3609 2552 3944 2619 persuadeat,
3974 2563 4083 2617 quo

2507 2662 2629 2700 mox
2681 2659 2864 2700 coram
2907 2644 3214 2707 venientes,
3269 2658 3426 2712 quem
3473 2642 3573 2697 sibi
3623 2642 3797 2696 locum
3847 2641 4085 2711 deligere

2508 2736 2721 2798 malint,
2766 2734 2967 2787 fuerint
3014 2734 3372 2802 percunctati,
3412 2732 3662 2787 onmibus
3706 2730 4085 2799 praetermissis

2509 2826 2759 2881 Gorziam
2786 2823 3076 2894 postulent.

2580 2916 2670 2970 37.
2712 2916 2848 2969 Dum
2900 2915 2999 2968 hec
3055 2911 3403 2967 clandestinis
3467 2911 3609 2965 inter
3660 2910 3759 2964 bos
3814 2908 4086 2979 agitantur

2513 3005 2773 3067 consiliis,
2821 3004 3061 3057 omnium
3113 3002 3303 3057 borum
3336 3004 3511 3056 adhuc
3548 3001 3653 3056 illis
3697 3001 3898 3071 ignaris
3936 3008 3989 3052 et
4020 3000 4086 3053 de

2514 3094 2945 3165 peregrinatione
2987 3093 3306 3147 maturanda
3352 3091 3728 3155 tractantibus,
3779 3090 3915 3143 alius
3955 3090 4086 3142 item

2522 3189 2784 3257 ipsorum,
2816 3186 2900 3240 cui
2931 3199 3123 3240 nomen
3160 3184 3460 3248 Randinco,
3490 3184 3693 3253 absque
3732 3182 3945 3235 licentia
3970 3182 4086 3249 epi-

2520 3280 2690 3349 scopi,
2748 3280 2849 3333 sub
2892 3292 2998 3348 quo
3050 3278 3187 3346 stipe
3240 3277 3497 3330 canonica
3548 3274 3792 3331 alebatur
3834 3281 3887 3327 et
3935 3271 4089 3325 titulo

2517 3385 2681 3439 supra
2712 3378 3010 3423 memorato
3045 3367 3401 3431 deserviebat,
3430 3381 3488 3421 se
3530 3365 3614 3419 vel
3642 3366 3837 3434 quibus
3866 3364 4089 3431 deputav

2516 3473 2602 3518 tus
2624 3472 2765 3516 esset
2800 3461 3071 3525 deserere,
3102 3458 3185 3512 vel
3212 3474 3481 3527 quoquam
3521 3466 3780 3528 perpetuo
3818 3468 3977 3526 posse
4004 3470 4090 3508 se.

2511 3554 2733 3615 cedere,
2780 3566 2884 3603 non
2929 3550 3060 3603 satis
3108 3550 3375 3617 integrum
3417 3548 3519 3603 sibi
3562 3548 3749 3611 videri,
3798 3544 4086 3616 suggeSsit.

2516 3642 2726 3696 Domno
2754 3640 2977 3694 Einoldo
3004 3654 3126 3693 cum
3167 3638 3314 3693 nullo
3342 3638 3499 3692 modo
3535 3636 3893 3705 improbante,
3925 3635 4089 3688 immo

2516 3732 2833 3787 canonicam
2879 3732 2956 3784 sic
2986 3744 3041 3783 se
3071 3730 3269 3784 habere
3300 3729 3535 3797 regulam
3567 3734 3863 3789 asserente,
3892 3725 3959 3777 ad
3987 3725 4092 3780 hoc

2515 3833 2571 3876 et
2613 3822 2809 3876 ceteris
2850 3828 2905 3873 ut
2953 3818 3105 3872 ocius
3153 3818 3305 3872 fieret
3336 3819 3387 3871 in
3434 3829 3721 3871 commune
3766 3814 4090 3879 ferentibus,

2515 3912 2788 3966 Bernacro
2816 3909 3085 3964 mediante
3115 3924 3210 3978 per
3234 3908 3408 3962 virum
3436 3906 3794 3961 clarissimum
3826 3906 4093 3972 omnium.

2518 4020 2623 4074 que
2652 4002 2790 4073 apud
2815 4001 3127 4071 episcopum
3164 4000 3509 4054 consiliorum
3549 3999 3797 4053 intimum
3837 3997 4093 4055 Lantber-

2518 4108 2632 4153 tum
2680 4097 3057 4167 conspectibus
3103 4097 3338 4167 episcopi
3379 4105 3756 4166 przesentatur.
3807 4094 3909 4151 Ubi
3944 4111 4089 4160 cum,

2518 4189 2690 4260 gratia
2731 4188 2945 4242 habitus
2970 4188 3272 4258 postulandi
3296 4188 3423 4257 quid
3458 4187 3681 4256 reliquis
3708 4202 3920 4257 quoque
3945 4195 4092 4242 esset

2519 4282 2572 4335 in
2598 4289 2740 4344 voto,
2766 4294 2829 4334 ex
2857 4279 2973 4350 ejus
3003 4280 3311 4333 narratione
3340 4278 3515 4348 palam
3541 4278 3946 4347 perclaruisset,
3974 4293 4092 4333 om-

2519 4389 2615 4429 nes
2644 4374 2735 4442 qui
2784 4374 2924 4428 forte
2961 4375 3317 4428 constiterant
3362 4373 3739 4427 ammiratione
3780 4374 3975 4442 gaudio
4011 4375 4092 4428 ὶιι-

2520 4466 2797 4531 termixto,
2842 4481 2909 4521 ne
2940 4465 3073 4521 tales
3103 4481 3167 4521 ae
3195 4465 3329 4520 tanti
3359 4465 3607 4520 desiderii
3650 4481 3875 4536 usquam
3913 4467 4094 4521 dimit-

2522 4567 2789 4624 terentur,
2812 4558 3079 4628 dignaque
3102 4559 3181 4613 eis
3205 4560 3579 4628 provideretur
3599 4560 3785 4628 pocius
3808 4560 4090 4627 habitatio,

2522 4652 2744 4706 vocibus
2770 4651 3001 4705 orabant
3026 4658 3078 4705 et
3106 4652 3377 4719 precibus.

2591 4741 2679 4797 58.
2718 4741 2838 4795 Mox
2879 4741 3128 4795 omnibus
3170 4757 3355 4796 coram
3392 4743 3580 4797 accitis
3621 4757 3784 4813 seque
3828 4746 3987 4816 digne
4028 4762 4092 4802 ac

2519 4841 2831 4888 reverenter
2856 4834 3118 4901 exceptis,
3163 4843 3279 4903 post
3311 4836 3493 4889 audita
3529 4852 3591 4891 ac
3619 4837 3823 4891 reddita
3856 4840 4091 4894 vicissim

2519 4921 2783 4989 colloquia
2825 4922 2913 4975 ubi
2944 4923 3243 4992 episcopus,
3291 4940 3451 4993 quam
3477 4925 3673 4993 promti
3712 4926 3765 4979 in
3804 4941 3897 4980 eos
3930 4927 4093 4980 animi

2518 5021 2686 5075 esset,
2714 5014 2982 5082 exposuit,
3017 5013 3192 5068 locum
3221 5015 3321 5068 sibi
3356 5015 3421 5069 ad
3462 5024 3643 5069 votum
3672 5029 4010 5084 quocumque
4040 5016 4093 5067 in

2521 5116 2621 5155 suo
2673 5103 2949 5172 episcopio
2992 5104 3202 5173 copiam
3247 5106 3327 5160 eis
3370 5106 3461 5159 dat
3508 5105 3756 5174 eligendi.
3801 5105 3877 5159 llli
3923 5105 4094 5175 spatio

2521 5190 2672 5245 brevi
2701 5192 2843 5245 inter
2880 5206 2936 5245 se
2973 5191 3279 5247 conferendi
3319 5193 3486 5262 petito
3527 5202 3581 5249 et
3620 5202 3865 5261 accepto,
3891 5192 4091 5247 Berna-

2522 5298 2634 5345 cer,
2673 5291 2732 5335 ut
2761 5282 2897 5336 clam
2930 5284 3119 5337 doctus
3145 5293 3282 5348 erat,
3312 5283 3561 5338 Gorziam
3594 5285 3853 5338 nominat.
3885 5284 4092 5339 Ceteris
