4472 5522
844 459 949 517 ‘263

1760 458 2043 518 JOA‘NNIS
2082 452 2369 510 ABBATIS
2404 450 2457 503 S.
2503 448 2803 503 ARNULFI
2845 446 3183 502 METENSIS

3986 445 4093 499 εδδ

846 573 1203 643 lcgitimisque
1230 568 1497 644 suffragiis
1542 572 1593 626 in
1640 588 1806 627 sacrae
1843 570 2095 626 Metensis
2140 565 2409 622 cathedra:
2443 567 2485 623 Α
2518 572 2621 614 tem
2651 560 3059 615 occidentalium
3094 559 3324 627 partium
3356 561 3639 616 Ludowico
3665 603 3678 624 .
3729 561 3836 615 filio
3882 560 4093 627 Karoli,

844 663 1181 733 pontificium
1214 662 1440 716 Domino
1467 670 1813 731 promovente
1839 660 2160 715 sustollitur.

913 752 1001 805 Η.
1053 752 1217 820 Cujus
1248 753 1503 822 deinceps
1537 763 1690 807 actus
1719 754 1783 807 de
1814 753 1899 806 die
1942 753 1992 805 in
2042 752 2180 804 diem
2215 747 2423 801 felicius

850 842 1203 910 pracedentes
1236 853 1292 897 ut
1319 844 1534 897 Christo
1567 844 1699 896 duce
1732 843 2096 897 succreverint
2120 881 2133 902 ,
2183 849 2235 893 et
2265 850 2321 893 nt
2370 841 2421 893 in

848 934 1294 986 monasteriorum
1341 934 1607 1002 prmcipne
1642 934 1977 1000 reparatione
2009 934 2152 1002 (375)
2190 932 2421 984 studium

848 1037 957 1090 przn
989 1024 1199 1077 cunctis
1227 1024 1595 1088 transfuderit,
1624 1040 1961 1092 nequaquam
1988 1024 2133 1076 brevi
2166 1038 2416 1077 sermone

845 1113 1032 1181 stringi
1058 1112 1341 1181 qniSqnam
1365 1114 1644 1182 quesierit,
1671 1130 1842 1182 neque
1870 1114 1997 1166 mihi
2023 1114 2093 1175 id,
2126 1113 2168 1165 si
2195 1114 2419 1181 sapiam,

844 1216 1100 1271 arrogare
1129 1203 1582 1272 przrsumpserim.
1611 1203 1675 1256 Et
1699 1213 1844 1257 certe
1870 1219 1953 1256 res
1981 1204 2090 1270 ipsa
2119 1202 2189 1255 ita
2214 1218 2270 1255 se
2293 1218 2422 1255 cun-

842 1302 1052 1346 ctorum
1096 1294 1293 1363 ingerit
1337 1293 1546 1357 oculis,
1582 1302 1641 1347 ut
1683 1293 1936 1363 quicquid
1978 1294 2179 1346 dictum
2227 1291 2419 1356 fuerit,

841 1384 1022 1438 minus
1055 1386 1301 1439 videatur
1322 1428 1336 1451 ,
1367 1396 1421 1440 et
1453 1386 1738 1439 multitudo
1782 1385 2047 1440 factorum
2080 1400 2419 1453 nequaquam

841 1478 1113 1545 exmquari
1154 1477 1331 1532 valeat
1364 1476 1620 1530 facultate
1666 1476 1971 1529 verborum.
2018 1475 2312 1528 Ecclesiam
2346 1476 2419 1528 si-

842 1570 1083 1641 quidem,
1113 1583 1273 1638 quam
1303 1566 1641 1636 superiorum
1674 1573 1973 1634 temporum
2019 1564 2421 1633 perturbatione

841 1663 909 1716 ab
938 1661 1084 1714 omni
1112 1674 1261 1728 prene
1304 1658 1605 1710 studiorum
1651 1656 1915 1711 bonorum
1946 1654 2160 1708 fervore
2207 1665 2314 1707 tam
2368 1654 2419 1707 in

841 1749 1040 1803 divinis
1064 1762 1225 1816 quam
1258 1756 1311 1800 et
1356 1746 1609 1799 humanis
1652 1747 1901 1800 detritam
1951 1754 2297 1814 susceperat,
2350 1745 2419 1798 ita

840 1854 1027 1894 secum
1064 1838 1290 1892 Domino
1320 1845 1579 1905 operante
1610 1851 1674 1890 ex
1697 1838 1862 1899 nullo,
1899 1847 1957 1889 ut
1980 1838 2050 1889 ita
2083 1837 2332 1901 dixerim,
2370 1837 2419 1890 in

2525 653 2614 721 qui
2644 652 2780 706 bello
2812 652 2951 720 apud
2983 651 3304 706 Sucsionum
3332 654 3600 706 civitatem
3650 664 3772 707 nota
3823 652 3962 708 fama
3990 669 4097 709 nec

2526 743 2701 795 victus
2729 757 2825 795 nec
2851 743 3065 805 victor,
3111 744 3163 795 in
3213 744 3507 796 custodiam
3555 744 3619 797 ad
3655 756 3877 797 mortem
3923 761 4099 815 usque

2526 832 2777 886 detrusus
2805 843 2905 886 est.
2950 832 3019 885 Ut
3066 844 3241 886 autem
3274 849 3366 887 eos
3395 834 3593 902 pariter
3622 839 3868 904 superior
3894 838 4102 890 deseri-

2524 925 2959 993 psitcouventtts,
2987 924 3057 976 ita
3083 938 3269 976 omnes
3291 940 3457 977 sacrm
3475 926 4097 990 milicimsuccesserunt,

2527 1015 2579 1066 id
2611 1024 2692 1067 est
2728 1015 2823 1083 ipsi
2850 1014 3005 1081 primi
3035 1023 3087 1067 ct
3131 1016 3251 1067 novi
3286 1016 3451 1068 duces
3478 1018 3742 1070 exercitus
3772 1019 4101 1084 [)I'IIPSiilllliS-

2526 1111 2769 1178 sitnaque
2797 1110 2911 1175 ejus
2961 1110 3123 1162 seculi
3158 1110 3386 1174 lumina,
3423 1110 3679 1163 Einoldus
3712 1120 3871 1179 alque
3897 1109 4101 1163 Johan-

2527 1216 2639 1262 nes,
2669 1201 2861 1253 deinde
2895 1200 3120 1253 Salccho
3153 1215 3215 1252 ex
3249 1201 3467 1255 clericis
3504 1202 3673 1255 sancti
3708 1201 3919 1254 Martini
3961 1202 4099 1254 citra

2524 1290 2823 1354 Mosellam,
2855 1290 3162 1343 Randincus
3194 1291 3459 1358 presbiter
3483 1291 3619 1343 tituli
3649 1292 3819 1344 Sancti
3852 1290 4104 1359 Simpho—

2525 1381 2685 1444 riani,
2717 1380 2985 1434 Bernacer
3014 1380 3271 1433 diaconus
3302 1382 3364 1433 de
3406 1396 3511 1448 quo
3539 1396 3699 1447 supra
3744 1389 4101 1432 memoratum

2524 1481 2627 1535 est,
2661 1484 2888 1539 cumque
2921 1470 3002 1523 his
3027 1470 3416 1524 adulescentuli
3447 1473 3571 1533 duo,
3620 1469 3950 1524 Teuthincns
3998 1470 4100 1521 mi-

2525 1560 2697 1613 nister
2724 1562 2903 1613 domui
2933 1560 3161 1621 Einoldi,
3191 1571 3244 1613 et
3289 1559 3614 1623 Teutherus,
3644 1561 3940 1631 quiadhuc
3966 1559 4107 1611 bone

2526 1650 2953 1705 conversationis
2985 1659 3259 1719 superest,
3293 1666 3413 1703 cum
3447 1650 3723 1703 Randiuco
3755 1649 4057 1718 prcsbitero
4085 1685 4101 1710 ,

2527 1739 2678 1806 cujus
2706 1748 2823 1792 erat
2852 1755 3015 1808 nepos
3038 1779 3052 1803 ,
3098 1741 3382 1793 admissus.
3428 1738 3485 1792 ln
3517 1741 3754 1793 vestibus
3781 1740 4101 1793 clericorum

2526 1829 2833 1898 aliquandiu
2888 1828 3245 1894 incesserunt,
3324 1830 3492 1883 donec
3544 1831 3798 1898 episcopo
3845 1828 3969 1882 illuc
4012 1841 4106 1880 ve-

840 1944 1108 1984 summum
1139 1934 1359 1996 repente
1400 1935 1598 1980 statum
1648 1926 1932 1993 provexit,
1987 1935 2045 1978 ut
2084 1940 2421 1995 quocumque
2456 1921 2495 1978 Β
2526 1921 2705 1974 nienle
2728 1960 2741 1983 ,
2786 1930 2840 1973 εει
2866 1935 3015 1973 more
3045 1922 3343 1975 monastico
3375 1922 3637 1975 eleCIione
3669 1922 3732 1973 de
3775 1919 3874 1973 sibi
3929 1917 4105 1991 praefi-

842 2020 1043 2075 dioeesi
1090 2032 1199 2073 sum
1232 2017 1489 2071 suberant
1518 2016 1881 2080 monasteria,
1931 2017 2086 2085 longo
2110 2016 2221 2083 jam
2255 2025 2308 2070 et
2336 2032 2424 2070 ve-

842 2112 939 2165 teri
974 2110 1161 2164 morbo
1193 2109 1260 2162 ah
1290 2122 1452 2176 Opere
1502 2108 1847 2161 rectitudinis
1890 2108 2134 2176 languida
2185 2117 2239 2161 et
2285 2122 2420 2178 pene

839 2200 1155 2268 desperata,
1192 2197 1529 2267 regularibus
1573 2198 1869 2267 disciplinis
1914 2198 2243 2264 reddiderit,
2277 2201 2421 2254 viros

838 2289 949 2343 vita
978 2298 1031 2343 et
1079 2288 1324 2341 doctrina
1372 2288 1628 2358 probatos
1674 2289 1900 2358 singulis
1941 2292 2242 2361 quibusque
2290 2292 2421 2347 locis

837 2380 1180 2452 praeficiens,
1214 2380 1307 2449 qui
1360 2380 1559 2434 mundo
1606 2381 1845 2449 perfecte
1893 2382 2176 2448 abdicato,
2225 2385 2421 2439 ceteris

838 2468 1161 2523 documento
1178 2479 1229 2521 et
1246 2468 1531 2538 disciplina
1554 2469 1897 2538 proficerent.
1926 2471 2255 2526 Clericornm
2282 2474 2422 2541 ipso-

839 2575 959 2614 rum
992 2558 1365 2617 conciliabula,
1396 2574 1460 2613 eo
1493 2560 1635 2627 quod
1663 2559 1890 2613 divisam
1921 2577 2039 2614 cum
2073 2562 2255 2615 seculo
2287 2579 2417 2616 con-

836 2649 1202 2703 versatiOnem
1232 2663 1336 2701 non
1361 2649 1490 2702 satis
1518 2649 1803 2717 probabat,
1832 2651 1881 2704 in
1919 2652 2305 2705 monachorum
2341 2653 2422 2705 in-

838 2739 1028 2794 stituta
1060 2739 1307 2793 mutavit.
1362 2737 1862 2793 Sanctimouialium
1910 2741 2247 2804 habitacula,
2280 2743 2421 2809 quod

840 2844 935 2891 ea,
968 2829 1068 2882 etsi
1102 2845 1205 2881 non
1252 2842 1340 2893 re,
1371 2827 1512 2881 fama
1545 2837 1722 2881 tamen
1757 2830 2037 2883 obscurari
2090 2846 2250 2899 quam
2280 2847 2421 2900 mgre

837 2916 1071 2980 ferebat,
1101 2917 1243 2972 oumi
1276 2918 1513 2971 sinistrae
1554 2917 1869 2986 suspitionis
1903 2920 2081 2971 morSu
2108 2920 2335 2988 eripuit,
2367 2928 2421 2973 ct

840 3010 907 3062 ad
940 3010 1079 3063 idem
1108 3024 1213 3078 quo
1251 3008 1541 3061 monachos
1575 3008 1898 3073 institutum,
1923 3018 1976 3063 et
1998 3010 2047 3063 in
2076 3010 2220 3063 nullo
2245 3011 2423 3079 dispa-

842 3115 934 3153 res
964 3100 1407 3161 observationes,
1440 3115 1537 3167 pro
1572 3113 1735 3153 sexus
1770 3100 1967 3154 virtute
2004 3100 2261 3154 coercuit.
2314 3100 2423 3155 Nec

842 3192 952 3261 jam
982 3191 1381 3260 antiquioribus
1411 3200 1465 3243 et
1488 3192 1935 3246 eminentioribus
1958 3202 2241 3247 contentus
2266 3194 2418 3257 leris,

2525 2010 2716 2065 ciendo
2742 2018 2896 2076 patre
2928 2012 3093 2077 petita
3120 2019 3175 2063 et
3204 2020 3449 2080 accepta,
3476 2027 3596 2063 cum
3624 2010 3959 2063 institutione
3982 2011 4106 2061 vitae

2525 2101 2805 2168 regularis,
2836 2100 3076 2152 habitum
3109 2116 3321 2170 quoque
3345 2101 3591 2154 monachi
3620 2108 4037 2153 conintutarunt.

2592 2190 2683 2243 44.
2722 2189 2838 2243 Uno
2874 2190 3015 2244 enim
3064 2204 3188 2245 voto
3226 2200 3279 2244 et
3305 2193 3419 2261 pari
3466 2192 3734 2245 sententia
3765 2191 3961 2243 donmo
4016 2188 4108 2241 Ei-

2523 2278 2680 2332 noldo
2719 2279 2784 2331 ab
2812 2279 3064 2332 omnibus
3094 2279 3429 2345 exclamato,
3466 2281 3577 2348 ipse
3622 2280 3825 2348 primus
3863 2279 4104 2332 omnimn

2525 2371 2781 2440 episcopo
2806 2370 3103 2439 regularem
3129 2373 3595 2425 conversationem
3614 2387 3676 2424 ex
3704 2372 3947 2423 instituto
3964 2369 4105 2423 beati

2522 2459 2796 2513 Benedicti
2828 2464 3028 2528 scripto
3059 2459 3352 2529 professus,
3389 2472 3441 2516 et
3470 2462 3615 2515 cruci
3650 2462 3930 2515 dominica:
3957 2460 4109 2513 dedi—

2522 2553 2744 2611 candus.
2775 2552 2982 2604 cucullo
3006 2553 3261 2605 induitur.
3300 2554 3599 2622 Sequentes
3624 2554 3801 2608 abbati
3825 2568 3887 2605 ex
3914 2552 4109 2605 ordine

2522 2641 2837 2712 profitemes
2862 2684 2875 2705 ,
2908 2644 2957 2696 in
2994 2643 3205 2696 miliciaa
3234 2645 3453 2698 celestis
3487 2655 3541 2699 et
3570 2645 3888 2698 obedientize
3916 2659 4105 2698 sacra-

2524 2744 2699 2786 menta
2733 2736 2831 2788 sub
2860 2735 2972 2803 ipso
2996 2751 3184 2789 omnes
3214 2736 3466 2791 similiter
3506 2738 3621 2805 pari
3651 2737 3743 2769 ”‘"
3783 2739 3941 2791 modo
3973 2753 4109 2792 con-

2517 2823 2723 2892 jurant.
2753 2825 2830 2877 Ad
2867 2840 2951 2878 res
2978 2834 3127 2878 extra
3154 2827 3424 2879 curandas
3450 2827 3676 2880 domnus
3697 2826 3974 2883 Iohannes
4004 2828 4103 2880 do-

2524 2928 2642 2970 ctus
2671 2924 2723 2969 et
2750 2930 2948 2985 gnarus
2978 2931 3163 2969 earum
3189 2916 3427 2986 eligitur.
3486 2917 3646 2971 Pauci
3678 2919 3765 2988 qui
3797 2934 3862 2972 ex
3889 2928 4103 2971 vetusta

2525 3008 2937 3061 conversatione
2965 3007 3036 3059 ibi
3063 3017 3384 3076 supererant
3413 3011 3681 3074 monachi,
3712 3010 3776 3063 ad
3799 3012 4108 3081 exemplum

2526 3112 2785 3152 novorum
2838 3097 3007 3150 coacti
3061 3098 3113 3150 in
3165 3100 3601 3153 communionem
3649 3102 3755 3154 vite
3803 3102 3964 3154 etiam
4004 3101 4109 3170 ipsi

2525 3189 2733 3243 assensi
2766 3197 2908 3241 sunt.
2940 3186 3146 3242 Census
3174 3189 3252 3242 eis
3277 3190 3359 3242 vel
3390 3193 3689 3245 substantia
3721 3193 3893 3260 primo
3921 3192 4111 3245 admo—

840 3282 986 3350 ipsas
1006 3296 1220 3349 quoque
1252 3280 1472 3334 cellulas
1506 3281 1716 3351 longius
1746 3284 1848 3335 ritu
1887 3300 2019 3354 vago
2037 3284 2328 3351 dispersas,
2364 3286 2415 3338 in
2448 3288 2493 3347 C
2526 3284 2651 3339 dum
2684 3283 2861 3337 tenuis
2887 3281 3006 3346 fuit,
3036 3297 3196 3350 quam
3229 3292 3409 3337 tamen
3437 3285 3708 3339 interioris
3734 3285 3895 3338 animi
3924 3294 4105 3339 tesau-

839 3372 1035 3440 quibus
1061 3371 1147 3423 vix
1179 3380 1302 3423 octo
1328 3379 1420 3422 aut
1447 3379 1593 3423 certe
1626 3372 1851 3423 minoris
1874 3373 2080 3423 numeri
2113 3372 2295 3425 clerici
2333 3389 2421 3425 ru-

839 3461 981 3515 rales
1012 3461 1153 3514 nuda
1186 3460 1471 3513 verborum
1514 3460 1815 3514 reddebant
1848 3462 1936 3492 ""7
1973 3462 2147 3515 officia
2173 3504 2185 3524 ,
2235 3480 2423 3518 mona-

839 3555 1063 3608 chorum
1098 3552 1278 3605 habitn
1307 3561 1360 3605 et
1388 3551 1861 3606 observationibus
1896 3553 2189 3622 insignivit.
2249 3554 2422 3624 thue

838 3652 1081 3714 tempora
1133 3659 1327 3713 resque
1357 3643 1625 3707 tulerunt,
1666 3652 1840 3697 terras
1890 3646 2193 3713 sumptibus
2233 3661 2421 3699 eorum

836 3735 1178 3791 necessarias
1221 3744 1277 3787 et
1310 3749 1429 3802 quce
1458 3734 1699 3787 lucorum
1727 3745 1885 3788 erant
1923 3736 2190 3801 restituit,
2220 3746 2274 3790 et
2300 3752 2424 3805 pro-

837 3828 971 3897 priis
1012 3827 1199 3881 usibus
1252 3828 1561 3880 subtractas
1591 3825 1806 3896 egregia
1856 3827 2178 3880 liberalitate
2227 3829 2422 3884 additis

838 3921 1181 3975 testamentis
1205 3920 1559 3974 contradidit.

906 4012 997 4065 4‘3.
1030 4011 1134 4065 Sed
1162 4026 1486 4079 quamquam
1513 4012 1749 4065 omnium
1782 4011 1918 4064 miro
1940 4012 2117 4065 studio
2142 4026 2263 4066 cum
2292 4026 2420 4066 cura

838 4101 1094 4164 tenuerit,
1126 4100 1321 4155 Gorzia
1356 4109 1559 4163 tamen,
1595 4110 1653 4155 ut
1684 4100 1791 4154 dixi
1819 4142 1834 4164 ,
1870 4102 2028 4154 unico
2074 4102 2176 4155 sibi
2210 4117 2423 4171 semper

838 4189 940 4244 fuit
968 4190 1176 4253 amori,
1210 4205 1307 4259 pro
1342 4203 1407 4243 eo
1433 4191 1574 4259 quod
1604 4201 1657 4245 et
1682 4192 2005 4261 principium
2048 4208 2266 4262 operum
2309 4192 2424 4261 ejus

840 4280 1126 4342 extiterat,
1158 4289 1211 4334 et
1253 4281 1515 4335 sanctitas
1541 4283 1919 4351 przedictorum
1949 4282 2188 4337 virorum
2212 4284 2421 4339 Einoldi

839 4380 1000 4440 atque
1042 4369 1304 4425 Johannis
1349 4386 1471 4425 eum
1524 4373 1793 4441 prmcipue
1840 4372 2186 4437 oblectabat,
2231 4376 2424 4442 quibus

835 4460 1022 4523 etiam,
1054 4475 1164 4529 pra:
1190 4460 1508 4516 excellentia
1542 4462 1779 4527 virtutis,
1814 4462 1934 4517 fidei
1960 4474 2013 4517 et
2040 4465 2340 4531 sapientiae,
2368 4466 2422 4519 in

837 4550 1088 4605 oumibus
1119 4548 1233 4606 fere
1256 4551 1514 4620 deinceps
1543 4552 1742 4606 divinis
1771 4566 1866 4606 seu
1890 4553 2142 4606 humanis
2184 4562 2267 4607 est
2296 4570 2423 4608 usus

2528 3388 2621 3427 rus
2669 3371 2827 3426 facile
2880 3370 3209 3424 tolerabilem
3261 3371 3517 3436 faciebat,
3596 3374 3835 3442 finesque
3895 3378 3945 3426 in
3996 3373 4111 3427 Deo

2527 3465 2685 3535 plena
2713 3504 2726 3528 ,
2759 3478 2878 3532 qua:
2924 3462 3098 3516 nescit
3127 3460 3433 3527 defectum,
3466 3463 3747 3533 religiosos
3769 3478 4010 3533 quosque
4041 3477 4110 3515 ex

2528 3554 2657 3610 locis
2685 3553 2911 3609 diversis
2939 3552 2988 3605 in
3017 3567 3135 3605 eam
3169 3560 3295 3605 tunc
3340 3555 3572 3621 primum
3601 3555 3874 3608 nascentis
3918 3554 4110 3624 gratia:

2528 3654 2867 3699 venustatem
2917 3644 3154 3705 excitos,
3194 3639 3625 3713 quibuscu‘unque
3666 3644 3989 3697 neces.~ariis
4014 3642 4108 3673 ³⁸⁸⁸

2527 3733 2902 3804 impendendis
2933 3732 3128 3784 ardore
3172 3733 3419 3784 certatim
3454 3733 3624 3787 altero
3659 3734 3813 3787 alteri
3848 3733 4112 3785 inruenti-

2525 3827 2627 3881 bus
2664 3827 2994 3896 impellebat.

2598 3917 2685 3970 45.
2723 3920 2802 3971 Ad
2831 3921 2927 3973 hoc
2960 3920 3071 3989 ipse
3099 3920 3374 3974 Johannes
3411 3932 3764 3988 qmrcumqne
3792 3916 3844 3969 in
3878 3913 4108 3969 faculta-

2528 4012 2669 4065 tibus
2715 4001 2923 4080 pridem
2956 4025 3311 4081 supererant,
3374 4021 3643 4079 tamquam
3683 4008 3837 4062 fidele
3891 4006 4110 4061 Christo

2527 4105 2895 4174 mancipium,
2940 4106 3105 4160 immo
3131 4109 3365 4176 probans
3393 4106 3443 4159 in
3478 4105 3708 4169 modico,
3741 4117 3901 4170 quam
3932 4101 4110 4155 fidelis

2530 4194 2585 4248 in
2617 4194 2802 4262 majori
2836 4206 2979 4249 esset
3027 4195 3273 4260 futurus,
3310 4196 3433 4249 illuc
3480 4205 3674 4249 cuncta
3704 4194 4001 4256 contraxit,
4035 4193 4107 4245 ita

2526 4298 2585 4341 ut
2614 4304 2679 4342 ne
2708 4288 3025 4358 pmpinqnis
3073 4288 3380 4357 aliquibus,
3429 4285 3513 4339 vel
3560 4285 3689 4353 ipsis
3730 4284 3891 4337 etiam
3946 4296 4111 4335 carne

2528 4383 2818 4451 germanis,
2859 4383 3151 4450 quicquam
3199 4394 3261 4433 ex
3302 4380 3727 4447 quibuscumque
3750 4373 4111 4444 possessioni—

2533 4474 2634 4528 bus
2675 4474 3026 4542 relinqueret,
3060 4471 3188 4541 quin
3219 4474 3398 4540 potius
3424 4472 3489 4523 ad
3520 4468 3790 4521 cumulum
3816 4465 4108 4535 gloriarum

2532 4564 2809 4619 celestium
2856 4563 3032 4632 ipsos,
3084 4562 3174 4629 qui
3218 4568 3424 4612 tantum
3454 4559 3560 4610 duo
3596 4555 3811 4610 fuerant
3855 4552 3955 4607 sibi
3988 4566 4115 4621 ger-

836 4641 1098 4695 CODSiliiS-
1155 4640 1265 4695 Nec
1325 4641 1495 4695 ferme
1551 4642 1875 4711 aliquando,
1928 4643 2185 4713 quicquid
2232 4659 2418 4698 COI‘UIII
2453 4644 2497 4700 Ι)
2530 4658 2707 4721 mani,
2749 4657 2814 4710 ad
2854 4655 3092 4709 divinum
3143 4664 3264 4722 post
3312 4653 3581 4706 modicum
3624 4649 3877 4719 temporis
3925 4661 4108 4700 secum

833 4732 1197 4802 promulgavit
1223 4732 1491 4787 sententia
1520 4772 1533 4796 ,
1581 4732 1781 4785 frustra
1817 4742 2138 4803 temptatum
2187 4742 2311 4795 est,
2364 4743 2421 4787 ut

838 4833 1049 4885 contra,
1078 4822 1123 4875 si
1150 4837 1257 4892 quo
1286 4831 1440 4875 extra
1464 4837 1767 4892 egressum,
1794 4838 1916 4877 sero
1948 4824 2198 4892 penituit.

908 4915 998 4969 43.
1040 4914 1275 4985 lngressi
1307 4922 1433 4967 sunt
1455 4923 1636 4965 autem
1668 4913 1806 4967 idem
1856 4910 2247 4970 monasterium
2278 4934 2420 4971 anno

840 5004 1230 5062 incarnationis
1256 5007 1539 5061 dominica:
1569 5005 1693 5069 955,
1721 5007 1998 5062 obtinente
2021 5018 2225 5077 partem
2251 5010 2419 5064 Frau-

842 5100 939 5154 cia:
963 5098 1111 5168 regni
1136 5098 1409 5165 quondam
1454 5095 1696 5149 Lotharii
1726 5096 1976 5153 lleinrico
2025 5100 2419 5155 Germanorum

845 5205 991 5260 rege,
1025 5204 1130 5258 quo
1158 5188 1575 5259 gloriosissimus
1603 5186 1727 5242 Otto
1777 5202 1961 5256 cesar,
2005 5195 2246 5247 oumium
2282 5206 2427 5249 retro
2530 5208 2679 5253 vei-et
2726 5200 2778 5251 in
2818 5197 2908 5265 jus
2940 5197 3252 5250 monasterii
3287 5204 3527 5257 retenta,
3580 5209 3644 5248 eo
3688 5192 3977 5246 decedente
4005 5202 4112 5241 non

2529 4750 2741 4820 subegit
2790 4748 3093 4803 servitium.
3148 4746 3362 4815 Resque
3389 4759 3577 4797 omnes
3614 4752 3719 4796 tam
3764 4743 3814 4795 in
3864 4740 4114 4795 domibus

2527 4853 2693 4909 quam
2725 4839 2776 4892 in
2810 4837 2955 4909 agris
2982 4852 3103 4891 cum
3134 4836 3412 4890 vinearum
3437 4832 3793 4904 pulcherrima
3822 4829 4112 4883 admodum

2531 4931 2710 4999 copia,
2739 4942 3091 4998 qumeuinque
3114 4927 3357 4997 partilms
3384 4934 3542 4979 erant
3566 4933 3789 4978 venture
3816 4962 3829 4985 ,
3865 4923 3915 4975 in
3944 4936 4114 4974 unum

2532 5022 2778 5075 redactas
2798 5060 2811 5082 ,
2842 5019 3027 5072 usibus
3050 5016 3427 5071 communibus
3458 5014 3768 5067 monasterii
3813 5012 4111 5081 delegavit;

2528 5110 2851 5164 condicione
2884 5118 3058 5161 tamen
3091 5122 3151 5160 ea
3196 5106 3466 5175 proposita
3492 5145 3504 5165 ,
3546 5114 3604 5157 ut
3650 5104 3774 5156 dum
3809 5103 3919 5169 ipse
3963 5102 4115 5153 advi«

4044 5291 4110 5298 -.α
