4472 5522
303 415 402 468 265

1211 399 1296 453 DE
1337 397 1492 451 “TA
1531 391 1814 450 JOANNIS
1849 389 2138 445 ABBATIS
2177 381 2602 444 GURZIEXSlS.

3460 364 3564 421 ξ’.δὸ

305 525 631 582 monasterio
686 522 824 576 datis
867 517 1211 572 redimerent.
1270 513 1492 566 Matrem
1542 523 1754 578 quoque
1801 521 1884 558 se-
1913 513 1961 567 Λ
1993 503 2204 557 animus
2238 498 2528 558 attolleret,
2565 503 2618 544 ut
2651 505 2784 559 pene
2807 486 2918 554 jam
2953 484 3052 538 sibi
3081 481 3334 551 possibile
3359 495 3477 535 esse
3499 482 3565 535 ad

305 619 480 672 cundo
511 617 628 668 viro
674 612 888 665 viduam
916 649 930 674 ,
981 618 1100 676 post
1149 603 1462 659 nonnullum
1509 613 1716 668 tempus
1760 612 1881 650 cum

308 706 577 774 aliquibus
623 718 688 757 ex
717 701 918 753 familia
948 700 1014 751 ad
1061 713 1118 750 se
1161 702 1526 748 recurrentem
1552 729 1566 754 ,
1609 687 1748 757 quod
1775 687 1884 754 jam

305 793 663 866 provectioris
707 800 851 844 esset
899 789 1107 848 aetatis,
1161 787 1212 838 in
1263 783 1400 852 stipe
1457 778 1766 833 monasterii
1796 776 1886 806 “5°

308 897 461 941 extra
497 883 752 952 suscepit.
798 880 896 934 Ubi
927 879 1090 932 etiam
1134 877 1315 946 plures
1345 887 1516 926 annos
1543 872 1657 939 ipsa
1703 876 1891 922 sancta

310 993 445 1031 anus
479 988 668 1046 postea
719 975 770 1027 in
806 975 942 1026 bona
988 968 1426 1030 conversatione,
1480 964 1735 1017 fratribus
1764 977 1891 1015 con—

311 1068 639 1140 gregationis
671 1066 837 1135 ipsius
867 1064 1106 1116 serviens
1130 1061 1311 1129 deguit
1332 1100 1345 1123 ,
1372 1067 1424 1111 et
1451 1071 1675 1126 quicque
1708 1055 1758 1107 in
1807 1069 1892 1106 vc-

313 1163 482 1216 stibus
516 1168 672 1212 erant
723 1155 1028 1211 necessaria
1052 1195 1065 1217 ,
1118 1154 1228 1221 ipsa
1267 1167 1387 1204 cum
1434 1150 1546 1204 suis
1587 1147 1852 1218 aliquibus
1878 1186 1891 1209 ,

312 1269 430 1323 qum
480 1267 665 1306 secum
712 1250 762 1302 in
795 1248 984 1303 eadem
1037 1246 1174 1314 stipe
1223 1242 1539 1298 monasterii
1578 1240 1894 1302 manebant,

316 1355 536 1400 Strenue
574 1343 706 1396 satis
753 1355 816 1393 ac
865 1338 1096 1392 fideliter
1125 1336 1433 1396 exercebat.
1484 1333 1668 1402 Ibique
1698 1333 1750 1386 in
1784 1333 1898 1400 ipso

316 1436 617 1491 devotionis
645 1431 903 1500 obsequio
925 1431 1062 1483 diem
1090 1428 1287 1483 clausit
1309 1439 1633 1482 extremum.

385 1527 473 1583 46.
516 1527 651 1580 Cum
683 1524 747 1577 ad
774 1525 916 1578 hunc
943 1523 1031 1553 ²⁵⁶¹
1069 1537 1240 1591 usque
1265 1521 1439 1574 locmn
1469 1519 1588 1572 nisu
1612 1517 1900 1571 admodum

321 1622 582 1678 debiliore
614 1629 852 1684 evectus,
884 1619 934 1672 in
963 1618 1342 1671 documentum
1368 1628 1588 1682 prorsus
1609 1611 1904 1665 hebetatio-

325 1715 398 1768 ris
426 1712 655 1782 ingenii,
709 1710 867 1764 veluti
901 1708 1107 1761 viribus
1151 1704 1364 1759 cunctis
1402 1702 1615 1764 effusis,
1657 1717 1684 1753 a
1723 1709 1904 1768 empto

323 1802 539 1857 tandem
568 1800 750 1867 segnis
784 1807 836 1852 et
882 1808 1156 1866 tamquam
1189 1795 1358 1848 multo
1388 1806 1549 1861 opere
1581 1790 1902 1851 delassatus,

1993 594 2133 663 quod
2161 601 2309 646 tanto
2334 589 2519 658 plausu
2547 578 2902 650 instigabatur
2927 576 3286 645 promitteret,
3321 574 3373 626 in
3400 578 3571 626 semet

1993 682 2265 754 paululum
2297 689 2414 749 post
2449 690 2626 729 tamen
2664 673 2934 740 relapsus,
2983 677 3034 720 ct
3064 667 3254 718 virium
3289 667 3469 718 itidem
3511 670 3571 716 ut

1993 785 2148 830 erant
2170 770 2601 828 consideratione
2635 776 2942 824 remensus,
2980 776 3082 812 non
3117 758 3292 811 minus
3334 770 3494 825 quant
3541 771 3572 809 a

1997 864 2260 936 principio
2321 859 2549 931 propriae
2606 855 2807 909 inercie
2860 861 3177 911 veternum,
3225 848 3338 901 solo
3367 849 3572 900 luerere

1997 956 2351 1025 compulerat.
2391 950 2494 1005 Sed
2524 958 2580 1002 ut
2602 947 2710 1001 cito
2745 959 2924 997 moras
2955 942 3314 996 cunctationis
3341 941 3577 994 dirrum-

1999 1062 2152 1116 pam,
2197 1059 2316 1098 cum
2365 1043 2445 1095 lia:
2489 1049 2778 1106 utcumque
2828 1035 3170 1088 animationis
3206 1032 3296 1062 ‘5"
3342 1033 3577 1085 excitas-

1999 1145 2151 1200 sent,
2185 1143 2295 1188 tum
2327 1131 2418 1202 qui
2445 1129 2855 1185 inminutionem
2881 1141 3031 1180 amor
3056 1124 3155 1178 viri
3204 1137 3360 1193 quem
3400 1138 3584 1176 susce-

2000 1227 2180 1297 pimus
2235 1224 2408 1278 nescit
2472 1218 2793 1282 admittere,
2855 1231 2963 1286 prae
3021 1214 3274 1270 omnibus
3326 1213 3581 1281 quiequid

2002 1316 2198 1368 virium
2267 1312 2396 1366 tnibi
2456 1319 2639 1379 posset
2710 1321 3026 1376 superesse,
3103 1317 3370 1372 superque
3443 1303 3585 1371 ipsas

2006 1421 2149 1460 ιιι-εδ
2213 1403 2541 1457 contendere
2608 1399 2710 1451 sibi
2769 1399 2944 1466 coegit
3012 1395 3335 1465 expendere.
3404 1393 3588 1462 Itaque

2007 1496 2210 1564 reliqua
2252 1493 2319 1546 ab
2364 1492 2480 1560 ipso
2533 1487 2808 1558 religionis
2862 1485 3045 1539 liabitu
3084 1493 3306 1551 accepto
3334 1522 3347 1546 ,
3382 1498 3484 1552 quc
3538 1483 3588 1536 ei

2017 1585 2356 1641 conversatio
2384 1582 2569 1645 fuerit,
2601 1588 2864 1648 quantum
2893 1577 3099 1630 scilicet
3131 1586 3222 1628 aut
3261 1591 3324 1629 ex
3362 1575 3590 1628 testibus

2010 1678 2220 1733 cunctis
2264 1676 2367 1744 piis
2397 1673 2511 1741 ejus
2546 1670 2754 1725 actibus
2783 1667 3172 1723 adberentibus
3195 1706 3207 1728 ,
3245 1665 3376 1718 viris
3407 1667 3593 1734 utique

2013 1767 2279 1838 religiosis
2308 1804 2323 1829 ,
2358 1773 2449 1817 aut
2477 1779 2539 1814 ex
2594 1762 2708 1828 ipso
2752 1766 3011 1811 narrante
3043 1795 3057 1820 ,
3086 1765 3142 1809 ut
3174 1769 3331 1807 casus
3379 1755 3496 1806 tulit
3526 1784 3595 1792 —

328 1845 539 1857 .-.ηψπ
569 1845 750 1867 νην..-
788 1845 836 1852 --
1425 1845 1440 1861 ,
1889 1845 1899 1851 ,

328 1894 551 1947 bracbia
593 1892 808 1960 penitus
854 1887 1200 1954 dejecissem,
1239 1900 1338 1940 nec
1368 1883 1594 1936 ulterius
1622 1881 1761 1933 viam
1803 1892 1906 1947 qua
1940 1885 1983 1944 Β
2013 1877 2094 1930 ‘1‘“

1829 1845 1906 1947 [ηις
1940 1885 1983 1944 Β
2013 1859 2153 1930 quod
2187 1866 2385 1918 tamen,
2416 1853 2540 1907 dum
2565 1851 2790 1921 gloriam
2819 1848 3042 1916 respuit,
3077 1860 3259 1900 rarum
3283 1845 3378 1897 fuit
3409 1875 3476 1884 —
3502 1861 3595 1897 au—

2033 1952 2061 1960 ..
2107 1951 2117 1960 .
2370 1945 2380 1960 ι
2512 1958 2541 1960 η
2583 1941 2679 1960 ξηιε
2773 1939 2959 1960 ---ἵι...,.
3013 1937 3153 1960 -...II.-
3211 1936 3388 1960 “n.2,...
3426 1935 3552 1960 ‘:."-n

324 1982 676 2051 procederem
708 1988 800 2032 aut
842 1977 1042 2032 nullam
1085 1985 1178 2029 aut
1224 1974 1494 2027 dificulter
1528 1970 1906 2024 inveniendam

327 2074 458 2128 mihi
488 2084 794 2140 superesse,
823 2082 1122 2136 sperarem,
1155 2067 1430 2131 inopinato
1459 2063 1762 2117 studiorum
1793 2075 1909 2113 om-

329 2168 476 2220 nium
527 2165 615 2217 lux
665 2164 767 2216 bac
816 2169 1000 2213 nostra
1043 2154 1400 2210 nominandus
1448 2161 1642 2212 atate,
1689 2162 1743 2201 et
1789 2166 1910 2200 cum

333 2258 452 2311 usui
487 2269 599 2310 tum
629 2254 840 2308 ornatui
871 2264 1052 2305 rerum
1083 2247 1322 2302 omnium
1353 2255 1496 2299 totus
1520 2253 1678 2296 natus
1699 2283 1711 2305 ,
1745 2239 1916 2294 maxi-

332 2364 455 2402 mus
480 2357 535 2401 et
576 2344 793 2399 inclitus
819 2338 1015 2410 praasul
1056 2338 1284 2392 domnus
1328 2332 1640 2403 supervenit
1674 2329 1918 2384 Deoderi-

333 2457 449 2495 cus.
483 2439 601 2506 Quo
630 2435 881 2490 videlicet
913 2433 1187 2486 hortatore
1219 2437 1380 2496 atque
1428 2425 1748 2494 impulsore,
1783 2430 1837 2474 ut
1864 2421 1918 2473 in

335 2530 622 2600 principiis
654 2525 880 2587 reddidi,
915 2523 1070 2575 unice
1093 2528 1291 2590 praeter
1315 2527 1494 2571 cetera
1523 2530 1650 2569 usus
1670 2553 1685 2578 ,
1726 2512 1791 2565 ad
1819 2512 1920 2564 boe

335 2636 471 2690 opus
500 2618 726 2672 nimium
774 2615 945 2668 audax
977 2610 1221 2681 prorupi.
1276 2606 1325 2660 ls
1354 2606 1440 2659 ubi
1488 2620 1572 2658 me
1611 2619 1738 2657 casn
1780 2601 1922 2653 domi

338 2709 610 2768 convenit.
638 2707 680 2760 si
706 2704 832 2773 quid
849 2701 982 2769 jussi
1004 2699 1184 2768 operis
1209 2713 1300 2752 seu
1318 2706 1575 2765 quantum
1601 2690 1925 2746 confecerim

343 2797 653 2868 requisivit.
685 2796 780 2850 Cui
807 2809 928 2847 cum
961 2789 1322 2851 vercbundus,
1370 2785 1446 2838 uti
1490 2784 1644 2853 egeni
1674 2780 1928 2834 conscius

341 2889 547 2960 ingenii
577 2929 591 2949 ,
623 2901 721 2939 nec
751 2898 949 2949 negare
971 2919 985 2943 ,
1019 2896 1120 2931 nec
1151 2880 1316 2929 libere
1345 2915 1358 2938 ,
1383 2876 1525 2941 quod
1556 2887 1772 2940 quoquo
1812 2885 1929 2921 mo-

337 2983 409 3036 do
455 2983 696 3049 itteptnzn
728 2986 781 3030 et
813 2979 1028 3044 plenum
1067 2985 1329 3041 nugarum
1372 2967 1670 3028 edideram,
1738 2962 1934 3016 offerre

341 3081 756 3142 prassnmerem,
789 3075 950 3133 atque
978 3063 1117 3116 inter
1142 3057 1452 3112 utrumlibet
1483 3054 1739 3108 bsesitaus
1769 3049 1936 3120 trepi-

343 3164 551 3221 darem,
584 3157 691 3221 ille,
727 3154 960 3210 scedulis
989 3153 1089 3206 sibi
1131 3149 1342 3204 deferre
1366 3146 1553 3215 jussis,
1584 3145 1773 3198 ordine
1797 3158 1935 3197 cuu-

345 3261 436 3304 cta
466 3247 727 3303 cucurrit.
759 3245 895 3298 Tum
928 3257 1057 3297 vero
1085 3241 1229 3295 velut
1269 3255 1382 3300 eos,
1416 3238 1504 3306 qui
1543 3237 1641 3289 sub
1666 3236 1785 3289 luce
1814 3249 1928 3287 ma-
1958 3227 2002 3288 (Ξ

351 3345 501 3414 ligna
531 3341 805 3395 diversum
837 3341 903 3390 ab
928 3350 991 3389 eo
1022 3333 1161 3403 quod
1200 3347 1257 3385 se
1304 3331 1465 3384 liabet
1496 3345 1579 3382 res
1622 3329 1930 3390 intuentur,

350 3435 514 3490 modo
540 3447 706 3503 quam
741 3439 896 3484 erant
933 3426 1179 3481 dissimili
1227 3439 1349 3479 eum
1397 3431 1588 3476 cuncta
1618 3419 1840 3485 efferre,
1884 3428 1938 3474 et

347 3526 663 3596 quibusque
690 3520 865 3574 obviis
891 3518 1066 3589 palam
1109 3516 1346 3586 jactare,
1378 3513 1508 3568 satis
1534 3511 1676 3582 quod
1706 3511 1938 3565 mirarer

348 3630 514 3672 nosse
545 3628 649 3667 non
682 3609 832 3681 potui

420 3709 515 3762 L7.
544 3699 1064 3773 (DCCCCLXXVIII.
1091 3700 1216 3755 Dec.
1236 3697 1350 3767 25.)
1378 3696 1541 3751 Forte
1568 3695 1636 3751 ibi
1665 3704 1790 3748 tunc
1813 3694 1940 3747 Tra-

342 3797 612 3868 jectensis
646 3810 739 3849 seu
771 3786 1160 3847 Dabentrensis
1186 3789 1427 3844 ecclesia:
1476 3784 1712 3857 pontifex
1752 3784 1943 3838 claris-

350 3889 531 3943 simus
560 3886 796 3956 atquein
827 3897 991 3955 grege
1022 3883 1301 3937 doctorum
1330 3879 1617 3933 admodum
1643 3874 1944 3931 celebratus

350 3977 593 4032 domnus
616 3974 762 4044 Popo
788 3972 939 4042 (576)
967 3970 1250 4032 adfuerat,
1279 3968 1432 4022 festis
1463 3964 1660 4021 natalis
1691 3964 1944 4018 dominici

353 4070 411 4123 in
462 4064 1015 4122 communicationem
1065 4061 1382 4132 gaudiorum
1428 4059 1496 4112 ab
1535 4059 1724 4112 eodem
1763 4064 1945 4110 nostro

357 4159 632 4222 antistite,
668 4171 788 4210 cum
818 4169 936 4216 suo,
971 4153 1023 4207 id
1067 4161 1148 4206 est
1173 4152 1340 4221 ipsius
1369 4149 1634 4219 Poponis,
1679 4147 1944 4216 genitore,

355 4252 488 4305 viro
522 4249 578 4302 in
608 4261 787 4301 rerum
833 4243 1172 4314 publicarunt
1203 4254 1332 4294 cura
1377 4236 1758 4293 strenuissimo
1787 4247 1948 4304 atque

352 4343 567 4399 comite
597 4337 854 4409 palatino,
885 4335 970 4390 cui
1005 4348 1198 4387 nomen
1227 4331 1426 4393 Berno,
1452 4327 1703 4382 asscitus.
1731 4326 1789 4379 Ei
1821 4341 1946 4379 cum

353 4433 559 4488 eadem
585 4429 784 4498 pariter
817 4425 996 4480 verbis
1027 4439 1135 4478 non
1158 4421 1327 4477 semel
1366 4415 1758 4474 sufﬁcientibus
1800 4416 1950 4484 inge-

357 4525 588 4578 minans
609 4517 914 4581 extulisset,
939 4514 1004 4569 ad
1034 4529 1118 4568 me
1139 4528 1261 4569 cum
1290 4512 1406 4582 ipso
1426 4525 1520 4564 ora
1548 4521 1867 4570 conversus,
1896 4514 1953 4558 ut

2013 1951 2263 2011 divinius,
2301 1945 2383 1999 vel
2430 1958 2548 2013 qua:
2583 1941 2722 2010 ipsi,
2768 1939 2962 2009 quibus
3012 1937 3158 1990 nulla
3209 1936 3388 2004 potior
3425 1935 3556 1988 fides
3582 1975 3596 1995 ,

2013 2038 2402 2110 persensimus,
2435 2035 2562 2088 hinc
2592 2041 2650 2086 ut
2679 2030 2890 2084 Domini
2919 2029 3023 2082 erit
3053 2027 3438 2082 misericordia
3474 2041 3596 2094 pro-

2015 2145 2324 2199 sequemur.

2086 2222 2175 2271 49.
2208 2220 2462 2271 Ceterum
2493 2231 2560 2268 ne
2592 2215 2675 2287 cui
2705 2229 2797 2269 seu
2835 2213 3137 2281 interrupta
3185 2219 3271 2264 aut
3302 2209 3607 2263 extraordi-

2018 2311 2167 2367 naria
2196 2308 2365 2363 series
2391 2307 2658 2368 videatur,
2699 2304 2740 2356 si
2769 2317 2872 2372 qua
2891 2303 2954 2355 de
2979 2303 3238 2372 personis,
3278 2299 3608 2369 quarum‘m

2019 2401 2293 2473 quippiam
2347 2411 2537 2450 eorum
2569 2408 2672 2464 que
2709 2395 2957 2448 dicentur
2995 2392 3256 2444 interesse
3307 2389 3600 2453 videbitur,

2023 2495 2348 2553 inserentur,
2373 2503 2601 2558 quarunt
2629 2493 2683 2540 ct
2711 2483 2996 2537 nonnullas
3027 2482 3273 2550 superior
3313 2481 3609 2549 propositio

2025 2581 2204 2636 intulit
2231 2621 2244 2643 ,
2277 2587 2331 2632 et
2362 2580 2656 2632 decurrens
2683 2574 2819 2627 alias
2858 2586 2957 2641 pro
2987 2586 3270 2626 causarum
3325 2570 3608 2639 Oportuni-

2029 2683 2136 2727 tate
2167 2682 2220 2726 et
2262 2679 2562 2738 temporum
2594 2680 2773 2719 sermo
2807 2663 2987 2734 plures
3015 2663 3234 2716 inducet
3264 2701 3276 2722 ,
3309 2661 3376 2715 dc
3417 2662 3613 2728 quibus

2030 2767 2211 2835 utique
2226 2762 2496 2833 prioribus
2511 2755 2892 2825 consequentia
2919 2770 3024 2808 non
3051 2754 3298 2818 reddere,
3319 2753 3456 2806 ratio
3477 2753 3612 2820 ipsa,

2031 2860 2193 2911 etiam
2244 2857 2290 2907 si
2339 2867 2680 2912 conaremur,
2724 2851 3022 2902 resisteret.
3084 2845 3258 2898 Simul
3309 2845 3394 2897 vir
3447 2844 3615 2896 isdem

2034 2946 2188 3014 longe
2227 2938 2666 3009 incomparabilis
2693 2951 2812 2990 cum
2850 2937 2920 2989 ita
2950 2936 3116 2987 vitam
3144 2932 3353 3002 egerit,
3396 2940 3452 2982 ut
3491 2929 3619 2983 soli-

2038 3038 2207 3092 tarius
2235 3036 2373 3088 inter
2418 3029 2788 3085 multitudines
2816 3027 3014 3079 vixerit
3053 3055 3125 3065 —
3154 3041 3274 3078 nam
3302 3023 3500 3076 frustra
3532 3023 3617 3074 ni-

2039 3144 2130 3183 sns
2159 3126 2454 3184 recederet,
2490 3122 2533 3174 si
2567 3119 2688 3189 quis
2718 3120 2832 3188 ejus
2861 3118 3054 3172 robore
3087 3116 3344 3170 virtutum
3381 3130 3438 3168 se
3463 3127 3620 3182 posse

2036 3220 2276 3289 aSpirare
2308 3213 2604 3270 confideret
2636 3241 2700 3250 —
2731 3227 2835 3264 non
2875 3208 2975 3263 sibi
3005 3218 3182 3260 tanien
3224 3207 3320 3258 soli
3349 3219 3451 3271 que
3479 3203 3621 3256 fece-

2043 3321 2125 3364 rat
2143 3307 2451 3376 arrogabat,
2470 3317 2656 3357 verum
2683 3309 2907 3355 exteros
2935 3314 3116 3352 secum
3136 3296 3347 3365 operari
3367 3292 3626 3364 quicquid

2041 3403 2167 3458 illud
2201 3399 2283 3452 vel
2311 3396 2504 3452 secreti
2537 3393 2702 3448 solius
2733 3401 2877 3446 esset
2902 3389 3195 3460 judicabat.
3237 3385 3486 3454 Nihilque
3513 3398 3624 3453 prie

2042 3511 2101 3550 se
2129 3492 2374 3563 superius
2403 3504 2560 3558 quam
2590 3484 2891 3540 communis
2920 3483 3040 3536 vita:
3067 3481 3330 3534 actionem
3371 3492 3625 3544 umquam

2042 3584 2237 3641 alicubi
2273 3583 2496 3636 fecerat.
2530 3577 2791 3644 Quocirca
2814 3573 2903 3642 qui
2933 3573 2979 3626 ei
3014 3572 3215 3641 pariter
3247 3568 3624 3628 versalnmtur,

2044 3693 2231 3734 eorum
2263 3689 2366 3729 non
2395 3671 2642 3725 inmerito
2687 3666 2854 3738 gestis
2891 3663 3059 3732 ipsius
3107 3671 3226 3715 acta
3278 3660 3578 3713 intererunt
3610 3697 3624 3719 ,

2046 3764 2138 3835 qui
2166 3777 2269 3815 non
2305 3759 2460 3813 modo
2488 3755 2686 3809 nullam
2738 3764 3010 3820 tamquam
3053 3748 3361 3815 superiores
3394 3745 3441 3798 ei
3491 3743 3628 3796 invi-

2048 3834 2189 3909 diam
2221 3852 2445 3912 facient,
2477 3847 2569 3901 sed
2598 3845 2704 3898 illis
2728 3843 2909 3913 potius
2933 3855 2994 3894 ex
3030 3838 3159 3891 tanti
3206 3836 3304 3889 viri
3340 3834 3630 3888 contuber-

2050 3947 2139 4001 nio
2163 3944 2338 4013 fulgor
2364 3940 2458 3972 ¹⁵⁶⁵
2488 3933 2885 4007 quodammodo
2906 3929 3134 3999 amplior
3165 3925 3531 3981 cumulabitur
3574 3933 3629 3977 et

2049 4039 2267 4093 claritas
2286 4039 2496 4090 crescet
2523 4038 2578 4084 et
2604 4027 2794 4099 gloria.
2932 4096 2937 4102 .

2120 4128 2208 4182 50.
2245 4127 2545 4191 Antequam
2575 4134 2703 4187 ergo
2735 4116 2871 4170 ultra
2897 4127 3242 4186 promoveant
3265 4149 3277 4174 ,
3302 4109 3474 4179 primo
3506 4107 3632 4176 quia

2053 4235 2157 4276 non
2189 4217 2322 4272 alias
2351 4213 2574 4268 forsitan
2600 4208 2771 4277 magis
2786 4215 3049 4278 oportune
3081 4219 3137 4257 se
3167 4203 3316 4257 locus
3339 4199 3536 4253 offerre
3560 4196 3639 4250 vi-

2054 4313 2233 4371 detur,
2262 4306 2326 4360 de
2342 4303 2472 4357 viris
2487 4313 2702 4370 quoque
2728 4296 2833 4350 illis
2857 4292 3279 4353 venerabilibus,
3299 4304 3435 4359 quos
3459 4296 3637 4342 textus

2056 4399 2300 4468 superior
2345 4390 2664 4448 memoravit
2712 4389 2848 4456 (cap.
2883 4383 2997 4451 ‘25),
3027 4383 3239 4436 Andrea
3280 4391 3439 4447 atque
3470 4376 3639 4431 Huiu-

2058 4494 2235 4554 berto,
2262 4488 2479 4555 dignum
2518 4480 2752 4536 arbitror
2781 4477 2997 4538 dicere;
3037 4489 3266 4544 quorum
3300 4479 3526 4537 uterque
3556 4468 3641 4522 bis

354 4621 547 4683 empta
580 4607 727 4664 nullo
753 4560 1166 4661 cunciabundus
1194 4560 1495 4670 explrercm,
1529 4598 1744 4654 bortatu
1780 4560 1951 4665 magis
1981 4575 2031 4634 Ῐ)
2059 4584 2184 4638 item
2236 4578 2479 4645 ωνὶετιυεε
2528 4569 2754 4627 Είηοωο
2794 4575 2958 4638 al‘1‘“?
2986 4564 3215 4621 δοιιθίιιιί
3262 4577 3368 4616 "0"
3420 4560 3645 4629 imparis

2219 4673 2250 4683 ._
2300 4671 2328 4683 Α.
2414 4669 2424 4680 ο
2598 4672 2754 4683 __-_.-
2800 4669 2842 4683 ,ι
2878 4660 3092 4683 -..:.|.....
3137 4655 3289 4683 ιιι-Λρῖ
3324 4651 3525 4683 οιῖηηιιὶ
3591 4669 3617 4683 ο.

350 4722 422 4763 ac
465 4703 648 4775 magis
687 4698 951 4769 ampliore
1003 4697 1215 4751 animos
1242 4694 1439 4750 addere
1479 4700 1532 4746 et
1576 4689 1760 4745 favore
1790 4701 1952 4757 quam

351 4797 608 4870 plurimo
639 4791 772 4847 mihi
798 4799 976 4844 tamen
1007 4785 1372 4844 erubescendo
1405 4800 1510 4839 non
1540 4781 1838 4838 desistebat
1873 4795 1954 4834 ac-

355 4887 624 4946 cendere.

428 4976 529 5032 ιδ.
573 4972 786 5043 Quibus
826 4985 948 5026 cum
980 4969 1032 5024 in
1065 4969 1299 5040 aliquam
1328 4966 1465 5021 forte
1492 4964 1805 5021 facilitatem
1835 4979 1955 5019 sese

2057 4671 2383 4734 sanctitatis,
2414 4666 2760 4722 incitamenta
2795 4669 2850 4715 et
2874 4660 3094 4731 quidam
3135 4655 3291 4728 quasi
3324 4651 3526 4708 stimuli
3591 4669 3656 4705 u-t

2057 4769 2290 4823 virtutes
2317 4763 2486 4817 fuere.
2519 4757 2602 4811 Hii
2631 4755 2774 4810 enim
2816 4761 2874 4806 ut
2906 4751 3047 4805 fama
3084 4749 3338 4818 vulgante
3367 4744 3486 4798 loco
3515 4755 3662 4812 prat-

2058 4860 2203 4914 dicto
2230 4871 2287 4911 se
2317 4853 2462 4906 viros
2489 4848 2706 4904 eosdem
2737 4843 3006 4913 recepisse
3028 4850 3082 4895 et
3105 4837 3285 4909 plures
3319 4834 3560 4902 undique
3600 4833 3664 4882 a.i

2059 4967 2154 5008 eos
2182 4949 2376 5004 divina:
2403 4940 2681 4998 servitutis
2705 4950 2889 4992 amore
2920 4937 3299 5002 compererant
3349 4924 3614 4979 festinare
3653 4957 3666 4980 .

1679 5076 1912 5130 VARIIE
1950 5061 2354 5131 LECTIONES.

433 5207 536 5244 ι³⁶⁰
576 5202 891 5262 monasterii
925 5219 970 5256 c.
1050 5199 1138 5233 ”“
1177 5198 1353 5254 adhuc
1381 5213 1426 5250 c-

1505 5195 1596 5227 ¹⁸⁸³
1627 5193 1986 5248 ammationes
2013 5185 2156 5244 Μαι).

2238 5179 2331 5216 ﬂ”
2381 5190 2611 5248 quorum
2655 5188 2700 5223 c.
2782 5167 2871 5204 ""
2908 5167 3092 5236 furgor
3128 5179 3173 5215 ε.

1912 5297 2146 5361 ΝΟΤᾹ).
