4472 5522
854 469 955 521 (ὶῖἲῖ

1739 465 2020 522 JOANNIS
2056 465 2347 522 ABBATIS
2384 467 2443 522 S.
2482 468 2786 524 ARNULFI
2827 470 3166 528 METENSIS

4017 480 4123 534 268

851 581 953 651 ipsi
978 594 1193 649 quoque
1222 579 1366 632 nullo
1388 580 1667 644 remorati,
1700 581 1798 634 etsi
1841 589 1947 635 non
1981 591 2223 650 tempore
2254 584 2435 636 animo
2468 589 2509 645 Α
2542 583 2799 643 Baxerias
2819 585 3014 639 dicitur
3046 587 3213 656 (3'78).
3249 584 3345 641 Ubi
3374 588 3759 643 monasterium
3781 592 3846 642 ab
3875 592 4127 663 episcopo

856 683 1032 725 tamen
1080 679 1244 739 atque
1275 671 1573 725 intentione
1601 672 1716 740 pari
1745 714 1759 734 ,
1792 673 1918 725 illuc
1950 672 2304 726 convolaruut
2333 714 2347 737 ,
2380 683 2435 727 et

852 760 1208 816 monasticam
1263 759 1655 813 institutionem
1708 761 1934 829 professi
1961 802 1973 822 ,
2002 761 2196 830 quibus
2225 754 2437 814 fuerant

851 855 998 923 prius
1026 852 1208 920 prtevii
1231 852 1564 920 etmagistri,
1592 867 1778 905 eorum
1809 853 2120 921 magisterio
2142 862 2196 906 et
2218 853 2435 906 ducatui

849 946 1043 1014 subjici
1077 960 1176 1000 nec
1200 946 1506 999 abnuerunt
1549 961 1647 1000 nec
1676 947 2028 999 crulmerunt.
2063 945 2127 998 Et
2158 959 2279 997 cum
2327 943 2437 997 An-

850 1040 978 1091 drea
1006 1038 1222 1105 quidem
1262 1052 1552 1105 germanus
1580 1037 1746 1105 ipsius
1798 1036 2163 1108 lilagiufredns
2187 1078 2200 1100 ,
2250 1048 2435 1105 postea

849 1132 1011 1184 etiam
1042 1129 1131 1183 alii
1185 1128 1403 1197 quidam
1451 1130 1626 1198 gentis
1675 1129 1915 1198 ejusdem
1970 1138 2094 1180 sunt
2140 1128 2432 1181 subsecuti.

851 1222 985 1276 Cum
1037 1221 1336 1274 llumherto
1382 1229 1562 1273 autem
1618 1221 1878 1289 puerulus
1911 1221 2127 1290 quidam
2186 1220 2233 1273 ei
2281 1219 2438 1274 titini—

848 1321 1049 1375 strans.
1079 1309 1203 1363 Milo
1228 1309 1464 1373 nomine,
1494 1319 1775 1379 susceptus
1805 1321 1907 1373 est,
1932 1311 2071 1363 bone
2100 1310 2214 1378 ipse
2244 1308 2438 1362 indolis

848 1410 904 1455 et
932 1416 1036 1456 non
1066 1401 1291 1454 minimo
1316 1400 1655 1469 postmodum
1688 1401 1806 1454 usui
1842 1399 2177 1469 profuturus.

918 1494 1009 1546 51.
1038 1492 1306 1546 Prmterea
1333 1492 1474 1559 quod
1505 1491 1570 1544 de
1593 1490 1781 1544 eodem
1813 1492 1929 1544 viro
1949 1488 2239 1543 venerabili
2270 1488 2435 1542 llum-

846 1588 1002 1641 berto
1016 1586 1189 1656 primo
1217 1600 1339 1638 cum
1367 1584 1666 1637 narrationi
1698 1584 1961 1637 incideret
1991 1592 2072 1637 est
2094 1583 2431 1651 prmtermis-

845 1692 966 1730 smn
995 1676 1133 1745 (cap.
1163 1674 1277 1744 2|),
1307 1674 1396 1728 hic
1420 1674 1657 1728 breviter
1680 1672 2011 1727 reddendum
2044 1673 2277 1737 videtur,
2306 1688 2436 1742 qua-

844 1767 970 1821 liter
1000 1766 1113 1836 ipse
1160 1779 1373 1835 quoque
1413 1763 1596 1818 divino
1630 1763 1868 1826 impulsu
1916 1763 1971 1817 in
2026 1762 2269 1817 habitum
2311 1763 2435 1817 reli-

844 1859 1020 1930 gionis
1063 1855 1355 1911 transierit.
1393 1854 1470 1909 Ex
1520 1854 1836 1924 parentibus
1887 1854 1975 1908 hic
2028 1855 2125 1908 etsi
2162 1852 2432 1908 ruralibus

841 1966 948 2003 non
983 1948 1115 2002 adeo
1149 1958 1326 2000 tamen
1353 1960 1410 1999 re
1435 1943 1687 1998 familiari
1717 1944 1965 1999 subtritis
1990 1984 2004 2009 ,
2037 1946 2161 1997 dum
2210 1943 2425 1998 adules-
2463 1938 2506 1997 Β

843 2053 972 2091 cens
999 2052 1120 2091 cum
1160 2035 1364 2089 eisdem
1393 2042 1726 2097 versaretur,
1759 2033 1990 2101 quadam
2025 2031 2164 2086 forte
2196 2032 2283 2086 die
2315 2072 2328 2096 ,
2352 2033 2427 2085 uti

845 2144 905 2180 se
928 2127 1037 2179 vita
1070 2127 1157 2179 illa
1196 2124 1426 2177 invicem
1464 2123 1661 2176 retinet
1691 2123 2024 2192 privatorum
2054 2162 2067 2186 ,
2097 2122 2205 2175 noti
2264 2122 2428 2190 aliqui

842 2217 926 2271 vel
954 2216 1144 2269 affines
1172 2216 1223 2267 in
1264 2216 1423 2266 domo
1464 2227 1651 2265 eorum
1686 2222 1946 2266 venerant
1990 2212 2247 2265 eonvivm.
2281 2211 2389 2266 Illis
2413 2252 2426 2274 ,

843 2318 904 2362 ut
956 2308 1091 2361 forte
1144 2308 1272 2360 hora
1303 2306 1421 2358 tulit
1454 2345 1469 2367 ,
1504 2304 1574 2357 ibi
1608 2315 1765 2359 nocte
1822 2304 2049 2357 retentis
2081 2305 2431 2369 cubitumque

839 2400 1164 2470 petentibus,
1197 2397 1465 2449 lauecolas
1491 2410 1627 2462 quas
1656 2397 1721 2446 de
1759 2408 1909 2445 more
1942 2391 2249 2459 bajulaates
2284 2401 2431 2444 attu-

842 2491 1039 2553 lerant,
1073 2487 1178 2541 feni
1206 2501 1423 2546 ﬂt‘Ct'V‘tl,
1453 2484 1593 2551 quod
1622 2494 1844 2552 propter
1871 2480 2071 2545 fuerat,
2105 2496 2261 2535 verso
2304 2496 2429 2534 sur-

843 2594 963 2634 sum
1010 2578 1155 2632 fcrro
1204 2584 1499 2646 apponunt.
1544 2574 1682 2627 Casu
1719 2574 1858 2626 idem
1912 2572 2229 2626 adulescens
2270 2571 2429 2640 paulo

840 2680 966 2724 ante
1000 2683 1195 2722 acervo
1226 2680 1524 2721 conscenso
1558 2666 1650 2699 ³⁵⁵⁵
1680 2664 1875 2718 ibidem
1925 2664 2317 2717 obdormierat.
2353 2663 2428 2716 Ad

841 2761 1065 2814 multam
1084 2759 1195 2812 fere
1223 2765 1433 2811 noctem
1452 2772 1641 2811 somno
1666 2756 2037 2817 excitus,eum
2066 2763 2217 2809 extra
2248 2754 2429 2807 nescio

838 2869 946 2923 quo
977 2861 1102 2905 ante
1125 2849 1443 2903 condixerat
1472 2847 1651 2916 egredi
1685 2845 1884 2910 vellet,
1926 2860 2024 2914 per
2074 2859 2325 2898 acervum
2371 2859 2429 2898 se

839 2948 1041 3001 sensim
1063 2943 1344 2996 dimittens
1371 2982 1384 3001 ,
1416 2941 1555 2994 inter
1585 2949 1796 2994 erectos
1833 2938 2082 3007 cuspides
2116 2938 2291 2990 vicino
2348 2938 2430 2989 ni-

836 3039 1003 3091 mimn
1027 3043 1110 3089 est
1137 3032 1305 3087 illisus
1328 3030 1591 3100 periculo,
1624 3030 1694 3083 ita
1734 3041 1791 3083 ut
1819 3040 1967 3083 veste
1997 3028 2221 3098 corpori
2248 3029 2427 3082 adha3~

835 3135 991 3181 rente
1016 3123 1407 3193 comprehensa
1440 3119 1693 3187 ferroque
1721 3119 1993 3173 terebrata
2028 3158 2043 3182 ,
2081 3134 2176 3188 per
2229 3118 2428 3172 hastile

834 3230 1007 3285 usque
1056 3214 1122 3268 ad
1155 3222 1354 3267 terram
1395 3211 1733 3265 decurreret.
1785 3208 1976 3263 llastili
2006 3210 2233 3263 subacto
2282 3220 2335 3263 et
2372 3224 2427 3263 re

832 3309 1053 3377 palpata
1084 3303 1350 3360 solicitius
1379 3303 1658 3371 explorata
1694 3341 1707 3367 ,
1742 3310 1891 3355 stans
1921 3310 1977 3355 et
2027 3310 2136 3355 tam
2187 3316 2427 3370 praesen--

836 3410 945 3453 tem
972 3398 1115 3451 circa
1149 3412 1209 3449 se
1239 3394 1329 3447 Dei
1361 3392 1661 3447 custodiam
1707 3392 1870 3445 etiam
1914 3407 2079 3461 prava
2111 3392 2427 3446 molientent

833 3492 1207 3548 considerans,
1236 3484 1461 3555 gradum
1490 3482 1558 3535 ab
1584 3482 1797 3549 incepto
1835 3482 1947 3551 jam
1980 3483 2201 3536 meliora
2229 3482 2429 3536 delibe-

835 3595 965 3633 rans
991 3578 1215 3639 retinet,
1249 3585 1411 3645 atque
1456 3574 1507 3627 in
1553 3573 1820 3643 reliquum
1853 3572 1962 3626 Deo
1988 3573 2195 3627 servire
2248 3581 2429 3627 tuente

840 3676 950 3723 tota
980 3675 1295 3737 pertractat.

910 3761 1001 3815 52.
1034 3759 1141 3814 Nec
1178 3760 1349 3813 multo
1378 3768 1517 3828 post,
1546 3758 1670 3813 licet
1711 3767 1868 3825 patre
1911 3757 2201 3828 plurimum
2247 3757 2425 3810 obsis-

834 3868 1002 3922 tente,
1023 3856 1181 3911 rebus
1195 3856 1405 3910 cunctis
1422 3856 1764 3924 posthabitis,
1784 3855 2008 3908 Romam
2035 3854 2365 3924 proﬁciscitur
2379 3869 2425 3916 r,

837 3959 893 4004 et
938 3951 990 4004 in
1020 3949 1072 4004 id
1102 3949 1540 4019 perlnstralionis
1578 3957 1820 4017 tempore
1850 3964 1954 4001 non
1988 3962 2157 4017 parvo
2187 3955 2381 4001 exacto
2409 3986 2423 4009 ,

833 4055 1088 4095 reversus
1119 4038 1365 4093 cellulam
1414 4038 1768 4092 reclusoriam
1815 4036 2042 4090 Virdnni
2095 4036 2194 4090 sibi
2226 4036 2429 4089 consti-

835 4134 955 4187 tuit.
989 4132 1086 4187 Ubi
1139 4134 1394 4185 diuturna
1442 4130 1771 4184 abstinentia
1822 4129 2129 4198 ceterisque
2162 4129 2424 4182 bonorum

835 4240 1057 4295 operum
1088 4215 1300 4285 studiis,
1328 4222 1569 4291 pluribus
1585 4222 1732 4276 visus
1755 4231 1837 4275 est
1863 4220 2153 4290 profuisse.
2180 4218 2425 4272 Lectioni

834 4329 1049 4384 quoque
1092 4314 1307 4367 assidue
1338 4329 1560 4379 operam
1587 4313 1721 4366 dans
1744 4352 1759 4376 ,
1815 4311 1965 4365 brevi
2002 4326 2106 4363 non
2156 4309 2424 4363 modicum

832 4408 1075 4463 scientiae
1108 4416 1383 4461 tcsaurum
1432 4406 1533 4459 sibi
1568 4413 2000 4473 comparaverat.
2050 4405 2104 4457 In
2162 4419 2269 4472 quo
2300 4402 2426 4455 illud

832 4500 1095 4556 miraculo
1136 4499 1301 4553 fuerit
1324 4498 1439 4561 "5°,
1468 4498 1609 4565 quod
1642 4507 1765 4550 ante
1793 4497 1988 4550 horum
2042 4494 2156 4549 fere
2183 4509 2382 4562 expers
2408 4533 2421 4554 ,

835 4594 1031 4662 spiritu
1082 4600 1291 4646 tantum
1350 4590 1614 4660 magistro
1668 4588 2007 4657 Sapientibus
2062 4594 2282 4654 repente
2319 4600 2421 4637 non

838 4684 1022 4752 dispar
1046 4720 1061 4746 ,
1110 4690 1256 4735 certe
1301 4679 1549 4749 superior
1598 4678 1649 4730 iu
1706 4677 1888 4729 multis
1919 4673 2191 4744 apparuit.
2224 4674 2298 4726 llu
2330 4689 2425 4740 per

834 4777 973 4831 idem
1019 4784 1232 4844 tempus
1284 4774 1401 4827 diue
1450 4771 1631 4841 oppidi
1683 4769 1852 4839 ipsius
1898 4768 2162 4837 religiosae
2211 4764 2423 4820 femina:

830 4872 1024 4928 cellula
1053 4868 1280 4925 seorsim
1326 4878 1549 4921 remoue
1575 4866 1641 4919 ab
1688 4880 1754 4919 eo
1783 4864 2209 4918 instituebantur
2229 4902 2242 4923 ,
2274 4870 2329 4914 et
2356 4875 2420 4914 ex

836 4963 1075 5019 fenestra
1105 4969 1313 5016 tantmn
1345 4958 1553 5014 cellula:
1576 4958 1801 5011 verbum
1834 4954 2081 5009 doetriue
2105 4968 2198 5006 seu
2230 4959 2425 5006 ceterae

832 5054 1190 5110 institutionis
1220 5052 1525 5107 sumebant.
1554 5048 1685 5101 Aliae
1717 5048 1843 5100 item
1875 5046 1995 5100 duze
2023 5042 2162 5112 apud
2193 5041 2422 5094 eamden

832 5147 1020 5201 urbem
1045 5145 1161 5215 ejus
1187 5153 1313 5197 sunt
1340 5139 1722 5194 exhortatione
1746 5148 1987 5189 accensae
2017 5173 2032 5197 ,
2066 5146 2295 5200 quarum
2345 5128 2425 5181 al-

831 5247 945 5293 tera
998 5247 1174 5292 mater
1220 5232 1576 5302 plurimarum
1618 5227 1936 5281 ancillarum
1983 5224 2186 5279 Christi
2239 5232 2427 5291 postea

2540 676 2692 728 bona:
2714 679 2989 729 memor-be
3022 676 3249 731 Gozliuo
3282 679 3429 747 (379)
3463 694 3527 731 ex
3558 694 3695 733 novo
3727 690 4123 746 constructum,

2541 774 2819 833 postquam
2848 766 2912 817 he
2936 766 3053 817 dum.
3074 767 3304 834 primmn
3330 778 3453 819 sunt
3476 768 3820 832 intromissm,
3852 771 4125 841 multiplex

2539 855 2730 908 deinde
2755 870 2822 908 cx
2848 856 3077 910 diversis
3106 859 3285 910 mundi
3319 858 3581 913 lateribus
3613 861 3785 912 sancti
3813 860 4039 917 fervoris
4064 880 4121 917 se

2542 945 2734 1000 ibidem
2778 963 3003 1000 examen
3046 949 3258 1011 infudit,
3297 960 3352 1003 ut
3381 967 3549 1016 usque
3582 952 3742 1005 hodie
3793 970 3928 1006 nova
3984 973 4123 1023 qua-

2539 1036 2659 1089 dam
2686 1039 2862 1106 gratia
2899 1038 3037 1092 inter
3068 1048 3247 1093 cetera
3284 1041 3626 1110 resplendere
3679 1045 3943 1097 videatur.
3979 1045 4034 1098 In
4064 1062 4127 1099 ea

2540 1128 2720 1197 itaque
2767 1129 2957 1184 cellula
2992 1131 3284 1185 reclusiora
3342 1132 3539 1185 multos
3584 1149 3748 1202 agens
3784 1136 3873 1167 ’5“
3920 1151 4126 1197 annos,

2539 1229 2848 1288 postquam,
2886 1229 2937 1274 ul
2974 1237 3137 1290 supra
3173 1222 3594 1275 memoravimus
3618 1262 3631 1284 ,
3668 1223 3839 1292 gratia
3870 1225 4124 1277 dommnn

2539 1312 2824 1365 Einoldum
2858 1314 3065 1366 visendi
3096 1312 3251 1366 Tullo
3277 1314 3497 1367 veniens
3527 1315 3783 1367 domuum
3820 1314 4123 1369 Johannem

2538 1403 2587 1456 ei
2617 1404 2870 1467 innotuit,
2904 1405 3135 1473 indeque
3167 1407 3382 1474 propria
3416 1406 3657 1474 repetiit.
3694 1422 3815 1460 mox
3847 1416 4010 1460 certae
4039 1422 4125 1461 se-

2538 1491 2620 1544 dis
2644 1492 2880 1561 ipsormn
2918 1494 3112 1546 famam
3145 1496 3403 1563 percepit,
3430 1510 3551 1548 cum
3578 1495 3659 1549 eis
3688 1504 3742 1549 et
3771 1495 3886 1565 ipse
3914 1497 4125 1551 habita-

2540 1591 2696 1637 turus
2720 1584 2977 1638 accurrit.
3004 1583 3060 1637 In
3087 1600 3189 1653 qua
3216 1585 3474 1639 societate
3501 1584 3565 1637 de
3595 1584 3801 1653 reliquo
3828 1586 3915 1654 pio
3939 1586 4127 1638 admo—

2537 1673 2663 1725 dum
2692 1672 2876 1728 labore
2906 1683 2990 1728 est
3039 1684 3417 1741 conversatus,
3450 1674 3622 1729 donec
3654 1690 3817 1728 causa
3854 1675 4129 1746 religionis

2537 1769 2731 1823 eximie
2758 1770 3087 1824 monasterio
3116 1770 3258 1823 beati
3290 1770 3419 1839 Apri
3450 1769 3605 1822 Tullo
3657 1769 3954 1823 translatus
3999 1778 4081 1822 est
4110 1786 4124 1833 ;

2539 1863 2625 1915 ubi
2674 1871 2728 1916 et
2758 1864 2808 1917 in
2840 1879 2967 1916 cura
3000 1864 3178 1932 gregis
3208 1863 3462 1917 dominici
3496 1863 3655 1917 beato
3704 1863 3806 1917 fine
3859 1864 4086 1932 quievit.

2604 1955 2691 2008 55.
2740 1957 2986 2011 Andreas
3012 1970 3226 2025 quoque
3259 1966 3313 2011 et
3344 1957 3458 2026 ipse
3514 1967 3797 2026 postquam
3831 1958 3882 2010 iu
3931 1958 4122 2011 eadem

2533 2060 2687 2099 sacra
2734 2046 2934 2099 milicia
2976 2046 3264 2115 plurimam
3295 2056 3507 2100 aetatem
3544 2046 3874 2110 confecerat,
3901 2047 4011 2116 jam
4038 2062 4124 2100 sc-

2534 2152 2636 2190 uex
2675 2146 2728 2189 et
2761 2147 2994 2190 mentem
3021 2138 3255 2190 cautiore
3277 2137 3470 2201 capitis
3500 2136 3760 2197 referens,
3795 2136 4022 2190 Romani
4056 2137 4123 2190 ad

2532 2228 2941 2297 postulationem
2975 2238 3110 2293 pape
3137 2225 3346 2294 Agapiti
3378 2226 3629 2291 mittitur,
3657 2230 3746 2297 qui
3778 2228 3974 2284 litteris
3998 2246 4125 2283 cum

2532 2313 2728 2366 mmcio
2758 2314 2989 2381 quodam
3044 2315 3237 2367 idoneo
3285 2315 3406 2366 viro
3455 2315 3684 2369 multum
3732 2333 3761 2370 a
3804 2319 4004 2373 domno
4030 2320 4123 2374 Ei-

2532 2400 2694 2454 noldo
2718 2400 3134 2466 emagitaverat,
3166 2402 3376 2471 aliquos
3405 2404 3507 2457 sibi
3542 2406 3829 2475 religiosos
3856 2447 3870 2469 ,
3904 2423 4039 2476 quos
4068 2409 4122 2462 in

2534 2494 2865 2547 monasterio
2894 2494 3034 2547 beati
3070 2494 3258 2561 Pauli,
3306 2497 3449 2564 quod
3482 2506 3611 2552 tunc
3659 2500 3725 2551 ad
3758 2502 4123 2555 monasticam

2540 2584 2785 2637 ordinem
2817 2584 3112 2639 transferre
3132 2585 3471 2649 moliebatur,
3498 2603 3617 2641 eum
3648 2589 3848 2642 auxilio
3879 2590 4124 2660 regisAl-

2532 2672 2666 2726 brici
2683 2672 2885 2727 colloca
2896 2683 2994 2737 ret,
3022 2674 3314 2728 transmitti
3332 2666 3659 2745 (DCCCCL).
3678 2678 3794 2743 Quo
3809 2693 3927 2733 cum
3953 2680 4126 2732 al.cro

2532 2765 2765 2833 quodam
2796 2764 2987 2829 fratre,
3019 2766 3108 2835 qui
3142 2782 3208 2819 ex
3239 2770 3568 2822 monasterio
3597 2770 3839 2824 Luxovio
3861 2770 4118 2825 Gorziam

2531 2864 2657 2909 ante
2686 2856 2899 2923 aliquod
2949 2871 3118 2909 annos
3142 2857 3463 2921 advenerat,
3497 2861 3794 2927 perductas
3821 2900 3833 2923 ,
3886 2860 4123 2930 regulari

2532 2947 2865 2998 institutione
2894 2947 3011 2999 loco
3044 2947 3350 3009 informato,
3384 2965 3487 3002 non
3518 2950 3685 3003 multo
3708 2959 3829 3019 post
3859 2959 4115 3020 receptus

2532 3038 2598 3090 ad
2636 3037 2947 3099 Dominum,
2985 3037 3183 3089 ibidem
3216 3045 3299 3091 est
3328 3038 3643 3091 tmnulatus.

2607 3126 2694 3179 fit.
2734 3126 2797 3178 Et
2845 3126 2970 3194 quia
3001 3127 3275 3179 mentione
3307 3127 3535 3180 duorum
3586 3135 3938 3197 augmentum
3988 3141 4121 3182 con-

2537 3219 2865 3288 gregationis
2895 3216 3135 3286 ejusdem
3170 3227 3391 3286 tangere
3413 3219 3678 3287 ccepimus
3702 3259 3716 3283 ,
3746 3221 3811 3273 de
3839 3219 3958 3273 aliis
3986 3235 4125 3289 quo-

2538 3325 2644 3379 que
2670 3326 2788 3379 quae
2822 3309 2913 3340 ‘5“
2947 3318 3247 3363 memoratu
3286 3309 3463 3379 digna:
3502 3319 3889 3364 successerunt
3932 3327 4120 3381 ρει-εο-

2534 3417 2639 3464 nce,
2671 3416 2832 3469 quam
2868 3400 3145 3454 succincte
3184 3415 3270 3453 res
3298 3401 3603 3469 paeientnr,
3632 3418 3753 3455 mox
3788 3401 3988 3456 inferre
4010 3418 4121 3457 non

2537 3494 2935 3561 ineunsequens
2977 3492 3333 3546 arbitramur.
3358 3491 3432 3545 lla
3470 3494 3636 3556 enim,
3667 3493 3828 3561 plano
3857 3495 4125 3563 quodam-

2533 3583 2691 3637 modo
2728 3582 2923 3650 spatio,
2948 3580 3013 3633 de
3040 3579 3157 3634 viro
3182 3595 3289 3649 quo
3316 3582 3696 3650 proposuimus
3722 3582 3972 3635 decurret
3995 3596 4125 3636 uar-

2535 3672 2675 3727 ratio
2724 3671 2895 3724 lihera
2939 3677 3101 3738 atque
3142 3671 3397 3724 omnibus
3431 3670 3681 3740 ekpedita
3732 3670 3832 3725 sibi
3884 3671 4121 3739 primum

2535 3761 2801 3815 absolutis
2830 3801 2844 3825 ,
2876 3759 2975 3813 soli
3000 3768 3208 3812 tantmn
3240 3760 3521 3830 proposito
3553 3760 3843 3815 continuus
3875 3770 3931 3815 et
3970 3760 4118 3816 nullo

2535 3852 2820 3905 intercisus
2870 3849 3023 3903 labor
3074 3851 3350 3903 incumbat
3398 3852 3635 3919 negotio.
3666 3850 3737 3904 Ut
3779 3866 3911 3921 ergo
3944 3867 4112 3906 suave

2536 3942 2783 4011 fragrans
2811 3940 2903 3972 ²⁵⁷⁰
2933 3941 3085 4003 odor,
3123 3940 3173 3993 in
3201 3956 3304 4009 qua
3340 3941 3594 3995 Christus
3623 3942 3945 3996 recubuerat
3971 3983 3985 4006 ,
4025 3944 4125 3998 do-

2537 4047 2656 4084 mus
2690 4031 2868 4097 ibique
2898 4028 3055 4096 juxta
3100 4030 3178 4084 vel
3220 4030 3407 4097 procul
3442 4047 3727 4100 respersus
3776 4040 3901 4096 est,
3932 4030 4121 4088 ﬁdeles

2541 4122 2741 4191 quique
2765 4136 2828 4171 co
2865 4120 3117 4183 adtracti,
3153 4121 3286 4174 mira
3316 4120 3595 4175 celeritate
3644 4123 3885 4192 undique
3926 4136 4122 4191 cepere

2539 4224 2887 4264 concurrere.
2920 4209 3031 4263 Nec
3054 4210 3225 4264 solum
3251 4211 3339 4279 qui
3370 4222 3560 4265 sancto
3587 4211 3859 4266 desiderio
3879 4210 3991 4280 jam
4021 4214 4123 4266 du-

2539 4301 2663 4353 dum
2694 4298 2906 4352 accensi
2939 4338 2953 4361 ,
2986 4298 3068 4350 vel
3118 4299 3310 4367 spiritu
3364 4298 3627 4354 occultius
3680 4300 3925 4369 inspirati
3959 4340 3974 4365 ,
4030 4300 4120 4353 vel

2543 4390 2776 4443 lectione
2809 4389 2986 4443 divina
3015 4390 3259 4455 excitati,
3291 4391 3385 4459 qui
3408 4391 3489 4445 eis
3522 4392 3660 4444 viam
3700 4402 3864 4446 recta:
3893 4406 4121 4444 conver-

2539 4480 2769 4536 sationis
2811 4482 3123 4534 ostenderet
3145 4482 3536 4550 exspectabant
3562 4520 3577 4546 ,
3607 4496 3731 4535 mox
3779 4490 3890 4535 tota
3948 4481 4089 4534 avidi
4124 4504 4138 4518 -

2537 4585 2648 4629 tate
2678 4575 2819 4643 quod
2847 4574 3086 4628 oblatum
3116 4575 3413 4628 cernebant
3442 4573 3678 4642 amplexi
3724 4583 3851 4627 sunt
3883 4614 3897 4638 ,
3925 4588 4119 4626 verum

2538 4666 2867 4734 aliiquoque
2894 4705 2907 4727 ,
2958 4664 3048 4733 qui
3073 4672 3297 4717 eatenus
3338 4662 3517 4731 frigidi
3557 4662 3830 4732 torpuisse
3861 4662 4124 4715 videban-

2532 4767 2641 4820 tur,
2677 4757 2867 4809 horum
2892 4753 3150 4823 exetnplis
3178 4754 3455 4817 concitati,
3487 4763 3759 4822 tamquam
3787 4752 4121 4807 carbonibus

2531 4846 2665 4901 vivis
2690 4844 2790 4899 sibi
2820 4844 3051 4899 admotis
3080 4843 3347 4909 calefacti,
3369 4843 3436 4897 ad
3465 4858 3651 4898 eorum
3677 4840 4007 4898 consortium
4032 4855 4122 4895 ar-

2532 4938 2851 4991 dentissime
2881 4936 3225 4991 festinabant.

2605 5029 2696 5083 55.
2728 5028 2913 5097 Neque
2950 5027 3003 5081 bi
3034 5027 3145 5082 fere
3172 5029 3498 5100 quicumque
3524 5030 3589 5084 de
3618 5028 3798 5094 trivio,
3830 5028 3923 5082 sed
3953 5026 4119 5081 urba-

2536 5137 2728 5174 narum
2756 5119 3069 5173 deliciarum
3102 5120 3391 5190 gloriaeque
3415 5130 3469 5175 et
3493 5131 3804 5190 sumptuum
3829 5118 3981 5174 fuere
4012 5134 4119 5171 non

2538 5212 2874 5283 ignobilium,
2903 5228 3133 5280 quorum
3156 5214 3319 5266 etiam
3346 5214 3536 5283 opibus
3565 5228 3670 5267 non
3705 5212 3909 5266 modica
3944 5209 4123 5278 supel-
