4472 5522
363 435 468 491 269

369 640 608 693 t'antutus
628 639 841 707 quidem
867 636 1196 690 monasterio
1219 637 1388 689 sancti
1409 635 1682 689 lltnnberti
1705 638 1787 676 ³³⁷⁸
1808 628 1956 702 (383)

369 731 545 783 fuerat
571 730 931 796 mancipatus,
965 727 1056 782 sed
1084 728 1243 781 simili
1271 728 1481 780 ueteris
1509 729 1596 763 '5"
1627 727 1743 780 loco
1773 743 1956 781 eorum

368 821 560 874 morbo
597 820 850 888 pallente,
880 819 991 888 ipse
1021 819 1469 886 quemadmodum
1501 818 1762 886 majorum
1792 818 1954 870 dure-

371 912 530 961 batur
579 909 838 977 exemplis
872 949 886 972 ,
950 908 1315 962 indifferenter
1369 908 1551 962 seculo
1614 908 1956 962 eonvivebat.

371 999 610 1067 Eratque
641 1001 707 1051 aet
758 1000 805 1052 i-J
833 1000 1089 1067 temporis
1113 1039 1128 1062 ,
1160 1001 1285 1068 quia
1315 997 1426 1066 jam
1475 999 1759 1052 admodum
1804 1009 1960 1053 :etate

373 1098 750 1156 processerat.
813 1099 865 1141 et
898 1105 1211 1158 magnorqu
1261 1097 1522 1156 quantum
1575 1090 1640 1142 ad
1697 1090 1958 1144 secularia

373 1193 627 1232 sensuum
656 1179 842 1245 virque
867 1178 1160 1231 industrius
1186 1179 1756 1247 videbatur,episcopo
1782 1181 1958 1234 adhuc

376 1278 503 1321 tunc
527 1265 760 1333 juniuris
790 1267 965 1318 attalis
992 1267 1275 1326 adbcrens,
1315 1267 1466 1334 cujus
1493 1278 1544 1318 et
1574 1269 1818 1320 consultu
1851 1270 1959 1337 ple-

379 1375 544 1426 raque
567 1369 694 1411 tunc
725 1360 774 1410 iu
804 1359 1076 1427 episcopio
1105 1360 1424 1426 agebantur.
1449 1361 1655 1414 Animis
1677 1376 1956 1428 praeterea,

378 1457 439 1500 ut
469 1464 594 1502 vere
623 1460 866 1517 patruus,
899 1448 1276 1509 severioribus,
1308 1465 1336 1502 a
1375 1450 1616 1518 pluribus
1645 1467 1803 1520 qualn
1833 1467 1959 1521 sepe

379 1553 484 1592 non
517 1542 843 1593 necessariis
889 1540 1148 1607 juvenilia
1181 1541 1450 1594 molimina
1508 1543 1814 1596 revocabat.
1861 1543 1956 1597 llic

379 1634 594 1686 tandem
640 1634 926 1702 aliquando
977 1649 1159 1687 secum
1215 1643 1547 1697 retractans,
1591 1651 1712 1688 cum
1757 1644 1959 1689 tantmn

380 1724 674 1777 eorundem
725 1725 962 1776 virorum
998 1724 1090 1777 Dei
1142 1724 1351 1778 videret
1399 1725 1748 1788 instantiam,
1799 1726 1962 1779 corde

381 1825 749 1882 compunctus,
781 1816 992 1868 cunctis
1021 1831 1139 1883 qua:
1167 1830 1223 1868 se
1257 1815 1394 1868 male
1420 1815 1704 1869 illexerant
1736 1817 1958 1882 postba-

1318 433 1405 486 DE
1446 431 1598 486 \‘ITA
1636 430 1915 486 JOANNIS
1949 430 2238 487 ABBATIS
2277 430 2704 488 GOIiZIENSlS.

366 547 622 601 nerabilis
651 546 828 601 domui
857 546 1210 601 Adelberonis
1241 545 1338 600 fuit
1365 545 1668 600 Fridericus
1695 586 1708 606 ,
1741 546 1829 612 qui
1877 544 1956 596 in-
1989 547 2033 604 Α

3520 423 3622 479 270

2134 544 2220 597 57.
2249 545 2326 597 Ad
2361 546 2499 597 idem
2548 543 2714 596 ferme
2767 552 2815 595 te
2842 557 3002 612 rpus,
3039 540 3304 608 specimen
3343 552 3395 594 ut
3429 541 3497 592 ita
3540 541 3625 594 di-

2061 650 2179 689 cam
2218 645 2272 688 et
2310 633 2406 687 llus
2429 636 2544 703 ejus
2582 634 2721 703 qnoJ
2761 645 2884 686 tunc
2912 633 3147 687 cwlesiis
3195 633 3626 702 tampingebatur

2061 725 2214 788 serti,
2238 725 2656 790 jucnmlissinms
2681 734 2838 792 atque
2863 734 3106 792 spectzitn
3137 724 3483 792 dignissimus
3517 725 3627 778 An-

2061 816 2380 882 gilt'atunus,
2408 817 2583 883 primo
2612 815 2898 875 'l'nlbmsis,
2941 817 3131 868 deinde
3179 826 3378 870 sanctze
3416 832 3631 886 quoque

2062 905 2312 958 Metcnsis
2355 906 2610 959 (ecclesia:
2652 905 3012 974 primicerius,
3042 906 3321 960 nobilitate
3363 916 3415 961 et
3441 909 3631 975 opibus

2062 1013 2121 1050 ea
2156 1005 2335 1060 aetate,
2377 999 2624 1066 quodque
2671 1007 3066 1065 consequenter
3092 998 3223 1050 satis
3275 1008 3419 1052 esset
3451 999 3635 1065 gloriae

2063 1097 2345 1156 prmstans,
2381 1087 2548 1140 moles
2596 1102 2774 1139 secum
2805 1089 2918 1140 attri
2955 1098 3114 1155 atque
3143 1090 3348 1156 argenti
3391 1098 3630 1143 uetera:—

2062 1192 2165 1244 qne
2212 1176 2457 1231 cunmlos
2505 1177 2850 1246 supellectilis
2882 1179 3118 1241 trahens,
3162 1179 3334 1231 instar
3377 1180 3634 1248 primitivi

2064 1267 2205 1320 illius
2234 1267 2512 1335 apostolici
2543 1266 2719 1335 populi
2747 1266 2796 1318 in
2827 1282 2953 1319 Usus
2987 1282 3284 1335 pauperum
3321 1267 3634 1335 redigenda,

2063 1370 2308 1414 sanctam
2367 1360 2507 1413 illam
2557 1361 2884 1414 socitctatem
2924 1361 3162 1427 expetiit.
3217 1359 3392 1411 l’redii
3423 1373 3638 1427 quoque

2065 1465 2168 1503 non
2225 1449 2512 1518 ignobilem
2573 1451 2928 1519 quantitatem
2969 1453 3300 1503 monasterio
3331 1451 3428 1503 sub
3473 1460 3639 1503 testa-

2067 1549 2246 1594 mento
2273 1551 2528 1610 perpetuo
2562 1541 2911 1594 obtinendam
2934 1535 3281 1594 contradidit.
3317 1540 3481 1608 Cujus
3520 1557 3640 1609 qum

2065 1631 2404 1700 postmodum
2435 1630 2637 1684 fuerint
2665 1632 3096 1684 conversationis
3123 1631 3376 1699 insignia.
3406 1642 3642 1699 quanta—

2065 1737 2168 1789 que
2192 1721 2506 1776 fortitudine
2554 1721 2719 1775 robur
2747 1732 3018 1776 structure
3044 1721 3159 1789 ejus
3196 1723 3247 1775 in
3279 1723 3542 1792 reliquum
3583 1738 3642 1776 se

2069 1813 2320 1875 tenuerit,
2376 1815 2584 1882 gratius
2636 1813 2862 1868 forsitan
2919 1814 3184 1879 audietur,
3233 1815 3275 1868 si
3328 1815 3497 1883 prius,
3535 1831 3643 1882 quo

381 1905 507 1958 bilis
533 1905 865 1969 commodis,
895 1906 1046 1959 ocius
1093 1905 1172 1959 eis
1200 1907 1452 1960 accessit.
1482 1905 1592 1959 Nec
1639 1905 1806 1960 inulto
1848 1915 1968 1974 post
2001 1906 2041 1962 Β
2073 1901 2345 1968 paululum
2373 1903 2522 1955 initia
2547 1903 2664 1972 ejus
2687 1903 2914 1973 impulsa
2938 1905 3048 1958 visa
3072 1913 3194 1959 sunt
3219 1905 3499 1960 vucillassc
3525 1907 3643 1971 ¹⁵⁷⁷.

381 1993 481 2048 loci
533 1995 698 2062 ipsius
735 1996 1052 2063 praepositus
1104 2007 1221 2066 post
1261 1996 1508 2050 abbatem
1545 1998 1638 2037 ¹ιτ³
1667 1998 1963 2059 statuitur,

381 2101 447 2139 ac
475 2086 987 2140 domnusJobannes
1010 2089 1056 2142 ci
1088 2090 1280 2142 solatio
1298 2088 1616 2158 sul-ponitur
1641 2092 1750 2142 “7‘.
1779 2089 1965 2143 Postea

382 2186 562 2230 autem
618 2185 809 2244 rogatu
849 2179 1085 2244 episc0pi
1139 2181 1288 2244 (581)
1340 2179 1686 2233 Leodicensis
1733 2181 1967 2234 ltiebarii

382 2267 713 2320 monasterio
769 2266 986 2334 preprio
1035 2267 1206 2319 sancti
1258 2265 1536 2319 llumberti
1590 2272 1871 2320 restitutus
1917 2281 1968 2320 et

382 2355 610 2424 regulari
661 2356 852 2409 ordine
904 2357 1073 2409 abbas
1120 2355 1404 2424 pr:cfectus
1435 2397 1449 2419 ,
1501 2371 1670 2425 usque
1704 2357 1754 2409 in
1808 2357 1968 2410 tinem

386 2445 636 2498 laudabili
673 2446 1100 2498 conversationis
1137 2447 1311 2515 rigore
1346 2462 1456 2500 rem
1505 2447 1740 2499 divinam
1765 2447 1970 2516 Optime

383 2542 684 2587 ttonashco
735 2545 922 2587 tenore
952 2536 1237 2589 continuit.
1295 2535 1443 2589 Situs
1489 2545 1573 2590 est
1616 2536 1866 2590 Treveris
1918 2539 1968 2589 in

384 2624 714 2676 monasterio
743 2625 910 2676 sancti
953 2624 1259 2688 Maximini,
1293 2642 1400 2695 quo
1431 2627 1555 2680 dum
1605 2627 1972 2696 sollentpnitas

384 2719 737 2772 dedicationis
769 2719 913 2788 (382)
944 2734 1065 2772 eum
1097 2721 1321 2782 invitat,
1355 2721 1544 2772 morbo
1589 2733 1808 2790 repente
1853 2737 1973 2788 pcr-

387 2828 550 2866 vasus
601 2814 742 2865 diem
782 2822 1085 2866 extremum
1117 2814 1388 2883 ingressus
1415 2822 1527 2875 est;
1570 2829 1812 2881 novaque
1841 2829 1974 2868 nove

387 2905 593 2956 fimi-ica
629 2905 870 2958 ecclesia:
927 2920 1067 2957 novo
1113 2905 1271 2974 ospiti
1323 2919 1519 2958 novum
1571 2905 1746 2973 primo
1797 2905 1973 2959 sinum

387 2997 620 3064 aperuit.

460 3083 548 3136 56.
575 3083 744 3136 Simili
775 3083 921 3152 (585)
950 3083 1107 3136 modo
1125 3081 1752 3135 V'irdnnensisarcclcsize
1772 3081 1978 3149 primus

389 3174 460 3227 ab
480 3174 733 3243 episc0po
754 3189 939 3227 curam
967 3175 1162 3228 bereus
1183 3172 1358 3237 Odilo,
1378 3173 1463 3225 vir
1485 3171 1750 3226 natalibus
1770 3172 1976 3236 clarus,

2071 1993 2308 2046 breviter
2341 1993 2767 2062 perstringetur;
2799 2011 2920 2048 cum
2975 1997 3273 2064 praesertim
3324 2013 3642 2059 concussus,

2072 2099 2174 2136 non
2199 2086 2433 2137 statione
2471 2086 2686 2154 penitus
2715 2086 2785 2138 sit
2831 2088 3170 2149 exturbatus,
3226 2103 3398 2155 eoque
3438 2087 3645 2141 firmius

2071 2183 2254 2243 postea
2286 2177 2473 2245 pedem
2503 2178 2701 2239 fixerit,
2732 2194 2837 2246 quo
2864 2179 2929 2231 ad
2961 2188 3168 2248 tempus
3203 2194 3321 2233 sese
3353 2181 3641 2250 neglegen-

2073 2269 2177 2321 tius
2204 2268 2375 2322 locum
2427 2285 2584 2337 quem
2614 2280 2829 2338 ceperat
2857 2273 3174 2325 observasse
3202 2273 3465 2326 doluerat.

2142 2355 2230 2409 58.
2288 2360 2336 2408 ts
2379 2359 2557 2424 itaque
2593 2361 2677 2411 tibi
2731 2377 2850 2412 cum
2898 2376 2963 2413 eo
3008 2377 3114 2426 quo
3149 2363 3385 2417 diximus
3433 2375 3647 2434 sumptu

2073 2459 2352 2516 susceptus
2380 2457 2482 2511 est,
2505 2464 2570 2501 co
2599 2451 2740 2517 quod
2775 2450 2949 2518 ampla
2974 2462 3091 2504 erat
3119 2468 3346 2521 persona
3374 2467 3428 2508 et
3463 2471 3527 2509 ex
3560 2459 3652 2509 de-

2075 2541 2226 2608 liciis,
2259 2543 2576 2608 cunctisque
2619 2542 2856 2609 ipsorum
2890 2553 3014 2595 ante
3055 2545 3387 2606 notissimus.
3438 2548 3653 2600 mollius

2074 2630 2267 2682 ceteris
2306 2630 2640 2682 tractabatur
2693 2639 2852 2698 atque
2909 2633 3296 2686 bonurabatur.
3333 2634 3466 2688 Nam
3511 2647 3560 2688 ct
3586 2652 3651 2688 ex

2074 2718 2188 2786 ejus
2227 2719 2512 2773 clientibus
2539 2721 2702 2788 aliqui
2735 2723 2800 2772 ad
2835 2722 2973 2774 idem
3008 2738 3064 2776 se
3091 2724 3421 2792 propositum
3459 2735 3651 2777 contu-

2077 2810 2268 2863 lerant.
2325 2809 2439 2878 Ipse
2493 2810 2721 2874 interea,
2753 2813 2829 2864 ιιιί
2870 2813 2957 2881 qui
3000 2815 3224 2866 necdum
3267 2829 3424 2883 quam
3482 2818 3652 2870 semet

2078 2899 2216 2952 male
2243 2899 2535 2953 admiserat
2567 2901 2792 2968 gloriam
2840 2904 3076 2970 perfecte
3122 2906 3284 2957 corde
3331 2905 3652 2973 dispulerat,

2078 3004 2418 3058 nequaquam
2479 3006 2631 3058 requa
2696 2991 2814 3044 aliis
2861 2994 2994 3061 pati,
3027 3007 3080 3046 et
3125 2997 3327 3063 probis
3364 3013 3482 3065 qua:
3539 2998 3656 3052 loco

2078 3080 2381 3135 contulerat
2406 3081 2567 3149 paulo
2589 3082 3013 3136 incontinentius
3033 3083 3246 3137 elevari.
3265 3083 3492 3154 Jamque
3515 3090 3658 3156 quod

2081 3188 2433 3241 consequens,
2469 3174 2928 3241 increpationibus
2949 3175 3260 3244 obstrepere
3293 3175 3410 3242 ³⁸⁷⁸,
3439 3193 3657 3247 correp-

391 3263 649 3318 t'acultate
681 3263 972 3328 sutlieicns,
1004 3264 1055 3317 in
1091 3265 1252 3318 rebus
1279 3264 1498 3334 agendis
1528 3263 1815 3317 admodum
1837 3273 1974 3316 stre—
2003 3250 2045 3310 C
2080 3263 2313 3318 tionibus
2343 3279 2447 3318 non
2473 3265 2842 3332 adquiescere,
2875 3273 2930 3318 et
2964 3265 3036 3317 uti
3063 3266 3152 3333 qui
3174 3281 3231 3319 se
3256 3268 3494 3322 minores
3524 3284 3658 3322 eun-

391 3373 554 3421 llttltS,
591 3368 644 3411 et
690 3359 733 3410 si
779 3357 1032 3411 clericum
1063 3356 1201 3411 forte
1233 3373 1338 3410 non
1367 3357 1672 3425 impediret,
1704 3356 1850 3410 nullo
1880 3356 1970 3387 ¹⁵⁷⁵

391 3463 502 3517 que
539 3448 720 3500 mundi
776 3447 880 3500 fert
916 3447 1152 3501 ambitus
1208 3446 1307 3500 loci
1341 3448 1420 3500 sui
1470 3447 1723 3516 cuiquam
1776 3447 1970 3514 impar,

352 3540 609 3593 -cunctis
665 3539 766 3592 illis
820 3538 1163 3593 mordacibus
1222 3538 1315 3579 ’⁸⁷⁸
1375 3541 1520 3592 curis
1562 3537 1807 3604 rejectis,
1852 3541 1973 3593 bnic

395 3640 588 3684 sancte
617 3631 917 3700 paupertati
951 3644 1153 3698 pauper
1197 3631 1388 3700 Spiritu
1422 3631 1596 3684 factus
1631 3645 1688 3683 se
1726 3631 1974 3694 contulit,

395 3722 760 3791 exiguumque
810 3737 874 3775 ac
904 3721 1009 3774 vile
1053 3723 1379 3789 stipendium
1411 3724 1620 3775 cunctis
1671 3723 1834 3776 secuti
1865 3724 1980 3792 opi-

396 3813 501 3866 bus
547 3811 836 3881 gloriosius
868 3822 923 3865 et
951 3810 1307 3866 suttieientins
1343 3812 1636 3867 estimavit.
1690 3813 1736 3866 Is
1768 3828 1980 3882 quoque

395 3911 523 3973 post
568 3902 704 3955 bene
766 3901 1005 3955 adultum
1050 3912 1251 3956 sancta:
1297 3905 1728 3958 conversationis
1791 3907 1976 3967 robur,

399 3992 602 4060 petitus
651 3992 1021 4045 reformationi
1075 3993 1414 4056 monasterii,
1449 3994 1588 4062 quod
1619 3995 1816 4049 dicitur
1853 3996 1982 4050 Sta-

395 4081 673 4145 bulacum,
702 4081 1010 4151 ibidemque
1038 4093 1315 4152 promotus
1347 4085 1515 4155 (584),
1545 4086 1612 4140 ad
1643 4087 1982 4142 rectitudinis

397 4172 599 4238 lineas,
629 4187 747 4242 quae
773 4188 936 4242 prava
953 4172 1091 4226 forte
1116 4173 1652 4237 invenerat,Cbristo
1685 4177 1980 4232 auxiliante

397 4267 671 4331 correxit;
711 4267 800 4320 ubi
840 4265 1002 4319 etiam
1036 4281 1253 4320 cursum
1288 4276 1494 4321 natura:
1519 4269 1800 4338 persolvit.

2079 3367 2196 3410 ctos
2229 3356 2550 3418 attenderet,
2581 3357 2733 3426 quasi
2787 3359 2851 3409 de
2898 3358 3160 3423 sup‘riori
3195 3357 3310 3410 loco
3337 3361 3658 3413 sententiam

2082 3448 2246 3509 ferre,
2276 3448 2448 3501 sedet
2497 3449 2540 3500 si
2578 3448 2669 3514 qui
2718 3445 2856 3500 forte
2885 3445 3200 3502 infirmioris
3240 3448 3403 3502 animi
3434 3449 3533 3503 sibi
3567 3466 3663 3518 pro

2085 3539 2326 3593 moribus
2373 3539 2752 3600 accessissent,
2796 3551 2888 3590 eos
2916 3548 3105 3591 contra
3154 3536 3414 3604 majorum
3455 3540 3660 3608 prolata

2084 3647 2180 3701 pro
2209 3631 2364 3684 libitu
2411 3631 2677 3684 contueri.
2711 3630 2790 3682 Ad
2839 3630 2938 3682 bec
2985 3638 3138 3696 pater
3166 3629 3423 3684 Einoldus
3455 3631 3664 3684 exteri-

2081 3737 2185 3790 que
2216 3722 2328 3790 jam
2361 3719 2614 3788 perfecta:
2668 3719 2718 3772 in
2774 3718 2991 3772 Christo
3019 3719 3216 3782 aetatis,
3252 3720 3415 3772 multa
3454 3736 3551 3790 pro
3584 3734 3667 3772 rc-

2083 3815 2183 3868 bas
2227 3823 2282 3866 et
2325 3813 2654 3882 temporibus
2704 3817 3021 3874 rectamare,
3082 3812 3320 3875 bortari,
3357 3813 3664 3875 obsecrare,

2085 3918 2138 3963 ct
2184 3918 2342 3978 prout
2391 3918 2523 3962 tetas
2551 3916 2828 3977 pateretur
2868 3908 3024 3976 paulo
3063 3907 3305 3960 severius
3355 3907 3663 3975 objurgare.

2086 4000 2295 4066 Quibus
2329 4009 2507 4052 tamen
2545 4013 2928 4066 uonnunqmun
2955 3995 3066 4049 fere
3103 3997 3383 4050 acerbiora
3435 3997 3485 4048 in
3531 3996 3666 4050 facie

2089 4089 2352 4154 referens,
2407 4090 2493 4142 vix
2537 4089 2880 4143 contumeliis
2923 4087 3275 4156 temperabat.

2160 4181 2248 4235 59.
2297 4178 2434 4248 Quid
2488 4180 2679 4249 plura?
2727 4179 2862 4231 Cum
2921 4189 3160 4246 tempore
3190 4179 3302 4231 lucc
3351 4187 3520 4231 tracta
3553 4177 3671 4247 plus

2089 4288 2252 4344 opere
2281 4273 2545 4344 longiore,
2595 4273 2802 4343 ingrata
2852 4271 3078 4326 nimium
3128 4273 3266 4338 tedia
3306 4272 3670 4341 peperissent,

1701 4405 1928 4459 VARUS
1971 4406 2377 4463 LECTIONES.

1235 4527 1326 4561 ηπ
1352 4527 1546 4580 ceteris
1575 4541 1620 4576 ι’.

1029 4595 1118 4626 ⁸⁵⁷⁷
1163 4594 1425 4650 facillasse
1455 4614 1501 4650 r.

483 4526 572 4563 ‘8'”
607 4527 807 4592 corrige
846 4523 1124 4580 llucberti.

401 4597 500 4628 ³⁸⁷⁸
525 4596 860 4650 ntordatibus
903 4613 949 4649 r.

1735 4525 1826 4556 ¹⁵⁷³
1861 4529 2108 4581 babatem
2134 4544 2180 4580 ο.

1580 4596 1671 4626 ¹⁵τ⁸
1694 4597 1978 4667 obtrepere
2007 4614 2054 4650 c.

2297 4528 2388 4565 “‘75
2417 4526 2760 4580 submittitur.
2875 4524 2968 4563 ⁸⁵⁷⁵
2997 4524 3036 4575 ἰ.
3071 4541 3116 4576 ρ.
3149 4522 3293 4576 nullo
3315 4537 3498 4577 eorum
3537 4540 3674 4592 qum.

1944 4709 2173 4767 ΝΟΤᾸΞ.

502 4832 624 4893 589)
654 4831 810 4886 Saint
839 4829 1062 4882 Ilubert.

503 4903 626 4958 381i
656 4901 830 4956 Annis
858 4898 1120 4954 922—945.

481 4970 629 5041 (582)
654 4972 811 5041 Anno
837 4970 961 5022 942.

484 5035 940 5113 (585)Κειι1ι1[ςιεε
999 5051 1210 5113 quoque
1273 5039 1371 5113 sub
1414 5035 1686 5113 {\‘geuoldo
1739 5035 1992 5113 Ggrziam

405 5107 576 5184 degit,
617 5107 692 5184 ut
731 5127 795 5164 ex
830 5109 964 5163 Vita:
1008 5107 1122 5184 ejus
1145 5124 1269 5184 cap.
1298 5108 1366 5184 2}
1398 5107 1696 5184 discimus:
1734 5126 1750 5184 ι
1791 5108 1994 5184 [minor

406 5177 576 5255 igiiur
609 5183 810 5248 ubique
833 5195 1025 5234 nomen
1057 5180 1176 5255 ejus
1199 5178 1502 5255 detulerat,“
1527 5188 1580 5230 et
1603 5178 1668 5231 de
1701 5177 1990 5255 virtutibus

403 5247 511 5311 viri
543 5247 736 5309 omnes
766 5261 952 5320 g:-ntes
1000 5247 1317 5303 narrabant.
1352 5248 1622 5302 Adalbero
1665 5247 1856 5315 prtesnl
1887 5262 1987 5298 no-

406 5327 529 5382 bilis
561 5321 799 5404 nobjlem
819 5320 1132 5404 Metensipm
1164 5319 1775 5404 nobilitergubernabat
1806 5317 1992 5404 cIatbe-

2024 4826 2074 4886 D
2102 4834 2360 4892 quuntur.
2413 4823 2680 4879 Solemnis
2720 4830 2840 4874 erat
2897 4821 3035 4876 dies.
3096 4819 3384 4892 quabeati
3427 4823 3684 4892 martyris

2105 4889 2360 4965 Gorgonii
2392 4897 2652 4964 agebatur
2703 4892 2889 4965 festiva
2917 4892 3170 4965 memoria
3213 4889 3265 4956 (v
3299 4889 3428 4954 ldus
3483 4889 3684 4965 δεμ),

2104 4976 2157 5021 et
2186 4959 2830 5036 uitdiquecmiﬂuentibus
2849 4961 3065 5036 _p_opu_li_s
3091 5000 3105 5022 ,
3136 4959 3264 5036 ipse_
3277 4975 3490 5029 quoque
3509 4961 3688 5036 _bomo

2110 5038 2198 5091 Dei
2234 5029 2482 5091 Kaddroe
2512 5038 2823 5090 advenerat.
2849 5029 3001 5086 Nacti
3037 5030 3214 5098 itaque
3251 5029 3447 5089 locum.
3472 5030 3519 5080 ei
3551 5046 3691 5098 prae-

2106 5107 2239 5163 sulis
2264 5109 2595 5164 voluntatem
2623 5113 2922 5172 exponunt,
2964 5111 3016 5155 et
3045 5116 3169 5152 Sttas
3194 5115 3384 5166 preces
3411 5107 3538 5151 ante
3565 5116 3691 5153 eu'n

2105 5187 2532 5249 prosternentes,
2582 5187 2641 5230 ut
2670 5189 2852 5227 secum
2902 5175 3488 5249 dignareturmanere.
3525 5185 3698 5249 expo-

2102 5241 2287 5303 scunt.
2315 5249 2419 5304 Sed
2443 5251 2568 5319 quis
2588 5259 2772 5319 eorum
2805 5259 2929 5319 non
2959 5241 3288 5319 dilige_ret_in
3319 5241 3479 5293 terris
3516 5243 3694 5319 socie:

2104 5328 2296 5388 tatem,
2351 5310 2552 5388 qui-in
2613 5314 2925 5388 cmlestibus
2976 5314 3168 5369 castris
3214 5310 3326 5378 jam
3382 5316 3701 5388 meruerant

2154 5398 2165 5404 .
2287 5381 2294 5388 γ
2371 5381 2383 5388 ’
2437 5389 2468 5404 ιο
2554 5392 2584 5404 ι.
2632 5396 2674 5404 ι,
2704 5401 2728 5403 Α.
2792 5385 2886 5404 ῃνγξ
2935 5388 2965 5404 'I
3013 5400 3047 5404 ν..
3096 5398 3218 5404 ..υ-..-
3275 5381 3696 5404 μιαν-ν-Ιῖλῆινιοτ-οσνι

3275 5393 3362 5404 ...ασ-
3377 5378 3576 5404 ν-Ιέιιιιιιιο
