  <div class='ocr_page' id='page_1' title='image "/cluster/home/n/w/nwhite01/storage/ocr_20150623/137/hvd.32044021286828/141.png"; bbox 0 0 4472 5522; ppageno 0'>
   <div class='ocr_carea' id='block_1_1' title="bbox 802 440 901 493">
    <p class='ocr_par' dir='ltr' id='par_1_1' title="bbox 802 440 901 493">
     <span class='ocr_line' id='line_1_1' title="bbox 802 440 901 493; baseline 0 -1"><span class='ocrx_word' id='word_1_1' title='bbox 802 440 901 493; x_wconf 71' lang='lat'><strong>271</strong></span> 
     </span>
    </p>
   </div>
   <div class='ocr_carea' id='block_1_2' title="bbox 1694 426 3125 491">
    <p class='ocr_par' dir='ltr' id='par_1_2' title="bbox 1694 426 3125 491">
     <span class='ocr_line' id='line_1_2' title="bbox 1694 426 3125 491; baseline 0.001 -2"><span class='ocrx_word' id='word_1_2' title='bbox 1694 434 1973 491; x_wconf 71' lang='lat' dir='ltr'><strong>JOANNIS</strong></span> <span class='ocrx_word' id='word_1_3' title='bbox 2014 432 2303 490; x_wconf 79' lang='lat' dir='ltr'><strong>ABBATIS</strong></span> <span class='ocrx_word' id='word_1_4' title='bbox 2341 433 2395 486; x_wconf 89' lang='lat' dir='ltr'><strong>S.</strong></span> <span class='ocrx_word' id='word_1_5' title='bbox 2440 433 2739 490; x_wconf 70' lang='lat' dir='ltr'><strong>ARNULFI</strong></span> <span class='ocrx_word' id='word_1_6' title='bbox 2782 426 3125 490; x_wconf 51' lang='lat' dir='ltr'><strong>METEYSI‘S</strong></span> 
     </span>
    </p>
   </div>
   <div class='ocr_carea' id='block_1_3' title="bbox 3961 435 4077 495">
    <p class='ocr_par' dir='ltr' id='par_1_3' title="bbox 3961 435 4077 495">
     <span class='ocr_line' id='line_1_3' title="bbox 3961 435 4077 495; baseline 0.009 -1"><span class='ocrx_word' id='word_1_7' title='bbox 3961 435 4077 495; x_wconf 65' lang='lat'><strong>3‘.&quot;</strong></span> 
     </span>
    </p>
   </div>
   <div class='ocr_carea' id='block_1_4' title="bbox 802 547 4076 621">
    <p class='ocr_par' dir='ltr' id='par_1_4' title="bbox 802 547 4076 621">
     <span class='ocr_line' id='line_1_4' title="bbox 802 547 4076 621; baseline 0.001 -18"><span class='ocrx_word' id='word_1_8' title='bbox 802 553 1035 621; x_wconf 89' lang='lat' dir='ltr'><strong>quadam</strong></span> <span class='ocrx_word' id='word_1_9' title='bbox 1062 551 1199 606; x_wconf 88' lang='lat' dir='ltr'><strong>forte</strong></span> <span class='ocrx_word' id='word_1_10' title='bbox 1223 552 1452 617; x_wconf 87' lang='lat' dir='ltr'><strong>diertnn,</strong></span> <span class='ocrx_word' id='word_1_11' title='bbox 1484 551 1608 605; x_wconf 89' lang='lat' dir='ltr'><strong>dum</strong></span> <span class='ocrx_word' id='word_1_12' title='bbox 1639 566 1736 620; x_wconf 89' lang='lat' dir='ltr'><strong>pro</strong></span> <span class='ocrx_word' id='word_1_13' title='bbox 1765 551 1926 605; x_wconf 92' lang='lat' dir='ltr'><strong>simili</strong></span> <span class='ocrx_word' id='word_1_14' title='bbox 1952 550 2136 605; x_wconf 93' lang='lat' dir='ltr'><strong>nescio</strong></span> <span class='ocrx_word' id='word_1_15' title='bbox 2166 566 2269 618; x_wconf 89' lang='lat' dir='ltr'><strong>qua</strong></span> <span class='ocrx_word' id='word_1_16' title='bbox 2296 550 2378 603; x_wconf 90' lang='lat' dir='ltr'><strong>in-</strong></span> <span class='ocrx_word' id='word_1_17' title='bbox 2413 556 2459 610; x_wconf 81' lang='grc' dir='ltr'><strong>Α</strong></span> <span class='ocrx_word' id='word_1_18' title='bbox 2490 547 2687 603; x_wconf 77' lang='lat' dir='ltr'><strong>bantur</strong></span> <span class='ocrx_word' id='word_1_19' title='bbox 2709 551 3003 606; x_wconf 89' lang='lat' dir='ltr'><strong>cotidianis</strong></span> <span class='ocrx_word' id='word_1_20' title='bbox 3052 551 3343 607; x_wconf 90' lang='lat' dir='ltr'><strong>momentis</strong></span> <span class='ocrx_word' id='word_1_21' title='bbox 3373 550 3631 621; x_wconf 75' lang='lat' dir='ltr'><strong>paulatim</strong></span> <span class='ocrx_word' id='word_1_22' title='bbox 3662 553 3916 621; x_wconf 80' lang='lat' dir='ltr'><strong>quiddam</strong></span> <span class='ocrx_word' id='word_1_23' title='bbox 3948 555 4076 606; x_wconf 84' lang='lat' dir='ltr'><strong>sub-</strong></span> 
     </span>
    </p>
   </div>
   <div class='ocr_carea' id='block_1_5' title="bbox 804 639 2385 712">
    <p class='ocr_par' dir='ltr' id='par_1_5' title="bbox 804 639 2385 712">
     <span class='ocr_line' id='line_1_5' title="bbox 804 639 2385 712; baseline -0.004 -14"><span class='ocrx_word' id='word_1_24' title='bbox 804 642 1027 698; x_wconf 83' lang='lat' dir='ltr'><strong>solentia</strong></span> <span class='ocrx_word' id='word_1_25' title='bbox 1058 642 1238 696; x_wconf 90' lang='lat' dir='ltr'><strong>acrius</strong></span> <span class='ocrx_word' id='word_1_26' title='bbox 1270 650 1610 712; x_wconf 77' lang='lat' dir='ltr'><strong>argueretur,</strong></span> <span class='ocrx_word' id='word_1_27' title='bbox 1639 641 1898 709; x_wconf 82' lang='lat' dir='ltr'><strong>majorem</strong></span> <span class='ocrx_word' id='word_1_28' title='bbox 1933 641 1983 693; x_wconf 92' lang='lat' dir='ltr'><strong>in</strong></span> <span class='ocrx_word' id='word_1_29' title='bbox 2018 641 2236 693; x_wconf 87' lang='lat' dir='ltr'><strong>modum</strong></span> <span class='ocrx_word' id='word_1_30' title='bbox 2266 639 2385 691; x_wconf 89' lang='lat' dir='ltr'><strong>ani-</strong></span> 
     </span>
    </p>
   </div>
   <div class='ocr_carea' id='block_1_6' title="bbox 803 730 2383 800">
    <p class='ocr_par' dir='ltr' id='par_1_6' title="bbox 803 730 2383 800">
     <span class='ocr_line' id='line_1_6' title="bbox 803 730 2383 800; baseline -0.004 -15"><span class='ocrx_word' id='word_1_31' title='bbox 803 748 891 786; x_wconf 92' lang='lat' dir='ltr'><strong>mo</strong></span> <span class='ocrx_word' id='word_1_32' title='bbox 924 733 1217 795; x_wconf 88' lang='lat' dir='ltr'><strong>concitato,</strong></span> <span class='ocrx_word' id='word_1_33' title='bbox 1253 746 1284 785; x_wconf 93' lang='lat' dir='ltr'><strong>e</strong></span> <span class='ocrx_word' id='word_1_34' title='bbox 1312 739 1602 800; x_wconf 83' lang='lat' dir='ltr'><strong>conspectu</strong></span> <span class='ocrx_word' id='word_1_35' title='bbox 1631 730 1841 784; x_wconf 87' lang='lat' dir='ltr'><strong>abbatis</strong></span> <span class='ocrx_word' id='word_1_36' title='bbox 1883 736 1937 783; x_wconf 89' lang='lat' dir='ltr'><strong>et</strong></span> <span class='ocrx_word' id='word_1_37' title='bbox 1960 739 2263 783; x_wconf 86' lang='lat' dir='ltr'><strong>ceterorum</strong></span> <span class='ocrx_word' id='word_1_38' title='bbox 2290 742 2383 795; x_wconf 88' lang='lat' dir='ltr'><strong>pa-</strong></span> 
     </span>
    </p>
   </div>
   <div class='ocr_carea' id='block_1_7' title="bbox 801 820 2385 891">
    <p class='ocr_par' dir='ltr' id='par_1_7' title="bbox 801 820 2385 891">
     <span class='ocr_line' id='line_1_7' title="bbox 801 820 2385 891; baseline -0.003 -14"><span class='ocrx_word' id='word_1_39' title='bbox 801 825 933 877; x_wconf 93' lang='lat' dir='ltr'><strong>riter</strong></span> <span class='ocrx_word' id='word_1_40' title='bbox 958 822 1308 877; x_wconf 75' lang='lat' dir='ltr'><strong>assidentinm</strong></span> <span class='ocrx_word' id='word_1_41' title='bbox 1333 837 1454 876; x_wconf 85' lang='lat' dir='ltr'><strong>sese</strong></span> <span class='ocrx_word' id='word_1_42' title='bbox 1484 820 1773 891; x_wconf 81' lang='lat' dir='ltr'><strong>proripuit,</strong></span> <span class='ocrx_word' id='word_1_43' title='bbox 1802 828 1856 873; x_wconf 88' lang='lat' dir='ltr'><strong>et</strong></span> <span class='ocrx_word' id='word_1_44' title='bbox 1886 820 2149 887; x_wconf 89' lang='lat' dir='ltr'><strong>malejam</strong></span> <span class='ocrx_word' id='word_1_45' title='bbox 2181 820 2385 885; x_wconf 89' lang='lat' dir='ltr'><strong>seculo,</strong></span> 
     </span>
    </p>
   </div>
   <div class='ocr_carea' id='block_1_8' title="bbox 800 897 2385 982">
    <p class='ocr_par' dir='ltr' id='par_1_8' title="bbox 800 897 2385 982">
     <span class='ocr_line' id='line_1_8' title="bbox 800 897 2385 982; baseline -0.003 -14"><span class='ocrx_word' id='word_1_46' title='bbox 800 914 901 968; x_wconf 87' lang='lat' dir='ltr'><strong>nisi</strong></span> <span class='ocrx_word' id='word_1_47' title='bbox 935 897 1182 970; x_wconf 77' lang='lat' dir='ltr'><strong>Christus</strong></span> <span class='ocrx_word' id='word_1_48' title='bbox 1215 913 1408 967; x_wconf 87' lang='lat' dir='ltr'><strong>obvius</strong></span> <span class='ocrx_word' id='word_1_49' title='bbox 1457 912 1781 982; x_wconf 90' lang='lat' dir='ltr'><strong>repulisset,</strong></span> <span class='ocrx_word' id='word_1_50' title='bbox 1817 911 2199 973; x_wconf 88' lang='lat' dir='ltr'><strong>revolvendus.</strong></span> <span class='ocrx_word' id='word_1_51' title='bbox 2230 912 2385 967; x_wconf 87' lang='lat' dir='ltr'><strong>clau-</strong></span> 
     </span>
    </p>
   </div>
   <div class='ocr_carea' id='block_1_9' title="bbox 797 999 2385 1074">
    <p class='ocr_par' dir='ltr' id='par_1_9' title="bbox 797 999 2385 1074">
     <span class='ocr_line' id='line_1_9' title="bbox 797 999 2385 1074; baseline -0.001 -16"><span class='ocrx_word' id='word_1_52' title='bbox 797 999 971 1058; x_wconf 72' lang='lat' dir='ltr'><strong>strdm</strong></span> <span class='ocrx_word' id='word_1_53' title='bbox 1017 1018 1266 1074; x_wconf 84' lang='lat' dir='ltr'><strong>egressus</strong></span> <span class='ocrx_word' id='word_1_54' title='bbox 1293 1011 1393 1056; x_wconf 91' lang='lat' dir='ltr'><strong>est.</strong></span> <span class='ocrx_word' id='word_1_55' title='bbox 1426 1001 1650 1057; x_wconf 84' lang='lat' dir='ltr'><strong>Fratres</strong></span> <span class='ocrx_word' id='word_1_56' title='bbox 1682 1003 1866 1056; x_wconf 87' lang='lat' dir='ltr'><strong>tristes</strong></span> <span class='ocrx_word' id='word_1_57' title='bbox 1911 1016 1974 1055; x_wconf 91' lang='lat' dir='ltr'><strong>ac</strong></span> <span class='ocrx_word' id='word_1_58' title='bbox 2005 1000 2190 1071; x_wconf 86' lang='lat' dir='ltr'><strong>pavidi</strong></span> <span class='ocrx_word' id='word_1_59' title='bbox 2239 1001 2385 1056; x_wconf 86' lang='lat' dir='ltr'><strong>inse-</strong></span> 
     </span>
    </p>
   </div>
   <div class='ocr_carea' id='block_1_10' title="bbox 799 1092 2386 1162">
    <p class='ocr_par' dir='ltr' id='par_1_10' title="bbox 799 1092 2386 1162">
     <span class='ocr_line' id='line_1_10' title="bbox 799 1092 2386 1162; baseline -0.002 -12"><span class='ocrx_word' id='word_1_60' title='bbox 799 1095 928 1159; x_wconf 81' lang='lat' dir='ltr'><strong>cuti,</strong></span> <span class='ocrx_word' id='word_1_61' title='bbox 979 1110 1100 1150; x_wconf 92' lang='lat' dir='ltr'><strong>eum</strong></span> <span class='ocrx_word' id='word_1_62' title='bbox 1130 1110 1253 1150; x_wconf 93' lang='lat' dir='ltr'><strong>eum</strong></span> <span class='ocrx_word' id='word_1_63' title='bbox 1285 1094 1339 1147; x_wconf 93' lang='lat' dir='ltr'><strong>in</strong></span> <span class='ocrx_word' id='word_1_64' title='bbox 1392 1094 1600 1162; x_wconf 89' lang='lat' dir='ltr'><strong>porticu</strong></span> <span class='ocrx_word' id='word_1_65' title='bbox 1643 1093 1926 1157; x_wconf 84' lang='lat' dir='ltr'><strong>exteriori,</strong></span> <span class='ocrx_word' id='word_1_66' title='bbox 1962 1093 2013 1147; x_wconf 92' lang='lat' dir='ltr'><strong>in</strong></span> <span class='ocrx_word' id='word_1_67' title='bbox 2059 1109 2163 1161; x_wconf 90' lang='lat' dir='ltr'><strong>qua</strong></span> <span class='ocrx_word' id='word_1_68' title='bbox 2199 1092 2386 1147; x_wconf 80' lang='lat' dir='ltr'><strong>exiens</strong></span> 
     </span>
    </p>
   </div>
   <div class='ocr_carea' id='block_1_11' title="bbox 796 1185 2385 1257">
    <p class='ocr_par' dir='ltr' id='par_1_11' title="bbox 796 1185 2385 1257">
     <span class='ocr_line' id='line_1_11' title="bbox 796 1185 2385 1257; baseline -0.002 -14"><span class='ocrx_word' id='word_1_69' title='bbox 796 1188 1094 1251; x_wconf 79' lang='lat' dir='ltr'><strong>resederat,</strong></span> <span class='ocrx_word' id='word_1_70' title='bbox 1122 1187 1480 1251; x_wconf 90' lang='lat' dir='ltr'><strong>invenissent,</strong></span> <span class='ocrx_word' id='word_1_71' title='bbox 1521 1186 1638 1257; x_wconf 84' lang='lat' dir='ltr'><strong>ejus</strong></span> <span class='ocrx_word' id='word_1_72' title='bbox 1660 1186 1887 1255; x_wconf 79' lang='lat' dir='ltr'><strong>genibus</strong></span> <span class='ocrx_word' id='word_1_73' title='bbox 1918 1185 2178 1249; x_wconf 88' lang='lat' dir='ltr'><strong>advoluti,</strong></span> <span class='ocrx_word' id='word_1_74' title='bbox 2212 1185 2385 1240; x_wconf 92' lang='lat' dir='ltr'><strong>modis</strong></span> 
     </span>
    </p>
   </div>
   <div class='ocr_carea' id='block_1_12' title="bbox 797 1275 2385 1347">
    <p class='ocr_par' dir='ltr' id='par_1_12' title="bbox 797 1275 2385 1347">
     <span class='ocr_line' id='line_1_12' title="bbox 797 1275 2385 1347; baseline -0.001 -15"><span class='ocrx_word' id='word_1_75' title='bbox 797 1277 1049 1333; x_wconf 90' lang='lat' dir='ltr'><strong>omnibus</strong></span> <span class='ocrx_word' id='word_1_76' title='bbox 1076 1278 1271 1347; x_wconf 91' lang='lat' dir='ltr'><strong>quibus</strong></span> <span class='ocrx_word' id='word_1_77' title='bbox 1300 1285 1553 1345; x_wconf 79' lang='lat' dir='ltr'><strong>poterant</strong></span> <span class='ocrx_word' id='word_1_78' title='bbox 1600 1275 2009 1347; x_wconf 86' lang='lat' dir='ltr'><strong>aggrediuntur,</strong></span> <span class='ocrx_word' id='word_1_79' title='bbox 2041 1288 2096 1332; x_wconf 94' lang='lat' dir='ltr'><strong>et</strong></span> <span class='ocrx_word' id='word_1_80' title='bbox 2137 1292 2281 1331; x_wconf 92' lang='lat' dir='ltr'><strong>nunc</strong></span> <span class='ocrx_word' id='word_1_81' title='bbox 2305 1276 2385 1330; x_wconf 57' lang='lat' dir='ltr'><strong>dio</strong></span> 
     </span>
    </p>
   </div>
   <div class='ocr_carea' id='block_1_13' title="bbox 796 1367 2385 1433">
    <p class='ocr_par' dir='ltr' id='par_1_13' title="bbox 796 1367 2385 1433">
     <span class='ocr_line' id='line_1_13' title="bbox 796 1367 2385 1433; baseline 0.001 -13"><span class='ocrx_word' id='word_1_82' title='bbox 796 1368 910 1423; x_wconf 87' lang='lat' dir='ltr'><strong>vini</strong></span> <span class='ocrx_word' id='word_1_83' title='bbox 944 1368 1179 1421; x_wconf 85' lang='lat' dir='ltr'><strong>nominis</strong></span> <span class='ocrx_word' id='word_1_84' title='bbox 1206 1367 1593 1433; x_wconf 83' lang='lat' dir='ltr'><strong>obtestatione,</strong></span> <span class='ocrx_word' id='word_1_85' title='bbox 1627 1382 1695 1421; x_wconf 92' lang='lat' dir='ltr'><strong>ne</strong></span> <span class='ocrx_word' id='word_1_86' title='bbox 1724 1368 1951 1431; x_wconf 87' lang='lat' dir='ltr'><strong>faceret,</strong></span> <span class='ocrx_word' id='word_1_87' title='bbox 1981 1368 2294 1432; x_wconf 81' lang='lat' dir='ltr'><strong>obsecrare,</strong></span> <span class='ocrx_word' id='word_1_88' title='bbox 2320 1383 2385 1421; x_wconf 90' lang='lat' dir='ltr'><strong>ne</strong></span> 
     </span>
    </p>
   </div>
   <div class='ocr_carea' id='block_1_14' title="bbox 797 1459 2384 1529">
    <p class='ocr_par' dir='ltr' id='par_1_14' title="bbox 797 1459 2384 1529">
     <span class='ocr_line' id='line_1_14' title="bbox 797 1459 2384 1529; baseline -0.003 -14"><span class='ocrx_word' id='word_1_89' title='bbox 797 1460 939 1529; x_wconf 89' lang='lat' dir='ltr'><strong>quod</strong></span> <span class='ocrx_word' id='word_1_90' title='bbox 992 1461 1127 1514; x_wconf 85' lang='lat' dir='ltr'><strong>bene</strong></span> <span class='ocrx_word' id='word_1_91' title='bbox 1165 1468 1409 1527; x_wconf 66' lang='lat' dir='ltr'><strong>cmperat</strong></span> <span class='ocrx_word' id='word_1_92' title='bbox 1460 1460 1657 1512; x_wconf 91' lang='lat' dir='ltr'><strong>bonum</strong></span> <span class='ocrx_word' id='word_1_93' title='bbox 1708 1459 1850 1513; x_wconf 93' lang='lat' dir='ltr'><strong>male</strong></span> <span class='ocrx_word' id='word_1_94' title='bbox 1893 1459 2205 1522; x_wconf 87' lang='lat' dir='ltr'><strong>amitteret;</strong></span> <span class='ocrx_word' id='word_1_95' title='bbox 2240 1475 2384 1512; x_wconf 91' lang='lat' dir='ltr'><strong>nunc</strong></span> 
     </span>
    </p>
   </div>
   <div class='ocr_carea' id='block_1_15' title="bbox 794 1549 2380 1621">
    <p class='ocr_par' dir='ltr' id='par_1_15' title="bbox 794 1549 2380 1621">
     <span class='ocr_line' id='line_1_15' title="bbox 794 1549 2380 1621; baseline -0.001 -19"><span class='ocrx_word' id='word_1_96' title='bbox 794 1560 1133 1621; x_wconf 80' lang='lat' dir='ltr'><strong>perpetuam,</strong></span> <span class='ocrx_word' id='word_1_97' title='bbox 1184 1565 1300 1618; x_wconf 74' lang='lat' dir='ltr'><strong>quae</strong></span> <span class='ocrx_word' id='word_1_98' title='bbox 1333 1564 1391 1603; x_wconf 83' lang='lat' dir='ltr'><strong>se</strong></span> <span class='ocrx_word' id='word_1_99' title='bbox 1443 1549 1581 1618; x_wconf 82' lang='lat' dir='ltr'><strong>apud</strong></span> <span class='ocrx_word' id='word_1_100' title='bbox 1630 1549 1885 1602; x_wconf 70' lang='lat' dir='ltr'><strong>smculum</strong></span> <span class='ocrx_word' id='word_1_101' title='bbox 1931 1557 2380 1616; x_wconf 88' lang='lat' dir='ltr'><strong>consequeretur,</strong></span> 
     </span>
    </p>
   </div>
   <div class='ocr_carea' id='block_1_16' title="bbox 804 1638 2384 1712">
    <p class='ocr_par' dir='ltr' id='par_1_16' title="bbox 804 1638 2384 1712">
     <span class='ocr_line' id='line_1_16' title="bbox 804 1638 2384 1712; baseline -0.002 -17"><span class='ocrx_word' id='word_1_102' title='bbox 804 1641 1155 1712; x_wconf 77' lang='lat' dir='ltr'><strong>ignominiam</strong></span> <span class='ocrx_word' id='word_1_103' title='bbox 1187 1640 1464 1710; x_wconf 84' lang='lat' dir='ltr'><strong>objectare.</strong></span> <span class='ocrx_word' id='word_1_104' title='bbox 1503 1657 1515 1693; x_wconf 89' lang='lat'><strong>:</strong></span> <span class='ocrx_word' id='word_1_105' title='bbox 1572 1640 2010 1693; x_wconf 88' lang='lat' dir='ltr'><strong>reminisceretur</strong></span> <span class='ocrx_word' id='word_1_106' title='bbox 2058 1638 2227 1707; x_wconf 77' lang='lat' dir='ltr'><strong>inagis</strong></span> <span class='ocrx_word' id='word_1_107' title='bbox 2260 1648 2384 1692; x_wconf 91' lang='lat' dir='ltr'><strong>ante</strong></span> 
     </span>
    </p>
   </div>
   <div class='ocr_carea' id='block_1_17' title="bbox 796 1730 2378 1801">
    <p class='ocr_par' dir='ltr' id='par_1_17' title="bbox 796 1730 2378 1801">
     <span class='ocr_line' id='line_1_17' title="bbox 796 1730 2378 1801; baseline -0.003 -14"><span class='ocrx_word' id='word_1_108' title='bbox 796 1734 974 1787; x_wconf 80' lang='lat' dir='ltr'><strong>exacti</strong></span> <span class='ocrx_word' id='word_1_109' title='bbox 1009 1730 1229 1795; x_wconf 88' lang='lat' dir='ltr'><strong>laboris,</strong></span> <span class='ocrx_word' id='word_1_110' title='bbox 1280 1747 1442 1801; x_wconf 84' lang='lat' dir='ltr'><strong>quem</strong></span> <span class='ocrx_word' id='word_1_111' title='bbox 1491 1740 1600 1784; x_wconf 91' lang='lat' dir='ltr'><strong>tam</strong></span> <span class='ocrx_word' id='word_1_112' title='bbox 1631 1732 1860 1800; x_wconf 82' lang='lat' dir='ltr'><strong>turpiter</strong></span> <span class='ocrx_word' id='word_1_113' title='bbox 1898 1731 1950 1783; x_wconf 93' lang='lat' dir='ltr'><strong>in</strong></span> <span class='ocrx_word' id='word_1_114' title='bbox 1983 1730 2187 1784; x_wconf 92' lang='lat' dir='ltr'><strong>medios</strong></span> <span class='ocrx_word' id='word_1_115' title='bbox 2215 1746 2378 1785; x_wconf 88' lang='lat' dir='ltr'><strong>cona-</strong></span> 
     </span>
    </p>
   </div>
   <div class='ocr_carea' id='block_1_18' title="bbox 796 1821 2382 1887">
    <p class='ocr_par' dir='ltr' id='par_1_18' title="bbox 796 1821 2382 1887">
     <span class='ocr_line' id='line_1_18' title="bbox 796 1821 2382 1887; baseline -0.001 -8"><span class='ocrx_word' id='word_1_116' title='bbox 796 1836 882 1879; x_wconf 89' lang='lat' dir='ltr'><strong>tus</strong></span> <span class='ocrx_word' id='word_1_117' title='bbox 914 1825 1220 1887; x_wconf 87' lang='lat' dir='ltr'><strong>desereret;</strong></span> <span class='ocrx_word' id='word_1_118' title='bbox 1256 1822 1697 1877; x_wconf 87' lang='lat' dir='ltr'><strong>reminisceretur</strong></span> <span class='ocrx_word' id='word_1_119' title='bbox 1724 1822 1789 1875; x_wconf 90' lang='lat' dir='ltr'><strong>ad</strong></span> <span class='ocrx_word' id='word_1_120' title='bbox 1844 1821 2091 1875; x_wconf 90' lang='lat' dir='ltr'><strong>ultimum</strong></span> <span class='ocrx_word' id='word_1_121' title='bbox 2145 1823 2382 1879; x_wconf 87' lang='lat' dir='ltr'><strong>districti</strong></span> 
     </span>
    </p>
   </div>
   <div class='ocr_carea' id='block_1_19' title="bbox 2493 640 4076 712">
    <p class='ocr_par' dir='ltr' id='par_1_19' title="bbox 2493 640 4076 712">
     <span class='ocr_line' id='line_1_19' title="bbox 2493 640 4076 712; baseline 0.003 -20"><span class='ocrx_word' id='word_1_122' title='bbox 2493 640 2756 705; x_wconf 86' lang='lat' dir='ltr'><strong>traheret,</strong></span> <span class='ocrx_word' id='word_1_123' title='bbox 2813 641 2986 696; x_wconf 90' lang='lat' dir='ltr'><strong>donec</strong></span> <span class='ocrx_word' id='word_1_124' title='bbox 3034 642 3099 696; x_wconf 92' lang='lat' dir='ltr'><strong>ad</strong></span> <span class='ocrx_word' id='word_1_125' title='bbox 3132 643 3410 696; x_wconf 85' lang='lat' dir='ltr'><strong>minimam</strong></span> <span class='ocrx_word' id='word_1_126' title='bbox 3440 643 3529 674; x_wconf 81' lang='grc'>¹⁸⁸¹</span> <span class='ocrx_word' id='word_1_127' title='bbox 3559 643 3824 711; x_wconf 90' lang='lat' dir='ltr'><strong>quandam</strong></span> <span class='ocrx_word' id='word_1_128' title='bbox 3862 645 4076 712; x_wconf 86' lang='lat' dir='ltr'><strong>quanti-</strong></span> 
     </span>
    </p>
   </div>
   <div class='ocr_carea' id='block_1_20' title="bbox 2494 734 4071 805">
    <p class='ocr_par' dir='ltr' id='par_1_20' title="bbox 2494 734 4071 805">
     <span class='ocr_line' id='line_1_20' title="bbox 2494 734 4071 805; baseline 0.003 -21"><span class='ocrx_word' id='word_1_129' title='bbox 2494 740 2656 786; x_wconf 88' lang='lat' dir='ltr'><strong>tatem</strong></span> <span class='ocrx_word' id='word_1_130' title='bbox 2709 734 2932 787; x_wconf 89' lang='lat' dir='ltr'><strong>rediret.</strong></span> <span class='ocrx_word' id='word_1_131' title='bbox 2978 735 3250 789; x_wconf 89' lang='lat' dir='ltr'><strong>lnterdum</strong></span> <span class='ocrx_word' id='word_1_132' title='bbox 3301 737 3463 789; x_wconf 87' lang='lat' dir='ltr'><strong>etiam</strong></span> <span class='ocrx_word' id='word_1_133' title='bbox 3495 736 3813 805; x_wconf 88' lang='lat' dir='ltr'><strong>quilmsdam</strong></span> <span class='ocrx_word' id='word_1_134' title='bbox 3838 737 4071 804; x_wconf 90' lang='lat' dir='ltr'><strong>penitus,</strong></span> 
     </span>
    </p>
   </div>
   <div class='ocr_carea' id='block_1_21' title="bbox 2493 823 4072 895">
    <p class='ocr_par' dir='ltr' id='par_1_21' title="bbox 2493 823 4072 895">
     <span class='ocr_line' id='line_1_21' title="bbox 2493 823 4072 895; baseline 0.005 -23"><span class='ocrx_word' id='word_1_135' title='bbox 2493 830 2765 891; x_wconf 86' lang='lat' dir='ltr'><strong>tamquam</strong></span> <span class='ocrx_word' id='word_1_136' title='bbox 2789 823 3061 890; x_wconf 90' lang='lat' dir='ltr'><strong>obessent,</strong></span> <span class='ocrx_word' id='word_1_137' title='bbox 3088 824 3410 879; x_wconf 84' lang='lat' dir='ltr'><strong>abstinebat.</strong></span> <span class='ocrx_word' id='word_1_138' title='bbox 3440 824 3591 879; x_wconf 81' lang='lat' dir='ltr'><strong>Nunc</strong></span> <span class='ocrx_word' id='word_1_139' title='bbox 3630 826 3843 893; x_wconf 85' lang='lat' dir='ltr'><strong>quidem</strong></span> <span class='ocrx_word' id='word_1_140' title='bbox 3870 826 4072 895; x_wconf 90' lang='lat' dir='ltr'><strong>piscem</strong></span> 
     </span>
    </p>
   </div>
   <div class='ocr_carea' id='block_1_22' title="bbox 2489 914 4075 986">
    <p class='ocr_par' dir='ltr' id='par_1_22' title="bbox 2489 914 4075 986">
     <span class='ocr_line' id='line_1_22' title="bbox 2489 914 4075 986; baseline 0.004 -21"><span class='ocrx_word' id='word_1_141' title='bbox 2489 927 2703 966; x_wconf 91' lang='lat' dir='ltr'><strong>omnem</strong></span> <span class='ocrx_word' id='word_1_142' title='bbox 2753 914 3016 969; x_wconf 90' lang='lat' dir='ltr'><strong>minorem</strong></span> <span class='ocrx_word' id='word_1_143' title='bbox 3058 917 3295 985; x_wconf 79' lang='lat' dir='ltr'><strong>generis,</strong></span> <span class='ocrx_word' id='word_1_144' title='bbox 3347 917 3475 969; x_wconf 93' lang='lat' dir='ltr'><strong>dum</strong></span> <span class='ocrx_word' id='word_1_145' title='bbox 3524 918 3864 986; x_wconf 81' lang='lat' dir='ltr'><strong>grandiores,</strong></span> <span class='ocrx_word' id='word_1_146' title='bbox 3898 917 4075 971; x_wconf 88' lang='lat' dir='ltr'><strong>rarius</strong></span> 
     </span>
    </p>
   </div>
   <div class='ocr_carea' id='block_1_23' title="bbox 2489 1007 4074 1078">
    <p class='ocr_par' dir='ltr' id='par_1_23' title="bbox 2489 1007 4074 1078">
     <span class='ocr_line' id='line_1_23' title="bbox 2489 1007 4074 1078; baseline 0.004 -21"><span class='ocrx_word' id='word_1_147' title='bbox 2489 1018 2649 1073; x_wconf 91' lang='lat' dir='ltr'><strong>posse</strong></span> <span class='ocrx_word' id='word_1_148' title='bbox 2693 1007 2937 1074; x_wconf 90' lang='lat' dir='ltr'><strong>conquiri</strong></span> <span class='ocrx_word' id='word_1_149' title='bbox 2993 1008 3231 1071; x_wconf 88' lang='lat' dir='ltr'><strong>estimat,</strong></span> <span class='ocrx_word' id='word_1_150' title='bbox 3293 1023 3572 1077; x_wconf 88' lang='lat' dir='ltr'><strong>respuens,</strong></span> <span class='ocrx_word' id='word_1_151' title='bbox 3622 1024 3764 1062; x_wconf 88' lang='lat' dir='ltr'><strong>nunc</strong></span> <span class='ocrx_word' id='word_1_152' title='bbox 3803 1024 3897 1063; x_wconf 88' lang='lat' dir='ltr'><strong>eos</strong></span> <span class='ocrx_word' id='word_1_153' title='bbox 3927 1009 4074 1078; x_wconf 90' lang='lat' dir='ltr'><strong>ipsos</strong></span> 
     </span>
    </p>
   </div>
   <div class='ocr_carea' id='block_1_24' title="bbox 2489 1099 4074 1171">
    <p class='ocr_par' dir='ltr' id='par_1_24' title="bbox 2489 1099 4074 1171">
     <span class='ocr_line' id='line_1_24' title="bbox 2489 1099 4074 1171; baseline 0.005 -22"><span class='ocrx_word' id='word_1_154' title='bbox 2489 1111 2623 1166; x_wconf 89' lang='lat' dir='ltr'><strong>quos</strong></span> <span class='ocrx_word' id='word_1_155' title='bbox 2671 1099 2843 1168; x_wconf 90' lang='lat' dir='ltr'><strong>magis</strong></span> <span class='ocrx_word' id='word_1_156' title='bbox 2887 1110 3141 1168; x_wconf 87' lang='lat' dir='ltr'><strong>appetere</strong></span> <span class='ocrx_word' id='word_1_157' title='bbox 3184 1100 3492 1164; x_wconf 71' lang='lat' dir='ltr'><strong>videbatur,</strong></span> <span class='ocrx_word' id='word_1_158' title='bbox 3526 1102 3652 1155; x_wconf 90' lang='lat' dir='ltr'><strong>dum</strong></span> <span class='ocrx_word' id='word_1_159' title='bbox 3700 1103 4074 1171; x_wconf 86' lang='lat' dir='ltr'><strong>undecumque</strong></span> 
     </span>
    </p>
   </div>
   <div class='ocr_carea' id='block_1_25' title="bbox 2488 1187 4076 1261">
    <p class='ocr_par' dir='ltr' id='par_1_25' title="bbox 2488 1187 4076 1261">
     <span class='ocr_line' id='line_1_25' title="bbox 2488 1187 4076 1261; baseline 0.004 -21"><span class='ocrx_word' id='word_1_160' title='bbox 2488 1188 2681 1255; x_wconf 90' lang='lat' dir='ltr'><strong>quesiti</strong></span> <span class='ocrx_word' id='word_1_161' title='bbox 2709 1187 3027 1253; x_wconf 77' lang='lat' dir='ltr'><strong>olferentur,</strong></span> <span class='ocrx_word' id='word_1_162' title='bbox 3063 1199 3185 1257; x_wconf 89' lang='lat' dir='ltr'><strong>post</strong></span> <span class='ocrx_word' id='word_1_163' title='bbox 3215 1206 3318 1244; x_wconf 86' lang='lat' dir='ltr'><strong>non</strong></span> <span class='ocrx_word' id='word_1_164' title='bbox 3375 1191 3600 1245; x_wconf 91' lang='lat' dir='ltr'><strong>multum</strong></span> <span class='ocrx_word' id='word_1_165' title='bbox 3655 1193 3912 1258; x_wconf 87' lang='lat' dir='ltr'><strong>temporis</strong></span> <span class='ocrx_word' id='word_1_166' title='bbox 3939 1209 4076 1261; x_wconf 82' lang='lat' dir='ltr'><strong>quo-</strong></span> 
     </span>
    </p>
   </div>
   <div class='ocr_carea' id='block_1_26' title="bbox 2488 1279 4073 1351">
    <p class='ocr_par' dir='ltr' id='par_1_26' title="bbox 2488 1279 4073 1351">
     <span class='ocr_line' id='line_1_26' title="bbox 2488 1279 4073 1351; baseline 0.002 -19"><span class='ocrx_word' id='word_1_167' title='bbox 2488 1279 2777 1334; x_wconf 89' lang='lat' dir='ltr'><strong>dammodo</strong></span> <span class='ocrx_word' id='word_1_168' title='bbox 2826 1280 3160 1344; x_wconf 80' lang='lat' dir='ltr'><strong>fastidiebat,</strong></span> <span class='ocrx_word' id='word_1_169' title='bbox 3194 1291 3452 1351; x_wconf 91' lang='lat' dir='ltr'><strong>tantaque</strong></span> <span class='ocrx_word' id='word_1_170' title='bbox 3490 1292 3548 1336; x_wconf 90' lang='lat' dir='ltr'><strong>ut</strong></span> <span class='ocrx_word' id='word_1_171' title='bbox 3596 1283 3669 1336; x_wconf 88' lang='lat' dir='ltr'><strong>ita</strong></span> <span class='ocrx_word' id='word_1_172' title='bbox 3702 1282 3876 1335; x_wconf 89' lang='lat' dir='ltr'><strong>dicam</strong></span> <span class='ocrx_word' id='word_1_173' title='bbox 3906 1282 4073 1337; x_wconf 89' lang='lat' dir='ltr'><strong>obsti-</strong></span> 
     </span>
    </p>
   </div>
   <div class='ocr_carea' id='block_1_27' title="bbox 2487 1370 4070 1441">
    <p class='ocr_par' dir='ltr' id='par_1_27' title="bbox 2487 1370 4070 1441">
     <span class='ocr_line' id='line_1_27' title="bbox 2487 1370 4070 1441; baseline 0.001 -17"><span class='ocrx_word' id='word_1_174' title='bbox 2487 1370 2724 1435; x_wconf 89' lang='lat' dir='ltr'><strong>natione,</strong></span> <span class='ocrx_word' id='word_1_175' title='bbox 2753 1372 2923 1425; x_wconf 87' lang='lat' dir='ltr'><strong>victor</strong></span> <span class='ocrx_word' id='word_1_176' title='bbox 2954 1372 3058 1436; x_wconf 92' lang='lat' dir='ltr'><strong>sui,</strong></span> <span class='ocrx_word' id='word_1_177' title='bbox 3090 1374 3231 1441; x_wconf 90' lang='lat' dir='ltr'><strong>quod</strong></span> <span class='ocrx_word' id='word_1_178' title='bbox 3260 1373 3426 1427; x_wconf 88' lang='lat' dir='ltr'><strong>semel</strong></span> <span class='ocrx_word' id='word_1_179' title='bbox 3470 1374 3653 1427; x_wconf 89' lang='lat' dir='ltr'><strong>animo</strong></span> <span class='ocrx_word' id='word_1_180' title='bbox 3682 1381 3948 1427; x_wconf 82' lang='lat' dir='ltr'><strong>statuerat</strong></span> <span class='ocrx_word' id='word_1_181' title='bbox 3974 1391 4070 1426; x_wconf 84' lang='lat' dir='ltr'><strong>rn-</strong></span> 
     </span>
    </p>
   </div>
   <div class='ocr_carea' id='block_1_28' title="bbox 2490 1460 4066 1530">
    <p class='ocr_par' dir='ltr' id='par_1_28' title="bbox 2490 1460 4066 1530">
     <span class='ocr_line' id='line_1_28' title="bbox 2490 1460 4066 1530; baseline 0.003 -17"><span class='ocrx_word' id='word_1_182' title='bbox 2490 1460 2733 1525; x_wconf 88' lang='lat' dir='ltr'><strong>studivit,</strong></span> <span class='ocrx_word' id='word_1_183' title='bbox 2806 1470 2862 1513; x_wconf 93' lang='lat' dir='ltr'><strong>ut</strong></span> <span class='ocrx_word' id='word_1_184' title='bbox 2922 1462 3197 1530; x_wconf 88' lang='lat' dir='ltr'><strong>pulticulis</strong></span> <span class='ocrx_word' id='word_1_185' title='bbox 3258 1464 3473 1517; x_wconf 90' lang='lat' dir='ltr'><strong>tandem</strong></span> <span class='ocrx_word' id='word_1_186' title='bbox 3534 1463 3721 1518; x_wconf 79' lang='lat' dir='ltr'><strong>farina:</strong></span> <span class='ocrx_word' id='word_1_187' title='bbox 3775 1475 4066 1517; x_wconf 71' lang='lat' dir='ltr'><strong>conuentus</strong></span> 
     </span>
    </p>
   </div>
   <div class='ocr_carea' id='block_1_29' title="bbox 2493 1553 4071 1622">
    <p class='ocr_par' dir='ltr' id='par_1_29' title="bbox 2493 1553 4071 1622">
     <span class='ocr_line' id='line_1_29' title="bbox 2493 1553 4071 1622; baseline 0.003 -19"><span class='ocrx_word' id='word_1_188' title='bbox 2493 1560 2655 1615; x_wconf 90' lang='lat' dir='ltr'><strong>esset,</strong></span> <span class='ocrx_word' id='word_1_189' title='bbox 2716 1566 3025 1621; x_wconf 87' lang='lat' dir='ltr'><strong>quanquam</strong></span> <span class='ocrx_word' id='word_1_190' title='bbox 3066 1553 3156 1583; x_wconf 80' lang='grc'>¹⁸⁸²</span> <span class='ocrx_word' id='word_1_191' title='bbox 3202 1555 3342 1607; x_wconf 87' lang='lat' dir='ltr'><strong>inter</strong></span> <span class='ocrx_word' id='word_1_192' title='bbox 3372 1554 3487 1607; x_wconf 70' lang='lat' dir='ltr'><strong>haec</strong></span> <span class='ocrx_word' id='word_1_193' title='bbox 3537 1554 3900 1618; x_wconf 83' lang='lat' dir='ltr'><strong>creberrima,</strong></span> <span class='ocrx_word' id='word_1_194' title='bbox 3951 1571 4071 1622; x_wconf 79' lang='lat' dir='ltr'><strong>qu;e</strong></span> 
     </span>
    </p>
   </div>
   <div class='ocr_carea' id='block_1_30' title="bbox 2486 1640 4067 1708">
    <p class='ocr_par' dir='ltr' id='par_1_30' title="bbox 2486 1640 4067 1708">
     <span class='ocr_line' id='line_1_30' title="bbox 2486 1640 4067 1708; baseline 0.003 -16"><span class='ocrx_word' id='word_1_195' title='bbox 2486 1640 2668 1702; x_wconf 87' lang='lat' dir='ltr'><strong>etiam,</strong></span> <span class='ocrx_word' id='word_1_196' title='bbox 2726 1640 2852 1693; x_wconf 92' lang='lat' dir='ltr'><strong>dum</strong></span> <span class='ocrx_word' id='word_1_197' title='bbox 2884 1641 2935 1693; x_wconf 90' lang='lat' dir='ltr'><strong>in</strong></span> <span class='ocrx_word' id='word_1_198' title='bbox 2987 1641 3169 1695; x_wconf 89' lang='lat' dir='ltr'><strong>seculo</strong></span> <span class='ocrx_word' id='word_1_199' title='bbox 3224 1643 3450 1704; x_wconf 83' lang='lat' dir='ltr'><strong>viveret,</strong></span> <span class='ocrx_word' id='word_1_200' title='bbox 3505 1642 3695 1696; x_wconf 90' lang='lat' dir='ltr'><strong>diebus</strong></span> <span class='ocrx_word' id='word_1_201' title='bbox 3740 1641 4067 1708; x_wconf 52' lang='lat' dir='ltr'><strong>jejuniorum</strong></span> 
     </span>
    </p>
   </div>
   <div class='ocr_carea' id='block_1_31' title="bbox 2486 1729 4067 1801">
    <p class='ocr_par' dir='ltr' id='par_1_31' title="bbox 2486 1729 4067 1801">
     <span class='ocr_line' id='line_1_31' title="bbox 2486 1729 4067 1801; baseline 0.001 -20"><span class='ocrx_word' id='word_1_202' title='bbox 2486 1729 2700 1784; x_wconf 81' lang='lat' dir='ltr'><strong>fortiter</strong></span> <span class='ocrx_word' id='word_1_203' title='bbox 2726 1730 3057 1799; x_wconf 79' lang='lat' dir='ltr'><strong>perferebat,</strong></span> <span class='ocrx_word' id='word_1_204' title='bbox 3112 1733 3268 1801; x_wconf 90' lang='lat' dir='ltr'><strong>panis</strong></span> <span class='ocrx_word' id='word_1_205' title='bbox 3318 1741 3526 1786; x_wconf 88' lang='lat' dir='ltr'><strong>tantum</strong></span> <span class='ocrx_word' id='word_1_206' title='bbox 3575 1742 3631 1786; x_wconf 92' lang='lat' dir='ltr'><strong>et</strong></span> <span class='ocrx_word' id='word_1_207' title='bbox 3680 1731 4067 1801; x_wconf 68' lang='lat' dir='ltr'><strong>aqutejejunia</strong></span> 
     </span>
    </p>
   </div>
   <div class='ocr_carea' id='block_1_32' title="bbox 2486 1819 4066 1889">
    <p class='ocr_par' dir='ltr' id='par_1_32' title="bbox 2486 1819 4066 1889">
     <span class='ocr_line' id='line_1_32' title="bbox 2486 1819 4066 1889; baseline -0.001 -15"><span class='ocrx_word' id='word_1_208' title='bbox 2486 1830 2785 1874; x_wconf 80' lang='lat' dir='ltr'><strong>exerceret.</strong></span> <span class='ocrx_word' id='word_1_209' title='bbox 2850 1819 2916 1875; x_wconf 92' lang='lat' dir='ltr'><strong>Ut</strong></span> <span class='ocrx_word' id='word_1_210' title='bbox 2970 1822 3115 1875; x_wconf 90' lang='lat' dir='ltr'><strong>enim</strong></span> <span class='ocrx_word' id='word_1_211' title='bbox 3171 1821 3467 1875; x_wconf 88' lang='lat' dir='ltr'><strong>multorum</strong></span> <span class='ocrx_word' id='word_1_212' title='bbox 3530 1820 3633 1874; x_wconf 86' lang='lat' dir='ltr'><strong>fide</strong></span> <span class='ocrx_word' id='word_1_213' title='bbox 3684 1821 4066 1889; x_wconf 87' lang='lat' dir='ltr'><strong>percepimus,</strong></span> 
     </span>
    </p>
   </div>
   <div class='ocr_carea' id='block_1_33' title="bbox 793 1905 4071 1982">
    <p class='ocr_par' dir='ltr' id='par_1_33' title="bbox 793 1905 4071 1982">
     <span class='ocr_line' id='line_1_33' title="bbox 793 1905 4071 1982; baseline -0.002 -14"><span class='ocrx_word' id='word_1_214' title='bbox 793 1915 1087 1974; x_wconf 79' lang='lat' dir='ltr'><strong>examinis,</strong></span> <span class='ocrx_word' id='word_1_215' title='bbox 1119 1913 1203 1967; x_wconf 92' lang='lat' dir='ltr'><strong>cui</strong></span> <span class='ocrx_word' id='word_1_216' title='bbox 1254 1911 1482 1966; x_wconf 90' lang='lat' dir='ltr'><strong>forsitan</strong></span> <span class='ocrx_word' id='word_1_217' title='bbox 1511 1927 1673 1966; x_wconf 79' lang='lat' dir='ltr'><strong>senex</strong></span> <span class='ocrx_word' id='word_1_218' title='bbox 1705 1912 1816 1982; x_wconf 91' lang='lat' dir='ltr'><strong>jam</strong></span> <span class='ocrx_word' id='word_1_219' title='bbox 1843 1912 2069 1982; x_wconf 88' lang='lat' dir='ltr'><strong>jamque</strong></span> <span class='ocrx_word' id='word_1_220' title='bbox 2099 1927 2157 1967; x_wconf 92' lang='lat' dir='ltr'><strong>se</strong></span> <span class='ocrx_word' id='word_1_221' title='bbox 2184 1928 2376 1968; x_wconf 86' lang='lat' dir='ltr'><strong>cerne-</strong></span> <span class='ocrx_word' id='word_1_222' title='bbox 2411 1905 2453 1962; x_wconf 86' lang='grc' dir='ltr'><strong>Β</strong></span> <span class='ocrx_word' id='word_1_223' title='bbox 2483 1912 2659 1966; x_wconf 82' lang='lat' dir='ltr'><strong>adhuc</strong></span> <span class='ocrx_word' id='word_1_224' title='bbox 2684 1911 2736 1965; x_wconf 93' lang='lat' dir='ltr'><strong>in</strong></span> <span class='ocrx_word' id='word_1_225' title='bbox 2778 1910 2959 1965; x_wconf 91' lang='lat' dir='ltr'><strong>seculo</strong></span> <span class='ocrx_word' id='word_1_226' title='bbox 2986 1912 3034 1965; x_wconf 91' lang='lat' dir='ltr'><strong>ei</strong></span> <span class='ocrx_word' id='word_1_227' title='bbox 3063 1912 3282 1966; x_wconf 92' lang='lat' dir='ltr'><strong>biduum</strong></span> <span class='ocrx_word' id='word_1_228' title='bbox 3335 1921 3508 1965; x_wconf 89' lang='lat' dir='ltr'><strong>totum</strong></span> <span class='ocrx_word' id='word_1_229' title='bbox 3563 1913 3680 1965; x_wconf 90' lang='lat' dir='ltr'><strong>sine</strong></span> <span class='ocrx_word' id='word_1_230' title='bbox 3713 1911 3821 1965; x_wconf 92' lang='lat' dir='ltr'><strong>ullo</strong></span> <span class='ocrx_word' id='word_1_231' title='bbox 3865 1913 3985 1965; x_wconf 88' lang='lat' dir='ltr'><strong>cibo</strong></span> <span class='ocrx_word' id='word_1_232' title='bbox 4016 1920 4071 1964; x_wconf 81' lang='lat' dir='ltr'><strong>et</strong></span> 
     </span>
    </p>
   </div>
   <div class='ocr_carea' id='block_1_34' title="bbox 801 2001 2378 2074">
    <p class='ocr_par' dir='ltr' id='par_1_34' title="bbox 801 2001 2378 2074">
     <span class='ocr_line' id='line_1_34' title="bbox 801 2001 2378 2074; baseline 0 -18"><span class='ocrx_word' id='word_1_233' title='bbox 801 2013 884 2059; x_wconf 90' lang='lat' dir='ltr'><strong>ret</strong></span> <span class='ocrx_word' id='word_1_234' title='bbox 913 2004 1312 2074; x_wconf 79' lang='lat' dir='ltr'><strong>prepinquare;</strong></span> <span class='ocrx_word' id='word_1_235' title='bbox 1351 2002 1582 2054; x_wconf 84' lang='lat' dir='ltr'><strong>astutias</strong></span> <span class='ocrx_word' id='word_1_236' title='bbox 1618 2001 1710 2035; x_wconf 58' lang='lat'><strong>“&quot;9</strong></span> <span class='ocrx_word' id='word_1_237' title='bbox 1743 2002 1961 2070; x_wconf 90' lang='lat' dir='ltr'><strong>insuper</strong></span> <span class='ocrx_word' id='word_1_238' title='bbox 2007 2002 2205 2056; x_wconf 90' lang='lat' dir='ltr'><strong>diaboli</strong></span> <span class='ocrx_word' id='word_1_239' title='bbox 2242 2018 2378 2072; x_wconf 73' lang='lat' dir='ltr'><strong>pra:-</strong></span> 
     </span>
    </p>
   </div>
   <div class='ocr_carea' id='block_1_35' title="bbox 793 2089 2377 2161">
    <p class='ocr_par' dir='ltr' id='par_1_35' title="bbox 793 2089 2377 2161">
     <span class='ocr_line' id='line_1_35' title="bbox 793 2089 2377 2161; baseline 0 -16"><span class='ocrx_word' id='word_1_240' title='bbox 793 2102 1032 2155; x_wconf 88' lang='lat' dir='ltr'><strong>caveret,</strong></span> <span class='ocrx_word' id='word_1_241' title='bbox 1064 2093 1153 2161; x_wconf 92' lang='lat' dir='ltr'><strong>qui</strong></span> <span class='ocrx_word' id='word_1_242' title='bbox 1205 2091 1437 2145; x_wconf 90' lang='lat' dir='ltr'><strong>fructum</strong></span> <span class='ocrx_word' id='word_1_243' title='bbox 1468 2091 1631 2143; x_wconf 90' lang='lat' dir='ltr'><strong>totius</strong></span> <span class='ocrx_word' id='word_1_244' title='bbox 1661 2089 1862 2143; x_wconf 85' lang='lat' dir='ltr'><strong>laboris</strong></span> <span class='ocrx_word' id='word_1_245' title='bbox 1901 2091 1951 2143; x_wconf 92' lang='lat' dir='ltr'><strong>ei</strong></span> <span class='ocrx_word' id='word_1_246' title='bbox 1983 2090 2211 2159; x_wconf 82' lang='lat' dir='ltr'><strong>gestiret</strong></span> <span class='ocrx_word' id='word_1_247' title='bbox 2241 2105 2377 2161; x_wconf 75' lang='lat' dir='ltr'><strong>prac-</strong></span> 
     </span>
    </p>
   </div>
   <div class='ocr_carea' id='block_1_36' title="bbox 791 2165 2375 2253">
    <p class='ocr_par' dir='ltr' id='par_1_36' title="bbox 791 2165 2375 2253">
     <span class='ocr_line' id='line_1_36' title="bbox 791 2165 2375 2253; baseline 0 -17"><span class='ocrx_word' id='word_1_248' title='bbox 791 2184 991 2253; x_wconf 86' lang='lat' dir='ltr'><strong>ripere.</strong></span> <span class='ocrx_word' id='word_1_249' title='bbox 1026 2165 1187 2236; x_wconf 79' lang='lat' dir='ltr'><strong>Multa</strong></span> <span class='ocrx_word' id='word_1_250' title='bbox 1222 2182 1273 2235; x_wconf 93' lang='lat' dir='ltr'><strong>in</strong></span> <span class='ocrx_word' id='word_1_251' title='bbox 1305 2180 1451 2234; x_wconf 81' lang='lat' dir='ltr'><strong>hunc.</strong></span> <span class='ocrx_word' id='word_1_252' title='bbox 1493 2181 1711 2234; x_wconf 86' lang='lat' dir='ltr'><strong>modum</strong></span> <span class='ocrx_word' id='word_1_253' title='bbox 1741 2181 2104 2249; x_wconf 88' lang='lat' dir='ltr'><strong>replicantes,</strong></span> <span class='ocrx_word' id='word_1_254' title='bbox 2137 2196 2258 2236; x_wconf 91' lang='lat' dir='ltr'><strong>cum</strong></span> <span class='ocrx_word' id='word_1_255' title='bbox 2288 2182 2375 2236; x_wconf 86' lang='lat' dir='ltr'><strong>ille</strong></span> 
     </span>
    </p>
   </div>
   <div class='ocr_carea' id='block_1_37' title="bbox 791 2270 2376 2334">
    <p class='ocr_par' dir='ltr' id='par_1_37' title="bbox 791 2270 2376 2334">
     <span class='ocr_line' id='line_1_37' title="bbox 791 2270 2376 2334; baseline -0.003 -6"><span class='ocrx_word' id='word_1_256' title='bbox 791 2276 967 2328; x_wconf 90' lang='lat' dir='ltr'><strong>adhuc</strong></span> <span class='ocrx_word' id='word_1_257' title='bbox 1019 2272 1348 2334; x_wconf 80' lang='lat' dir='ltr'><strong>inflexibilis,</strong></span> <span class='ocrx_word' id='word_1_258' title='bbox 1382 2286 1479 2325; x_wconf 89' lang='lat' dir='ltr'><strong>sua</strong></span> <span class='ocrx_word' id='word_1_259' title='bbox 1523 2280 1731 2324; x_wconf 90' lang='lat' dir='ltr'><strong>tantum</strong></span> <span class='ocrx_word' id='word_1_260' title='bbox 1765 2270 1866 2324; x_wconf 87' lang='lat' dir='ltr'><strong>sibi</strong></span> <span class='ocrx_word' id='word_1_261' title='bbox 1909 2271 2271 2326; x_wconf 89' lang='lat' dir='ltr'><strong>redderentur</strong></span> <span class='ocrx_word' id='word_1_262' title='bbox 2306 2300 2376 2311; x_wconf 95' lang='lat'><strong><em>—</em></strong></span> 
     </span>
    </p>
   </div>
   <div class='ocr_carea' id='block_1_38' title="bbox 789 2359 2372 2429">
    <p class='ocr_par' dir='ltr' id='par_1_38' title="bbox 789 2359 2372 2429">
     <span class='ocr_line' id='line_1_38' title="bbox 789 2359 2372 2429; baseline -0.003 -13"><span class='ocrx_word' id='word_1_263' title='bbox 789 2376 849 2416; x_wconf 88' lang='lat' dir='ltr'><strong>se</strong></span> <span class='ocrx_word' id='word_1_264' title='bbox 880 2361 1155 2429; x_wconf 85' lang='lat' dir='ltr'><strong>deinceps,</strong></span> <span class='ocrx_word' id='word_1_265' title='bbox 1186 2362 1313 2429; x_wconf 91' lang='lat' dir='ltr'><strong>quid</strong></span> <span class='ocrx_word' id='word_1_266' title='bbox 1338 2375 1395 2413; x_wconf 91' lang='lat' dir='ltr'><strong>se</strong></span> <span class='ocrx_word' id='word_1_267' title='bbox 1442 2359 1619 2420; x_wconf 83' lang='lat' dir='ltr'><strong>fieret,</strong></span> <span class='ocrx_word' id='word_1_268' title='bbox 1649 2360 1781 2411; x_wconf 85' lang='lat' dir='ltr'><strong>satis</strong></span> <span class='ocrx_word' id='word_1_269' title='bbox 1809 2373 2003 2412; x_wconf 89' lang='lat' dir='ltr'><strong>curare</strong></span> <span class='ocrx_word' id='word_1_270' title='bbox 2024 2388 2093 2397; x_wconf 87' lang='lat'><strong>——</strong></span> <span class='ocrx_word' id='word_1_271' title='bbox 2125 2371 2372 2426; x_wconf 88' lang='lat' dir='ltr'><strong>reposce-</strong></span> 
     </span>
    </p>
   </div>
   <div class='ocr_carea' id='block_1_39' title="bbox 789 2445 2377 2517">
    <p class='ocr_par' dir='ltr' id='par_1_39' title="bbox 789 2445 2377 2517">
     <span class='ocr_line' id='line_1_39' title="bbox 789 2445 2377 2517; baseline -0.002 -13"><span class='ocrx_word' id='word_1_272' title='bbox 789 2459 893 2515; x_wconf 90' lang='lat' dir='ltr'><strong>ret,</strong></span> <span class='ocrx_word' id='word_1_273' title='bbox 924 2450 998 2503; x_wconf 91' lang='lat' dir='ltr'><strong>illi</strong></span> <span class='ocrx_word' id='word_1_274' title='bbox 1039 2447 1333 2517; x_wconf 87' lang='lat' dir='ltr'><strong>majoribus</strong></span> <span class='ocrx_word' id='word_1_275' title='bbox 1372 2445 1597 2508; x_wconf 82' lang='lat' dir='ltr'><strong>instare,</strong></span> <span class='ocrx_word' id='word_1_276' title='bbox 1636 2454 1689 2499; x_wconf 92' lang='lat' dir='ltr'><strong>ct</strong></span> <span class='ocrx_word' id='word_1_277' title='bbox 1718 2460 1817 2514; x_wconf 91' lang='lat' dir='ltr'><strong>pro</strong></span> <span class='ocrx_word' id='word_1_278' title='bbox 1846 2445 2051 2499; x_wconf 90' lang='lat' dir='ltr'><strong>viribus</strong></span> <span class='ocrx_word' id='word_1_279' title='bbox 2081 2460 2201 2513; x_wconf 78' lang='lat' dir='ltr'><strong>qua:</strong></span> <span class='ocrx_word' id='word_1_280' title='bbox 2226 2460 2377 2501; x_wconf 87' lang='lat' dir='ltr'><strong>men-</strong></span> 
     </span>
    </p>
   </div>
   <div class='ocr_carea' id='block_1_40' title="bbox 787 2534 2375 2599">
    <p class='ocr_par' dir='ltr' id='par_1_40' title="bbox 787 2534 2375 2599">
     <span class='ocr_line' id='line_1_40' title="bbox 787 2534 2375 2599; baseline -0.003 -6"><span class='ocrx_word' id='word_1_281' title='bbox 787 2555 969 2594; x_wconf 88' lang='lat' dir='ltr'><strong>suram</strong></span> <span class='ocrx_word' id='word_1_282' title='bbox 992 2534 1520 2599; x_wconf 89' lang='lat' dir='ltr'><strong>nesciuntcaritatis,</strong></span> <span class='ocrx_word' id='word_1_283' title='bbox 1539 2535 1749 2589; x_wconf 87' lang='lat' dir='ltr'><strong>animos</strong></span> <span class='ocrx_word' id='word_1_284' title='bbox 1767 2536 1865 2588; x_wconf 91' lang='lat' dir='ltr'><strong>viri</strong></span> <span class='ocrx_word' id='word_1_285' title='bbox 1884 2535 1936 2588; x_wconf 91' lang='lat' dir='ltr'><strong>in</strong></span> <span class='ocrx_word' id='word_1_286' title='bbox 1961 2535 2173 2589; x_wconf 88' lang='lat' dir='ltr'><strong>diversa</strong></span> <span class='ocrx_word' id='word_1_287' title='bbox 2199 2548 2375 2589; x_wconf 86' lang='lat' dir='ltr'><strong>versa-</strong></span> 
     </span>
    </p>
   </div>
   <div class='ocr_carea' id='block_1_41' title="bbox 787 2626 2371 2698">
    <p class='ocr_par' dir='ltr' id='par_1_41' title="bbox 787 2626 2371 2698">
     <span class='ocr_line' id='line_1_41' title="bbox 787 2626 2371 2698; baseline -0.006 -11"><span class='ocrx_word' id='word_1_288' title='bbox 787 2649 868 2698; x_wconf 89' lang='lat' dir='ltr'><strong>re,</strong></span> <span class='ocrx_word' id='word_1_289' title='bbox 885 2645 1163 2687; x_wconf 88' lang='lat' dir='ltr'><strong>sermones</strong></span> <span class='ocrx_word' id='word_1_290' title='bbox 1181 2628 1541 2691; x_wconf 87' lang='lat' dir='ltr'><strong>sermonibus,</strong></span> <span class='ocrx_word' id='word_1_291' title='bbox 1560 2642 1750 2696; x_wconf 86' lang='lat' dir='ltr'><strong>preces</strong></span> <span class='ocrx_word' id='word_1_292' title='bbox 1767 2626 2017 2697; x_wconf 90' lang='lat' dir='ltr'><strong>precibus</strong></span> <span class='ocrx_word' id='word_1_293' title='bbox 2048 2627 2371 2680; x_wconf 90' lang='lat' dir='ltr'><strong>instaurare.</strong></span> 
     </span>
    </p>
   </div>
   <div class='ocr_carea' id='block_1_42' title="bbox 859 2718 2375 2793">
    <p class='ocr_par' dir='ltr' id='par_1_42' title="bbox 859 2718 2375 2793">
     <span class='ocr_line' id='line_1_42' title="bbox 859 2718 2375 2793; baseline -0.005 -14"><span class='ocrx_word' id='word_1_294' title='bbox 859 2725 949 2779; x_wconf 88' lang='lat'><strong>60.</strong></span> <span class='ocrx_word' id='word_1_295' title='bbox 980 2724 1089 2779; x_wconf 86' lang='lat' dir='ltr'><strong>Nec</strong></span> <span class='ocrx_word' id='word_1_296' title='bbox 1113 2736 1357 2793; x_wconf 88' lang='lat' dir='ltr'><strong>prorsus,</strong></span> <span class='ocrx_word' id='word_1_297' title='bbox 1395 2720 1624 2777; x_wconf 90' lang='lat' dir='ltr'><strong>Domino</strong></span> <span class='ocrx_word' id='word_1_298' title='bbox 1651 2728 1995 2788; x_wconf 89' lang='lat' dir='ltr'><strong>coeperaute,</strong></span> <span class='ocrx_word' id='word_1_299' title='bbox 2029 2718 2146 2772; x_wconf 91' lang='lat' dir='ltr'><strong>loco</strong></span> <span class='ocrx_word' id='word_1_300' title='bbox 2175 2719 2375 2772; x_wconf 86' lang='lat' dir='ltr'><strong>disces-</strong></span> 
     </span>
    </p>
   </div>
   <div class='ocr_carea' id='block_1_43' title="bbox 785 2807 2374 2876">
    <p class='ocr_par' dir='ltr' id='par_1_43' title="bbox 785 2807 2374 2876">
     <span class='ocr_line' id='line_1_43' title="bbox 785 2807 2374 2876; baseline -0.006 -7"><span class='ocrx_word' id='word_1_301' title='bbox 785 2830 905 2870; x_wconf 87' lang='lat' dir='ltr'><strong>sum</strong></span> <span class='ocrx_word' id='word_1_302' title='bbox 924 2820 1026 2875; x_wconf 90' lang='lat' dir='ltr'><strong>cst,</strong></span> <span class='ocrx_word' id='word_1_303' title='bbox 1064 2813 1236 2866; x_wconf 83' lang='lat' dir='ltr'><strong>donec</strong></span> <span class='ocrx_word' id='word_1_304' title='bbox 1265 2808 1485 2863; x_wconf 91' lang='lat' dir='ltr'><strong>occulus</strong></span> <span class='ocrx_word' id='word_1_305' title='bbox 1510 2808 1599 2862; x_wconf 94' lang='lat' dir='ltr'><strong>ille</strong></span> <span class='ocrx_word' id='word_1_306' title='bbox 1630 2807 1997 2862; x_wconf 86' lang='lat' dir='ltr'><strong>miserationis</strong></span> <span class='ocrx_word' id='word_1_307' title='bbox 2024 2809 2281 2876; x_wconf 72' lang='lat' dir='ltr'><strong>antiqum,</strong></span> <span class='ocrx_word' id='word_1_308' title='bbox 2317 2815 2374 2860; x_wconf 91' lang='lat' dir='ltr'><strong>ut</strong></span> 
     </span>
    </p>
   </div>
   <div class='ocr_carea' id='block_1_44' title="bbox 783 2897 2371 2966">
    <p class='ocr_par' dir='ltr' id='par_1_44' title="bbox 783 2897 2371 2966">
     <span class='ocr_line' id='line_1_44' title="bbox 783 2897 2371 2966; baseline -0.006 -8"><span class='ocrx_word' id='word_1_309' title='bbox 783 2916 912 2958; x_wconf 90' lang='lat' dir='ltr'><strong>tunc</strong></span> <span class='ocrx_word' id='word_1_310' title='bbox 941 2902 1181 2966; x_wconf 87' lang='lat' dir='ltr'><strong>Petrum,</strong></span> <span class='ocrx_word' id='word_1_311' title='bbox 1215 2900 1287 2952; x_wconf 91' lang='lat' dir='ltr'><strong>ita</strong></span> <span class='ocrx_word' id='word_1_312' title='bbox 1316 2907 1370 2952; x_wconf 91' lang='lat' dir='ltr'><strong>et</strong></span> <span class='ocrx_word' id='word_1_313' title='bbox 1403 2898 1547 2951; x_wconf 91' lang='lat' dir='ltr'><strong>hunc</strong></span> <span class='ocrx_word' id='word_1_314' title='bbox 1578 2898 1735 2951; x_wconf 86' lang='lat' dir='ltr'><strong>modo</strong></span> <span class='ocrx_word' id='word_1_315' title='bbox 1760 2899 2077 2965; x_wconf 82' lang='lat' dir='ltr'><strong>respiceret,</strong></span> <span class='ocrx_word' id='word_1_316' title='bbox 2109 2908 2275 2965; x_wconf 90' lang='lat' dir='ltr'><strong>atque</strong></span> <span class='ocrx_word' id='word_1_317' title='bbox 2317 2897 2371 2950; x_wconf 89' lang='lat' dir='ltr'><strong>in</strong></span> 
     </span>
    </p>
   </div>
   <div class='ocr_carea' id='block_1_45' title="bbox 778 2987 2369 3063">
    <p class='ocr_par' dir='ltr' id='par_1_45' title="bbox 778 2987 2369 3063">
     <span class='ocr_line' id='line_1_45' title="bbox 778 2987 2369 3063; baseline -0.006 -15"><span class='ocrx_word' id='word_1_318' title='bbox 778 2993 1055 3063; x_wconf 85' lang='lat' dir='ltr'><strong>quendam</strong></span> <span class='ocrx_word' id='word_1_319' title='bbox 1095 2991 1326 3044; x_wconf 91' lang='lat' dir='ltr'><strong>alterum</strong></span> <span class='ocrx_word' id='word_1_320' title='bbox 1371 2997 1431 3042; x_wconf 92' lang='lat' dir='ltr'><strong>ut</strong></span> <span class='ocrx_word' id='word_1_321' title='bbox 1454 2990 1527 3041; x_wconf 89' lang='lat' dir='ltr'><strong>ita</strong></span> <span class='ocrx_word' id='word_1_322' title='bbox 1557 2989 1731 3041; x_wconf 91' lang='lat' dir='ltr'><strong>dicam</strong></span> <span class='ocrx_word' id='word_1_323' title='bbox 1760 2987 2036 3041; x_wconf 83' lang='lat' dir='ltr'><strong>hominem</strong></span> <span class='ocrx_word' id='word_1_324' title='bbox 2066 2996 2369 3040; x_wconf 90' lang='lat' dir='ltr'><strong>commuta-</strong></span> 
     </span>
    </p>
   </div>
   <div class='ocr_carea' id='block_1_46' title="bbox 786 3076 2373 3147">
    <p class='ocr_par' dir='ltr' id='par_1_46' title="bbox 786 3076 2373 3147">
     <span class='ocr_line' id='line_1_46' title="bbox 786 3076 2373 3147; baseline -0.004 -8"><span class='ocrx_word' id='word_1_325' title='bbox 786 3095 890 3140; x_wconf 87' lang='lat' dir='ltr'><strong>ret.</strong></span> <span class='ocrx_word' id='word_1_326' title='bbox 922 3084 1057 3138; x_wconf 85' lang='lat' dir='ltr'><strong>Nam</strong></span> <span class='ocrx_word' id='word_1_327' title='bbox 1088 3090 1143 3135; x_wconf 92' lang='lat' dir='ltr'><strong>et</strong></span> <span class='ocrx_word' id='word_1_328' title='bbox 1170 3082 1276 3134; x_wconf 89' lang='lat' dir='ltr'><strong>iste</strong></span> <span class='ocrx_word' id='word_1_329' title='bbox 1316 3080 1369 3133; x_wconf 92' lang='lat' dir='ltr'><strong>in</strong></span> <span class='ocrx_word' id='word_1_330' title='bbox 1407 3093 1622 3133; x_wconf 88' lang='lat' dir='ltr'><strong>amaras</strong></span> <span class='ocrx_word' id='word_1_331' title='bbox 1659 3076 1929 3147; x_wconf 81' lang='lat' dir='ltr'><strong>profluens</strong></span> <span class='ocrx_word' id='word_1_332' title='bbox 1953 3077 2224 3141; x_wconf 90' lang='lat' dir='ltr'><strong>lacrimas,</strong></span> <span class='ocrx_word' id='word_1_333' title='bbox 2248 3078 2373 3133; x_wconf 88' lang='lat' dir='ltr'><strong>ilico</strong></span> 
     </span>
    </p>
   </div>
   <div class='ocr_carea' id='block_1_47' title="bbox 784 3168 2370 3241">
    <p class='ocr_par' dir='ltr' id='par_1_47' title="bbox 784 3168 2370 3241">
     <span class='ocr_line' id='line_1_47' title="bbox 784 3168 2370 3241; baseline -0.005 -11"><span class='ocrx_word' id='word_1_334' title='bbox 784 3175 966 3239; x_wconf 86' lang='lat' dir='ltr'><strong>rediit,</strong></span> <span class='ocrx_word' id='word_1_335' title='bbox 995 3184 1047 3227; x_wconf 91' lang='lat' dir='ltr'><strong>et</strong></span> <span class='ocrx_word' id='word_1_336' title='bbox 1082 3184 1312 3241; x_wconf 88' lang='lat' dir='ltr'><strong>corpore</strong></span> <span class='ocrx_word' id='word_1_337' title='bbox 1368 3168 1570 3224; x_wconf 86' lang='lat' dir='ltr'><strong>nudato</strong></span> <span class='ocrx_word' id='word_1_338' title='bbox 1621 3168 1860 3222; x_wconf 88' lang='lat' dir='ltr'><strong>fascibus</strong></span> <span class='ocrx_word' id='word_1_339' title='bbox 1890 3168 2165 3238; x_wconf 83' lang='lat' dir='ltr'><strong>virgarum</strong></span> <span class='ocrx_word' id='word_1_340' title='bbox 2209 3185 2370 3222; x_wconf 90' lang='lat' dir='ltr'><strong>manu</strong></span> 
     </span>
    </p>
   </div>
   <div class='ocr_carea' id='block_1_48' title="bbox 2480 2001 4131 2075">
    <p class='ocr_par' dir='ltr' id='par_1_48' title="bbox 2480 2001 4131 2075">
     <span class='ocr_line' id='line_1_48' title="bbox 2480 2001 4131 2075; baseline -0.001 -21"><span class='ocrx_word' id='word_1_341' title='bbox 2480 2010 2609 2068; x_wconf 86' lang='lat' dir='ltr'><strong>potu</strong></span> <span class='ocrx_word' id='word_1_342' title='bbox 2639 2002 2861 2056; x_wconf 91' lang='lat' dir='ltr'><strong>omnino</strong></span> <span class='ocrx_word' id='word_1_343' title='bbox 2903 2002 3134 2056; x_wconf 89' lang='lat' dir='ltr'><strong>transire</strong></span> <span class='ocrx_word' id='word_1_344' title='bbox 3161 2002 3316 2070; x_wconf 85' lang='lat' dir='ltr'><strong>quasi</strong></span> <span class='ocrx_word' id='word_1_345' title='bbox 3349 2002 3481 2054; x_wconf 92' lang='lat' dir='ltr'><strong>nihil</strong></span> <span class='ocrx_word' id='word_1_346' title='bbox 3513 2001 3814 2055; x_wconf 87' lang='lat' dir='ltr'><strong>videbatur.</strong></span> <span class='ocrx_word' id='word_1_347' title='bbox 4126 2072 4131 2075; x_wconf 20' lang='grc' dir='ltr'>ν</span> 
     </span>
    </p>
   </div>
   <div class='ocr_carea' id='block_1_49' title="bbox 2552 2090 4065 2161">
    <p class='ocr_par' dir='ltr' id='par_1_49' title="bbox 2552 2090 4065 2161">
     <span class='ocr_line' id='line_1_49' title="bbox 2552 2090 4065 2161; baseline -0.002 -16"><span class='ocrx_word' id='word_1_348' title='bbox 2552 2093 2641 2147; x_wconf 72' lang='lat'><strong>62.</strong></span> <span class='ocrx_word' id='word_1_349' title='bbox 2674 2093 2807 2146; x_wconf 82' lang='lat' dir='ltr'><strong>illud</strong></span> <span class='ocrx_word' id='word_1_350' title='bbox 2833 2103 3011 2146; x_wconf 90' lang='lat' dir='ltr'><strong>autem</strong></span> <span class='ocrx_word' id='word_1_351' title='bbox 3042 2094 3249 2161; x_wconf 89' lang='lat' dir='ltr'><strong>stupori</strong></span> <span class='ocrx_word' id='word_1_352' title='bbox 3306 2092 3613 2147; x_wconf 87' lang='lat' dir='ltr'><strong>videntibus</strong></span> <span class='ocrx_word' id='word_1_353' title='bbox 3639 2101 3780 2156; x_wconf 91' lang='lat' dir='ltr'><strong>erat,</strong></span> <span class='ocrx_word' id='word_1_354' title='bbox 3816 2090 3956 2159; x_wconf 93' lang='lat' dir='ltr'><strong>quod</strong></span> <span class='ocrx_word' id='word_1_355' title='bbox 3990 2092 4065 2142; x_wconf 89' lang='lat' dir='ltr'><strong>vi-</strong></span> 
     </span>
    </p>
   </div>
   <div class='ocr_carea' id='block_1_50' title="bbox 2480 2182 4066 2254">
    <p class='ocr_par' dir='ltr' id='par_1_50' title="bbox 2480 2182 4066 2254">
     <span class='ocr_line' id='line_1_50' title="bbox 2480 2182 4066 2254; baseline -0.003 -17"><span class='ocrx_word' id='word_1_356' title='bbox 2480 2200 2577 2254; x_wconf 88' lang='lat' dir='ltr'><strong>gor</strong></span> <span class='ocrx_word' id='word_1_357' title='bbox 2605 2185 2850 2254; x_wconf 90' lang='lat' dir='ltr'><strong>corporis</strong></span> <span class='ocrx_word' id='word_1_358' title='bbox 2879 2184 2926 2239; x_wconf 91' lang='lat' dir='ltr'><strong>ei</strong></span> <span class='ocrx_word' id='word_1_359' title='bbox 2978 2194 3091 2237; x_wconf 90' lang='lat' dir='ltr'><strong>tam</strong></span> <span class='ocrx_word' id='word_1_360' title='bbox 3151 2184 3359 2234; x_wconf 82' lang='lat' dir='ltr'><strong>vividus</strong></span> <span class='ocrx_word' id='word_1_361' title='bbox 3385 2183 3793 2249; x_wconf 86' lang='lat' dir='ltr'><strong>perseverabat.</strong></span> <span class='ocrx_word' id='word_1_362' title='bbox 3847 2192 3904 2235; x_wconf 94' lang='lat' dir='ltr'><strong>ut</strong></span> <span class='ocrx_word' id='word_1_363' title='bbox 3932 2182 4066 2234; x_wconf 90' lang='lat' dir='ltr'><strong>nihil</strong></span> 
     </span>
    </p>
   </div>
   <div class='ocr_carea' id='block_1_51' title="bbox 2479 2272 4063 2341">
    <p class='ocr_par' dir='ltr' id='par_1_51' title="bbox 2479 2272 4063 2341">
     <span class='ocr_line' id='line_1_51' title="bbox 2479 2272 4063 2341; baseline -0.003 -14"><span class='ocrx_word' id='word_1_364' title='bbox 2479 2278 2544 2327; x_wconf 88' lang='lat' dir='ltr'><strong>de</strong></span> <span class='ocrx_word' id='word_1_365' title='bbox 2571 2289 2734 2341; x_wconf 81' lang='lat' dir='ltr'><strong>opere</strong></span> <span class='ocrx_word' id='word_1_366' title='bbox 2775 2272 3040 2325; x_wconf 86' lang='lat' dir='ltr'><strong>fratribus</strong></span> <span class='ocrx_word' id='word_1_367' title='bbox 3069 2282 3329 2325; x_wconf 89' lang='lat' dir='ltr'><strong>consueto</strong></span> <span class='ocrx_word' id='word_1_368' title='bbox 3379 2273 3838 2340; x_wconf 60' lang='lat' dir='ltr'><strong>praetermitteret,</strong></span> <span class='ocrx_word' id='word_1_369' title='bbox 3873 2274 4063 2341; x_wconf 88' lang='lat' dir='ltr'><strong>coqui-</strong></span> 
     </span>
    </p>
   </div>
   <div class='ocr_carea' id='block_1_52' title="bbox 2479 2363 4065 2430">
    <p class='ocr_par' dir='ltr' id='par_1_52' title="bbox 2479 2363 4065 2430">
     <span class='ocr_line' id='line_1_52' title="bbox 2479 2363 4065 2430; baseline -0.001 -13"><span class='ocrx_word' id='word_1_370' title='bbox 2479 2380 2629 2429; x_wconf 89' lang='lat' dir='ltr'><strong>nam,</strong></span> <span class='ocrx_word' id='word_1_371' title='bbox 2685 2365 2912 2418; x_wconf 86' lang='lat' dir='ltr'><strong>vestium</strong></span> <span class='ocrx_word' id='word_1_372' title='bbox 2965 2363 3316 2425; x_wconf 84' lang='lat' dir='ltr'><strong>ablutionem,</strong></span> <span class='ocrx_word' id='word_1_373' title='bbox 3351 2363 3491 2416; x_wconf 89' lang='lat' dir='ltr'><strong>horti</strong></span> <span class='ocrx_word' id='word_1_374' title='bbox 3546 2378 3891 2417; x_wconf 88' lang='lat' dir='ltr'><strong>communem</strong></span> <span class='ocrx_word' id='word_1_375' title='bbox 3933 2378 4065 2430; x_wconf 89' lang='lat' dir='ltr'><strong>ope-</strong></span> 
     </span>
    </p>
   </div>
   <div class='ocr_carea' id='block_1_53' title="bbox 2486 2452 4057 2521">
    <p class='ocr_par' dir='ltr' id='par_1_53' title="bbox 2486 2452 4057 2521">
     <span class='ocr_line' id='line_1_53' title="bbox 2486 2452 4057 2521; baseline -0.001 -13"><span class='ocrx_word' id='word_1_376' title='bbox 2486 2471 2625 2521; x_wconf 90' lang='lat' dir='ltr'><strong>ram,</strong></span> <span class='ocrx_word' id='word_1_377' title='bbox 2680 2454 3149 2508; x_wconf 88' lang='lat' dir='ltr'><strong>ealtiamentorum</strong></span> <span class='ocrx_word' id='word_1_378' title='bbox 3189 2454 3534 2515; x_wconf 86' lang='lat' dir='ltr'><strong>lavationem,</strong></span> <span class='ocrx_word' id='word_1_379' title='bbox 3589 2454 3770 2507; x_wconf 68' lang='lat' dir='ltr'><strong>missae</strong></span> <span class='ocrx_word' id='word_1_380' title='bbox 3798 2452 4057 2508; x_wconf 81' lang='lat' dir='ltr'><strong>ebdoma-</strong></span> 
     </span>
    </p>
   </div>
   <div class='ocr_carea' id='block_1_54' title="bbox 2483 2542 4065 2607">
    <p class='ocr_par' dir='ltr' id='par_1_54' title="bbox 2483 2542 4065 2607">
     <span class='ocr_line' id='line_1_54' title="bbox 2483 2542 4065 2607; baseline 0.003 -11"><span class='ocrx_word' id='word_1_381' title='bbox 2483 2542 2605 2596; x_wconf 91' lang='lat' dir='ltr'><strong>dam</strong></span> <span class='ocrx_word' id='word_1_382' title='bbox 2636 2542 2749 2607; x_wconf 62' lang='lat'><strong>&quot;9&#39;,</strong></span> <span class='ocrx_word' id='word_1_383' title='bbox 2783 2543 3026 2597; x_wconf 87' lang='lat' dir='ltr'><strong>ordinem</strong></span> <span class='ocrx_word' id='word_1_384' title='bbox 3048 2557 3261 2596; x_wconf 88' lang='lat' dir='ltr'><strong>onmem</strong></span> <span class='ocrx_word' id='word_1_385' title='bbox 3289 2542 3509 2595; x_wconf 87' lang='lat' dir='ltr'><strong>claustri</strong></span> <span class='ocrx_word' id='word_1_386' title='bbox 3532 2550 3587 2595; x_wconf 86' lang='lat' dir='ltr'><strong>et</strong></span> <span class='ocrx_word' id='word_1_387' title='bbox 3610 2542 3856 2606; x_wconf 89' lang='lat' dir='ltr'><strong>oratorii,</strong></span> <span class='ocrx_word' id='word_1_388' title='bbox 3885 2544 4065 2600; x_wconf 87' lang='lat' dir='ltr'><strong>vivido</strong></span> 
     </span>
    </p>
   </div>
   <div class='ocr_carea' id='block_1_55' title="bbox 2485 2632 4063 2703">
    <p class='ocr_par' dir='ltr' id='par_1_55' title="bbox 2485 2632 4063 2703">
     <span class='ocr_line' id='line_1_55' title="bbox 2485 2632 4063 2703; baseline 0.001 -15"><span class='ocrx_word' id='word_1_389' title='bbox 2485 2634 2679 2688; x_wconf 90' lang='lat' dir='ltr'><strong>robore</strong></span> <span class='ocrx_word' id='word_1_390' title='bbox 2729 2634 3067 2703; x_wconf 73' lang='lat' dir='ltr'><strong>adimplet-et,</strong></span> <span class='ocrx_word' id='word_1_391' title='bbox 3098 2634 3386 2701; x_wconf 91' lang='lat' dir='ltr'><strong>vultusque</strong></span> <span class='ocrx_word' id='word_1_392' title='bbox 3415 2632 3463 2686; x_wconf 89' lang='lat' dir='ltr'><strong>ei</strong></span> <span class='ocrx_word' id='word_1_393' title='bbox 3506 2633 3696 2687; x_wconf 90' lang='lat' dir='ltr'><strong>hilaris</strong></span> <span class='ocrx_word' id='word_1_394' title='bbox 3725 2642 3781 2687; x_wconf 91' lang='lat' dir='ltr'><strong>et</strong></span> <span class='ocrx_word' id='word_1_395' title='bbox 3816 2635 4063 2703; x_wconf 83' lang='lat' dir='ltr'><strong>gaudens</strong></span> 
     </span>
    </p>
   </div>
   <div class='ocr_carea' id='block_1_56' title="bbox 2478 2724 4059 2795">
    <p class='ocr_par' dir='ltr' id='par_1_56' title="bbox 2478 2724 4059 2795">
     <span class='ocr_line' id='line_1_56' title="bbox 2478 2724 4059 2795; baseline 0.001 -15"><span class='ocrx_word' id='word_1_396' title='bbox 2478 2727 2731 2780; x_wconf 88' lang='lat' dir='ltr'><strong>continue</strong></span> <span class='ocrx_word' id='word_1_397' title='bbox 2759 2733 3087 2794; x_wconf 83' lang='lat' dir='ltr'><strong>superesset.</strong></span> <span class='ocrx_word' id='word_1_398' title='bbox 3142 2724 3373 2777; x_wconf 88' lang='lat' dir='ltr'><strong>Tantum</strong></span> <span class='ocrx_word' id='word_1_399' title='bbox 3418 2733 3537 2793; x_wconf 90' lang='lat' dir='ltr'><strong>post</strong></span> <span class='ocrx_word' id='word_1_400' title='bbox 3565 2725 3770 2794; x_wconf 82' lang='lat' dir='ltr'><strong>aliquot</strong></span> <span class='ocrx_word' id='word_1_401' title='bbox 3797 2728 4059 2795; x_wconf 87' lang='lat' dir='ltr'><strong>temporis</strong></span> 
     </span>
    </p>
   </div>
   <div class='ocr_carea' id='block_1_57' title="bbox 2479 2816 4059 2885">
    <p class='ocr_par' dir='ltr' id='par_1_57' title="bbox 2479 2816 4059 2885">
     <span class='ocr_line' id='line_1_57' title="bbox 2479 2816 4059 2885; baseline -0.004 -11"><span class='ocrx_word' id='word_1_402' title='bbox 2479 2818 2841 2882; x_wconf 90' lang='lat' dir='ltr'><strong>intervallum,</strong></span> <span class='ocrx_word' id='word_1_403' title='bbox 2888 2832 2917 2869; x_wconf 91' lang='lat' dir='ltr'><strong>a</strong></span> <span class='ocrx_word' id='word_1_404' title='bbox 2949 2816 3173 2885; x_wconf 88' lang='lat' dir='ltr'><strong>pristina</strong></span> <span class='ocrx_word' id='word_1_405' title='bbox 3204 2816 3540 2884; x_wconf 91' lang='lat' dir='ltr'><strong>corpulentia</strong></span> <span class='ocrx_word' id='word_1_406' title='bbox 3574 2826 3761 2870; x_wconf 82' lang='lat' dir='ltr'><strong>venter</strong></span> <span class='ocrx_word' id='word_1_407' title='bbox 3786 2818 3832 2870; x_wconf 91' lang='lat' dir='ltr'><strong>ei</strong></span> <span class='ocrx_word' id='word_1_408' title='bbox 3866 2818 4059 2871; x_wconf 83' lang='lat' dir='ltr'><strong>subse-</strong></span> 
     </span>
    </p>
   </div>
   <div class='ocr_carea' id='block_1_58' title="bbox 2478 2905 4063 2975">
    <p class='ocr_par' dir='ltr' id='par_1_58' title="bbox 2478 2905 4063 2975">
     <span class='ocr_line' id='line_1_58' title="bbox 2478 2905 4063 2975; baseline 0 -14"><span class='ocrx_word' id='word_1_409' title='bbox 2478 2908 2652 2961; x_wconf 92' lang='lat' dir='ltr'><strong>derat.</strong></span> <span class='ocrx_word' id='word_1_410' title='bbox 2683 2906 3002 2960; x_wconf 90' lang='lat' dir='ltr'><strong>Orationum</strong></span> <span class='ocrx_word' id='word_1_411' title='bbox 3045 2914 3101 2959; x_wconf 91' lang='lat' dir='ltr'><strong>et</strong></span> <span class='ocrx_word' id='word_1_412' title='bbox 3130 2905 3432 2975; x_wconf 88' lang='lat' dir='ltr'><strong>vigiliarum</strong></span> <span class='ocrx_word' id='word_1_413' title='bbox 3472 2906 3588 2974; x_wconf 89' lang='lat' dir='ltr'><strong>ejus</strong></span> <span class='ocrx_word' id='word_1_414' title='bbox 3624 2907 3895 2960; x_wconf 70' lang='lat' dir='ltr'><strong>instantia:</strong></span> <span class='ocrx_word' id='word_1_415' title='bbox 3928 2916 4063 2961; x_wconf 89' lang='lat' dir='ltr'><strong>teste</strong></span> 
     </span>
    </p>
   </div>
   <div class='ocr_carea' id='block_1_59' title="bbox 2477 2994 4061 3062">
    <p class='ocr_par' dir='ltr' id='par_1_59' title="bbox 2477 2994 4061 3062">
     <span class='ocr_line' id='line_1_59' title="bbox 2477 2994 4061 3062; baseline 0.001 -14"><span class='ocrx_word' id='word_1_416' title='bbox 2477 2995 2608 3048; x_wconf 91' lang='lat' dir='ltr'><strong>illud</strong></span> <span class='ocrx_word' id='word_1_417' title='bbox 2669 2994 2771 3047; x_wconf 92' lang='lat' dir='ltr'><strong>fuit</strong></span> <span class='ocrx_word' id='word_1_418' title='bbox 2818 2994 3111 3062; x_wconf 81' lang='lat' dir='ltr'><strong>tugurium,</strong></span> <span class='ocrx_word' id='word_1_419' title='bbox 3168 2994 3311 3061; x_wconf 89' lang='lat' dir='ltr'><strong>quod</strong></span> <span class='ocrx_word' id='word_1_420' title='bbox 3368 3008 3535 3062; x_wconf 87' lang='lat' dir='ltr'><strong>penes</strong></span> <span class='ocrx_word' id='word_1_421' title='bbox 3589 2997 3829 3048; x_wconf 90' lang='lat' dir='ltr'><strong>tumbam</strong></span> <span class='ocrx_word' id='word_1_422' title='bbox 3880 2996 4061 3050; x_wconf 87' lang='lat' dir='ltr'><strong>domui</strong></span> 
     </span>
    </p>
   </div>
   <div class='ocr_carea' id='block_1_60' title="bbox 2476 3086 4063 3159">
    <p class='ocr_par' dir='ltr' id='par_1_60' title="bbox 2476 3086 4063 3159">
     <span class='ocr_line' id='line_1_60' title="bbox 2476 3086 4063 3159; baseline -0.001 -14"><span class='ocrx_word' id='word_1_423' title='bbox 2476 3088 2872 3157; x_wconf 83' lang='lat' dir='ltr'><strong>Chrodegangi,</strong></span> <span class='ocrx_word' id='word_1_424' title='bbox 2928 3097 3203 3157; x_wconf 86' lang='lat' dir='ltr'><strong>tamquam</strong></span> <span class='ocrx_word' id='word_1_425' title='bbox 3260 3086 3452 3141; x_wconf 90' lang='lat' dir='ltr'><strong>cellam</strong></span> <span class='ocrx_word' id='word_1_426' title='bbox 3517 3088 3835 3154; x_wconf 89' lang='lat' dir='ltr'><strong>solitariam,</strong></span> <span class='ocrx_word' id='word_1_427' title='bbox 3891 3106 4063 3159; x_wconf 89' lang='lat' dir='ltr'><strong>usque</strong></span> 
     </span>
    </p>
   </div>
   <div class='ocr_carea' id='block_1_61' title="bbox 2478 3177 4061 3247">
    <p class='ocr_par' dir='ltr' id='par_1_61' title="bbox 2478 3177 4061 3247">
     <span class='ocr_line' id='line_1_61' title="bbox 2478 3177 4061 3247; baseline 0.001 -16"><span class='ocrx_word' id='word_1_428' title='bbox 2478 3179 2777 3234; x_wconf 86' lang='lat' dir='ltr'><strong>vocationis</strong></span> <span class='ocrx_word' id='word_1_429' title='bbox 2811 3194 2923 3233; x_wconf 75' lang='lat' dir='ltr'><strong>sua:</strong></span> <span class='ocrx_word' id='word_1_430' title='bbox 2951 3188 3161 3246; x_wconf 91' lang='lat' dir='ltr'><strong>tempus</strong></span> <span class='ocrx_word' id='word_1_431' title='bbox 3186 3177 3435 3231; x_wconf 83' lang='lat' dir='ltr'><strong>incoluit.</strong></span> <span class='ocrx_word' id='word_1_432' title='bbox 3474 3177 3528 3231; x_wconf 89' lang='lat' dir='ltr'><strong>In</strong></span> <span class='ocrx_word' id='word_1_433' title='bbox 3562 3194 3670 3247; x_wconf 89' lang='lat' dir='ltr'><strong>quo</strong></span> <span class='ocrx_word' id='word_1_434' title='bbox 3722 3194 3847 3232; x_wconf 83' lang='lat' dir='ltr'><strong>mox</strong></span> <span class='ocrx_word' id='word_1_435' title='bbox 3887 3180 4061 3233; x_wconf 79' lang='lat' dir='ltr'><strong>sinaxi</strong></span> 
     </span>
    </p>
   </div>
   <div class='ocr_carea' id='block_1_62' title="bbox 784 3248 2550 3341">
    <p class='ocr_par' dir='ltr' id='par_1_62' title="bbox 784 3248 2550 3337">
     <span class='ocr_line' id='line_1_62' title="bbox 784 3248 2550 3337; baseline -0.008 -16"><span class='ocrx_word' id='word_1_436' title='bbox 784 3267 1041 3337; x_wconf 64' lang='lat' dir='ltr'><strong>praelatis,</strong></span> <span class='ocrx_word' id='word_1_437' title='bbox 1071 3278 1285 3334; x_wconf 66' lang='lat' dir='ltr'><strong>poenam</strong></span> <span class='ocrx_word' id='word_1_438' title='bbox 1327 3259 1656 3314; x_wconf 83' lang='lat' dir='ltr'><strong>clamoribus</strong></span> <span class='ocrx_word' id='word_1_439' title='bbox 1687 3260 1983 3329; x_wconf 84' lang='lat' dir='ltr'><strong>postulans,</strong></span> <span class='ocrx_word' id='word_1_440' title='bbox 2015 3260 2243 3329; x_wconf 89' lang='lat' dir='ltr'><strong>pedibus</strong></span> <span class='ocrx_word' id='word_1_441' title='bbox 2273 3261 2372 3314; x_wconf 87' lang='lat' dir='ltr'><strong>ab-</strong></span> <span class='ocrx_word' id='word_1_442' title='bbox 2401 3248 2445 3308; x_wconf 90' lang='lat' dir='ltr'>C</span> <span class='ocrx_word' id='word_1_443' title='bbox 2477 3270 2550 3324; x_wconf 60' lang='grc' dir='ltr'><strong>[η</strong></span> 
     </span>
    </p>
   </div>
   <div class='ocr_carea' id='block_1_63' title="bbox 2294 3248 4060 3341">
    <p class='ocr_par' dir='ltr' id='par_1_63' title="bbox 2294 3248 4060 3341">
     <span class='ocr_line' id='line_1_63' title="bbox 2294 3248 4060 3341; baseline -0.001 -17"><span class='ocrx_word' id='word_1_444' title='bbox 2294 3261 2372 3314; x_wconf 74' lang='lat' dir='ltr'><strong>Ib-</strong></span> <span class='ocrx_word' id='word_1_445' title='bbox 2401 3248 2445 3308; x_wconf 63' lang='grc' dir='ltr'><em>ς</em></span> <span class='ocrx_word' id='word_1_446' title='bbox 2477 3270 2705 3324; x_wconf 81' lang='lat' dir='ltr'><strong>fratrum</strong></span> <span class='ocrx_word' id='word_1_447' title='bbox 2738 3269 2949 3338; x_wconf 75' lang='lat' dir='ltr'><strong>expleta</strong></span> <span class='ocrx_word' id='word_1_448' title='bbox 2973 3268 3120 3322; x_wconf 91' lang='lat' dir='ltr'><strong>solus</strong></span> <span class='ocrx_word' id='word_1_449' title='bbox 3139 3268 3279 3322; x_wconf 90' lang='lat' dir='ltr'><strong>ostio</strong></span> <span class='ocrx_word' id='word_1_450' title='bbox 3300 3283 3360 3322; x_wconf 83' lang='lat' dir='ltr'><strong>se</strong></span> <span class='ocrx_word' id='word_1_451' title='bbox 3385 3267 3606 3322; x_wconf 90' lang='lat' dir='ltr'><strong>obcluso</strong></span> <span class='ocrx_word' id='word_1_452' title='bbox 3657 3269 3943 3341; x_wconf 76' lang='lat' dir='ltr'><strong>recipiens,</strong></span> <span class='ocrx_word' id='word_1_453' title='bbox 3968 3285 4060 3339; x_wconf 87' lang='lat' dir='ltr'><strong>ge-</strong></span> 
     </span>
    </p>
   </div>
   <div class='ocr_carea' id='block_1_64' title="bbox 784 3348 2372 3425">
    <p class='ocr_par' dir='ltr' id='par_1_64' title="bbox 784 3348 2372 3425">
     <span class='ocr_line' id='line_1_64' title="bbox 784 3348 2372 3425; baseline -0.006 -13"><span class='ocrx_word' id='word_1_454' title='bbox 784 3358 926 3412; x_wconf 87' lang='lat' dir='ltr'><strong>batis</strong></span> <span class='ocrx_word' id='word_1_455' title='bbox 958 3353 1342 3425; x_wconf 86' lang='lat' dir='ltr'><strong>prosternitur,</strong></span> <span class='ocrx_word' id='word_1_456' title='bbox 1378 3366 1483 3403; x_wconf 92' lang='lat' dir='ltr'><strong>non</strong></span> <span class='ocrx_word' id='word_1_457' title='bbox 1515 3348 1675 3403; x_wconf 88' lang='lat' dir='ltr'><strong>modo</strong></span> <span class='ocrx_word' id='word_1_458' title='bbox 1696 3350 2040 3418; x_wconf 83' lang='lat' dir='ltr'><strong>germitibus,</strong></span> <span class='ocrx_word' id='word_1_459' title='bbox 2069 3363 2254 3402; x_wconf 91' lang='lat' dir='ltr'><strong>verum</strong></span> <span class='ocrx_word' id='word_1_460' title='bbox 2290 3359 2372 3403; x_wconf 90' lang='lat' dir='ltr'><strong>to-</strong></span> 
     </span>
    </p>
   </div>
   <div class='ocr_carea' id='block_1_65' title="bbox 785 3442 2373 3520">
    <p class='ocr_par' dir='ltr' id='par_1_65' title="bbox 785 3442 2373 3520">
     <span class='ocr_line' id='line_1_65' title="bbox 785 3442 2373 3520; baseline -0.005 -17"><span class='ocrx_word' id='word_1_461' title='bbox 785 3453 895 3505; x_wconf 92' lang='lat' dir='ltr'><strong>tius</strong></span> <span class='ocrx_word' id='word_1_462' title='bbox 916 3459 1069 3520; x_wconf 87' lang='lat' dir='ltr'><strong>gcstn</strong></span> <span class='ocrx_word' id='word_1_463' title='bbox 1119 3446 1364 3516; x_wconf 88' lang='lat' dir='ltr'><strong>corporis</strong></span> <span class='ocrx_word' id='word_1_464' title='bbox 1394 3442 1601 3497; x_wconf 88' lang='lat' dir='ltr'><strong>doloris</strong></span> <span class='ocrx_word' id='word_1_465' title='bbox 1645 3442 2071 3512; x_wconf 80' lang='lat' dir='ltr'><strong>magnitudinem</strong></span> <span class='ocrx_word' id='word_1_466' title='bbox 2103 3449 2373 3510; x_wconf 85' lang='lat' dir='ltr'><strong>protesta-</strong></span> 
     </span>
    </p>
   </div>
   <div class='ocr_carea' id='block_1_66' title="bbox 782 3530 2373 3607">
    <p class='ocr_par' dir='ltr' id='par_1_66' title="bbox 782 3530 2373 3607">
     <span class='ocr_line' id='line_1_66' title="bbox 782 3530 2373 3607; baseline -0.006 -13"><span class='ocrx_word' id='word_1_467' title='bbox 782 3552 889 3597; x_wconf 89' lang='lat' dir='ltr'><strong>tus.</strong></span> <span class='ocrx_word' id='word_1_468' title='bbox 923 3539 1072 3606; x_wconf 83' lang='lat' dir='ltr'><strong>Quis,</strong></span> <span class='ocrx_word' id='word_1_469' title='bbox 1104 3545 1292 3607; x_wconf 88' lang='lat' dir='ltr'><strong>putas,</strong></span> <span class='ocrx_word' id='word_1_470' title='bbox 1337 3533 1407 3587; x_wconf 93' lang='lat' dir='ltr'><strong>ibi</strong></span> <span class='ocrx_word' id='word_1_471' title='bbox 1437 3533 1689 3587; x_wconf 90' lang='lat' dir='ltr'><strong>lacrimas</strong></span> <span class='ocrx_word' id='word_1_472' title='bbox 1725 3532 1933 3585; x_wconf 88' lang='lat' dir='ltr'><strong>tenuit?</strong></span> <span class='ocrx_word' id='word_1_473' title='bbox 1962 3530 2095 3598; x_wconf 88' lang='lat' dir='ltr'><strong>Quis</strong></span> <span class='ocrx_word' id='word_1_474' title='bbox 2135 3546 2251 3585; x_wconf 89' lang='lat' dir='ltr'><strong>eam</strong></span> <span class='ocrx_word' id='word_1_475' title='bbox 2280 3547 2373 3586; x_wconf 80' lang='lat' dir='ltr'><strong>ca-</strong></span> 
     </span>
    </p>
   </div>
   <div class='ocr_carea' id='block_1_67' title="bbox 782 3623 2371 3699">
    <p class='ocr_par' dir='ltr' id='par_1_67' title="bbox 782 3623 2371 3699">
     <span class='ocr_line' id='line_1_67' title="bbox 782 3623 2371 3699; baseline -0.009 -10"><span class='ocrx_word' id='word_1_476' title='bbox 782 3634 978 3689; x_wconf 86' lang='lat' dir='ltr'><strong>niciem</strong></span> <span class='ocrx_word' id='word_1_477' title='bbox 1027 3648 1086 3687; x_wconf 83' lang='lat' dir='ltr'><strong>se</strong></span> <span class='ocrx_word' id='word_1_478' title='bbox 1125 3629 1365 3699; x_wconf 83' lang='lat' dir='ltr'><strong>vestigiis</strong></span> <span class='ocrx_word' id='word_1_479' title='bbox 1393 3627 1637 3682; x_wconf 89' lang='lat' dir='ltr'><strong>omnium</strong></span> <span class='ocrx_word' id='word_1_480' title='bbox 1698 3625 1914 3680; x_wconf 90' lang='lat' dir='ltr'><strong>intuens</strong></span> <span class='ocrx_word' id='word_1_481' title='bbox 1943 3623 2371 3694; x_wconf 82' lang='lat' dir='ltr'><strong>provolventcm,</strong></span> 
     </span>
    </p>
   </div>
   <div class='ocr_carea' id='block_1_68' title="bbox 783 3715 2373 3785">
    <p class='ocr_par' dir='ltr' id='par_1_68' title="bbox 783 3715 2373 3785">
     <span class='ocr_line' id='line_1_68' title="bbox 783 3715 2373 3785; baseline -0.008 -4"><span class='ocrx_word' id='word_1_482' title='bbox 783 3742 891 3781; x_wconf 86' lang='lat' dir='ltr'><strong>non</strong></span> <span class='ocrx_word' id='word_1_483' title='bbox 925 3724 1088 3780; x_wconf 90' lang='lat' dir='ltr'><strong>corde</strong></span> <span class='ocrx_word' id='word_1_484' title='bbox 1118 3722 1330 3777; x_wconf 91' lang='lat' dir='ltr'><strong>solutus</strong></span> <span class='ocrx_word' id='word_1_485' title='bbox 1380 3719 1500 3775; x_wconf 90' lang='lat' dir='ltr'><strong>est?</strong></span> <span class='ocrx_word' id='word_1_486' title='bbox 1546 3718 1716 3785; x_wconf 91' lang='lat' dir='ltr'><strong>Quis,</strong></span> <span class='ocrx_word' id='word_1_487' title='bbox 1770 3734 1893 3775; x_wconf 91' lang='lat' dir='ltr'><strong>cum</strong></span> <span class='ocrx_word' id='word_1_488' title='bbox 1936 3716 2238 3771; x_wconf 85' lang='lat' dir='ltr'><strong>lacrimosis</strong></span> <span class='ocrx_word' id='word_1_489' title='bbox 2285 3715 2373 3769; x_wconf 91' lang='lat' dir='ltr'><strong>ille</strong></span> 
     </span>
    </p>
   </div>
   <div class='ocr_carea' id='block_1_69' title="bbox 779 3808 2370 3872">
    <p class='ocr_par' dir='ltr' id='par_1_69' title="bbox 779 3808 2370 3872">
     <span class='ocr_line' id='line_1_69' title="bbox 779 3808 2370 3872; baseline -0.008 0"><span class='ocrx_word' id='word_1_490' title='bbox 779 3817 1009 3872; x_wconf 70' lang='lat' dir='ltr'><strong>vocibus</strong></span> <span class='ocrx_word' id='word_1_491' title='bbox 1044 3814 1364 3869; x_wconf 86' lang='lat' dir='ltr'><strong>inclamaret</strong></span> <span class='ocrx_word' id='word_1_492' title='bbox 1394 3828 1407 3864; x_wconf 90' lang='lat'><strong>:</strong></span> <span class='ocrx_word' id='word_1_493' title='bbox 1442 3830 1459 3861; x_wconf 83' lang='grc'>‹</span> <span class='ocrx_word' id='word_1_494' title='bbox 1507 3811 1728 3866; x_wconf 80' lang='lat' dir='ltr'><strong>Credite</strong></span> <span class='ocrx_word' id='word_1_495' title='bbox 1775 3812 1957 3866; x_wconf 84' lang='lat' dir='ltr'><strong>reum!</strong></span> <span class='ocrx_word' id='word_1_496' title='bbox 1991 3810 2167 3866; x_wconf 88' lang='lat' dir='ltr'><strong>cedite</strong></span> <span class='ocrx_word' id='word_1_497' title='bbox 2196 3808 2370 3864; x_wconf 88' lang='lat' dir='ltr'><strong>rebel-</strong></span> 
     </span>
    </p>
   </div>
   <div class='ocr_carea' id='block_1_70' title="bbox 780 3902 2372 3977">
    <p class='ocr_par' dir='ltr' id='par_1_70' title="bbox 780 3902 2372 3977">
     <span class='ocr_line' id='line_1_70' title="bbox 780 3902 2372 3977; baseline -0.005 -16"><span class='ocrx_word' id='word_1_498' title='bbox 780 3908 923 3963; x_wconf 85' lang='lat' dir='ltr'><strong>lem!</strong></span> <span class='ocrx_word' id='word_1_499' title='bbox 960 3923 1026 3961; x_wconf 91' lang='lat' dir='ltr'><strong>ne</strong></span> <span class='ocrx_word' id='word_1_500' title='bbox 1078 3905 1287 3977; x_wconf 88' lang='lat' dir='ltr'><strong>pareite</strong></span> <span class='ocrx_word' id='word_1_501' title='bbox 1313 3917 1498 3974; x_wconf 70' lang='lat' dir='ltr'><strong>quaeso</strong></span> <span class='ocrx_word' id='word_1_502' title='bbox 1538 3902 1773 3973; x_wconf 85' lang='lat' dir='ltr'><strong>superbo</strong></span> <span class='ocrx_word' id='word_1_503' title='bbox 1809 3911 1865 3955; x_wconf 91' lang='lat' dir='ltr'><strong>et</strong></span> <span class='ocrx_word' id='word_1_504' title='bbox 1893 3902 2125 3956; x_wconf 73' lang='lat' dir='ltr'><strong>vmcordi</strong></span> <span class='ocrx_word' id='word_1_505' title='bbox 2157 3911 2211 3956; x_wconf 88' lang='lat' dir='ltr'><strong>et</strong></span> <span class='ocrx_word' id='word_1_506' title='bbox 2237 3917 2372 3955; x_wconf 89' lang='lat' dir='ltr'><strong>con-</strong></span> 
     </span>
    </p>
   </div>
   <div class='ocr_carea' id='block_1_71' title="bbox 784 3991 2371 4069">
    <p class='ocr_par' dir='ltr' id='par_1_71' title="bbox 784 3991 2371 4069">
     <span class='ocr_line' id='line_1_71' title="bbox 784 3991 2371 4069; baseline -0.004 -16"><span class='ocrx_word' id='word_1_507' title='bbox 784 3998 1039 4069; x_wconf 88' lang='lat' dir='ltr'><strong>temptori</strong></span> <span class='ocrx_word' id='word_1_508' title='bbox 1062 4000 1075 4050; x_wconf 86' lang='lat'><strong>!</strong></span> <span class='ocrx_word' id='word_1_509' title='bbox 1118 4017 1137 4049; x_wconf 73' lang='grc' dir='ltr'><strong><em>ι</em></strong></span> <span class='ocrx_word' id='word_1_510' title='bbox 1168 4012 1272 4051; x_wconf 91' lang='lat' dir='ltr'><strong>non</strong></span> <span class='ocrx_word' id='word_1_511' title='bbox 1294 3994 1492 4065; x_wconf 87' lang='lat' dir='ltr'><strong>gaudio</strong></span> <span class='ocrx_word' id='word_1_512' title='bbox 1515 3994 1686 4049; x_wconf 74' lang='lat' dir='ltr'><strong>mixto</strong></span> <span class='ocrx_word' id='word_1_513' title='bbox 1706 3992 1921 4049; x_wconf 83' lang='lat' dir='ltr'><strong>ﬂetibus</strong></span> <span class='ocrx_word' id='word_1_514' title='bbox 1942 3993 1993 4047; x_wconf 92' lang='lat' dir='ltr'><strong>in</strong></span> <span class='ocrx_word' id='word_1_515' title='bbox 2018 3991 2134 4061; x_wconf 87' lang='lat' dir='ltr'><strong>ejus</strong></span> <span class='ocrx_word' id='word_1_516' title='bbox 2157 3993 2371 4047; x_wconf 89' lang='lat' dir='ltr'><strong>veniam</strong></span> 
     </span>
    </p>
   </div>
   <div class='ocr_carea' id='block_1_72' title="bbox 780 4090 1177 4163">
    <p class='ocr_par' dir='ltr' id='par_1_72' title="bbox 780 4090 1177 4163">
     <span class='ocr_line' id='line_1_72' title="bbox 780 4090 1177 4163; baseline -0.008 -18"><span class='ocrx_word' id='word_1_517' title='bbox 780 4090 1177 4163; x_wconf 80' lang='lat' dir='ltr'><strong>proclamavit?</strong></span> 
     </span>
    </p>
   </div>
   <div class='ocr_carea' id='block_1_73' title="bbox 858 4177 2371 4253">
    <p class='ocr_par' dir='ltr' id='par_1_73' title="bbox 858 4177 2371 4253">
     <span class='ocr_line' id='line_1_73' title="bbox 858 4177 2371 4253; baseline -0.006 -12"><span class='ocrx_word' id='word_1_518' title='bbox 858 4186 948 4241; x_wconf 84' lang='grc'><strong>61.</strong></span> <span class='ocrx_word' id='word_1_519' title='bbox 981 4183 1221 4249; x_wconf 82' lang='lat' dir='ltr'><strong>Tandem</strong></span> <span class='ocrx_word' id='word_1_520' title='bbox 1244 4192 1401 4253; x_wconf 89' lang='lat' dir='ltr'><strong>pater</strong></span> <span class='ocrx_word' id='word_1_521' title='bbox 1430 4182 1621 4253; x_wconf 87' lang='lat' dir='ltr'><strong>plenus</strong></span> <span class='ocrx_word' id='word_1_522' title='bbox 1649 4180 1869 4253; x_wconf 86' lang='lat' dir='ltr'><strong>pietatis</strong></span> <span class='ocrx_word' id='word_1_523' title='bbox 1904 4194 2213 4250; x_wconf 83' lang='lat' dir='ltr'><strong>assurgens,</strong></span> <span class='ocrx_word' id='word_1_524' title='bbox 2251 4177 2371 4233; x_wconf 87' lang='lat' dir='ltr'><strong>alii-</strong></span> 
     </span>
    </p>
   </div>
   <div class='ocr_carea' id='block_1_74' title="bbox 779 4269 2370 4347">
    <p class='ocr_par' dir='ltr' id='par_1_74' title="bbox 779 4269 2370 4347">
     <span class='ocr_line' id='line_1_74' title="bbox 779 4269 2370 4347; baseline -0.003 -17"><span class='ocrx_word' id='word_1_525' title='bbox 779 4291 888 4347; x_wconf 88' lang='lat' dir='ltr'><strong>que</strong></span> <span class='ocrx_word' id='word_1_526' title='bbox 919 4274 1014 4309; x_wconf 80' lang='grc'><strong><em>³⁸³⁸</em></strong></span> <span class='ocrx_word' id='word_1_527' title='bbox 1054 4289 1178 4329; x_wconf 90' lang='lat' dir='ltr'><strong>cum</strong></span> <span class='ocrx_word' id='word_1_528' title='bbox 1223 4288 1307 4340; x_wconf 91' lang='lat' dir='ltr'><strong>eo,</strong></span> <span class='ocrx_word' id='word_1_529' title='bbox 1362 4273 1615 4328; x_wconf 89' lang='lat' dir='ltr'><strong>manibus</strong></span> <span class='ocrx_word' id='word_1_530' title='bbox 1658 4270 1905 4326; x_wconf 88' lang='lat' dir='ltr'><strong>caritatis</strong></span> <span class='ocrx_word' id='word_1_531' title='bbox 1934 4270 2225 4340; x_wconf 89' lang='lat' dir='ltr'><strong>suppositis</strong></span> <span class='ocrx_word' id='word_1_532' title='bbox 2255 4269 2370 4325; x_wconf 89' lang='lat' dir='ltr'><strong>solo</strong></span> 
     </span>
    </p>
   </div>
   <div class='ocr_carea' id='block_1_75' title="bbox 780 4363 2371 4442">
    <p class='ocr_par' dir='ltr' id='par_1_75' title="bbox 780 4363 2371 4442">
     <span class='ocr_line' id='line_1_75' title="bbox 780 4363 2371 4442; baseline -0.006 -16"><span class='ocrx_word' id='word_1_533' title='bbox 780 4373 1020 4442; x_wconf 88' lang='lat' dir='ltr'><strong>erigunt,</strong></span> <span class='ocrx_word' id='word_1_534' title='bbox 1043 4377 1099 4424; x_wconf 88' lang='lat' dir='ltr'><strong>et</strong></span> <span class='ocrx_word' id='word_1_535' title='bbox 1123 4366 1351 4424; x_wconf 80' lang='lat' dir='ltr'><strong>cunctis&#39;</strong></span> <span class='ocrx_word' id='word_1_536' title='bbox 1376 4367 1695 4432; x_wconf 89' lang='lat' dir='ltr'><strong>clementer,</strong></span> <span class='ocrx_word' id='word_1_537' title='bbox 1727 4376 1788 4420; x_wconf 90' lang='lat' dir='ltr'><strong>ut</strong></span> <span class='ocrx_word' id='word_1_538' title='bbox 1814 4373 1961 4420; x_wconf 85' lang='lat' dir='ltr'><strong>tanta</strong></span> <span class='ocrx_word' id='word_1_539' title='bbox 1992 4363 2224 4431; x_wconf 80' lang='lat' dir='ltr'><strong>dejectio</strong></span> <span class='ocrx_word' id='word_1_540' title='bbox 2258 4377 2371 4417; x_wconf 86' lang='lat' dir='ltr'><strong>me-</strong></span> 
     </span>
    </p>
   </div>
   <div class='ocr_carea' id='block_1_76' title="bbox 788 4454 2371 4531">
    <p class='ocr_par' dir='ltr' id='par_1_76' title="bbox 788 4454 2371 4531">
     <span class='ocr_line' id='line_1_76' title="bbox 788 4454 2371 4531; baseline -0.005 -12"><span class='ocrx_word' id='word_1_541' title='bbox 788 4465 1039 4531; x_wconf 87' lang='lat' dir='ltr'><strong>rebatur,</strong></span> <span class='ocrx_word' id='word_1_542' title='bbox 1078 4461 1322 4529; x_wconf 67' lang='lat' dir='ltr'><strong>indultis,</strong></span> <span class='ocrx_word' id='word_1_543' title='bbox 1372 4461 1426 4516; x_wconf 89' lang='lat' dir='ltr'><strong>in</strong></span> <span class='ocrx_word' id='word_1_544' title='bbox 1461 4476 1743 4516; x_wconf 90' lang='lat' dir='ltr'><strong>numerum</strong></span> <span class='ocrx_word' id='word_1_545' title='bbox 1780 4467 1888 4513; x_wconf 91' lang='lat' dir='ltr'><strong>tota</strong></span> <span class='ocrx_word' id='word_1_546' title='bbox 1929 4457 2210 4513; x_wconf 88' lang='lat' dir='ltr'><strong>alacritate</strong></span> <span class='ocrx_word' id='word_1_547' title='bbox 2234 4454 2371 4511; x_wconf 80' lang='lat' dir='ltr'><strong>reci-</strong></span> 
     </span>
    </p>
   </div>
   <div class='ocr_carea' id='block_1_77' title="bbox 781 4548 2369 4629">
    <p class='ocr_par' dir='ltr' id='par_1_77' title="bbox 781 4548 2369 4629">
     <span class='ocr_line' id='line_1_77' title="bbox 781 4548 2369 4629; baseline -0.008 -16"><span class='ocrx_word' id='word_1_548' title='bbox 781 4558 955 4629; x_wconf 90' lang='lat' dir='ltr'><strong>piunt.</strong></span> <span class='ocrx_word' id='word_1_549' title='bbox 983 4556 1031 4613; x_wconf 87' lang='lat' dir='ltr'><strong>ls</strong></span> <span class='ocrx_word' id='word_1_550' title='bbox 1060 4571 1191 4611; x_wconf 83' lang='lat' dir='ltr'><strong>vere</strong></span> <span class='ocrx_word' id='word_1_551' title='bbox 1228 4555 1346 4611; x_wconf 90' lang='lat' dir='ltr'><strong>dies</strong></span> <span class='ocrx_word' id='word_1_552' title='bbox 1386 4556 1439 4609; x_wconf 90' lang='lat' dir='ltr'><strong>in</strong></span> <span class='ocrx_word' id='word_1_553' title='bbox 1474 4560 1684 4608; x_wconf 91' lang='lat' dir='ltr'><strong>tantum</strong></span> <span class='ocrx_word' id='word_1_554' title='bbox 1718 4551 1767 4606; x_wconf 92' lang='lat' dir='ltr'><strong>ei</strong></span> <span class='ocrx_word' id='word_1_555' title='bbox 1799 4551 1983 4606; x_wconf 78' lang='lat' dir='ltr'><strong>extitit</strong></span> <span class='ocrx_word' id='word_1_556' title='bbox 2009 4548 2284 4613; x_wconf 87' lang='lat' dir='ltr'><strong>salutaris,</strong></span> <span class='ocrx_word' id='word_1_557' title='bbox 2311 4554 2369 4601; x_wconf 93' lang='lat' dir='ltr'><strong>ut</strong></span> 
     </span>
    </p>
   </div>
   <div class='ocr_carea' id='block_1_78' title="bbox 781 4640 2368 4723">
    <p class='ocr_par' dir='ltr' id='par_1_78' title="bbox 781 4640 2368 4723">
     <span class='ocr_line' id='line_1_78' title="bbox 781 4640 2368 4723; baseline -0.007 -19"><span class='ocrx_word' id='word_1_558' title='bbox 781 4650 1029 4723; x_wconf 81' lang='lat' dir='ltr'><strong>quisquis</strong></span> <span class='ocrx_word' id='word_1_559' title='bbox 1055 4649 1203 4705; x_wconf 91' lang='lat' dir='ltr'><strong>illum</strong></span> <span class='ocrx_word' id='word_1_560' title='bbox 1226 4647 1482 4717; x_wconf 85' lang='lat' dir='ltr'><strong>deinceps</strong></span> <span class='ocrx_word' id='word_1_561' title='bbox 1512 4643 1839 4709; x_wconf 87' lang='lat' dir='ltr'><strong>attenderet,</strong></span> <span class='ocrx_word' id='word_1_562' title='bbox 1872 4643 1963 4698; x_wconf 76' lang='lat' dir='ltr'><strong>vix</strong></span> <span class='ocrx_word' id='word_1_563' title='bbox 1988 4640 2191 4710; x_wconf 89' lang='lat' dir='ltr'><strong>aliquid</strong></span> <span class='ocrx_word' id='word_1_564' title='bbox 2228 4640 2281 4694; x_wconf 94' lang='lat' dir='ltr'><strong>in</strong></span> <span class='ocrx_word' id='word_1_565' title='bbox 2303 4653 2368 4693; x_wconf 91' lang='lat' dir='ltr'><strong>eo</strong></span> 
     </span>
    </p>
   </div>
   <div class='ocr_carea' id='block_1_79' title="bbox 781 4728 2368 4814">
    <p class='ocr_par' dir='ltr' id='par_1_79' title="bbox 781 4728 2368 4814">
     <span class='ocr_line' id='line_1_79' title="bbox 781 4728 2368 4814; baseline -0.01 -15"><span class='ocrx_word' id='word_1_566' title='bbox 781 4746 886 4801; x_wconf 83' lang='lat' dir='ltr'><strong>viri</strong></span> <span class='ocrx_word' id='word_1_567' title='bbox 915 4743 1004 4813; x_wconf 91' lang='lat' dir='ltr'><strong>qui</strong></span> <span class='ocrx_word' id='word_1_568' title='bbox 1036 4743 1189 4814; x_wconf 87' lang='lat' dir='ltr'><strong>prius</strong></span> <span class='ocrx_word' id='word_1_569' title='bbox 1215 4739 1397 4795; x_wconf 90' lang='lat' dir='ltr'><strong>fuerat</strong></span> <span class='ocrx_word' id='word_1_570' title='bbox 1426 4742 1860 4808; x_wconf 87' lang='lat' dir='ltr'><strong>recognosceret.</strong></span> <span class='ocrx_word' id='word_1_571' title='bbox 1914 4732 2137 4788; x_wconf 88' lang='lat' dir='ltr'><strong>Summa</strong></span> <span class='ocrx_word' id='word_1_572' title='bbox 2167 4728 2368 4784; x_wconf 89' lang='lat' dir='ltr'><strong>etenim</strong></span> 
     </span>
    </p>
   </div>
   <div class='ocr_carea' id='block_1_80' title="bbox 786 4822 2370 4904">
    <p class='ocr_par' dir='ltr' id='par_1_80' title="bbox 786 4822 2370 4904">
     <span class='ocr_line' id='line_1_80' title="bbox 786 4822 2370 4904; baseline -0.009 -14"><span class='ocrx_word' id='word_1_573' title='bbox 786 4838 859 4900; x_wconf 88' lang='lat' dir='ltr'><strong>vi,</strong></span> <span class='ocrx_word' id='word_1_574' title='bbox 890 4842 1150 4904; x_wconf 91' lang='lat' dir='ltr'><strong>quantum</strong></span> <span class='ocrx_word' id='word_1_575' title='bbox 1195 4832 1249 4887; x_wconf 92' lang='lat' dir='ltr'><strong>in</strong></span> <span class='ocrx_word' id='word_1_576' title='bbox 1294 4845 1354 4885; x_wconf 89' lang='lat' dir='ltr'><strong>se</strong></span> <span class='ocrx_word' id='word_1_577' title='bbox 1379 4828 1500 4893; x_wconf 90' lang='lat' dir='ltr'><strong>fuit,</strong></span> <span class='ocrx_word' id='word_1_578' title='bbox 1537 4827 1894 4898; x_wconf 78' lang='lat' dir='ltr'><strong>abjectionem</strong></span> <span class='ocrx_word' id='word_1_579' title='bbox 1938 4822 2020 4877; x_wconf 90' lang='lat' dir='ltr'><strong>sui</strong></span> <span class='ocrx_word' id='word_1_580' title='bbox 2056 4831 2110 4877; x_wconf 90' lang='lat' dir='ltr'><strong>et</strong></span> <span class='ocrx_word' id='word_1_581' title='bbox 2145 4836 2370 4891; x_wconf 67' lang='lat' dir='ltr'><strong>qumque</strong></span> 
     </span>
    </p>
   </div>
   <div class='ocr_carea' id='block_1_81' title="bbox 786 4912 2369 4992">
    <p class='ocr_par' dir='ltr' id='par_1_81' title="bbox 786 4912 2369 4992">
     <span class='ocr_line' id='line_1_81' title="bbox 786 4912 2369 4992; baseline -0.011 -9"><span class='ocrx_word' id='word_1_582' title='bbox 786 4939 1028 4985; x_wconf 70' lang='lat' dir='ltr'><strong>extrema</strong></span> <span class='ocrx_word' id='word_1_583' title='bbox 1083 4937 1299 4991; x_wconf 87' lang='lat' dir='ltr'><strong>semper</strong></span> <span class='ocrx_word' id='word_1_584' title='bbox 1334 4920 1579 4992; x_wconf 89' lang='lat' dir='ltr'><strong>appetiit.</strong></span> <span class='ocrx_word' id='word_1_585' title='bbox 1626 4916 1859 4973; x_wconf 89' lang='lat' dir='ltr'><strong>Delicias</strong></span> <span class='ocrx_word' id='word_1_586' title='bbox 1896 4924 1952 4969; x_wconf 91' lang='lat' dir='ltr'><strong>et</strong></span> <span class='ocrx_word' id='word_1_587' title='bbox 1990 4913 2170 4968; x_wconf 89' lang='lat' dir='ltr'><strong>mollia</strong></span> <span class='ocrx_word' id='word_1_588' title='bbox 2220 4912 2369 4967; x_wconf 89' lang='lat' dir='ltr'><strong>omni</strong></span> 
     </span>
    </p>
   </div>
   <div class='ocr_carea' id='block_1_82' title="bbox 783 5006 2368 5093">
    <p class='ocr_par' dir='ltr' id='par_1_82' title="bbox 783 5006 2368 5093">
     <span class='ocr_line' id='line_1_82' title="bbox 783 5006 2368 5093; baseline -0.013 -18"><span class='ocrx_word' id='word_1_589' title='bbox 783 5034 986 5093; x_wconf 84' lang='lat' dir='ltr'><strong>genere</strong></span> <span class='ocrx_word' id='word_1_590' title='bbox 1032 5031 1317 5086; x_wconf 80' lang='lat' dir='ltr'><strong>respuens,</strong></span> <span class='ocrx_word' id='word_1_591' title='bbox 1369 5011 1608 5068; x_wconf 86' lang='lat' dir='ltr'><strong>dillicilia</strong></span> <span class='ocrx_word' id='word_1_592' title='bbox 1644 5022 1700 5065; x_wconf 90' lang='lat' dir='ltr'><strong>et</strong></span> <span class='ocrx_word' id='word_1_593' title='bbox 1730 5008 2028 5063; x_wconf 81' lang='lat' dir='ltr'><strong>austeriora</strong></span> <span class='ocrx_word' id='word_1_594' title='bbox 2058 5006 2227 5074; x_wconf 90' lang='lat' dir='ltr'><strong>magis</strong></span> <span class='ocrx_word' id='word_1_595' title='bbox 2260 5019 2368 5057; x_wconf 91' lang='lat' dir='ltr'><strong>am-</strong></span> 
     </span>
    </p>
   </div>
   <div class='ocr_carea' id='block_1_83' title="bbox 784 5096 2364 5183">
    <p class='ocr_par' dir='ltr' id='par_1_83' title="bbox 784 5096 2364 5183">
     <span class='ocr_line' id='line_1_83' title="bbox 784 5096 2364 5183; baseline -0.012 -18"><span class='ocrx_word' id='word_1_596' title='bbox 784 5111 976 5183; x_wconf 79' lang='lat' dir='ltr'><strong>plexus</strong></span> <span class='ocrx_word' id='word_1_597' title='bbox 1014 5118 1112 5163; x_wconf 89' lang='lat' dir='ltr'><strong>est.</strong></span> <span class='ocrx_word' id='word_1_598' title='bbox 1154 5106 1424 5174; x_wconf 80' lang='lat' dir='ltr'><strong>Honorem</strong></span> <span class='ocrx_word' id='word_1_599' title='bbox 1476 5103 1782 5173; x_wconf 85' lang='lat' dir='ltr'><strong>impensum</strong></span> <span class='ocrx_word' id='word_1_600' title='bbox 1838 5098 1978 5152; x_wconf 88' lang='lat' dir='ltr'><strong>miro</strong></span> <span class='ocrx_word' id='word_1_601' title='bbox 2021 5096 2225 5167; x_wconf 91' lang='lat' dir='ltr'><strong>pudore</strong></span> <span class='ocrx_word' id='word_1_602' title='bbox 2259 5110 2364 5149; x_wconf 91' lang='lat' dir='ltr'><strong>non</strong></span> 
     </span>
    </p>
   </div>
   <div class='ocr_carea' id='block_1_84' title="bbox 778 5185 2369 5269">
    <p class='ocr_par' dir='ltr' id='par_1_84' title="bbox 778 5185 2369 5269">
     <span class='ocr_line' id='line_1_84' title="bbox 778 5185 2369 5269; baseline -0.011 -13"><span class='ocrx_word' id='word_1_603' title='bbox 778 5203 978 5263; x_wconf 83' lang='lat' dir='ltr'><strong>ferens,</strong></span> <span class='ocrx_word' id='word_1_604' title='bbox 1005 5199 1331 5269; x_wconf 84' lang='lat' dir='ltr'><strong>gravabatur</strong></span> <span class='ocrx_word' id='word_1_605' title='bbox 1360 5195 1541 5266; x_wconf 88' lang='lat' dir='ltr'><strong>potius</strong></span> <span class='ocrx_word' id='word_1_606' title='bbox 1578 5208 1741 5262; x_wconf 92' lang='lat' dir='ltr'><strong>quam</strong></span> <span class='ocrx_word' id='word_1_607' title='bbox 1773 5189 2157 5244; x_wconf 86' lang='lat' dir='ltr'><strong>oblectaretnr.</strong></span> <span class='ocrx_word' id='word_1_608' title='bbox 2186 5185 2369 5239; x_wconf 88' lang='lat' dir='ltr'><strong>Parci-</strong></span> 
     </span>
    </p>
   </div>
   <div class='ocr_carea' id='block_1_85' title="bbox 2398 4595 2451 4655">
    <p class='ocr_par' dir='ltr' id='par_1_85' title="bbox 2398 4595 2451 4655">
     <span class='ocr_line' id='line_1_85' title="bbox 2398 4595 2451 4655; baseline 0 0"><span class='ocrx_word' id='word_1_609' title='bbox 2398 4595 2451 4655; x_wconf 88' lang='lat' dir='ltr'><strong><em>D</em></strong></span> 
     </span>
    </p>
   </div>
   <div class='ocr_carea' id='block_1_86' title="bbox 2478 3357 4061 3429">
    <p class='ocr_par' dir='ltr' id='par_1_86' title="bbox 2478 3357 4061 3429">
     <span class='ocr_line' id='line_1_86' title="bbox 2478 3357 4061 3429; baseline -0.003 -13"><span class='ocrx_word' id='word_1_610' title='bbox 2478 3362 2700 3417; x_wconf 88' lang='lat' dir='ltr'><strong>mitibus</strong></span> <span class='ocrx_word' id='word_1_611' title='bbox 2729 3370 2782 3413; x_wconf 92' lang='lat' dir='ltr'><strong>et</strong></span> <span class='ocrx_word' id='word_1_612' title='bbox 2818 3359 3124 3428; x_wconf 87' lang='lat' dir='ltr'><strong>planetibus</strong></span> <span class='ocrx_word' id='word_1_613' title='bbox 3150 3368 3204 3412; x_wconf 92' lang='lat' dir='ltr'><strong>ct</strong></span> <span class='ocrx_word' id='word_1_614' title='bbox 3237 3359 3464 3413; x_wconf 92' lang='lat' dir='ltr'><strong>inlinitis</strong></span> <span class='ocrx_word' id='word_1_615' title='bbox 3493 3375 3727 3429; x_wconf 88' lang='lat' dir='ltr'><strong>genuum</strong></span> <span class='ocrx_word' id='word_1_616' title='bbox 3760 3357 4061 3412; x_wconf 67' lang='lat' dir='ltr'><strong>inflexioui-</strong></span> 
     </span>
    </p>
   </div>
   <div class='ocr_carea' id='block_1_87' title="bbox 2477 3448 4061 3520">
    <p class='ocr_par' dir='ltr' id='par_1_87' title="bbox 2477 3448 4061 3520">
     <span class='ocr_line' id='line_1_87' title="bbox 2477 3448 4061 3520; baseline -0.001 -14"><span class='ocrx_word' id='word_1_617' title='bbox 2477 3454 2577 3508; x_wconf 89' lang='lat' dir='ltr'><strong>bus</strong></span> <span class='ocrx_word' id='word_1_618' title='bbox 2599 3460 2785 3507; x_wconf 88' lang='lat' dir='ltr'><strong>noctes</strong></span> <span class='ocrx_word' id='word_1_619' title='bbox 2812 3452 3033 3519; x_wconf 90' lang='lat' dir='ltr'><strong>diesque</strong></span> <span class='ocrx_word' id='word_1_620' title='bbox 3079 3450 3450 3504; x_wconf 84' lang='lat' dir='ltr'><strong>continuabat.</strong></span> <span class='ocrx_word' id='word_1_621' title='bbox 3481 3450 3547 3504; x_wconf 74' lang='lat' dir='ltr'><strong>Et</strong></span> <span class='ocrx_word' id='word_1_622' title='bbox 3589 3466 3709 3503; x_wconf 91' lang='lat' dir='ltr'><strong>eum</strong></span> <span class='ocrx_word' id='word_1_623' title='bbox 3740 3448 4061 3520; x_wconf 87' lang='lat' dir='ltr'><strong>plerumque</strong></span> 
     </span>
    </p>
   </div>
   <div class='ocr_carea' id='block_1_88' title="bbox 2477 3543 4058 3613">
    <p class='ocr_par' dir='ltr' id='par_1_88' title="bbox 2477 3543 4058 3613">
     <span class='ocr_line' id='line_1_88' title="bbox 2477 3543 4058 3613; baseline -0.001 -15"><span class='ocrx_word' id='word_1_624' title='bbox 2477 3544 2704 3599; x_wconf 89' lang='lat' dir='ltr'><strong>fratrum</strong></span> <span class='ocrx_word' id='word_1_625' title='bbox 2736 3544 3303 3613; x_wconf 62' lang='lat' dir='ltr'><strong>vigilias-prteveuiens</strong></span> <span class='ocrx_word' id='word_1_626' title='bbox 3331 3543 3618 3612; x_wconf 90' lang='lat' dir='ltr'><strong>plurimum</strong></span> <span class='ocrx_word' id='word_1_627' title='bbox 3652 3545 3828 3597; x_wconf 90' lang='lat' dir='ltr'><strong>noctis</strong></span> <span class='ocrx_word' id='word_1_628' title='bbox 3851 3545 3902 3597; x_wconf 90' lang='lat' dir='ltr'><strong>in</strong></span> <span class='ocrx_word' id='word_1_629' title='bbox 3933 3559 4058 3613; x_wconf 90' lang='lat' dir='ltr'><strong>pre-</strong></span> 
     </span>
    </p>
   </div>
   <div class='ocr_carea' id='block_1_89' title="bbox 2475 3634 4062 3705">
    <p class='ocr_par' dir='ltr' id='par_1_89' title="bbox 2475 3634 4062 3705">
     <span class='ocr_line' id='line_1_89' title="bbox 2475 3634 4062 3705; baseline -0.003 -14"><span class='ocrx_word' id='word_1_630' title='bbox 2475 3636 2628 3691; x_wconf 88' lang='lat' dir='ltr'><strong>cibus</strong></span> <span class='ocrx_word' id='word_1_631' title='bbox 2677 3643 2992 3705; x_wconf 91' lang='lat' dir='ltr'><strong>oocnparet,</strong></span> <span class='ocrx_word' id='word_1_632' title='bbox 3048 3634 3214 3688; x_wconf 88' lang='lat' dir='ltr'><strong>finitis</strong></span> <span class='ocrx_word' id='word_1_633' title='bbox 3265 3634 3466 3688; x_wconf 86' lang='lat' dir='ltr'><strong>eisdem</strong></span> <span class='ocrx_word' id='word_1_634' title='bbox 3510 3634 3735 3704; x_wconf 85' lang='lat' dir='ltr'><strong>vigiliis,</strong></span> <span class='ocrx_word' id='word_1_635' title='bbox 3768 3644 4062 3703; x_wconf 87' lang='lat' dir='ltr'><strong>quantum-</strong></span> 
     </span>
    </p>
   </div>
   <div class='ocr_carea' id='block_1_90' title="bbox 2474 3724 4058 3797">
    <p class='ocr_par' dir='ltr' id='par_1_90' title="bbox 2474 3724 4058 3797">
     <span class='ocr_line' id='line_1_90' title="bbox 2474 3724 4058 3797; baseline -0.003 -16"><span class='ocrx_word' id='word_1_636' title='bbox 2474 3741 2707 3797; x_wconf 89' lang='lat' dir='ltr'><strong>cumque</strong></span> <span class='ocrx_word' id='word_1_637' title='bbox 2736 3726 2911 3780; x_wconf 91' lang='lat' dir='ltr'><strong>noctis</strong></span> <span class='ocrx_word' id='word_1_638' title='bbox 2933 3726 3109 3779; x_wconf 89' lang='lat' dir='ltr'><strong>hieme</strong></span> <span class='ocrx_word' id='word_1_639' title='bbox 3134 3724 3216 3778; x_wconf 86' lang='lat' dir='ltr'><strong>vel</strong></span> <span class='ocrx_word' id='word_1_640' title='bbox 3244 3734 3433 3779; x_wconf 68' lang='lat' dir='ltr'><strong>testate</strong></span> <span class='ocrx_word' id='word_1_641' title='bbox 3454 3732 3782 3794; x_wconf 79' lang='lat' dir='ltr'><strong>superesset,</strong></span> <span class='ocrx_word' id='word_1_642' title='bbox 3810 3739 4058 3778; x_wconf 88' lang='lat' dir='ltr'><strong>sonmum</strong></span> 
     </span>
    </p>
   </div>
   <div class='ocr_carea' id='block_1_91' title="bbox 2475 3812 4060 3886">
    <p class='ocr_par' dir='ltr' id='par_1_91' title="bbox 2475 3812 4060 3886">
     <span class='ocr_line' id='line_1_91' title="bbox 2475 3812 4060 3886; baseline -0.001 -16"><span class='ocrx_word' id='word_1_643' title='bbox 2475 3816 2729 3886; x_wconf 89' lang='lat' dir='ltr'><strong>deinceps</strong></span> <span class='ocrx_word' id='word_1_644' title='bbox 2777 3814 3086 3870; x_wconf 90' lang='lat' dir='ltr'><strong>nullatenus</strong></span> <span class='ocrx_word' id='word_1_645' title='bbox 3117 3812 3209 3845; x_wconf 67' lang='grc'><strong>’⁸⁸³</strong></span> <span class='ocrx_word' id='word_1_646' title='bbox 3259 3823 3501 3879; x_wconf 89' lang='lat' dir='ltr'><strong>noverat,</strong></span> <span class='ocrx_word' id='word_1_647' title='bbox 3538 3814 3640 3868; x_wconf 89' lang='lat' dir='ltr'><strong>nisi</strong></span> <span class='ocrx_word' id='word_1_648' title='bbox 3683 3815 3751 3869; x_wconf 94' lang='lat' dir='ltr'><strong>ob</strong></span> <span class='ocrx_word' id='word_1_649' title='bbox 3780 3813 4060 3882; x_wconf 89' lang='lat' dir='ltr'><strong>sanguinis</strong></span> 
     </span>
    </p>
   </div>
   <div class='ocr_carea' id='block_1_92' title="bbox 2475 3904 4050 3976">
    <p class='ocr_par' dir='ltr' id='par_1_92' title="bbox 2475 3904 4050 3976">
     <span class='ocr_line' id='line_1_92' title="bbox 2475 3904 4050 3976; baseline -0.001 -18"><span class='ocrx_word' id='word_1_650' title='bbox 2475 3906 2634 3970; x_wconf 92' lang='lat' dir='ltr'><strong>forte,</strong></span> <span class='ocrx_word' id='word_1_651' title='bbox 2665 3905 2809 3975; x_wconf 88' lang='lat' dir='ltr'><strong>quod</strong></span> <span class='ocrx_word' id='word_1_652' title='bbox 2837 3904 2922 3957; x_wconf 84' lang='lat' dir='ltr'><strong>vix</strong></span> <span class='ocrx_word' id='word_1_653' title='bbox 2968 3915 3143 3959; x_wconf 91' lang='lat' dir='ltr'><strong>tamen</strong></span> <span class='ocrx_word' id='word_1_654' title='bbox 3173 3904 3371 3969; x_wconf 89' lang='lat' dir='ltr'><strong>fuerat,</strong></span> <span class='ocrx_word' id='word_1_655' title='bbox 3403 3906 3788 3970; x_wconf 90' lang='lat' dir='ltr'><strong>minutionem;</strong></span> <span class='ocrx_word' id='word_1_656' title='bbox 3820 3907 3914 3960; x_wconf 91' lang='lat' dir='ltr'><strong>sed</strong></span> <span class='ocrx_word' id='word_1_657' title='bbox 3938 3914 4050 3976; x_wconf 85' lang='lat' dir='ltr'><strong>toto</strong></span> 
     </span>
    </p>
   </div>
   <div class='ocr_carea' id='block_1_93' title="bbox 2474 3997 4057 4067">
    <p class='ocr_par' dir='ltr' id='par_1_93' title="bbox 2474 3997 4057 4067">
     <span class='ocr_line' id='line_1_93' title="bbox 2474 3997 4057 4067; baseline -0.001 -15"><span class='ocrx_word' id='word_1_658' title='bbox 2474 3998 2727 4067; x_wconf 87' lang='lat' dir='ltr'><strong>deinceps</strong></span> <span class='ocrx_word' id='word_1_659' title='bbox 2765 4012 2936 4066; x_wconf 92' lang='lat' dir='ltr'><strong>usque</strong></span> <span class='ocrx_word' id='word_1_660' title='bbox 2964 3997 3151 4051; x_wconf 92' lang='lat' dir='ltr'><strong>horam</strong></span> <span class='ocrx_word' id='word_1_661' title='bbox 3180 3998 3469 4051; x_wconf 89' lang='lat' dir='ltr'><strong>secundam</strong></span> <span class='ocrx_word' id='word_1_662' title='bbox 3500 3997 3585 4051; x_wconf 91' lang='lat' dir='ltr'><strong>vel</strong></span> <span class='ocrx_word' id='word_1_663' title='bbox 3616 3998 3840 4052; x_wconf 90' lang='lat' dir='ltr'><strong>terciam</strong></span> <span class='ocrx_word' id='word_1_664' title='bbox 3871 3997 4057 4067; x_wconf 89' lang='lat' dir='ltr'><strong>spacio</strong></span> 
     </span>
    </p>
   </div>
   <div class='ocr_carea' id='block_1_94' title="bbox 2473 4087 4057 4160">
    <p class='ocr_par' dir='ltr' id='par_1_94' title="bbox 2473 4087 4057 4160">
     <span class='ocr_line' id='line_1_94' title="bbox 2473 4087 4057 4160; baseline -0.001 -14"><span class='ocrx_word' id='word_1_665' title='bbox 2473 4092 2527 4147; x_wconf 89' lang='lat' dir='ltr'><strong>in</strong></span> <span class='ocrx_word' id='word_1_666' title='bbox 2554 4105 2616 4144; x_wconf 88' lang='lat' dir='ltr'><strong>ea</strong></span> <span class='ocrx_word' id='word_1_667' title='bbox 2647 4098 2834 4145; x_wconf 76' lang='lat' dir='ltr'><strong>sancta</strong></span> <span class='ocrx_word' id='word_1_668' title='bbox 2860 4088 3196 4143; x_wconf 87' lang='lat' dir='ltr'><strong>.contricioue</strong></span> <span class='ocrx_word' id='word_1_669' title='bbox 3218 4097 3272 4143; x_wconf 91' lang='lat' dir='ltr'><strong>et</strong></span> <span class='ocrx_word' id='word_1_670' title='bbox 3295 4088 3532 4145; x_wconf 63' lang='lat' dir='ltr'><strong>caelestis</strong></span> <span class='ocrx_word' id='word_1_671' title='bbox 3552 4087 3732 4157; x_wconf 68' lang='lat' dir='ltr'><strong>ianuae</strong></span> <span class='ocrx_word' id='word_1_672' title='bbox 3752 4089 4057 4160; x_wconf 86' lang='lat' dir='ltr'><strong>pulsatione</strong></span> 
     </span>
    </p>
   </div>
   <div class='ocr_carea' id='block_1_95' title="bbox 2472 4184 2873 4256">
    <p class='ocr_par' dir='ltr' id='par_1_95' title="bbox 2472 4184 2873 4256">
     <span class='ocr_line' id='line_1_95' title="bbox 2472 4184 2873 4256; baseline -0.007 -17"><span class='ocrx_word' id='word_1_673' title='bbox 2472 4184 2873 4256; x_wconf 88' lang='lat' dir='ltr'><strong>perseverabat.</strong></span> 
     </span>
    </p>
   </div>
   <div class='ocr_carea' id='block_1_96' title="bbox 2543 4272 4055 4344">
    <p class='ocr_par' dir='ltr' id='par_1_96' title="bbox 2543 4272 4055 4344">
     <span class='ocr_line' id='line_1_96' title="bbox 2543 4272 4055 4344; baseline -0.003 -13"><span class='ocrx_word' id='word_1_674' title='bbox 2543 4276 2632 4331; x_wconf 76' lang='lat'><strong>63.</strong></span> <span class='ocrx_word' id='word_1_675' title='bbox 2677 4274 2754 4331; x_wconf 90' lang='lat' dir='ltr'><strong>De</strong></span> <span class='ocrx_word' id='word_1_676' title='bbox 2786 4273 3189 4330; x_wconf 90' lang='lat' dir='ltr'><strong>continuatione</strong></span> <span class='ocrx_word' id='word_1_677' title='bbox 3214 4273 3414 4328; x_wconf 92' lang='lat' dir='ltr'><strong>silentii</strong></span> <span class='ocrx_word' id='word_1_678' title='bbox 3450 4272 3591 4342; x_wconf 93' lang='lat' dir='ltr'><strong>quod</strong></span> <span class='ocrx_word' id='word_1_679' title='bbox 3634 4272 3919 4344; x_wconf 66' lang='lat' dir='ltr'><strong>praedicem</strong></span> <span class='ocrx_word' id='word_1_680' title='bbox 3953 4286 4055 4326; x_wconf 90' lang='lat' dir='ltr'><strong>ne-</strong></span> 
     </span>
    </p>
   </div>
   <div class='ocr_carea' id='block_1_97' title="bbox 2473 4364 4054 4436">
    <p class='ocr_par' dir='ltr' id='par_1_97' title="bbox 2473 4364 4054 4436">
     <span class='ocr_line' id='line_1_97' title="bbox 2473 4364 4054 4436; baseline -0.001 -14"><span class='ocrx_word' id='word_1_681' title='bbox 2473 4366 2603 4429; x_wconf 90' lang='lat' dir='ltr'><strong>scio,</strong></span> <span class='ocrx_word' id='word_1_682' title='bbox 2656 4381 2776 4421; x_wconf 91' lang='lat' dir='ltr'><strong>cum</strong></span> <span class='ocrx_word' id='word_1_683' title='bbox 2835 4366 2950 4435; x_wconf 87' lang='lat' dir='ltr'><strong>ipsa</strong></span> <span class='ocrx_word' id='word_1_684' title='bbox 2992 4380 3206 4435; x_wconf 92' lang='lat' dir='ltr'><strong>quoque</strong></span> <span class='ocrx_word' id='word_1_685' title='bbox 3254 4364 3401 4421; x_wconf 91' lang='lat' dir='ltr'><strong>licita</strong></span> <span class='ocrx_word' id='word_1_686' title='bbox 3433 4365 3772 4436; x_wconf 85' lang='lat' dir='ltr'><strong>colloquendi</strong></span> <span class='ocrx_word' id='word_1_687' title='bbox 3822 4365 4054 4420; x_wconf 90' lang='lat' dir='ltr'><strong>invicem</strong></span> 
     </span>
    </p>
   </div>
   <div class='ocr_carea' id='block_1_98' title="bbox 2472 4453 4054 4526">
    <p class='ocr_par' dir='ltr' id='par_1_98' title="bbox 2472 4453 4054 4526">
     <span class='ocr_line' id='line_1_98' title="bbox 2472 4453 4054 4526; baseline 0 -15"><span class='ocrx_word' id='word_1_688' title='bbox 2472 4466 2713 4526; x_wconf 88' lang='lat' dir='ltr'><strong>tempora</strong></span> <span class='ocrx_word' id='word_1_689' title='bbox 2757 4453 2993 4525; x_wconf 87' lang='lat' dir='ltr'><strong>fugiens,</strong></span> <span class='ocrx_word' id='word_1_690' title='bbox 3042 4455 3095 4509; x_wconf 91' lang='lat' dir='ltr'><strong>in</strong></span> <span class='ocrx_word' id='word_1_691' title='bbox 3157 4454 3488 4524; x_wconf 88' lang='lat' dir='ltr'><strong>psalmorum</strong></span> <span class='ocrx_word' id='word_1_692' title='bbox 3539 4457 3718 4525; x_wconf 86' lang='lat' dir='ltr'><strong>potius</strong></span> <span class='ocrx_word' id='word_1_693' title='bbox 3764 4455 4054 4511; x_wconf 83' lang='lat' dir='ltr'><strong>melodiam</strong></span> 
     </span>
    </p>
   </div>
   <div class='ocr_carea' id='block_1_99' title="bbox 2471 4544 4056 4623">
    <p class='ocr_par' dir='ltr' id='par_1_99' title="bbox 2471 4544 4056 4623">
     <span class='ocr_line' id='line_1_99' title="bbox 2471 4544 4056 4623; baseline -0.001 -21"><span class='ocrx_word' id='word_1_694' title='bbox 2471 4555 2854 4602; x_wconf 87' lang='lat' dir='ltr'><strong>commutaret.</strong></span> <span class='ocrx_word' id='word_1_695' title='bbox 2905 4545 2971 4599; x_wconf 89' lang='lat' dir='ltr'><strong>Et</strong></span> <span class='ocrx_word' id='word_1_696' title='bbox 2997 4546 3041 4600; x_wconf 92' lang='lat' dir='ltr'><strong>si</strong></span> <span class='ocrx_word' id='word_1_697' title='bbox 3069 4544 3207 4600; x_wconf 88' lang='lat' dir='ltr'><strong>forte</strong></span> <span class='ocrx_word' id='word_1_698' title='bbox 3230 4546 3680 4616; x_wconf 86' lang='lat' dir='ltr'><strong>compellaretnr,</strong></span> <span class='ocrx_word' id='word_1_699' title='bbox 3709 4546 3873 4601; x_wconf 89' lang='lat' dir='ltr'><strong>breve</strong></span> <span class='ocrx_word' id='word_1_700' title='bbox 3898 4546 4056 4623; x_wconf 82' lang='lat' dir='ltr'><strong>quid-</strong></span> 
     </span>
    </p>
   </div>
   <div class='ocr_carea' id='block_1_100' title="bbox 2477 4635 4057 4705">
    <p class='ocr_par' dir='ltr' id='par_1_100' title="bbox 2477 4635 4057 4705">
     <span class='ocr_line' id='line_1_100' title="bbox 2477 4635 4057 4705; baseline 0 -13"><span class='ocrx_word' id='word_1_701' title='bbox 2477 4637 2599 4692; x_wconf 85' lang='lat' dir='ltr'><strong>dam</strong></span> <span class='ocrx_word' id='word_1_702' title='bbox 2640 4636 2892 4701; x_wconf 87' lang='lat' dir='ltr'><strong>reddens,</strong></span> <span class='ocrx_word' id='word_1_703' title='bbox 2936 4635 3003 4688; x_wconf 84' lang='lat' dir='ltr'><strong>ad</strong></span> <span class='ocrx_word' id='word_1_704' title='bbox 3053 4635 3209 4690; x_wconf 88' lang='lat' dir='ltr'><strong>solita</strong></span> <span class='ocrx_word' id='word_1_705' title='bbox 3256 4645 3311 4690; x_wconf 91' lang='lat' dir='ltr'><strong>ct</strong></span> <span class='ocrx_word' id='word_1_706' title='bbox 3352 4635 3525 4690; x_wconf 86' lang='lat' dir='ltr'><strong>amica</strong></span> <span class='ocrx_word' id='word_1_707' title='bbox 3563 4636 3776 4689; x_wconf 85' lang='lat' dir='ltr'><strong>silentia</strong></span> <span class='ocrx_word' id='word_1_708' title='bbox 3808 4636 4057 4705; x_wconf 82' lang='lat' dir='ltr'><strong>protinus</strong></span> 
     </span>
    </p>
   </div>
   <div class='ocr_carea' id='block_1_101' title="bbox 2480 4724 4059 4796">
    <p class='ocr_par' dir='ltr' id='par_1_101' title="bbox 2480 4724 4059 4796">
     <span class='ocr_line' id='line_1_101' title="bbox 2480 4724 4059 4796; baseline -0.005 -13"><span class='ocrx_word' id='word_1_709' title='bbox 2480 4725 2811 4782; x_wconf 84' lang='lat' dir='ltr'><strong>recurrebat.</strong></span> <span class='ocrx_word' id='word_1_710' title='bbox 2880 4724 3038 4779; x_wconf 89' lang='lat' dir='ltr'><strong>Curis</strong></span> <span class='ocrx_word' id='word_1_711' title='bbox 3099 4725 3429 4795; x_wconf 89' lang='lat' dir='ltr'><strong>quibuslibet</strong></span> <span class='ocrx_word' id='word_1_712' title='bbox 3501 4727 3765 4796; x_wconf 88' lang='lat' dir='ltr'><strong>corporis,</strong></span> <span class='ocrx_word' id='word_1_713' title='bbox 3826 4726 4059 4791; x_wconf 69' lang='lat' dir='ltr'><strong>balneis,</strong></span> 
     </span>
    </p>
   </div>
   <div class='ocr_carea' id='block_1_102' title="bbox 2478 4816 4062 4888">
    <p class='ocr_par' dir='ltr' id='par_1_102' title="bbox 2478 4816 4062 4888">
     <span class='ocr_line' id='line_1_102' title="bbox 2478 4816 4062 4888; baseline -0.004 -16"><span class='ocrx_word' id='word_1_714' title='bbox 2478 4818 2623 4888; x_wconf 88' lang='lat' dir='ltr'><strong>quod</strong></span> <span class='ocrx_word' id='word_1_715' title='bbox 2650 4817 2748 4849; x_wconf 75' lang='grc'><strong><em>³⁸⁸⁵</em></strong></span> <span class='ocrx_word' id='word_1_716' title='bbox 2781 4817 2981 4872; x_wconf 89' lang='lat' dir='ltr'><strong>ceteris</strong></span> <span class='ocrx_word' id='word_1_717' title='bbox 3012 4816 3441 4870; x_wconf 85' lang='lat' dir='ltr'><strong>recreationibus</strong></span> <span class='ocrx_word' id='word_1_718' title='bbox 3466 4818 3736 4871; x_wconf 91' lang='lat' dir='ltr'><strong>communi</strong></span> <span class='ocrx_word' id='word_1_719' title='bbox 3766 4832 3863 4870; x_wconf 92' lang='lat' dir='ltr'><strong>usu</strong></span> <span class='ocrx_word' id='word_1_720' title='bbox 3895 4829 4062 4886; x_wconf 85' lang='lat' dir='ltr'><strong>regu-</strong></span> 
     </span>
    </p>
   </div>
   <div class='ocr_carea' id='block_1_103' title="bbox 2477 4907 4055 4973">
    <p class='ocr_par' dir='ltr' id='par_1_103' title="bbox 2477 4907 4055 4973">
     <span class='ocr_line' id='line_1_103' title="bbox 2477 4907 4055 4973; baseline -0.001 -10"><span class='ocrx_word' id='word_1_721' title='bbox 2477 4910 2542 4964; x_wconf 73' lang='lat' dir='ltr'><strong>la:</strong></span> <span class='ocrx_word' id='word_1_722' title='bbox 2574 4909 2817 4973; x_wconf 87' lang='lat' dir='ltr'><strong>indultis,</strong></span> <span class='ocrx_word' id='word_1_723' title='bbox 2864 4908 3120 4972; x_wconf 89' lang='lat' dir='ltr'><strong>cilicium,</strong></span> <span class='ocrx_word' id='word_1_724' title='bbox 3154 4907 3414 4961; x_wconf 89' lang='lat' dir='ltr'><strong>vilitatem</strong></span> <span class='ocrx_word' id='word_1_725' title='bbox 3442 4909 3711 4972; x_wconf 90' lang='lat' dir='ltr'><strong>vestium,</strong></span> <span class='ocrx_word' id='word_1_726' title='bbox 3746 4918 3802 4961; x_wconf 92' lang='lat' dir='ltr'><strong>et</strong></span> <span class='ocrx_word' id='word_1_727' title='bbox 3844 4917 4055 4962; x_wconf 87' lang='lat' dir='ltr'><strong>cetero-</strong></span> 
     </span>
    </p>
   </div>
   <div class='ocr_carea' id='block_1_104' title="bbox 2477 4997 4056 5068">
    <p class='ocr_par' dir='ltr' id='par_1_104' title="bbox 2477 4997 4056 5068">
     <span class='ocr_line' id='line_1_104' title="bbox 2477 4997 4056 5068; baseline -0.002 -13"><span class='ocrx_word' id='word_1_728' title='bbox 2477 5017 2595 5055; x_wconf 87' lang='lat' dir='ltr'><strong>rqu</strong></span> <span class='ocrx_word' id='word_1_729' title='bbox 2627 5001 2829 5055; x_wconf 89' lang='lat' dir='ltr'><strong>cultum</strong></span> <span class='ocrx_word' id='word_1_730' title='bbox 2877 5000 3152 5053; x_wconf 90' lang='lat' dir='ltr'><strong>horridum</strong></span> <span class='ocrx_word' id='word_1_731' title='bbox 3204 4997 3543 5067; x_wconf 68' lang='lat' dir='ltr'><strong>prceferebat.</strong></span> <span class='ocrx_word' id='word_1_732' title='bbox 3587 4998 3901 5052; x_wconf 75' lang='lat' dir='ltr'><strong>Extremum</strong></span> <span class='ocrx_word' id='word_1_733' title='bbox 3934 4998 4056 5068; x_wconf 85' lang='lat' dir='ltr'><strong>qni-</strong></span> 
     </span>
    </p>
   </div>
   <div class='ocr_carea' id='block_1_105' title="bbox 2473 5088 4055 5160">
    <p class='ocr_par' dir='ltr' id='par_1_105' title="bbox 2473 5088 4055 5160">
     <span class='ocr_line' id='line_1_105' title="bbox 2473 5088 4055 5160; baseline -0.003 -13"><span class='ocrx_word' id='word_1_734' title='bbox 2473 5094 2592 5148; x_wconf 89' lang='lat' dir='ltr'><strong>dem</strong></span> <span class='ocrx_word' id='word_1_735' title='bbox 2641 5092 2803 5145; x_wconf 90' lang='lat' dir='ltr'><strong>fuerit</strong></span> <span class='ocrx_word' id='word_1_736' title='bbox 2851 5090 2992 5160; x_wconf 89' lang='lat' dir='ltr'><strong>quod</strong></span> <span class='ocrx_word' id='word_1_737' title='bbox 3046 5090 3189 5155; x_wconf 90' lang='lat' dir='ltr'><strong>dico,</strong></span> <span class='ocrx_word' id='word_1_738' title='bbox 3247 5090 3411 5142; x_wconf 92' lang='lat' dir='ltr'><strong>animi</strong></span> <span class='ocrx_word' id='word_1_739' title='bbox 3458 5098 3638 5143; x_wconf 90' lang='lat' dir='ltr'><strong>tamen</strong></span> <span class='ocrx_word' id='word_1_740' title='bbox 3692 5088 3810 5157; x_wconf 88' lang='lat' dir='ltr'><strong>ejus</strong></span> <span class='ocrx_word' id='word_1_741' title='bbox 3867 5089 4055 5143; x_wconf 83' lang='lat' dir='ltr'><strong>virtuti</strong></span> 
     </span>
    </p>
   </div>
   <div class='ocr_carea' id='block_1_106' title="bbox 2473 5179 4056 5252">
    <p class='ocr_par' dir='ltr' id='par_1_106' title="bbox 2473 5179 4056 5252">
     <span class='ocr_line' id='line_1_106' title="bbox 2473 5179 4056 5252; baseline -0.004 -13"><span class='ocrx_word' id='word_1_742' title='bbox 2473 5182 2887 5252; x_wconf 68' lang='lat' dir='ltr'><strong>comprobanda:</strong></span> <span class='ocrx_word' id='word_1_743' title='bbox 2960 5181 3375 5250; x_wconf 68' lang='lat' dir='ltr'><strong>permaxinmm.</strong></span> <span class='ocrx_word' id='word_1_744' title='bbox 3465 5180 3601 5234; x_wconf 90' lang='lat' dir='ltr'><strong>Dum</strong></span> <span class='ocrx_word' id='word_1_745' title='bbox 3672 5179 3867 5235; x_wconf 87' lang='lat' dir='ltr'><strong>fratres</strong></span> <span class='ocrx_word' id='word_1_746' title='bbox 3930 5182 4056 5234; x_wconf 83' lang='lat' dir='ltr'><strong>sab-</strong></span> 
     </span>
    </p>
   </div>
   <div class='ocr_carea' id='block_1_107' title="bbox 2854 5271 4053 5298">
    <p class='ocr_par' dir='ltr' id='par_1_107' title="bbox 2854 5271 4053 5298">
     <span class='ocr_line' id='line_1_107' title="bbox 2854 5271 4053 5298; baseline 0 0"><span class='ocrx_word' id='word_1_747' title='bbox 2854 5272 3161 5298; x_wconf 62' lang='lat' dir='ltr'><strong>-s\n-\rl.\.-nu\\</strong></span> <span class='ocrx_word' id='word_1_748' title='bbox 3219 5271 3297 5298; x_wconf 64' lang='grc' dir='ltr'><strong>νη,</strong></span> <span class='ocrx_word' id='word_1_749' title='bbox 3348 5271 3475 5298; x_wconf 51' lang='grc' dir='ltr'><strong>ΡΛιιιίιι</strong></span> <span class='ocrx_word' id='word_1_750' title='bbox 3535 5284 3718 5298; x_wconf 61' lang='grc' dir='ltr'><strong>ηιΙΛΙ-ιιιὶ</strong></span> <span class='ocrx_word' id='word_1_751' title='bbox 3793 5285 3852 5298; x_wconf 70' lang='grc' dir='ltr'><strong>Δ-</strong></span> <span class='ocrx_word' id='word_1_752' title='bbox 3906 5287 4053 5298; x_wconf 54' lang='grc' dir='ltr'><strong>ηκηιιη</strong></span> 
     </span>
    </p>
   </div>
   <div class='ocr_carea' id='block_1_108' title="bbox 2678 5282 2799 5298">
    <p class='ocr_par' dir='ltr' id='par_1_108' title="bbox 2678 5282 2799 5298">
     <span class='ocr_line' id='line_1_108' title="bbox 2678 5282 2799 5298; baseline 0 0"><span class='ocrx_word' id='word_1_753' title='bbox 2678 5282 2799 5298; x_wconf 63' lang='lat' dir='ltr'><strong>unli-</strong></span> 
     </span>
    </p>
   </div>
  </div>
