4472 5522
761 290 869 345 275

1647 294 1928 351 JOANNIS
1968 293 2256 349 ABBATIS
2296 292 2353 346 S.
2396 289 2697 347 ARNULFI
2739 291 3077 347 METENsIS

3917 287 4026 342 276

752 417 909 457 muro
934 418 987 457 m
1014 402 1228 457 modum
1259 406 1425 459 castri
1456 404 1754 461 forinsecus
1780 415 1972 460 cuncta
2003 404 2340 460 circumdare
2367 404 2410 465 λ
2443 400 2953 471 alteroquodamcui
2974 399 4027 457 Guudelachvocabuluml'uitsibisocia-

752 494 993 548 animum
1031 494 1291 560 intendit;
1320 498 1483 565 quod,
1517 513 1672 567 opem
1699 500 1932 567 umlique
1954 498 2223 567 prmbente
2251 510 2341 549 eo-

751 584 872 638 dem
900 585 1189 639 venerabili
1241 587 1515 654 pontifice,
1560 598 1793 657 quatuor
1822 590 2093 644 mensibus
2129 588 2339 641 labora-

754 682 867 725 tum
899 688 1033 744 pene
1055 675 1122 729 ad
1152 690 1415 729 summam
1442 686 1585 731 esset
1616 678 1954 747 perductum,
1980 678 2080 731 nisi
2108 677 2340 731 infausta

754 764 903 832 regni
946 764 1229 827 dissensio,
1283 782 1401 834 qua:
1446 767 1585 821 inter
1626 769 1879 822 domuum
1923 777 1977 822 et
2022 768 2345 837 gloriosissio

752 872 921 919 mum,
958 865 1082 909 tunc
1112 858 1286 911 adhuc
1322 873 1501 930 regem
1545 860 1882 927 postmodum
1924 860 2201 923 Ccsarem,
2251 859 2345 915 Ot-

754 959 932 1004 tonem
961 959 1014 1002 et
1043 949 1210 1003 lilium
1242 951 1357 1019 ejus
1386 949 1679 1004 Liutull‘um
1723 958 1776 1004 et
1820 966 2077 1021 generum
2104 950 2344 1005 Cuonra-

754 1039 881 1091 dum
904 1049 1090 1093 exorta
1109 1038 1503 1110 (DCCCCLIII),
1522 1055 1690 1110 usque
1707 1041 1772 1094 ad
1789 1041 1965 1110 gentis
1982 1041 2212 1095 inimicae
2239 1041 2346 1094 Deo

756 1127 1062 1197 Ungrorum
1097 1131 1149 1183 in
1190 1146 1287 1185 nos
1320 1132 1657 1200 eruptionem
1692 1132 1919 1186 deseviit
1945 1131 2343 1202 (DCCCCLIV),

756 1219 1090 1288 impedisset.
1116 1221 1366 1276 Proxima
1387 1230 1566 1277 tamen
1582 1230 1712 1277 testa
1722 1232 1770 1278 te
1783 1222 2009 1279 Domino
2024 1231 2348 1293 coeperaute

754 1312 907 1366 ocius
932 1323 1231 1382 peractmn.

828 1402 916 1457 (i8.
958 1402 1201 1473 Cumque
1238 1405 1427 1459 borum
1470 1416 1625 1461 extra
1662 1414 1920 1477 perpetua
1969 1406 2352 1461 sollicitaretur

758 1508 910 1556 cura,
944 1494 1076 1549 nihil
1109 1505 1284 1549 tamen
1316 1498 1381 1551 de
1414 1496 1499 1552 his
1528 1514 1647 1568 quae
1676 1498 1758 1553 vel
1793 1499 1859 1553 ad
1883 1499 1989 1552 vite
2017 1498 2098 1553 vel
2124 1511 2352 1553 conver-

756 1582 983 1638 sationis
1015 1584 1303 1653 puritatem
1334 1585 1415 1649 vel
1452 1586 1517 1639 ad
1556 1586 1842 1656 pastoralis
1870 1586 2102 1641 solertia:
2127 1585 2354 1657 vigilan—

759 1673 888 1725 tiam
913 1674 1276 1742 pertinebant,
1302 1686 1387 1731 est
1412 1677 1700 1746 aliquando
1727 1679 2151 1747 przetermissum
2179 1719 2193 1743 ,
2222 1678 2349 1749 quin

2449 503 2523 551 to.
2552 492 2602 545 in
2633 494 3006 546 remotioribus
3026 492 3214 562 Vosagi
3238 492 3490 561 expetiit;
3512 491 3689 560 ibique
3719 490 3873 545 inilla
3893 492 4027 545 divi-

2448 599 2526 636 ure
2541 584 3007 652 contemplationis
3022 583 3303 644 suavitate,
3324 583 3515 636 acerba
3532 584 3690 635 admo
3713 583 3818 634 lum
3844 596 4027 651 corpo-

2447 676 2519 728 ris
2540 675 2912 744 caSIigatione,
2936 684 2991 729 et
3030 674 3226 728 mundo
3252 690 3396 738 vere,
3422 683 3481 727 ut
3507 675 3766 728 veratium
3790 674 3878 743 qui
3902 688 4026 727 eum

2447 778 2709 823 noverunt
2736 768 2835 822 fert
2869 768 3154 828 sententia.
3188 778 3450 830 mortuus,
3484 769 3667 821 decem
3706 776 3797 819 aut
3822 781 3885 820 eo
3910 781 4031 819 am-

2446 860 2586 928 plius
2629 876 2799 913 annos
2839 862 3076 929 exigens,
3128 860 3249 913 felix
3298 862 3545 922 decessit,
3600 870 3759 929 atque
3794 860 3845 913 in
3885 858 4030 925 ejus-

2448 950 2568 1005 dem
2596 950 2798 1004 cellula:
2828 966 2937 1004 sua:
2962 951 3197 1005 oratorio
3228 952 3294 1005 ab
3324 952 3510 1004 eodem
3553 952 3690 1003 solio
3734 966 3832 1003 suo
3855 990 3869 1010 ,
3914 948 4035 1002 viro

2446 1056 2597 1110 teque
2628 1042 2988 1104 sanctissimo,
3020 1042 3277 1112 sepultus,
3304 1042 3531 1095 eundem
3558 1042 3625 1096 ibi
3656 1041 3873 1109 reliquit
3912 1040 4034 1093 vita:

2449 1132 2529 1185 vel
2563 1147 2739 1185 rerum
2764 1134 3209 1202 paupercularmn
3241 1134 3515 1187 heredem.

2518 1225 2604 1278 70.
2645 1224 2814 1280 Porro
2845 1226 3010 1279 isdem
3044 1228 3211 1279 sotius
3236 1227 3351 1294 ejus
3388 1241 3453 1280 ex
3488 1226 3815 1280 monasterio
3866 1224 4033 1278 Fulda

2449 1314 2573 1369 olim
2606 1327 2751 1369 retro
2778 1325 2903 1370 ante
2934 1317 3239 1386 complures
3270 1334 3439 1371 annos
3484 1316 3613 1369 (lore
3638 1315 3858 1383 juvenili
3902 1330 4035 1368 con-

2450 1407 2688 1471 Spicuus,
2722 1406 2969 1461 Treveris
3008 1408 3146 1477 apud
3179 1408 3434 1461 Sanctum
3468 1408 3815 1461 Maximinum
3848 1407 3939 1441 ¹⁸⁹¹
3968 1406 4039 1459 ob

2453 1497 2713 1566 insignem
2750 1498 3021 1566 religionis
3054 1499 3516 1551 conversationem
3564 1498 4036 1565 commigravcrat.

2455 1590 2655 1643 Deinde
2710 1590 2889 1642 domui
2954 1588 3197 1659 Eginoldi
3263 1589 3404 1641 fama
3468 1603 3729 1642 accensus
3790 1586 4039 1640 Gorziam

2457 1681 2699 1745 veniens,
2733 1681 2782 1732 ei
2819 1680 3121 1733 individuus
3148 1678 3261 1733 fere
3294 1694 3474 1733 comes
3520 1693 3615 1747 per
3650 1678 3849 1745 aliquot
3904 1686 4043 1729 tem-

758 1763 959 1817 cotidie
989 1764 1204 1819 solitum
1250 1779 1474 1835 pensum
1517 1768 1843 1831 orationum,
1896 1769 2226 1837 psalmorum
2267 1766 2351 1822 vel
2387 1768 2423 1826 Β
2455 1788 2553 1842 pus
2602 1772 2828 1833 adhesii,
2870 1772 3037 1825 donec
3090 1770 3279 1825 eodem
3326 1768 3566 1836 iubente,
3621 1784 3741 1821 cum
3790 1766 4047 1835 pmdicio

758 1852 1050 1909 lectionum
1102 1865 1410 1911 sanctarum
1452 1859 1712 1927 expleret.
1760 1858 2022 1913 Omnibus
2065 1858 2349 1911 dominicis

761 1955 815 1999 et
846 1944 1228 2001 festivitatibus
1255 1959 1565 2003 sanctorum
1603 1948 1991 2003 celebrioribus
2024 1949 2220 2001 missas
2248 1962 2351 2015 pu-

758 2036 898 2092 blice
928 2036 1082 2091 dixit.
1138 2038 1218 2091 Ad
1249 2039 1349 2093 hoc
1386 2054 1489 2091 una
1521 2053 1735 2109 quaque
1766 2048 1959 2107 quarta
2006 2037 2137 2091 feria
2182 2038 2354 2104 priva-

760 2129 879 2181 tim.
920 2127 979 2182 ln
1004 2130 1209 2197 'quibus
1247 2130 1463 2197 quantis
1492 2128 1781 2197 gemitibus
1820 2138 1874 2182 et
1904 2128 2247 2181 lacrimarum
2277 2124 2357 2178 vi-

760 2219 942 2273 ctimis
966 2233 1024 2273 se
1049 2219 1221 2287 ipsum
1258 2217 1571 2282 conﬁceret,
1599 2232 1665 2272 ne
1689 2217 1875 2272 referri
1910 2217 2124 2287 quidem
2151 2224 2353 2285 potest;

760 2318 817 2360 et
848 2317 905 2360 ut
932 2306 1255 2361 ﬁducialiter
1300 2305 1543 2371 eﬂ‘eram,
1590 2306 1641 2360 in
1678 2306 1977 2361 visceribus
2021 2306 2253 2375 piaetatis
2302 2313 2358 2359 et

763 2396 1112 2467 simplicitate
1158 2398 1338 2451 cordis
1376 2406 1429 2449 et
1473 2397 1886 2450 mansuetudine
1930 2396 2116 2459 animi,
2158 2395 2358 2449 conde-

762 2492 1051 2547 scensione
1098 2493 1434 2547 inlirmorum
1461 2532 1475 2555 ,
1528 2490 1864 2545 recreatione
1910 2490 2264 2553 miserorum,
2309 2496 2364 2543 et

762 2584 1015 2640 onmibus
1044 2585 1264 2639 omnino
1289 2583 1673 2637 misericordia:
1702 2582 1913 2636 actibus
1933 2622 1947 2645 ,
1982 2596 2089 2635 non
2119 2582 2258 2635 alter
2299 2597 2364 2635 eo

765 2673 869 2729 fuit
909 2675 1274 2745 pnestantior.
1324 2672 1379 2726 ln
1413 2674 1496 2726 his
1533 2674 1598 2726 16
1637 2686 1901 2725 annorum
1932 2673 2138 2725 exactis
2164 2670 2364 2725 labori-

765 2768 890 2830 bus,
910 2766 962 2819 in
985 2774 1187 2820 sancta:
1208 2762 1624 2833 perseverantia:
1646 2761 1752 2815 ﬁne
1777 2775 1993 2815 cursum
2019 2774 2363 2825 consumans,

765 2857 940 2928 pridie
1004 2855 1303 2910 nativitatis
1363 2854 1535 2908 beata:
1596 2852 1689 2907 Dei
1751 2851 2028 2922 genitricis
2106 2850 2369 2906 decedens

769 2948 1109 3021 (DCCCCLX
1140 2948 1280 3018 Sept.
1323 2948 1401 3015 7),
1432 2948 1485 3000 in
1511 2954 1863 3000 monumento
1903 2961 1933 2999 a
1980 2960 2038 2999 se
2079 2943 2189 3012 jam
2241 2944 2367 2998 olim

768 3040 928 3109 longe
969 3050 1114 3095 retro
1156 3056 1184 3093 a
1234 3039 1424 3108 primis
1450 3038 1606 3091 annis
1633 3036 2019 3106 sui-regiminis
2047 3044 2368 3104 prmparato,

770 3133 1004 3203 plurima
1058 3132 1375 3185 devotor-um
1414 3129 1655 3182 virorum
1697 3126 1996 3195 frequentia
2030 3166 2044 3190 ,
2085 3124 2283 3179 domno
2320 3133 2375 3177 et
2402 3106 2448 3170 α

772 3219 1069 3276 venerabili
1106 3218 1351 3273 antistite
1399 3216 1737 3271 Adelberone
1784 3230 1979 3269 munus
2021 3214 2372 3282 exequiarum

774 3311 1047 3382 explente,
1075 3312 1353 3381 depositus
1375 3319 1459 3364 est
1483 3323 1551 3364 ex
1574 3318 1730 3379 parte
1769 3307 2005 3363 basilicae
2049 3305 2375 3376 aquilonari,

776 3418 920 3457 anno
959 3402 1168 3457 Domini
1206 3400 1329 3456 960.

850 3493 938 3549 (i9.
998 3492 1209 3547 Sancta.-
1250 3491 1509 3545 Metensis
1532 3488 1791 3545 'rcclesize
1817 3489 2230 3545 archidiaconus
2275 3488 2381 3543 Bli-

778 3585 957 3641 dulfus
996 3584 1107 3655 jam
1157 3584 1208 3638 in
1258 3596 1515 3652 processu
1548 3582 1647 3636 loci
1688 3581 1893 3636 eisdem
1930 3580 2071 3635 servi
2129 3580 2221 3636 Dei
2271 3594 2379 3634 non

779 3678 900 3733 sine
948 3689 1142 3746 magno
1195 3674 1490 3727 multorum
1539 3672 1798 3727 miraculo
1838 3672 2075 3726 sociatus
2122 3680 2224 3725 est.
2289 3669 2384 3724 Vir

782 3767 929 3821 enim
961 3774 1161 3820 cumet
1193 3763 1477 3818 nobilitate
1504 3762 1719 3832 generis
1762 3774 1816 3816 et
1857 3777 2035 3816 rerum
2077 3763 2230 3831 copia
2272 3776 2379 3814 non

781 3858 1041 3913 mediocri
1093 3856 1282 3920 fultus,
1329 3864 1383 3908 et
1437 3855 1604 3907 multa
1646 3854 1702 3907 in
1741 3867 2138 3922 quamcumque
2175 3861 2383 3922 partem

783 3961 901 4007 arte
928 3952 1093 4005 animi
1134 3949 1357 4012 callens,
1408 3948 1764 4017 prudentiane
1811 3963 1876 4003 ea
1925 3949 2150 4003 dicenda
2198 3950 2268 4004 sit
2316 3963 2385 4001 an

783 4044 1007 4107 astutia,
1053 4043 1120 4095 ad
1160 4043 1261 4096 hoc
1302 4052 1355 4093 et
1396 4040 1700 4093 litterarum
1728 4046 1941 4092 ceteros
1968 4038 2085 4108 ejus
2112 4038 2212 4092 loci
2244 4052 2385 4107 pra:—

786 4139 893 4191 irct
942 4136 1190 4199 scientia,
1230 4134 1427 4203 quippe
1472 4132 1563 4201 qui
1595 4145 1661 4185 cx
1692 4130 1853 4184 scolis
1890 4130 2066 4184 adhuc
2105 4138 2387 4198 supererat

790 4226 1044 4297 Remigii,
1083 4235 1196 4279 tum
1235 4223 1571 4279 secularihus
1613 4222 1684 4276 ita
1717 4222 1928 4277 deditus
1975 4221 2276 4283 videbatur,
2331 4230 2389 4274 ut

788 4320 879 4373 vix
910 4317 1229 4387 cujusquam
1277 4316 1329 4369 in
1380 4330 1445 4368 eo
1489 4312 1764 4382 religionis
1800 4312 2029 4381 vestigia
2062 4312 2385 4365 viserentur.

792 4412 839 4465 Is
872 4419 930 4463 ut
970 4409 1169 4463 dicitur
1206 4406 1395 4460 inorbo
1436 4412 1654 4474 repente
1678 4412 1995 4473 praereptus,
2026 4402 2389 4457 venerabilem

794 4501 1077 4556 l'linoldurn
1143 4500 1305 4553 citius
1354 4498 1645 4561 advocans,
1706 4496 2030 4550 monachum
2083 4495 2387 4563 protitetur.

794 4594 1102 4661 Statimque
1130 4589 1373 4645 habitum
1397 4602 1633 4650 sumens,
1662 4601 1787 4656 eger
1814 4585 2143 4639 monasterio
2170 4583 2391 4638 devehi-

796 4696 905 4755 tur,
938 4700 1001 4741 ac
1030 4695 1149 4756 post
1178 4698 1379 4752 paucos
1408 4682 1522 4735 dies
1554 4682 1763 4750 integer
1792 4678 1900 4733 Deo
1932 4677 2167 4748 propitio
2215 4676 2398 4731 reddi—

797 4790 886 4834 tus
922 4778 1037 4843 ¹⁸⁹¹,
1077 4776 1273 4831 mentis
1322 4773 1543 4829 meliore
1584 4772 1894 4843 integritate
1941 4770 2067 4824 l'elix
2106 4779 2161 4825 et
2213 4768 2394 4823 multis

800 4870 1051 4938 deinceps
1074 4866 1321 4936 exemplo
1348 4864 1562 4918 futurus
1585 4861 1878 4917 convaluit.
1918 4862 2096 4930 Atque
2121 4862 2171 4913 in
2204 4867 2392 4914 sancta

800 4964 1211 5019 conversatione
1246 4966 1359 5016 l‘ere
1403 4958 1627 5014 inferior
1670 4956 1800 5011 nulli
1853 4956 2117 5027 apparuit.
2178 4954 2226 5010 ls
2274 4962 2395 5024 post

803 5058 983 5127 plures
1012 5070 1181 5111 annos
1204 5053 1395 5123 majori
1420 5053 1599 5110 calore
1628 5050 1841 5105 virtutis
1864 5058 2056 5111 tactus,
2090 5048 2391 5110 heremum,

2453 1860 2740 1916 venerabili
2765 1859 3014 1923 Blidulfo,
3047 1859 3098 1912 in
3132 1859 3462 1912 monasterio
3501 1858 3671 1911 sancti
3708 1856 3809 1906 viri
3842 1852 4048 1922 Ogonis

2455 1953 2630 2024 magni
2672 1961 2727 2006 et
2769 1952 3008 2017 prmelari
3065 1952 3216 2017 prius
3254 1949 3304 2001 in
3357 1947 3555 2002 Sancto
3610 1948 3904 2001 Maximino
3944 1948 4047 2001 ab—

2455 2041 2596 2094 batis
2626 2038 2795 2109 (590),
2830 2048 2883 2092 et
2908 2046 3029 2106 post
3053 2037 3396 2093 Lcodicensis
3412 2038 3669 2093 mcclesim
3690 2038 3890 2108 egregii
3917 2053 4051 2105 pon-

2459 2129 2618 2183 tilieis
2645 2128 2811 2197 (591),
2835 2128 3130 2198 delegatus.
3157 2136 3274 2196 post
3295 2126 3501 2181 obitum
3527 2127 3887 2197 ipsiusdoumi
3904 2125 4047 2194 Ogo-

2460 2220 2541 2274 nis
2562 2220 2773 2287 utrique
2792 2218 2913 2273 inde
2928 2217 3175 2273 Gorziam
3194 2218 3445 2287 regressi.
3464 2234 3585 2272 mox
3605 2217 3751 2271 brevi
3774 2217 3838 2269 ad
3855 2232 3916 2271 ea
3931 2231 4053 2286 quae

2462 2309 2684 2379 przedixi
2728 2309 2932 2363 heremi
2981 2308 3271 2361 remotiora
3321 2309 3434 2376 pari
3476 2322 3742 2361 consensu
3778 2306 3872 2337 ⁸⁵⁸³
3904 2320 4053 2359 sece-

2462 2402 2615 2463 dunt,
2648 2409 2703 2453 et
2730 2408 2789 2453 ut
2815 2399 3016 2452 dictum
3050 2408 3133 2452 est
3156 2438 3170 2461 ,
3214 2399 3313 2468 ipsi
3365 2399 3564 2452 domno
3601 2396 3833 2451 Blidulfo
3864 2411 4054 2451 succe-

2467 2493 2617 2556 dcus,
2646 2492 2893 2547 locellum
2925 2492 3098 2562 ipsum
3130 2506 3299 2559 usque
3346 2491 3397 2543 in
3445 2489 3605 2542 linem
3650 2489 3773 2542 vita:
3806 2486 4051 2551 incoluit,

2466 2584 2823 2651 doctrinaque
2871 2591 2926 2635 et
2970 2581 3095 2635 vitae
3117 2582 3351 2650 puritate
3380 2578 3562 2633 clarus
3590 2577 3787 2631 ibidem
3825 2575 4053 2646 quievit.

2540 2673 2628 2725 7|.
2695 2671 3051 2725 Virdunensis
3120 2671 3282 2723 etiam
3328 2667 3586 2721 meclesize
3641 2666 3724 2719 vir
3773 2665 4056 2734 religiosus

2469 2761 2621 2818 Isaac
2665 2762 2720 2815 in
2767 2761 2873 2815 vita
2918 2758 3179 2813 canonica
3229 2757 3360 2811 satis
3403 2756 3657 2809 decenter
3680 2762 4058 2816 conversatus,

2465 2851 2577 2921 jam
2602 2850 2808 2906 canicie
2858 2849 2971 2919 ipsa
3006 2846 3371 2911 reverendus,
3420 2859 3543 2898 cum
3590 2844 3697 2897 alio
3744 2842 3895 2896 bona:
3919 2841 4058 2910 spei,

2478 2953 2604 2998 tunc
2624 2940 2841 3007 juniore
2869 2952 3010 2992 nunc
3037 2935 3263 2989 Domino
3295 2933 3702 3003 auspicabiliter
3728 2930 4062 2999 provehente

2478 3034 2718 3105 ejusdem
2801 3030 2975 3085 sancti
3059 3027 3267 3095 collegii
3352 3035 3503 3094 patre
3536 3065 3551 3089 ,
3635 3025 3832 3077 dmuuo
3896 3020 4063 3075 Odol-

2479 3129 2633 3182 berto
2660 3124 2832 3195 (592),
2877 3125 2989 3176 fere
3019 3129 3139 3191 post
3167 3121 3300 3174 duos
3330 3133 3491 3186 quam
3523 3116 3769 3185 superior
3798 3111 4065 3167 Blidnlhrs

2479 3226 2701 3272 venerat
2731 3230 2901 3269 annos
2930 3220 3213 3280 susceptus
3240 3218 3342 3263 est.
3382 3208 3591 3276 Quique
3619 3217 3676 3259 ut
3708 3214 3824 3259 erat
3855 3218 4064 3273 magna:

2478 3307 2840 3379 simplicitatis
2864 3315 2919 3359 et
2952 3312 3095 3357 totus
3125 3300 3475 3355 interioribus
3497 3298 3690 3351 animte
3726 3296 3883 3348 bonis
3909 3293 4063 3347 dedi-

2482 3411 2589 3463 tus,
2622 3400 2738 3454 sine
2763 3396 2981 3467 querela
3011 3403 3065 3449 et
3114 3389 3553 3446 innocentissima
3590 3386 3802 3441 actione
3840 3397 4067 3436 conver-

2481 3499 2650 3554 satus,
2679 3489 2841 3543 etiam
2874 3486 3034 3539 ﬁnem
3071 3483 3157 3538 sui
3202 3482 3385 3535 divino
3421 3477 3634 3533 'meruit
3683 3476 3934 3547 prmscire
3981 3489 4069 3527 re.

2482 3598 2698 3653 sponso.
2730 3576 3143 3647 Quiescentibus
3170 3588 3402 3643 namque
3430 3574 3660 3641 quadam
3693 3579 3850 3623 nocte
3882 3566 4068 3620 fratri—

2483 3676 2583 3730 bus
2614 3673 2844 3727 domnus
2892 3667 3144 3723 Einoldns
3175 3664 3423 3735 vigilans,
3462 3668 3681 3730 repente
3719 3674 3905 3712 vocem
3938 3672 4067 3725 pru-

2485 3768 2647 3819 dueto
2678 3778 2811 3817 sono
2845 3770 2925 3814 tcr
2953 3758 3333 3811 iuclamantem
3382 3752 3589 3807 audivit
3639 3750 3718 3804 sic
3773 3766 3785 3800 :
3838 3766 3855 3796 ι
3894 3746 4068 3807 Isaac.

2485 3859 2654 3922 lsaae,
2686 3856 2861 3910 Isaac!
2897 3872 2913 3904 ι
2950 3852 3051 3918 Qui
3080 3848 3173 3881 ””
3196 3864 3316 3903 cum
3346 3860 3501 3899 mane
3533 3843 3719 3896 eodem
3748 3840 3919 3894 accito
3949 3838 4074 3890 linis

2487 3951 2568 4006 Sui
2618 3964 2741 4003 eum
2792 3949 3159 4000 commoneret
3186 3978 3200 4003 ,
3232 3948 3286 3991 et
3331 3935 3455 4004 quid
3508 3932 3743 3985 audisset
3788 3929 4068 3982 ediceret:

2494 4060 2512 4091 ς
2549 4041 2609 4094 Et
2640 4053 2761 4109 ego,
2796 4034 2979 4105 inquid
3014 4032 3125 4097 ille,
3153 4028 3370 4083 easdem
3416 4040 3575 4079 voces
3626 4021 3802 4076 audivi
3832 4030 3887 4074 et
3914 4034 4075 4073 voca-

2490 4134 2690 4186 tionem
2716 4142 2889 4182 meam
2921 4124 3109 4178 adesse
3137 4132 3421 4189 cognosco.
3457 4136 3475 4167 ι
3512 4116 3640 4169 Ilico
3672 4122 3850 4167 autem
3883 4111 4076 4164 inorbo

2493 4231 2688 4285 tactus,
2734 4217 2883 4273 brevi
2932 4212 3181 4269 decessit.
3228 4210 3301 4263 De
3351 4208 3433 4261 his
3482 4207 3662 4275 igitur,
3693 4203 3783 4273 qui
3811 4201 4079 4270 quodam-

2491 4312 2651 4367 modo
2679 4306 3063 4364 eminentiores
3106 4301 3158 4355 in
3208 4314 3270 4352 ea
3320 4294 3734 4366 congregatione
3765 4292 4074 4360 viguerunt,

2492 4405 2582 4458 hic
2627 4408 3079 4456 commemorasse
3127 4389 3377 4451 sufﬁciat,
3412 4402 3517 4439 non
3549 4384 3692 4453 quod
3741 4380 3923 4435 omnia
3955 4393 4079 4446 qua:

2496 4496 2660 4564 digna
2690 4496 2988 4545 memoratu
3022 4491 3205 4538 essent
3252 4480 3317 4533 de
3364 4479 3443 4531 eis
3490 4476 3631 4528 dicta
3661 4474 3786 4533 sint,
3823 4486 3943 4526 cum
3975 4469 4079 4521 uti-

2492 4562 2595 4656 quc
2624 4585 2691 4638 de
2721 4580 2933 4650 singulo
2968 4589 3183 4645 quoque
3220 4585 3407 4625 eorum
3452 4566 3728 4637 proprium
3757 4562 3922 4656 condi
3954 4576 4079 4629 pos-

2494 4653 2564 4732 sit
2596 4674 2866 4729 volumen.
2916 4668 3022 4721 Sed
3048 4676 3102 4719 et
3130 4661 3346 4732 plurimi
3394 4657 3543 4729 (595)
3592 4656 3642 4709 in
3670 4653 3859 4708 eodem
3889 4660 4083 4706 sancto

2495 4765 2718 4835 collegio
2750 4772 3064 4829 magnarum
3095 4756 3346 4806 virtutum
3380 4749 3477 4802 viri
3508 4747 3819 4805 extiterunt,
3852 4740 3941 4810 qui
3974 4756 4083 4793 me-

2499 4834 2679 4915 rito‘m
2707 4851 3009 4922 exemplum
3059 4846 3273 4914 scriptis
3320 4850 3373 4895 et
3418 4839 3665 4893 laudibus
3713 4834 3971 4891 oll‘erendi
4002 4847 4081 4885 cs-

2530 4959 2640 5005 ent.

2500 4968 2640 5007 sel".

2571 5038 2658 5090 ⁸72.
2701 5032 2805 5088 Sed
2838 5046 2866 5083 a
2915 5025 3187 5098 propOsito
3213 5066 3227 5087 ,
3272 5038 3381 5093 quo
3412 5018 3719 5090 aliquandiu
3769 5014 3957 5071 divulsi
4000 5029 4082 5067 su-

2199 5180 2433 5236 VARl/E
2475 5166 2878 5234 LECTIONES.

884 5312 969 5344 ¹⁵⁹¹
1003 5312 1231 5363 secunda
1288 5310 1474 5363 iterum
1532 5322 1716 5361 ntauus
1781 5302 1980 5373 incipit.

812 5382 907 5418 ιόδ
934 5382 1073 5449 Quid
1104 5399 1148 5434 ε.

2131 5299 2223 5330 ¹³⁹²
2256 5296 2550 5353 maximum
2604 5306 2649 5341 c.
2706 5286 2804 5369 bis.

2952 5277 3045 5311 "’3
3075 5277 3197 5329 hinc
3234 5276 3403 5344 prima
3434 5286 3619 5325 manus
3652 5270 3841 5322 iterum
3885 5269 4079 5339 incipit.

2346 5430 2576 5489 NOTAE.
