4472 5522
399 278 503 330 277

1283 278 1367 330 1)Ιέ
1416 277 1565 330 ιἰιΑ
1609 277 1892 332 JUANNIS
1932 278 2221 334 ABBATIS
2260 279 2691 334 GORZIENSIS.

3553 272 3656 326 978

403 390 672 457 mus,jam
699 388 933 457 quodam
960 389 1194 441 clamore
1221 404 1552 444 revocamur.
1583 390 1733 445 Unde
1755 391 1839 443 his
1863 406 1979 457 qm:
2013 391 2055 447 Λ
2091 393 2394 456 ιιιινιέἱςριτξι,
2427 393 2776 446 nihilominus
2826 376 3001 445 tamen
3036 391 3145 460 ipse
3175 397 3365 444 cuneta
3398 405 3567 458 usque
3594 394 3660 445 ad

390 480 658 549 pimtcriti
688 478 965 548 indignum
996 479 1304 533 censuimus
1327 481 1580 546 evpediti,
1608 480 1672 533 ad
1702 481 1797 533 viri
1830 496 1981 533 vene-

404 568 589 623 rabilis
634 568 858 622 Joannis
906 579 1048 630 acta,
1090 570 1170 621 cui
1208 570 1293 622 hic
1343 572 1553 638 proprie
1601 572 1756 625 stilus
1802 572 1979 632 sudat,

407 660 633 713 Domino
685 659 1108 712 miserirorditer
1153 671 1428 728 prmeuntc
1477 664 1809 715 rccedanuis.
1867 661 1981 713 Pri-

406 767 551 805 mum
581 767 699 820 qua)
722 751 768 803 ei
802 750 1067 804 institutio
1095 754 1523 805 conversationis
1551 762 1604 805 et
1628 753 1791 805 animi
1817 754 1987 805 virtus

407 843 512 895 fixa
546 844 611 895 ah
643 842 773 911 ipsis
806 843 1083 911 principiis
1130 843 1180 896 in
1232 842 1389 896 finem
1436 859 1604 910 usque
1632 844 1789 895 ductu
1823 843 1988 895 mati-

407 950 514 987 nuo
544 932 666 995 fuit,
700 943 757 985 ut
809 933 859 986 in
895 946 1141 986 neutram
1183 945 1388 1002 partem
1436 934 1664 987 mirabili
1698 934 1876 1003 vigore
1902 935 1991 989 de—

407 1022 639 1085 ﬂexerit,
671 1022 721 1075 in
756 1024 987 1090 quadam
1040 1023 1199 1076 veluti
1259 1024 1406 1077 brevi
1457 1024 1645 1076 tabella
1685 1024 1991 1078 describere

409 1114 588 1180 Cupio.
642 1112 795 1178 Quod
850 1114 989 1166 sicut
1041 1129 1068 1165 a
1124 1128 1208 1165 me
1254 1114 1456 1182 expleri
1505 1129 1661 1181 posse
1712 1131 1817 1167 non
1863 1116 1990 1167 mihi

408 1220 633 1274 prorsus
659 1206 1025 1275 arrogaverim
1049 1247 1062 1269 ,
1115 1207 1187 1260 ita
1237 1209 1332 1270 vix
1360 1224 1447 1259 um
1474 1223 1611 1273 ,uam
1644 1225 1671 1261 a
1701 1224 1990 1276 quoquam.

410 1296 657 1361 quamvis
703 1295 1091 1349 dissertissimo
1115 1337 1128 1357 ,
1177 1298 1425 1351 estimem
1455 1298 1855 1367 comprehendi.
1890 1298 1997 1352 Nec

412 1401 539 1439 vero
570 1388 783 1454 penitus
817 1388 1151 1441 reticendum
1173 1429 1187 1449 ,
1233 1405 1298 1441 ne
1337 1389 1451 1457 ipsa
1485 1405 1645 1458 parva
1676 1405 1794 1458 quzc
1824 1391 1997 1443 dicen-

414 1488 519 1539 tur,
545 1478 587 1531 si
616 1480 767 1547 pigro
796 1480 1013 1531 sudario
1038 1478 1398 1544 defodiantur,
1427 1494 1562 1549 quos
1590 1490 1808 1551 possent
1835 1480 1999 1535 lueris

412 1572 701 1626 dominicis
733 1574 1078 1627 subtrahunt.

488 1706 883 1776 Subjet-tionem
918 1710 1054 1777 patri
1095 1721 1147 1763 et
1184 1710 1545 1764 obedientiam
1592 1719 1737 1763 tanta
1770 1710 2003 1779 pertina-

414 1796 490 1848 tia
530 1798 720 1857 tenuit,
751 1806 806 1848 ut
834 1797 1091 1865 quicquid
1132 1799 1296 1852 semel
1326 1814 1418 1852 ore
1453 1800 1536 1851 ille
1572 1799 1843 1868 imperans
1874 1801 2007 1853 rmi-

417 1885 579 1939 sisset
606 1927 619 1949 ,
671 1886 755 1938 hic
779 1926 793 1949 ,
839 1896 1110 1954 tamquam
1158 1886 1387 1941 famulus
1425 1890 1705 1942 verberum
1741 1898 2003 1953 metuens,

419 1981 540 2033 sine
561 1981 819 2033 dilatione
851 1983 1137 2047 arriperet.
1171 1982 1235 2035 Et
1265 1982 1315 2034 in
1348 1983 1475 2050 ipsis
1499 1985 1680 2036 statim
1709 1982 2006 2051 principiis,

421 2076 548 2124 dum
577 2082 730 2141 pater
765 2070 1023 2123 Einoldns
1051 2070 1256 2124 credito
1287 2073 1385 2122 sibi
1428 2075 1690 2140 regimine
1723 2075 1821 2124 loci
1858 2075 2010 2127 velte-

420 2172 635 2215 mentcr
663 2173 971 2229 angeretur,
1002 2162 1045 2213 si
1092 2161 1191 2214 sibi
1230 2161 1502 2214 exteriora
1535 2162 1772 2214 curanda
1805 2170 2009 2224 essent,

419 2256 511 2321 qui
544 2254 697 2323 longe
726 2254 831 2307 alia
853 2255 1030 2306 divine
1056 2253 1436 2321 speculationis
1458 2253 1841 2315 meditabatur,
1871 2254 2009 2306 idem

421 2347 651 2399 domnus
697 2344 973 2399 Johannes
1020 2346 1067 2398 ei
1118 2346 1381 2399 accedens
1425 2364 1437 2397 :
1477 2364 1493 2395 ι
1531 2344 1644 2398 Non
1678 2346 1895 2407 hormn,
1927 2346 2014 2399 do-

424 2437 591 2497 mine,
625 2434 832 2504 inquid.
866 2451 994 2487 cura
1027 2435 1414 2499 sollicitetnitti,
1445 2450 1573 2504 ergo
1607 2436 1707 2488 hoc
1734 2450 1829 2487 vos
1871 2433 2015 2488 fasce

427 2527 636 2580 levabo.
669 2526 1023 2581 lnteriorihns
1052 2537 1286 2589 tantum,
1326 2536 1381 2580 ιιι
1410 2528 1625 2595 cupitis,
1660 2527 1898 2579 animmn
1934 2526 2017 2579 in-

430 2618 635 2672 tendite
662 2634 675 2681 ;
713 2619 968 2686 quicquid
996 2622 1323 2671 exteriorum
1355 2629 1457 2683 est,
1491 2633 1590 2686 ego
1618 2617 1817 2671 Christi
1844 2616 2014 2685 gratia

426 2719 482 2763 et
510 2709 717 2764 meritis
748 2711 943 2764 vestris
988 2710 1202 2779 adjutus
1252 2711 1381 2763 mihi
1429 2710 1781 2778 susceperim.
1818 2728 1835 2758 ι
1881 2706 2012 2760 Cmn

430 2800 611 2866 itaque
640 2801 711 2853 ita
737 2800 915 2855 omnia
941 2802 987 2853 ei
1014 2800 1365 2861 commiserit,
1388 2811 1442 2852 et
1465 2800 1577 2867 ipse
1610 2816 1661 2851 in
1679 2798 1916 2851 solol)eo
1932 2811 2017 2848 va-

428 2892 695 2944 cationem
718 2892 1095 2961 assumpserit,
1121 2907 1224 2944 non
1252 2900 1431 2944 tamen
1464 2892 1590 2959 quid
1616 2905 1871 2958 umquam
1904 2904 2018 2957 par-

431 2996 555 3031 vum
588 2980 669 3034 vel
698 2980 871 3049 majus
905 2982 1044 3035 idem
1077 2982 1308 3035 domnus
1356 2979 1629 3034 Johannes
1674 2980 1776 3033 nisi
1806 2994 1871 3033 eo
1897 2994 2017 3033 con-

432 3069 548 3122 scio
584 3077 677 3122 aut
709 3070 933 3123 consilio
985 3068 1101 3137 ejus
1151 3079 1205 3125 et
1252 3070 1525 3123 voluntate
1556 3070 1683 3139 egit.
1732 3070 1795 3122 Et
1826 3068 2017 3123 hormu

434 3160 551 3230 ipse
572 3161 799 3216 domnus
827 3162 1107 3225 Einoldus,
1134 3163 1177 3215 si
1210 3164 1424 3231 quando
1453 3162 1524 3215 ita
1558 3162 1839 3223 intererat,
1870 3160 2020 3213 testis

434 3261 553 3306 erat
584 3270 596 3304 :
632 3271 649 3302 ι
680 3250 1001 3321 Numquam,
1038 3252 1307 3320 inquiens,
1355 3252 1485 3305 mihi
1530 3252 1869 3306 inobmdiens
1902 3251 2017 3313 fuit,

437 3359 540 3398 nec
578 3343 680 3398 fuit
727 3345 1036 3413 aliquando,
1070 3345 1160 3415 qui
1202 3359 1287 3399 me
1317 3353 1370 3399 et
1399 3344 1547 3398 illum
1576 3344 1628 3397 in
1658 3358 1842 3413 pacem
1875 3343 2026 3397 redu-

438 3444 606 3489 ceret.
644 3454 662 3486 ι

512 3568 602 3621 75.
655 3566 765 3623 Nec
814 3568 1023 3623 destitit
1072 3571 1307 3639 prudens
1352 3578 1408 3623 et
1452 3584 1615 3640 sagax
1666 3569 1718 3622 in
1766 3569 2029 3623 utramvis

442 3667 652 3726 partem
705 3657 934 3712 domnus
978 3658 1233 3713 Einoldus
1309 3674 1431 3713 enm
1487 3660 1718 3713 diversis
1773 3671 2029 3712 exercere

444 3748 852 3801 mutationibus.
909 3748 1041 3802 Nam
1101 3750 1417 3818 plerumque
1469 3748 1536 3803 ab
1576 3748 1936 3815 exterioribus
1965 3748 2031 3801 de

444 3838 708 3891 industria
740 3854 865 3893 eum
918 3855 1177 3893 revocans
1206 3840 1270 3892 ad
1302 3840 1582 3903 interiora,
1609 3839 1772 3893 etiam
1805 3839 1871 3891 ad
1906 3838 2028 3891 infi-

444 3946 591 3983 mum
623 3929 874 3999 quodque
900 3931 1116 3985 reduxit
1149 3930 1405 3994 cilicium,
1436 3931 1487 3984 in
1524 3946 1632 3998 quo
1662 3945 1727 3982 ne
1755 3938 1884 3983 nutu
1914 3929 2031 3997 qui-

442 4022 563 4076 dem
592 4023 880 4092 aliquando
912 4024 1061 4078 visus
1102 4033 1179 4077 est
1215 4024 1478 4078 renuisse.
1532 4022 1723 4076 Jussus
1772 4021 2032 4090 praeposi-

443 4123 549 4175 tus,
580 4123 735 4182 paret
772 4115 1052 4168 continuo.
1108 4115 1465 4184 Przepositura
1494 4114 1761 4181 deposita,
1788 4121 1906 4167 esto
1938 4113 2031 4164 de-

442 4208 646 4261 canus!
673 4207 861 4277 jugum
893 4208 1108 4275 quietus
1129 4208 1384 4261 admittit.
1418 4207 1494 4260 Eo
1518 4207 1725 4267 abiens,
1753 4203 2033 4259 cellarium

449 4299 609 4351 cura!
648 4314 867 4351 manum
913 4298 1041 4351 ilico
1070 4298 1294 4367 profert.
1328 4297 1450 4351 Alio
1478 4296 1547 4349 ibi
1572 4295 1915 4357 succedente,
1946 4308 2036 4347 ve-

446 4399 558 4443 stes
588 4387 815 4443 fratrum
845 4404 1005 4443 serva
1032 4390 1043 4441 ι
1076 4388 1246 4442 nihilo
1276 4388 1394 4456 plus
1428 4387 1742 4442 reluctatur.
1787 4385 1879 4441 Sic
1905 4387 2035 4440 hos-

444 4479 647 4548 pitibus
674 4520 689 4542 ,
737 4479 817 4533 sic
866 4479 909 4533 si
960 4479 1033 4533 ita
1081 4479 1311 4548 contigit
1342 4477 1595 4541 infirmis,
1624 4467 2032 4546 sic'quibusquc
2064 4477 2111 4536 1)
2140 4490 2234 4530 nes
2270 4492 2281 4528 :

450 4568 569 4622 aliis
604 4568 909 4638 imperatis,
943 4584 1150 4623 summa
1195 4584 1318 4623 cum
1372 4569 1651 4623 alacritate
1676 4609 1692 4634 ,
1746 4583 1910 4623 mera:
1940 4583 2033 4622 ne-

448 4658 594 4712 scius
626 4658 971 4713 ministravit.
1027 4658 1394 4727 Quaecumque
1438 4659 1673 4713 nummis
1706 4658 1790 4713 vel
1817 4659 2037 4727 quihus-

447 4747 576 4802 libet
608 4749 729 4804 aliis
765 4750 927 4804 rebus
968 4751 1243 4819 expendit,
1275 4765 1543 4805 summam
1574 4765 1762 4805 eorum
1791 4749 1842 4803 in
1873 4751 2037 4804 breve

450 4851 694 4894 notatam
727 4841 911 4895 abbati
938 4851 1059 4910 post
1086 4842 1441 4896 ebdomadam
1473 4849 1561 4895 aut
1592 4855 1829 4894 mensem
1860 4839 2038 4893 reddi-

451 4933 545 4995 dit,
600 4948 701 4987 nec
744 4933 924 4987 minus
973 4948 1201 5003 quaeque
1246 4933 1585 4987 extrinsecus
1630 4934 1695 4987 de
1743 4932 2040 4987 ratiociniis

449 5028 762 5096 quibusque
792 5026 939 5081 illata
972 5027 1287 5097 recepisset.
1318 5027 1561 5094 Cumque
1598 5026 1826 5081 domnus
1855 5025 2039 5080 Einol-

448 5118 547 5170 dus
574 5117 675 5170 hec
706 5115 900 5170 audire
944 5117 1252 5181 fastidiens,
1283 5114 1409 5183 quia
1452 5114 1583 5169 nihil
1619 5112 1890 5183 superfluo
1914 5128 2041 5169 eum

441 5206 763 5277 expendere
793 5205 928 5261 satis
953 5208 1132 5274 sciret,
1164 5222 1272 5263 non
1303 5204 1444 5258 ultra
1474 5203 1575 5259 sibi
1603 5205 1718 5260 haec
1746 5203 1936 5259 referri
1964 5206 2043 5261 in-

2079 483 2355 551 siliquam,
2384 494 2443 535 ut
2468 482 2684 545 dicitur,
2716 492 2968 535 annotata
2997 481 3266 535 servabat.

2157 574 2242 625 74.
2284 574 2635 634 l’acicntiam,
2671 574 3051 634 humilitatem,
3078 587 3172 626 seu
3205 569 3582 637 abjcctionem,
3612 580 3668 623 et

2088 684 2206 733 qua!
2239 667 2415 720 umida
2444 677 2659 735 superat
2707 667 2950 718 caritatis
3003 666 3053 718 in
3108 664 3271 717 Deum
3315 673 3367 717 et
3401 664 3450 715 in
3480 678 3669 714 omnes

2091 754 2376 815 fervorem,
2428 755 2738 809 incredibile
2785 755 2925 807 dictu
2982 764 3085 816 est,
3120 764 3319 823 quanta
3357 751 3670 804 fortitudine

2093 847 2406 901 servaverit.
2442 850 2513 899 De
2542 847 2735 914 quibus
2765 846 2989 913 singulis
3012 846 3207 913 quibus
3237 844 3547 911 frequenter
3581 842 3671 891 do-

2095 948 2349 990 cumento
2381 937 2561 998 fuerit,
2596 938 2634 989 si
2675 952 2955 988 recensere
2988 936 3165 996 velim,
3221 935 3445 987 nimium
3475 934 3672 999 scripta

2098 1028 2368 1080 ferrentur
2398 1028 2489 1058 ‘5”
2520 1028 2570 1079 in
2602 1028 2837 1093 longum.
2888 1026 3041 1080 [nde
3069 1025 3256 1077 saltem
3291 1025 3549 1092 simplicia
3582 1040 3676 1074 an-

2099 1130 2368 1171 nozamus.
2419 1118 2818 1185 Preposituram
2872 1117 3186 1171 monasterii
3239 1116 3322 1169 vir
3352 1116 3677 1167 venerabilis

2100 1208 2189 1261 l’ri
2217 1210 2427 1268 levicus,
2461 1210 2525 1261 de
2560 1226 2667 1277 quo
2718 1225 2877 1274 supra
2934 1208 3278 1260 meminimus
3313 1208 3448 1273 (cup.
3482 1206 3590 1269 55),
3626 1214 3681 1254 et

2102 1296 2200 1349 sub
2231 1311 2295 1349 c0
2327 1297 2415 1349 hic
2448 1296 2673 1349 domnus
2719 1294 2988 1348 Johannes
3019 1296 3254 1361 gerebat.
3314 1293 3401 1345 Ille
3440 1302 3495 1344 ut
3524 1308 3680 1359 snpe-

2104 1389 2233 1450 rior,
2285 1389 2426 1441 ltllllC
2466 1388 2719 1454 gravibus
2752 1388 3035 1441 verborum
3089 1386 3429 1439 eontunwliis
3460 1399 3681 1452 perat-pe

2103 1480 2264 1532 etiam
2297 1478 2505 1545 publice
2553 1487 2606 1530 et
2639 1479 2992 1546 pnesmuibus
3027 1477 3117 1507 “‘9‘
3148 1476 3483 1529 secularihus
3510 1474 3685 1527 irrita-

2106 1570 2214 1623 bat.
2248 1570 2338 1622 Illo
2363 1571 2564 1623 diutius
2596 1578 2989 1638 perstrepente,
3025 1569 3111 1622 hic.
3140 1578 3344 1620 tantum
3377 1568 3501 1619 item
3532 1566 3687 1618 item-

2108 1673 2213 1726 que
2242 1662 2307 1712 ad
2334 1659 2771 1713 satisfaciendum
2799 1668 2953 1713 terra:
2984 1675 3041 1712 se
3069 1668 3336 1714 sternens.
3372 1665 3687 1725 perpetumn

2035 1774 2082 1834 Β
2114 1754 2328 1805 tenebat
2360 1752 2653 1805 silentium.
2700 1751 2833 1805 Cum
2881 1750 2967 1804 ille
3013 1750 3205 1803 crebro
3232 1747 3419 1801 eadem
3456 1746 3691 1797 clamore

2112 1842 2483 1911 ingeminans,
2536 1843 2614 1895 ira
2663 1842 2836 1894 fessus
2878 1839 2988 1907 jam
3031 1847 3084 1891 et
3136 1839 3186 1890 in
3220 1837 3382 1890 verba
3415 1835 3689 1894 deficeret,

2110 1931 2385 1987 Johannes
2421 1934 2530 1987 acsi
2582 1932 2932 1986 simulacrum
2969 1930 3087 1982 sine
3133 1942 3263 1981 voce
3305 1926 3396 1978 diu
3440 1925 3695 1978 immotus

2113 2028 2461 2095 persisteret,
2515 2025 2581 2077 ad
2629 2023 2872 2075 ultimum
2906 2020 3245 2081 columpnam
3300 2015 3382 2069 vel
3432 2014 3694 2083 parietem

2115 2129 2361 2184 tangens,
2391 2125 2443 2169 et
2479 2124 2534 2167 ut
2560 2115 2638 2167 eis
2669 2115 2845 2181 potius
2878 2110 3034 2164 verba
3067 2124 3228 2178 quam
3256 2107 3357 2161 sibi
3390 2106 3592 2159 faceret
3622 2102 3698 2155 di-

2113 2222 2261 2269 cens,
2303 2220 2331 2257 e
2377 2212 2665 2271 conspectu
2712 2218 2769 2255 se
2812 2202 3163 2268 proripichat.
3212 2199 3303 2250 Ille
3329 2198 3697 2263 co'tamquam

2114 2302 2453 2362 contemptus
2483 2292 2774 2354 incensior,
2802 2291 3040 2357 quolibet
3069 2290 3204 2340 forte
3234 2286 3521 2339 residet-at.
3569 2283 3696 2335 bule

2116 2396 2239 2455 post
2271 2382 2541 2452 paululum
2592 2391 2737 2434 motu
2772 2380 3102 2438 subsidente,
3135 2378 3221 2429 uti
3253 2375 3514 2444 placidior
3546 2375 3609 2424 ad
3642 2386 3700 2425 se

2116 2485 2350 2531 mentem
2384 2473 2636 2531 redierat.
2665 2470 2935 2524 SCCt’Ct'itlS
2961 2468 3147 2521 eodem
3175 2464 3419 2519 .lohanne
3447 2462 3699 2522 abducto,

2116 2566 2341 2637 pedibus
2389 2564 2506 2632 ejus
2551 2563 2832 2617 advolutus
2875 2581 2886 2614 :
2927 2581 2943 2610 ι
2984 2559 3239 2614 Occidisti
3273 2559 3387 2611 Ine!
3433 2576 3449 2605 ι
3503 2554 3700 2607 aiebat.

2116 2661 2249 2717 Cum
2294 2656 2566 2711 Johannes
2618 2669 2631 2707 :
2690 2671 2708 2702 ι
2756 2653 2863 2722 Ego
2906 2652 2958 2704 in
2997 2651 3139 2720 quo?
3177 2647 3437 2703 Patientia
3472 2655 3559 2698 tua
3593 2659 3702 2703 me,

2119 2749 2329 2802 dicebat
2355 2788 2368 2810 ,
2419 2744 2617 2799 occidit
2649 2761 2666 2793 ι
2700 2768 2772 2781 —-
2813 2760 2825 2792 :
2864 2760 2880 2791 ι
2932 2738 3045 2793 Non
3075 2741 3178 2800 ita,
3212 2736 3394 2804 inquid
3433 2735 3565 2795 istc,
3609 2731 3702 2784 SClI

2119 2838 2432 2892 animositas
2474 2844 2650 2888 vestra
2678 2847 2774 2885 vos
2805 2830 3021 2884 occidit.
3056 2849 3073 2880 ι
3130 2827 3241 2881 Nec
3279 2826 3543 2895 pluribus,
3586 2822 3706 2873 lites

2122 2932 2247 2987 ilico
2294 2928 2704 2997 rumpebantur.
2745 2923 2878 2976 Nam
2921 2922 3091 2976 isdem
3136 2922 3218 2973 vir
3251 2918 3579 2973 reveremlus
3606 2916 3709 2969 hoc

2121 3038 2227 3075 uno
2253 3022 2377 3073 licet
2401 3033 2519 3072 esse
2542 3015 2814 3079 notabilis,
2845 3023 3026 3068 cetera
3053 3011 3322 3081 egregius,
3348 3019 3401 3062 et
3428 3017 3487 3059 ut
3516 3018 3710 3075 magno

2125 3120 2253 3164 natu
2295 3110 2615 3177 conspicuus
2645 3115 2699 3160 ct
2745 3105 2968 3175 insignis
2998 3103 3247 3157 omnilms
3280 3100 3594 3154 habebatur.
3648 3096 3713 3148 Et

2126 3204 2224 3256 hos
2251 3202 2393 3270 ipsos
2425 3208 2603 3252 motus
2634 3196 2822 3258 animi,
2851 3208 2987 3263 quos
3025 3204 3175 3247 vetus
3213 3192 3387 3244 adhuc
3417 3204 3709 3243 conversa-

2126 3295 2199 3347 tio
2230 3290 2549 3359 iutegrahat,
2578 3287 2813 3356 prudens
2858 3284 3020 3339 citius
3062 3282 3458 3350 compescebat,
3501 3277 3702 3330 dolori-

2127 3387 2331 3453 busque
2354 3398 2415 3435 ac
2440 3380 2740 3449 planctibus
2764 3374 3053 3431 uberrimis
3078 3371 3416 3442 postmodum
3439 3383 3556 3423 sese
3579 3383 3711 3421 con-

2132 3475 2317 3528 ﬁciens
2347 3470 2796 3537 condcmpualmt.

2199 3566 2286 3619 75.
2326 3563 2434 3618 Nec
2464 3560 2726 3615 dissimile
2755 3560 2878 3613 huic
2905 3567 3006 3621 est,
3039 3556 3179 3626 quod
3212 3553 3511 3607 inferimus.
3541 3550 3715 3605 Cella-

2132 3656 2268 3708 rium
2312 3654 2425 3722 ipse
2462 3650 2769 3711 Johannes,
2814 3648 3084 3701 Bernaccr
3117 3655 3297 3696 autem
3334 3641 3444 3709 jam
3486 3650 3609 3693 ante
3638 3639 3718 3691 di-

2130 3754 2248 3799 ctus
2280 3742 2590 3797 vestiarium
2635 3740 2748 3793 sive
2778 3751 3047 3791 cameram
3100 3734 3326 3787 fratrum
3358 3731 3627 3785 servabat.
3671 3729 3718 3781 Is

2132 3832 2363 3904 quadam
2393 3832 2479 3885 die
2509 3828 2783 3884 cellarium
2816 3827 3111 3896 ingressus,
3141 3838 3234 3876 vas
3264 3822 3551 3890 qumldam,
3578 3817 3717 3885 quod

2134 3925 2370 3993 imapum
2405 3921 2549 3990 (394)
2584 3919 2788 3978 dicunt,
2818 3915 3036 3985 guttqu
3063 3912 3393 3981 exeipicmlre
3425 3910 3534 3962 vasi
3566 3909 3719 3960 vina-

2134 4016 2217 4068 rio
2268 4012 2602 4082 suppositum
2664 4010 2885 4063 invenit.
2970 4007 3047 4061 Eo
3123 4014 3385 4073 arrepto,
3445 4001 3724 4071 quaestibus

2134 4106 2435 4163 Johannem
2485 4118 2809 4175 aggressus,
2865 4110 2919 4155 et
2971 4115 3067 4154 vas
3117 4097 3258 4168 quod
3307 4097 3388 4150 sui
3438 4093 3724 4148 ministerii

2136 4208 2281 4255 esset
2309 4213 2405 4251 cur
2436 4196 2508 4250 ita
2541 4194 2809 4264 perditum
2838 4192 3096 4253 dedisset,
3123 4189 3286 4243 multa
3317 4185 3720 4255 congeminans,

2139 4292 2335 4359 illeque
2381 4287 2515 4341 nihil
2559 4285 2743 4340 laesum
2794 4292 3062 4338 assereret
3102 4300 3113 4334 :
3162 4300 3177 4331 ι
3210 4281 3315 4334 Pro
3340 4278 3605 4339 carraria,
3641 4276 3721 4329 in-

2139 4383 2287 4453 quid,
2312 4380 2420 4435 vini
2450 4394 2554 4433 non
2583 4379 2660 4433 sic
2688 4376 3065 4431 attaminatmn
3098 4373 3309 4428 vellem.
3345 4392 3361 4423 ι
3401 4371 3497 4423 Cui
3523 4369 3724 4423 Johan-

2325 4493 2343 4524 ι
2377 4473 2593 4535 Decem,
2624 4471 2720 4534 ait,
2748 4467 2963 4523 vascula
2998 4465 3318 4535 huiusmodi,
3351 4462 3589 4517 carraria
3621 4477 3724 4514 una

2140 4565 2246 4621 vini
2278 4569 2502 4633 possunt
2531 4559 2762 4630 adquiri.
2813 4578 2830 4610 ι
2885 4558 2932 4612 ls
2958 4562 3150 4611 domus
3178 4554 3434 4609 Einotdus
3465 4566 3728 4622 superve-

2141 4658 2295 4711 niens
2322 4697 2336 4720 ,
2383 4664 2435 4709 et
2480 4653 2650 4708 altero
2692 4650 2801 4719 jam
2831 4650 3099 4712 abeunte,
3148 4650 3271 4702 dum
3309 4656 3577 4708 extrema,
3611 4657 3722 4713 qum

2140 4747 2360 4800 vixdum
2390 4744 2582 4798 finiens
2609 4741 2881 4796 Johannes
2911 4740 2985 4793 illi
3018 4739 3229 4794 eminus
3261 4735 3604 4803 loquebatur,
3636 4749 3701 4786 an

2144 4839 2313 4895 disset
2347 4855 2360 4890 ;
2399 4857 2415 4886 ι
2446 4836 2585 4902 Quid
2619 4836 2738 4896 hoc,
2782 4832 2993 4900 inquid,
3022 4832 3142 4885 est?
3188 4828 3266 4881 An
3298 4825 3662 4882 contenditis’
3709 4844 3723 4875 ι

2145 4931 2237 4985 lllo
2268 4929 2511 5000 protinus
2545 4937 2701 4981 teme
2733 4930 3005 4991 prostrato
3040 4943 3052 4976 :
3090 4940 3106 4971 ι
3140 4918 3275 4983 Non,
3304 4913 3507 4984 inquid,
3538 4924 3737 4981 praeter

2145 5038 2359 5092 panem,
2391 5032 2589 5087 aquam
2622 5026 2676 5070 et
2706 5014 2871 5068 salem
2926 5015 3214 5085 quicquam
3264 5004 3527 5078 percipias
3558 5043 3573 5067 ,
3612 5006 3737 5058 dum

2144 5091 2414 5167 licentiam
2446 5110 2664 5165 dedero.
2699 5126 2715 5157 ι
2754 5102 2914 5157 Jussa
2963 5102 3291 5173 suscipiens,
3332 5112 3430 5151 nec
3476 5094 3576 5163 ipsi
3608 5091 3739 5163 quid

2144 5201 2410 5265 referens,
2441 5215 2542 5257 nec
2571 5197 2818 5269 cuiquam
2865 5197 3104 5254 verbum
3154 5192 3275 5247 inde
3320 5188 3427 5242 ullo
3468 5184 3633 5239 modo
3663 5184 3740 5237 l'a-

1732 5314 1812 5368 νβ
1830 5314 1967 5369 BHE
2009 5312 2413 5372 LECTIONES.

515 5434 611 5468 ³⁵⁸⁵
645 5431 903 5485 ferentur
929 5448 971 5484 τ.
1052 5432 1141 5467 ’⁵⁵⁸
1173 5430 1458 5502 pnescntis
1488 5444 1533 5480 ι’.
