4472 5522
815 445 921 501 279

1732 443 2014 500 JOANNIS
2048 440 2339 499 ABBATIS
2379 442 2437 497 S.
2478 440 2777 497 ARNULFI
2819 442 3156 498 METENSIS

3971 446 4080 501 £80

817 554 987 617 ciens,
1017 552 1194 606 triduo
1237 552 1494 606 continuo
1522 553 1801 609 abstinuit.
1852 556 1913 609 Et
1967 556 2104 609 forte
2135 564 2262 609 tunc
2292 554 2394 608 fer-
2424 553 2468 611 A
2498 553 2690 608 cedere
2732 563 2928 623 praeter
2966 553 3325 610 inevitabilem
3360 556 3739 609 necessitatem
3785 558 4077 624 perpende'

816 640 1114 697 ventissimi
1144 650 1197 694 et
1228 641 1338 711 ipsa
1368 650 1539 696 estate
1563 642 1679 697 dies
1710 642 1923 698 fuerant
1954 645 2277 713 longissimi,
2304 656 2401 696 nec

815 736 885 787 ob
908 734 958 787 id
987 734 1127 788 soliti
1162 736 1448 803 quicquam
1479 735 1661 803 operis
1709 737 2054 805 prmtermisit
2078 777 2092 801 ,
2123 737 2251 806 quin
2292 736 2401 790 ala-

816 825 961 878 crior
987 832 1041 878 et
1068 824 1213 878 celer
1239 826 1304 877 ad
1335 825 1583 881 universa
1617 826 1964 881 discurreret.
1999 827 2131 881 Nam
2166 830 2401 883 valitudo

817 916 1063 985 corporis
1089 916 1136 970 ei
1159 915 1301 982 jnsta
1325 956 1339 977 ,
1388 926 1443 969 et
1490 918 1540 969 in
1576 926 1836 971 neutram-
1858 927 2067 988 partem
2098 920 2283 984 nimia,
2318 920 2401 974 fa-

814 1006 904 1060 cili
940 1014 1083 1060 motu
1112 1020 1206 1075 per
1232 1006 1458 1077 gratiam
1507 1007 1759 1061 celestem
1811 1009 1878 1063 ad
1921 1024 2146 1078 quaeque
2195 1010 2398 1080 agenda

818 1094 1139 1148 suilltzieLat.

885 1184 975 1239 76.
1015 1185 1096 1240 Ab
1128 1185 1327 1239 infimis
1357 1200 1570 1256 quoque
1599 1187 1794 1255 probra
1843 1188 2153 1259 multotiens
2192 1190 2400 1245 infinita

817 1276 1091 1329 sustinuit.
1120 1276 1223 1328 Alii
1251 1291 1373 1330 eum
1403 1277 1760 1346 hypocritam,
1792 1278 1880 1332 alii
1912 1296 2157 1340 avarum.
2192 1280 2280 1334 alii
2318 1290 2398 1335 te-

817 1382 1027 1430 nacem,
1063 1367 1150 1420 alii
1195 1366 1561 1421 fraudatorem
1610 1369 1822 1436 publice
1866 1371 2222 1440 appellabant.
2258 1372 2401 1426 Non-

820 1460 949 1513 nulli
983 1475 1087 1513 non
1120 1475 1242 1513 eum
1277 1459 1515 1514 secnlum
1548 1461 1831 1532 reliquisse
1862 1464 2314 1534 ealumpniantes,
2347 1467 2398 1521 in

816 1549 991 1603 oculis
1024 1548 1283 1603 familiam
1325 1549 1515 1603 domus
1560 1566 1690 1616 suae,
1722 1567 1840 1621 quae
1867 1568 1988 1605 eum
2020 1561 2191 1608 matre
2218 1570 2402 1609 mona-

819 1643 985 1698 sterio
1025 1643 1292 1696 serviebat
1323 1682 1335 1701 .
1390 1643 1707 1713 ingerebant
1738 1645 1977 1699 dicentes
2026 1664 2038 1699 :
2090 1665 2106 1697 ι
2137 1646 2246 1699 Tua
2297 1648 2402 1702 huc

820 1734 1078 1789 subdolus
1107 1732 1448 1797 contraxisti,
1482 1743 1541 1787 ut
1587 1734 1806 1789 liberius
1851 1751 1914 1791 ea
1961 1737 2047 1792 hic
2076 1738 2398 1805 possideres,

822 1834 878 1879 et
906 1824 1095 1878 melius
1125 1839 1286 1893 quam
1316 1824 1457 1877 domi
1487 1823 1758 1881 suﬂiceres
1783 1826 1869 1881 hic
1900 1842 2238 1896 procurares.
2264 1828 2400 1883 Ecce

2502 650 2606 707 ret,
2646 641 2745 697 hec
2794 644 2939 698 velut
2978 644 3187 697 crimini
3233 644 3453 705 ducens,
3492 646 3706 713 penitus
3754 646 4083 714 respuebat:

2504 753 2624 794 cum
2654 746 2837 793 tamen
2878 738 3005 793 nulli
3053 740 3142 792 alii
3171 754 3271 792 usu
3318 753 3535 801 eorum,
3565 740 3756 807 quibus
3781 739 3917 794 forte
3945 755 4082 809 opus

2503 829 2697 893 fuerat,
2727 831 3086 884 interdiceret.
3120 830 3184 883 Et
3211 830 3323 884 hare
3345 845 3535 898 magna
3569 831 3619 884 in
3642 845 3706 884 eo
3734 840 3851 885 erat
3881 832 4084 885 disere-

2503 920 2608 983 cio,
2643 931 2702 975 ut
2745 937 2865 974 cum
2920 921 3031 989 ipse
3078 921 3179 974 sibi
3233 929 3482 975 austeros
3514 931 3566 975 et
3596 937 3731 991 pene
3762 922 4083 977 indiscretus

2503 1011 2807 1071 videretur,
2841 1011 2962 1065 aliis
2986 1026 3144 1064 nemo
3174 1010 3575 1064 misericordior
3607 1020 3767 1065 esset.
3804 1011 3918 1079 lpsc
3940 1011 4082 1080 jeju-

2504 1116 2668 1165 nans,
2721 1100 2854 1154 alios
2888 1101 2953 1153 ad
2989 1099 3167 1154 cibum
3219 1098 3631 1163 cohortabatur;
3680 1101 3790 1168 ipse
3836 1101 4082 1169 vigilans,

2504 1193 2639 1247 alios
2669 1208 2915 1246 somnum
2945 1192 3287 1260 indulgebat;
3314 1191 3425 1261 ipse
3450 1190 3721 1252 laborans,
3749 1190 3883 1244 alios
3906 1191 4087 1261 quiete

2504 1284 2842 1348 remittebat;
2885 1283 2997 1351 ipse
3021 1282 3145 1336 dum
3181 1282 3388 1336 balneis
3417 1283 3631 1352 penitus
3662 1282 3938 1335 abstinens
3961 1321 3976 1345 ,
4017 1284 4086 1335 ab

2504 1375 2621 1444 ipso
2664 1374 3091 1428 conversationis
3122 1390 3233 1428 suze
3263 1382 3500 1442 tempore
3530 1388 3819 1441 numquam
3848 1373 3925 1425 eis
3954 1388 4086 1425 usus

2505 1465 2669 1518 fuisse
2715 1465 3006 1529 diceretur,
3051 1464 3152 1518 nisi
3204 1463 3339 1518 forte
3384 1463 3671 1531 aliquando
3714 1472 3830 1533 post
3868 1476 4084 1531 gravem

2504 1555 2863 1624 egritndinem
2909 1555 3048 1607 lecto
3098 1568 3405 1623 resurgens,
3450 1554 3492 1607 si
3530 1554 3725 1621 quibus
3766 1562 3940 1606 tamen
3967 1552 4087 1606 aliis

2504 1654 2851 1714 competeret,
2887 1660 3178 1715 numquam
3212 1646 3530 1714 dampnavit
3577 1646 3656 1699 vel
3710 1647 4006 1699 interdixit.
4040 1645 4086 1698 Α

2506 1736 2853 1802 perceptione
2881 1735 2983 1788 cibi
3015 1734 3096 1787 vel
3126 1746 3282 1803 potus
3313 1744 3437 1788 ante
3482 1736 3669 1789 horam
3696 1737 3773 1788 vel
3804 1745 4007 1805 postea,
4033 1736 4086 1789 in

2508 1833 2824 1891 perpetuum
2869 1823 2968 1877 sibi
3001 1823 3272 1887 obstrusa,
3309 1824 3534 1885 nullum.
3576 1826 3619 1879 si
3666 1842 3827 1879 causa
3862 1826 4091 1879 infirmi-

817 1922 873 1967 et
910 1927 1200 1984 geneccnm
1235 1912 1324 1946 "97
1377 1914 1671 1968 claustrum
1721 1917 2109 1971 monachorum
2146 1918 2342 1973 fecisti.
2383 1938 2400 1970 ι
2439 1910 2483 1968 Β
2513 1914 2638 1967 tatis
2664 1914 2905 1982 expetiit.
2937 1915 3245 1984 suspendit;
3278 1916 3407 1983 quin
3437 1923 3491 1968 et
3522 1916 3906 1983 aegrotantibus
3934 1930 4088 1969 usum

821 2002 931 2057 llec
960 2013 1014 2056 et
1060 2002 1209 2072 plura
1252 2004 1303 2055 in
1355 2003 1546 2057 faciem
1598 2005 1722 2057 dum
1769 2006 2160 2074 jacularentur,
2208 2007 2321 2078 ipse
2354 2019 2411 2063 nt

822 2107 982 2159 rupes
1010 2093 1229 2145 immota
1261 2096 1534 2157 manebat,
1563 2110 1660 2148 nec
1693 2110 1946 2163 umquam
1981 2097 2098 2159 fuit,
2131 2100 2272 2166 quod
2300 2100 2413 2169 qui.

822 2185 943 2235 (Zem
974 2199 1002 2235 a
1034 2199 1303 2252 quoquam
1355 2185 1553 2239 rescire
1604 2186 1717 2255 ipse
1758 2189 2048 2256 potuerim,
2079 2191 2170 2259 qui
2223 2207 2287 2245 ex
2318 2207 2411 2247 ore

821 2272 939 2340 ejus
969 2276 1416 2330 contumeliosum
1468 2279 1691 2332 verbum
1744 2280 2013 2333 retulerit.
2058 2282 2123 2335 Et
2152 2282 2253 2337 hoc
2281 2299 2410 2337 sane

822 2365 1100 2419 silentium
1150 2369 1289 2420 inter
1332 2367 1599 2423 clamores
1648 2369 1864 2422 tenebat
1913 2370 2131 2423 iratum.
2165 2372 2307 2425 Nihil
2340 2371 2409 2425 ibi

820 2469 1183 2529 printer-qnam
1222 2469 1377 2513 teme
1425 2470 1627 2515 stratus
1676 2461 1885 2515 veniam
1938 2463 2133 2517 tacitus
2182 2464 2413 2531 postula-

820 2552 944 2615 bat;
998 2552 1140 2619 qnod
1187 2561 1242 2605 et
1289 2552 1439 2622 ipsis,
1472 2554 1562 2621 qui
1594 2552 1753 2623 longe
1789 2553 1963 2607 ultimi
2009 2555 2197 2608 ordine
2233 2544 2408 2621 erant,

822 2659 945 2696 eum
978 2642 1290 2712 frequenter
1334 2643 1525 2698 fecisse
1574 2644 1932 2714 percepimus.
1988 2644 2195 2715 Quippe
2226 2646 2317 2715 qui
2346 2647 2412 2700 ad

822 2736 929 2789 hoc
975 2734 1211 2788 animum
1259 2736 1521 2798 dederat,
1575 2744 1633 2788 ut
1680 2736 1752 2788 nil
1800 2744 1905 2789 tam
1952 2746 2098 2790 esset
2121 2735 2415 2801 abiectissi-

824 2840 1011 2887 mum,
1057 2840 1164 2893 quo
1214 2840 1319 2877 non
1372 2839 1432 2878 se
1478 2824 1756 2879 ultroneus
1808 2824 2110 2878 inclinaret.
2164 2824 2315 2880 Unde
2359 2834 2413 2880 et

823 2916 969 2984 ipsas
986 2914 1211 2968 latrinas
1241 2913 1469 2968 fratrum
1504 2928 1624 2968 eum
1654 2913 1967 2982 frequenter
1988 2930 2266 2986 purgasse,
2298 2931 2404 2971 non

825 3005 1005 3059 dubia:
1035 3004 1157 3058 fidei
1188 3005 1425 3059 virorum
1460 3004 1718 3058 relatione
1748 3004 2118 3073 cognovimus.

901 3098 987 3151 77.
1033 3097 1089 3152 Si
1123 3097 1338 3167 quando
1366 3111 1431 3150 ex
1479 3111 1628 3150 more
1658 3095 1932 3150 communi
1961 3095 2317 3150 ebdomadam
2342 3095 2416 3149 vi-

826 3191 908 3244 eis
937 3206 1047 3244 sum
1077 3199 1392 3258 susceperat
1444 3189 1495 3241 in
1548 3189 1856 3256 coquinam,
1888 3200 1942 3241 et
1973 3202 2049 3242 ex
2067 3186 2413 3255 consequenti

829 3285 1215 3340 munditiarum
1247 3286 1642 3350 faciendarum,
1674 3301 1778 3339 non
1829 3283 1939 3339 fere
1972 3284 2283 3354 aliquando,
2310 3283 2412 3337 nisi

829 3375 1011 3445 gravis
1039 3390 1160 3428 eum
1206 3375 1772 3444 occupassetutilitas,
1806 3374 2067 3428 vicarium
2116 3374 2414 3443 requisivit.

833 3466 947 3536 Ipse
1002 3481 1195 3535 aquam
1254 3480 1284 3519 a
1348 3475 1507 3535 puteo
1580 3466 1761 3520 hausit
1809 3466 1901 3498 ¹⁸⁹⁸
1960 3464 2419 3535 humero.coqui-

832 3573 913 3610 me
943 3557 1141 3611 illatam
1180 3557 1284 3625 igni
1318 3557 1619 3627 suspendit,
1648 3558 1917 3628 legumina
1949 3558 2031 3613 vel
2064 3557 2245 3612 holera
2277 3556 2415 3611 lecta

832 3650 916 3703 vel
949 3653 1195 3704 manibus
1241 3650 1474 3719 propriis
1518 3650 1734 3705 concisa
1765 3649 1976 3713 infudit,
2011 3648 2158 3711 lavit,
2192 3649 2340 3702 coxit
2366 3655 2420 3702 et

832 3741 1103 3810 apposuit,
1130 3756 1258 3795 vasa
1279 3740 1607 3795 refectorum
1629 3740 1774 3795 solus
1796 3740 1980 3804 elavit,
2000 3740 2175 3794 nec‘in
2198 3739 2421 3808 pedibus

832 3829 1065 3883 fratrum
1083 3829 1386 3894 abluendis,
1403 3830 1542 3899 quod
1562 3840 1679 3883 erat
1709 3831 2015 3888 finitimum,
2032 3830 2185 3883 alteri
2205 3830 2421 3883 manda-

830 3917 1251 3971 vitolIicium.Et
1265 3921 1364 3973 hoc
1378 3918 1590 3986 quidem
1609 3917 2028 3973 comtnune'cum
2045 3920 2271 3973 caneris.
2290 3919 2418 3972 Illud

834 4016 1016 4061 autem
1044 4024 1108 4061 ex
1134 4024 1229 4062 ore
1255 4006 1369 4075 ejus
1410 4008 1509 4077 ipsi
1539 4008 1899 4077 percepimus,
1926 4008 2069 4076 quod
2095 4007 2322 4060 farinam
2351 4007 2417 4062 ad

836 4114 966 4154 usus
1010 4099 1176 4153 totius
1220 4100 1676 4169 congregationis,
1725 4100 1952 4152 duorum
1998 4097 2082 4151 vel
2113 4098 2275 4151 trium
2309 4112 2419 4151 mo-

834 4191 1070 4255 diorum,
1114 4191 1261 4244 solus
1290 4191 1425 4259 ipse,
1463 4204 1570 4243 uno
1602 4198 1806 4243 tantum
1840 4188 2064 4257 puerulo
2107 4203 2300 4259 aquam
2344 4188 2421 4240 in-

836 4282 1133 4345 fundente,
1183 4282 1565 4347 commiscuit,
1634 4280 2020 4346 ferinentavit,
2071 4281 2123 4333 in
2189 4295 2420 4333 massam

834 4374 1072 4445 subegit,
1102 4374 1300 4428 sudore
1338 4373 1505 4427 nimio
1538 4373 1589 4426 in
1620 4372 1879 4427 formulas
1907 4387 2103 4441 panum
2133 4371 2434 4440 expressit,

837 4469 965 4521 dum
1020 4467 1317 4536 pistoribus
1369 4481 1532 4535 opera
1585 4465 1790 4533 reliqua
1830 4464 2164 4518 succederet.
2218 4462 2284 4516 Et
2324 4462 2425 4517 hoc

837 4557 991 4610 multi
1012 4597 1024 4618 ,
1057 4556 1305 4624 quamvis
1335 4556 1385 4609 in
1416 4554 1656 4610 conclavi
1690 4553 1829 4608 clam
1861 4552 2112 4605 omnibus
2142 4551 2192 4605 id
2232 4550 2420 4618 egerit,

840 4658 969 4704 nota
1000 4648 1230 4719 quadam
1279 4648 1457 4702 nimiae
1501 4646 1781 4716 parcitatis
1813 4643 2119 4707 inurebant,
2168 4657 2289 4697 cum
2337 4641 2425 4694 ille

841 4742 999 4797 fidele
1022 4742 1236 4796 Christo
1259 4742 1610 4811 mancipium,
1641 4754 1708 4795 ne
1739 4740 1867 4810 quid
1896 4753 2077 4793 rerum
2108 4736 2431 4791 monasterii

841 4833 1133 4903 deperiret,
1164 4833 1391 4902 pervigil
1421 4834 1758 4893 observaret,
1798 4838 1852 4883 et
1880 4829 2023 4899 quod
2050 4827 2221 4894 majus
2245 4841 2426 4909 ac.ve-

841 4925 954 4980 rius
975 4933 1078 4987 est,
1107 4940 1268 4981 causa
1296 4925 1511 4980 sudoris
1556 4924 1637 4978 sui
1686 4922 1923 4991 prmmiis
1965 4920 2282 4976 caelestibus
2302 4934 2426 4974 mu-

841 5016 1087 5071 nerandi.

916 5106 1006 5163 78.
1050 5106 1144 5161 Sui
1180 5106 1349 5176 ipsius
1399 5120 1584 5160 curam
1629 5119 1792 5176 quam
1843 5100 2329 5164 minimiduxerit,
2358 5115 2430 5155 ex

842 5200 930 5254 his
972 5200 1106 5254 satis
1156 5207 1332 5269 potest
1384 5198 1666 5268 perpendi.
1715 5196 1877 5251 Cibos
1926 5193 2204 5255 lautiores,
2250 5202 2428 5248 vestes

842 5288 1258 5359 splendidiores,
1290 5288 1767 5343 calciamentorum
1797 5284 2052 5347 nitorem,
2072 5282 2227 5338 strati
2259 5281 2431 5335 molli-

2510 2006 2754 2060 carnium
2802 2006 2943 2061 ultro
2972 2007 3086 2077 ipse
3116 2008 3310 2061 obtulit
3338 2018 3392 2062 et
3434 2023 3537 2062 non
3586 2018 3805 2079 rogatus
3848 2008 4088 2078 ingessit.

2512 2096 2603 2151 Sic
2630 2096 2681 2147 in
2713 2095 2971 2159 vestibus,
2999 2095 3381 2157 caltiamentis.
3415 2106 3711 2150 stramento
3740 2097 3938 2159 lectuli,
3968 2112 4091 2151 cum

2512 2187 2626 2256 ipse
2650 2187 2749 2240 sibi
2776 2186 2985 2249 viliora,
3016 2185 3330 2253 abjectiora,
3363 2189 3608 2253 pareiora
3634 2195 3688 2238 et
3711 2186 3927 2239 duriora
3951 2202 4097 2241 sem-

2511 2292 2608 2343 per
2646 2277 2891 2343 elegerit,
2924 2276 3118 2328 ceteris
3146 2276 3210 2327 ad
3245 2290 3457 2328 onmem
3499 2275 3709 2345 copiam
3741 2284 3796 2328 et
3827 2284 4095 2344 quantum

2511 2364 2831 2433 professioni
2896 2381 3001 2418 non
3040 2366 3198 2419 nimis
3224 2367 3315 2399 ¹⁵³⁹
3346 2365 3608 2431 obstaret,
3665 2368 3993 2435 elegantiora
4037 2377 4095 2422 et

2514 2452 2755 2507 molliora
2789 2453 3016 2507 exiliuit.

2583 2546 2671 2601 79.
2711 2544 2990 2599 Fallatiam
3018 2546 3279 2600 viciorum
3324 2546 3375 2600 in
3414 2547 3497 2601 his
3543 2547 3953 2617 vigilantissime
3996 2549 4099 2603 ob-

2514 2634 2786 2699 servabat,
2819 2634 2871 2688 in
2905 2635 3100 2704 quibus
3124 2650 3229 2689 non
3262 2634 3419 2690 facile
3448 2637 3720 2706 cuiquam,
3750 2639 3912 2692 etiam
3941 2636 3984 2691 si
4008 2654 4098 2691 es-

2514 2735 2599 2780 set
2627 2727 2891 2796 snperior,
2916 2728 3109 2792 cessit;
3143 2728 3235 2782 sed
3263 2744 3383 2783 mox
3419 2730 3548 2783 vitio
3572 2738 3664 2783 aut
3694 2731 3879 2784 fraude
3907 2747 4097 2799 quem-

2514 2813 2644 2869 libet
2690 2816 2887 2884 aliquid
2938 2826 3119 2886 petere
3166 2817 3361 2881 sensit,
3412 2819 3736 2873 omnimodis
3788 2821 4091 2890 denegavit.

2516 2902 2647 2958 Cum
2683 2906 2849 2971 enim,
2900 2916 2958 2960 ut
3003 2908 3200 2961 dictum
3230 2917 3339 2971 est,
3377 2910 3475 2963 sub
3519 2912 3753 2965 motibus
3790 2911 3994 2965 irarum
4020 2911 4105 2965 ita.

2518 3005 2697 3048 mutus
2721 2998 3116 3065 quodammodo
3156 2998 3432 3063 existeret,
3478 3000 3567 3053 tthi
3616 3002 3913 3070 corrigendi
3946 3002 4098 3055 locus

2518 3084 2831 3149 advenerat,
2890 3085 2961 3139 ibi
3011 3085 3244 3156 linguam
3296 3088 3688 3143 excandescere
3738 3099 3793 3146 et
3841 3092 3890 3143 in
3930 3092 4093 3145 verba

2520 3175 2719 3228 acriter
2742 3176 3027 3245 pungentia
3060 3178 3361 3231 vehementi
3387 3180 3618 3247 quodam
3657 3190 3859 3236 terrore
3892 3182 4099 3237 videres

2462 3247 2487 3306 3
2520 3266 2739 3321 eﬂ‘undi.
2774 3267 2881 3321 Nec
2911 3268 3129 3321 omnino
3155 3270 3410 3331 adulatio,
3440 3287 3545 3340 quo
3569 3273 3837 3325 cmmnnni
3873 3288 3967 3340 pro
3994 3247 4094 3326 d5-

2518 3358 2630 3411 lor!
2665 3359 2851 3411 morbo
2881 3358 3123 3427 plerique
3168 3357 3495 3422 laboramus,
3533 3360 3586 3413 in
3628 3376 3693 3414 eo
3738 3363 3877 3429 quod
3927 3360 4098 3416 foveri

2518 3458 2699 3520 posset
2731 3449 2979 3503 habebat.
3010 3450 3061 3502 In
3096 3466 3203 3519 quo
3229 3451 3319 3482 ¹⁶⁰⁰
3353 3452 3509 3505 simul
3535 3462 3589 3506 et
3622 3455 3877 3507 mendatii
3912 3470 4099 3508 macu-

2520 3539 2693 3593 cuiam
2719 3548 2775 3592 ut
2800 3539 3028 3608 capitale
3050 3540 3304 3607 quiddam
3332 3542 3606 3603 horrebat,
3634 3551 3691 3595 ut
3722 3542 3765 3594 si
3793 3542 3843 3594 in
3866 3542 4099 3611 gratiam

2517 3629 2817 3698 potentium
2865 3629 3042 3697 aliqua
3090 3645 3211 3683 eum
3258 3630 3548 3699 aliqnahdo
3589 3632 3769 3686 dicere
3804 3633 4099 3687 necessitas

2521 3718 2622 3773 loci
2664 3728 2755 3772 aut
2804 3720 3059 3789 temporis
3085 3721 3454 3788 compulisset,
3505 3722 3576 3775 ita
3627 3723 3765 3775 inter
3816 3731 4101 3791 utramque

2522 3809 2663 3861 viam
2692 3817 2883 3863 cautus
2921 3810 3082 3862 verbo
3111 3810 3405 3874 incederet,
3442 3820 3574 3864 utet
3611 3828 3706 3866 eos
3730 3822 3985 3881 quantum
4016 3828 4101 3867 sa-

2524 3900 2591 3953 tis
2617 3908 2760 3954 esset
2788 3900 3074 3962 attolleret,
3116 3910 3165 3953 et
3196 3902 3439 3955 veritatis
3468 3901 3691 3955 limitem
3738 3916 3840 3954 non
3874 3902 4105 3955 excede-

2522 4002 2624 4046 ret.
2660 3991 2967 4060 Prreterque
3011 4008 3352 4047 connnnnem
3404 3993 3561 4047 hodie
3601 3992 3877 4046 hominum
3916 3994 4105 4047 obser-

2524 4082 2758 4137 vantiam
2801 4081 2889 4134 illo
2932 4083 3227 4151 apostolico
3275 4097 3399 4136 eum
3457 4082 3721 4149 insignem
3776 4080 3856 4134 vel
3904 4082 4099 4143 solum,

2523 4183 2783 4241 quantum
2842 4175 3076 4226 humana
3126 4181 3469 4242 paterentur,
3526 4187 3644 4226 esse
3690 4173 4098 4241 persensimus:

2526 4262 2582 4317 Si
2628 4265 2741 4333 quis
2778 4264 2830 4315 in
2870 4263 3020 4317 rerbo
3064 4279 3165 4316 non
3209 4263 3446 4332 oﬂendil,
3484 4262 3568 4317 hic
3615 4262 3871 4331 perfectus
3909 4273 3981 4315 cst
4022 4264 4108 4316 vir

2526 4359 2668 4429 (Jac.
2711 4373 2795 4420 ιιι⁹
2819 4357 2899 4427 2).

2596 4448 2685 4504 80.
2728 4450 2953 4519 Vigilias
2983 4464 3046 4503 ac
3082 4446 3285 4518 jejunia
3329 4448 3378 4503 in
3407 4464 3471 4503 eo
3500 4447 3795 4519 prazdicare
3822 4447 3866 4503 si
3890 4461 4103 4517 cepero,

2526 4540 2765 4594 omnium
2799 4539 2887 4606 qui
2919 4553 3039 4591 eum
3072 4546 3335 4591 noverunt
3374 4552 3466 4591 ora
3504 4553 3589 4592 me
3632 4538 3956 4608 oppriment,
3982 4550 4103 4589 cum

2529 4632 2612 4685 vix
2639 4630 2943 4700 quempiam
2980 4630 3136 4699 hujus
3164 4629 3337 4683 (etatis
3362 4630 3453 4697 qui
3482 4629 3529 4683 ei
3577 4630 3627 4683 in
3670 4630 3752 4683 his
3786 4628 3986 4698 :equari
4012 4642 4110 4696 po-

2530 4726 2689 4779 tnerit
2718 4722 2961 4776 extitisse
2982 4762 2995 4784 ,
3040 4720 3291 4775 concordi
3322 4737 3512 4776 omnes
3548 4721 3811 4776 miraculo
3850 4720 4103 4774 clament.

2529 4818 2768 4886 Cumque
2806 4824 3063 4887 perpetua
3112 4829 3247 4884 pene
3295 4814 3379 4870 lex
3427 4815 3476 4869 ei
3522 4825 3687 4883 esset,
3730 4824 3851 4885 post
3898 4813 4110 4883 vigilias

2531 4922 2962 4979 quantacumque
3003 4906 3367 4977 profunditate
3410 4908 3648 4962 noctium
3680 4917 3829 4961 actas
3862 4920 4108 4961 somnum

2532 5004 2585 5058 in
2617 5002 2785 5058 lucem
2813 5016 2982 5069 usque
3015 4998 3225 5054 nescire
3253 5037 3267 5061 ,
3297 4999 3514 5053 audires
3542 4998 3691 5051 illum
3724 4997 3775 5051 in
3807 4996 3895 5050 illo
3919 5036 3932 5059 ,
3967 4995 4110 5062 quod

2533 5112 2649 5150 mos
2692 5095 2855 5149 habet
2894 5094 3227 5149 monasticus
3266 5091 3409 5145 inter
3435 5101 3759 5147 nocturnum
3798 5098 3852 5144 et
3892 5086 4112 5142 matuti-

2532 5187 2652 5241 nale
2699 5184 2929 5238 ofﬁcium
2957 5224 2970 5238 .
3003 5181 3283 5237 intervallo
3303 5220 3316 5242 ,
3350 5181 3500 5234 vario
3530 5181 3635 5235 huc
3664 5179 3897 5246 illucque
3925 5189 4112 5246 perre-

2532 5288 2686 5350 ptare
2719 5276 3016 5341 curriculo,
3060 5284 3113 5329 et
3159 5275 3212 5328 in
3260 5288 3465 5327 morem
3511 5272 3628 5343 apis
3669 5271 3906 5341 psalmos
3950 5267 4113 5322 tacito

2536 5385 2811 5394 ..-....-_.....-
2858 5366 3109 5394 ΑΑηοῖ-ιηιι
3152 5363 3476 5394 ιιι-ιοΛῙυΛηιΙΛ
3540 5378 3683 5394 ian-nn
3727 5364 3868 5394 aII-nn
3920 5358 4111 5394 οΙΙήΙιία
