4472 5522
367 384 462 440 εδι
1329 382 1416 437 DE
1462 382 1615 436 VITA
1659 381 1944 436 JOANMS
1982 380 2268 438 ABBATIS
2304 386 2727 440 GOISZIEASIS.
3519 382 3623 440 282

367 507 579 565 tempus
610 496 781 549 noctis
813 496 1075 565 inSpicere
1101 536 1114 558 ,
1149 494 1337 548 deinde
1382 495 1617 550 lucernis
1644 503 1735 548 aut
1762 510 1947 547 emun-
1976 498 2022 553 A
2057 497 2242 550 tutinis
2286 499 2585 568 hujusmoli
2637 505 2689 555 in
2737 516 2801 556 eo
2836 516 3057 556 cernere
3094 509 3211 556 erat
3242 501 3627 570 Spectaculum,

368 588 556 655 geudis
577 596 669 639 aut
692 586 999 639 reficiendis
1022 590 1301 648 assistere,
1332 594 1442 639 tum
1473 588 1635 639 etiam
1663 584 1836 639 scolas
1861 600 1948 638 ea-

368 677 610 729 nentimu
637 678 891 739 revisere,
920 677 1295 745 interdumque
1317 678 1519 732 retilms
1545 677 1786 731 texendis
1807 676 1948 744 quod

369 767 513 820 nocti
543 777 846 835 superesset
871 770 1192 837 expendere.
1220 768 1510 837 Sepissime
1535 768 1677 837 ipsas
1705 783 1947 820 comnm-

370 875 467 913 nes
494 860 826 927 prmveniens
865 861 1092 927 vigilias,
1119 871 1172 912 et
1193 861 1439 915 lucernas
1460 860 1780 921 dormitorii,
1816 869 1952 911 tam-

370 963 531 1015 quam
576 948 687 1001 lucc
720 949 819 1001 sibi
867 950 1169 1019 specialiter
1216 966 1344 1003 cura
1400 960 1543 1005 es~ct
1590 950 1949 1017 indicta,ple—

370 1052 599 1105 rumque
628 1039 788 1091 etiam
830 1049 885 1091 ut
920 1040 1198 1094 videbatur
1231 1055 1296 1093 ex
1328 1041 1624 1110 superfluo,
1659 1058 1778 1094 cum
1808 1041 1952 1094 clare

373 1125 549 1181 lumen
581 1128 945 1193 effunderent,
976 1132 1279 1200 corrigens;
1317 1149 1436 1186 mox
1465 1134 1761 1187 oratorimn
1790 1119 1951 1201 quam

373 1216 601 1271 latenter
628 1229 809 1287 posset
837 1222 1127 1290 ingressus.
1151 1232 1203 1275 et
1231 1238 1414 1276 coram
1439 1224 1608 1277 altare
1632 1234 1951 1292 prostratus,

374 1307 593 1361 diutinis
642 1309 943 1377 planctibus
990 1322 1043 1364 et
1091 1313 1358 1381 suspiriis,
1408 1323 1467 1366 ut
1508 1315 1756 1368 custodes
1805 1314 1955 1365 audi-

375 1406 515 1459 rent,
566 1414 687 1452 cum
738 1400 906 1454 multo
955 1400 1299 1455 lacrimarum
1355 1402 1571 1457 ﬂumine
1616 1419 1734 1457 sese
1784 1402 1951 1457 c0nfi-

375 1488 569 1541 ciebat.

448 1581 533 1634 8|.
579 1581 702 1636 lude
751 1583 1040 1652 aliquando
1085 1586 1197 1656 ipse
1249 1587 1459 1657 signum
1490 1588 1551 1641 ad
1586 1587 1797 1657 vigilias
1824 1601 1953 1641 con-

2052 589 2247 659 quibus
2281 600 2371 642 aut
2403 607 2522 643 raro
2551 591 2695 643 illum
2728 600 2820 644 attt
2846 607 3135 660 numquam
3184 591 3433 645 lectulum
3480 606 3632 657 repe-

2056 684 2201 743 tisse,
2234 684 2333 737 nisi
2365 686 2587 738 minutio
2618 687 2892 754 sanguinis
2923 688 3236 748 interesset,
3262 685 3631 754 cognovimus.

2056 773 2186 827 Nam
2239 785 2398 827 noctu
2452 775 2532 827 vel
2579 776 2895 840 intervallis,
2942 777 3117 830 hieme
3145 776 3225 827 vel
3256 784 3448 838 estate,
3483 774 3525 827 si
3562 774 3632 826 ita

2055 864 2191 920 forte
2211 865 2581 934 intempestive
2608 867 2798 935 vigilim
2825 866 2980 934 longe
3004 876 3127 918 ante
3158 864 3328 918 lucem
3358 864 3637 933 expleren-

2057 968 2161 1023 tur,
2188 968 2243 1010 ut
2264 958 2425 1011 nimia
2460 957 2698 1027 fatigatio
2724 959 3089 1027 compelleret.
3121 957 3391 1026 paululum
3419 955 3640 1008 selecto

2057 1050 2343 1110 l‘CCllllmiS,
2381 1060 2486 1103 tam
2520 1050 2748 1103 festinus
2778 1051 2898 1103 ilico
2931 1051 3261 1118 resnrgebat,
3316 1058 3371 1100 ut
3418 1062 3515 1100 nec
3549 1048 3641 1100 oh-

2058 1144 2318 1196 dormisse
2341 1144 2555 1211 quidem
2584 1143 2911 1197 crederetur.
2941 1142 3070 1195 Illud
3095 1153 3270 1194 autem
3303 1155 3427 1208 sepe
3456 1154 3517 1190 ex
3545 1153 3641 1191 ore

2056 1234 2171 1302 ejus
2207 1237 2305 1305 ipsi
2357 1237 2676 1298 audivimus,
2728 1237 2868 1303 quod
2920 1237 2986 1289 ab
3038 1236 3167 1304 ipsis
3216 1231 3645 1287 conversationis

2058 1328 2224 1381 initiis
2258 1328 2357 1381 hoc
2389 1328 2645 1381 adversus
2678 1343 2923 1379 somnum
2957 1328 3235 1380 matutinis
3281 1325 3429 1379 horis
3472 1323 3645 1379 conti-

2060 1434 2222 1472 nuum
2256 1419 2482 1471 traxerit
2510 1419 2706 1470 hellmn
2732 1458 2746 1481 ,
2777 1418 2915 1486 quod
2949 1432 3238 1485 numquam
3265 1428 3521 1483 superare
3552 1427 3649 1464 va-

2060 1512 2236 1572 luerit,
2283 1512 2411 1579 qniu
2464 1512 2670 1563 hisdem
2718 1510 2864 1563 horis
2894 1526 3105 1578 semper
3136 1507 3234 1561 sibi
3271 1506 3467 1557 rediret
3511 1502 3649 1555 infe-

2058 1604 2192 1657 stior
2228 1622 2239 1655 :
2280 1622 2295 1652 ι
2343 1603 2417 1655 Ex
2448 1603 2657 1663 veteri,
2712 1602 2983 1669 inquiens,
3039 1598 3216 1652 sa'culi
3261 1593 3648 1648 consuetudine

377 1685 629 1739 crepans,
655 1674 820 1727 nihilo
848 1676 1064 1745 segnius
1094 1694 1213 1730 eum
1238 1679 1430 1733 ceteris
1459 1680 1809 1748 psalmorum,
1834 1695 1957 1733 ora-
2062 1696 2143 1747 Im.

1880 1696 1957 1733 m'
2062 1696 2204 1747 hunc
2248 1694 2375 1744 mihi
2411 1692 2661 1745 blandum
2705 1692 2911 1743 hostem
2958 1688 3192 1741 nutrivi!
3232 1706 3249 1736 ι
3285 1714 3354 1723 -
3393 1683 3515 1751 quia
3550 1696 3646 1734 no-

379 1761 581 1852 tionum
608 1764 687 1816 \el
718 1764 1003 1819 lectionum
1026 1772 1388 1823 communium
1412 1788 1545 1840 opus
1567 1774 1953 1840 exequebatur.
2061 1785 2237 1836 ctihus
2267 1783 2495 1852 vigilans
2526 1795 2683 1834 mane
2716 1795 2905 1832 somno
2933 1792 3103 1845 usque
3153 1777 3203 1829 in
3254 1774 3474 1828 multum
3506 1772 3649 1825 diem

379 1847 651 1942 Ququmc
678 1856 935 1923 temporis
980 1859 1163 1927 υιίίιυθ
1210 1870 1265 1913 ut
1311 1859 1642 1915 ίθννθυίίὺυδ
1672 1878 1961 1917 εοηνονδῦ·
1992 1864 2036 1924 Β
2067 1847 2379 1942 indttlgelat
2410 1903 2477 1910 —
2512 1890 2529 1921 t
2569 1871 2717 1924 Unde
2751 1872 2854 1923 huc
2890 1883 3058 1936 usque.
3111 1867 3212 1921 clsi
3263 1881 3365 1918 non
3419 1864 3648 1923 videam,

383 1940 544 1993 tionis
572 1942 777 2003 iniciis,
808 1955 862 1999 et
893 1964 1117 2003 munero
1156 1960 1210 2003 et
1250 1951 1581 2020 longitudine
1607 1962 1659 2006 et
1698 1970 1849 2008 mora
1873 1955 1955 2008 di-

381 2034 537 2086 cendi
588 2036 939 2105 multiplicius
983 2044 1436 2110 extendebantur,
1473 2063 1593 2117 qua:
1620 2053 1959 2117 postmodum

382 2126 797 2192 pusillanimitas
858 2134 1203 2189 imbecillium
1263 2139 1317 2191 in
1377 2142 1647 2197 nonnullis
1706 2146 1964 2214 compulit

386 2222 642 2275 coartari.
692 2222 823 2276 Nam
857 2235 909 2279 et
938 2228 1211 2282 orationes
1244 2241 1406 2285 noctu
1452 2242 1618 2287 terna:
1648 2252 1777 2288 mox
1814 2239 1968 2304 signo

386 2309 512 2363 dato
562 2314 627 2365 ad
669 2314 878 2382 vigilias
928 2320 1093 2373 multo
1142 2323 1460 2390 prolixiores
1504 2325 1721 2384 fiebant,
1756 2335 1810 2378 ct
1851 2335 1968 2395 post

389 2400 554 2469 ipsas.
613 2406 865 2460 omnibus
910 2411 1113 2477 pariter
1156 2414 1207 2466 in
1259 2415 1427 2468 choro
1476 2417 1854 2479 residentibus,
1901 2419 1970 2471 3t)

390 2492 581 2561 psalmi
626 2513 653 2548 a
700 2498 869 2551 119¹¹¹ο
897 2516 1064 2570 usque
1109 2503 1159 2556 in
1212 2504 1369 2559 finem
1414 2508 1679 2575 psalterii,
1709 2510 1759 2562 in
1792 2519 1973 2564 ternas

391 2585 664 2641 orationes
685 2588 837 2643 denis
860 2590 1162 2649 distributis
1191 2596 1429 2664 psalmis,
1463 2598 1773 2667 singillatim
1806 2601 1972 2654 silen-

394 2674 470 2729 tio
502 2676 836 2734 dicebantur.
864 2682 1136 2754 Erantque
1168 2689 1323 2756 primi
1354 2690 1537 2745 decem
1574 2692 1970 2754 defunctorum,

396 2768 557 2821 medii
584 2768 952 2837 familiarium,
987 2780 1213 2832 extremi
1249 2783 1603 2850 generalium.
1630 2784 1976 2840 Brevioribus

395 2858 584 2912 estivis
623 2862 870 2917 noctibus
899 2862 957 2917 ef
985 2866 1134 2921 festis
1178 2870 1364 2925 diebus
1414 2874 1477 2926 15
1522 2883 1727 2927 tantum
1764 2878 1975 2931 cantica

398 2952 682 3019 graduum,
717 2965 866 3010 terna
899 2960 1146 3013 similiter
1190 2965 1435 3016 oratione
1476 2967 1734 3019 distincti.
1770 2968 1978 3021 Lectio-

402 3058 497 3095 nes
529 3045 845 3100 hiemalibus
870 3050 1063 3118 vigiliis
1088 3052 1158 3105 ita
1186 3054 1644 3121 producebantur,
1670 3066 1728 3111 ut
1759 3061 1979 3127 prophe-

402 3133 491 3193 tis,
543 3136 632 3202 qui
694 3135 945 3193 Kalendis
996 3139 1386 3197 Novembribus
1429 3155 1719 3213 ponuntur,
1774 3149 1980 3203 duabus

2064 1964 2435 2033 crepusculum
2473 1972 2650 2016 tamen
2692 1963 2881 2014 adesse
2913 1962 3027 2028 ipse
3053 1958 3249 2013 cotidie
3276 1969 3495 2011 somnus
3522 1966 3651 2023 pro-

2070 2057 2306 2110 nuntiat.
2348 2076 2365 2105 ι

2138 2148 2229 2202 83.
2269 2149 2347 2201 Ad
2374 2148 2709 2215 superiorem
2744 2145 3024 2199 scientiam
3053 2150 3178 2195 ante
3215 2136 3655 2197 conversionem,

2072 2257 2227 2294 nsum
2260 2240 2507 2293 lectionis
2554 2239 2603 2290 in
2648 2238 3076 2305 quibuscumque
3110 2231 3413 2285 divinarum
3452 2226 3659 2278 littera-

2073 2347 2189 2384 rum
2216 2331 2367 2382 libris
2398 2338 2547 2381 tanto
2571 2330 2750 2380 studio
2780 2326 2993 2394 adjecit,
3024 2334 3079 2377 ιιι
3110 2318 3657 2376 eminentissimorum

2074 2420 2354 2474 doctorum
2390 2417 2502 2470 fere.
2530 2417 2705 2469 nullus
2733 2431 2852 2468 eum
2888 2412 3231 2482 pra'terierit,
3259 2410 3427 2462 donec
3454 2407 3660 2475 Spiritu

2076 2520 2266 2565 sancto
2312 2509 2511 2578 prmvio
2558 2508 2623 2560 ad
2672 2522 2910 2565 onmem,
2948 2512 3208 2572 quantum
3239 2499 3553 2552 mortalibus
3584 2496 3664 2549 fas

2078 2611 2181 2664 est,
2230 2600 2484 2654 noticiam
2533 2595 2623 2627 ¹⁶⁰δ
2655 2596 3047 2663 scripturarum
3096 2588 3421 2660 pervenerit.
3475 2585 3531 2639 In
3580 2585 3664 2637 his

2078 2695 2310 2763 primum
2361 2689 2585 2743 moralia
2638 2686 2779 2741 beati
2811 2682 3055 2753 Gregorii
3086 2680 3273 2733 ordine
3302 2692 3463 2746 quam
3497 2674 3666 2741 sepis-

2081 2786 2215 2838 sime
2255 2794 2598 2850 pcreurrens,
2634 2792 2767 2846 pene
2820 2783 3043 2828 cunctas
3081 2786 3143 2823 ex
3194 2784 3259 2821 eo
3306 2764 3669 2819 eontiuentias

2082 2874 2469 2930 sententiarum
2503 2870 2573 2921 ita
2607 2866 2879 2921 memoria:
2909 2859 3325 2920 commendavit,
3352 2867 3407 2908 ιιι
3440 2856 3490 2908 in
3519 2868 3668 2907 com-

2083 2966 2336 3021 munibus
2363 2963 2757 3014 exortationum
2789 2958 2901 3010 sive
2926 2955 3253 3008 locutionum
3280 2947 3670 3003 confabulatio-

2084 3061 2242 3114 nibus
2268 3055 2444 3111 omnis
2470 3053 2584 3121 ejus
2612 3052 2781 3103 oratio
2808 3066 2873 3102 ex
2914 3048 3151 3115 ejusdem
3189 3044 3338 3097 libris
3382 3044 3672 3095 decurrere

2089 3150 2376 3203 videretur.
2410 3144 2517 3198 Nec
2549 3143 2724 3195 minor
2760 3141 2806 3191 ei
2844 3135 3149 3205 Augustini,
3183 3132 3483 3193 Ambrosii,
3520 3128 3673 3183 J-cro-

403 3220 515 3275 fere
544 3224 931 3281 ebdommlihus
962 3232 1235 3297 expensis,
1260 3244 1347 3286 aut
1374 3236 1549 3289 denuo
1579 3252 1608 3289 a
1645 3253 1983 3308 quocumque
2010 3206 2054 3267 Ο
2092 3238 2246 3299 nimi,
2292 3236 2372 3290 vel
2414 3235 2456 3288 si
2502 3234 2623 3302 quis
2671 3230 3014 3296 antiquorum
3056 3225 3120 3277 ad
3163 3239 3355 3278 manus
3377 3221 3671 3281 venissent,

402 3328 589 3366 eorum
624 3328 959 3384 repeteretur
989 3320 1098 3383 ¹⁶⁰¹,
1127 3332 1219 3375 aut
1245 3324 1346 3377 alia
1377 3326 1604 3395 quedam
1637 3329 1981 3383 adderentur.

411 3405 560 3459 [Inde
601 3416 655 3459 et
694 3412 920 3463 eundem
956 3414 1128 3465 virum
1173 3417 1272 3468 sub
1310 3432 1411 3469 una
1443 3420 1711 3487 quondam
1761 3420 1989 3476 lectione

407 3495 681 3551 l'tanielem
713 3508 878 3552 totum
899 3543 913 3564 ,
939 3503 1065 3554 dum
1094 3506 1283 3568 tertius
1319 3506 1551 3563 lecturus
1582 3514 1988 3577 assurrexisset,

404 3587 705 3655 explevisse
729 3593 1084 3660 percepimus.
1120 3595 1247 3649 Item
1276 3606 1394 3666 post
1424 3598 1539 3653 dies
1563 3601 1841 3657 natalicias
1866 3618 1992 3673 apo-

407 3677 602 3741 stolus,
634 3688 687 3733 et
715 3695 743 3731 a
777 3685 1171 3753 Septuagesima
1202 3689 1467 3754 eptaticus
1516 3690 1663 3761 (595)
1715 3708 1883 3762 usque
1925 3694 1991 3747 ad

409 3769 527 3821 dies
550 3771 886 3838 passionum,
914 3785 968 3829 et
1002 3777 1053 3830 in
1084 3778 1215 3846 ipsis
1259 3778 1522 3837 Jeremias
1567 3784 1793 3854 integre,
1825 3786 1889 3839 ad
1918 3788 1996 3839 vi-

410 3860 566 3928 gilias
589 3863 926 3934 legebantur,
955 3884 1183 3937 quorum
1212 3887 1354 3926 nunc
1375 3874 1664 3942 plurimum
1695 3876 1759 3929 ad
1785 3892 2001 3947 mensas

410 3957 709 4025 suppletur.

484 4048 572 4102 82.
615 4049 680 4103 Et
722 4066 884 4119 super
932 4054 1033 4109 hoc
1079 4066 1197 4125 post
1238 4058 1509 4128 reliquum
1555 4076 1747 4117 cursus
1780 4064 1871 4095 ⁸⁸⁸³
1905 4080 2001 4119 no-

411 4140 592 4193 cturni
639 4141 723 4195 vel
769 4144 1096 4212 psalmorum
1142 4151 1684 4216 consuetudinalium,
1727 4170 1898 4224 usque
1933 4156 1999 4209 ad

415 4231 631 4299 signum
655 4237 956 4303 crepusculi
1003 4253 1030 4290 a
1070 4238 1311 4307 pluribus
1344 4242 1657 4312 plerumque
1687 4246 2001 4314 psalterium

416 4321 733 4391 singillatim
784 4340 846 4379 ex
879 4327 1088 4396 integro
1121 4329 1416 4385 dicebatur.
1451 4332 1507 4386 In
1540 4334 1736 4402 quibus
1767 4352 1888 4390 cum
1917 4352 2003 4391 ce-

418 4411 523 4464 teri
567 4412 857 4481 aliquando
895 4417 1021 4484 quid
1070 4420 1407 4475 remissionis
1440 4432 1777 4492 expeterent,
1814 4428 1899 4481 hie
1933 4428 2003 4482 ita

2090 3332 2250 3388 lectio
2292 3341 2441 3391 erat;
2485 3336 2538 3380 et
2578 3324 2701 3393 quia
2748 3322 2813 3375 ad
2863 3321 2913 3373 id
2957 3316 3230 3385 temporis,
3266 3322 3446 3382 utpote
3483 3310 3675 3364 studiis

2096 3421 2447 3492 frigentibus,
2498 3431 2632 3484 pene
2683 3428 2781 3466 nec
2828 3410 2926 3480 ipsi
2977 3409 3189 3462 codices
3242 3401 3676 3462 inveniebantur,

2095 3489 2378 3580 Augustini
2407 3510 2456 3561 in
2481 3504 2783 3559 .lohannem
2815 3511 2868 3555 et
2900 3498 3133 3568 psalmos
3162 3504 3215 3547 ct
3241 3495 3305 3548 dc
3341 3492 3557 3546 civitate.
3584 3489 3677 3542 Dei

2096 3604 2301 3671 integre
2343 3598 2589 3669 perlegit,
2638 3604 2968 3665 postrenuun
3017 3592 3065 3643 in
3110 3587 3260 3641 libris
3305 3586 3369 3639 de
3419 3584 3680 3637 Trinitate

2098 3693 2262 3745 multa
2293 3689 2588 3743 intentione
2616 3685 2849 3740 sudavit.
2878 3683 2931 3735 In
2969 3680 3162 3749 quibus
3187 3691 3307 3730 cum
3347 3675 3411 3728 de
3440 3671 3681 3725 dialecti-

2099 3784 2175 3837 cis
2205 3780 2501 3834 rationibus
2526 3776 2770 3846 quaedam
2794 3772 3137 3831 offendisset,
3170 3766 3401 3821 maxime
3442 3764 3527 3815 ubi
3559 3777 3682 3831 pro-

2098 3883 2220 3943 pter
2249 3868 2721 3925 demonstrandam
2755 3864 3069 3918 relationem
3106 3858 3283 3912 Patris
3305 3856 3370 3908 ad
3404 3854 3594 3907 Filium
3628 3860 3685 3903 et

2102 3942 2333 4034 Spiritus
2363 3962 2428 4015 ad
2453 3972 2727 4026 utrosque,
2754 3972 2871 4009 eam
2897 3970 3013 4021 qu:e
3037 3951 3233 4005 dicitur
3271 3966 3286 3995 ι
3322 3945 3386 3997 ad
3422 3942 3621 4011 aliquid
3660 3958 3678 3990 ι

2102 4033 2467 4125 cathegoriatn
2499 4050 2825 4109 introducit,
2857 4048 3078 4115 ejusque
3108 4040 3395 4096 occasione
3426 4036 3489 4089 de
3514 4033 3688 4085 omni-

2104 4146 2202 4200 bus
2234 4124 2447 4214 quoque
2490 4142 2673 4195 decent
2707 4134 3140 4207 prmdicamcnlis
3171 4130 3399 4185 strictim
3442 4124 3686 4194 qnzcdant

2106 4244 2517 4297 commemorat,
2567 4231 2909 4287 scolasticam
2950 4243 3070 4281 mox
3110 4240 3270 4292 super
3302 4222 3385 4274 his
3436 4218 3534 4272 sibi
3568 4232 3690 4284 ape-

2108 4330 2312 4387 ricndis
2341 4336 2600 4395 expetens
2621 4364 2634 4384 ,
2669 4323 2734 4375 ab
2759 4321 2891 4389 ipsis
2914 4312 3405 4371 intrmluctionibus
3446 4310 3695 4375 Isagoga-

2110 4438 2226 4478 rum
2268 4420 2504 4473 laborem
2543 4413 2769 4481 arripuit
2797 4408 3063 4463 lectionis.
3106 4405 3159 4458 In
3200 4418 3307 4472 quo
3341 4418 3462 4454 cmn
3490 4400 3576 4451 diu
3610 4398 3692 4448 in-

416 4498 651 4555 infraeto
682 4503 876 4557 robore
904 4521 1096 4561 somno
1129 4524 1433 4581 repugnans
1456 4513 1521 4566 ad
1548 4514 1744 4569 nullam
1774 4516 1889 4571 fere
1915 4532 2004 4571 ce-
2037 4554 2084 4613 υ
2112 4517 2289 4589 genita
2321 4512 2420 4568 sibi
2454 4509 2739 4563 vivacitate
2770 4502 2963 4573 ingenii
2987 4542 3002 4565 ,
3042 4508 3096 4554 et
3139 4508 3195 4550 ιιι
3230 4497 3280 4549 in
3313 4495 3471 4548 rebus
3501 4489 3697 4544 ceteris

422 4590 581 4613 ,ιηιηι
611 4592 794 4613 ι--με.γ,
821 4595 852 4613 ιο
908 4612 915 4613 ,
1078 4607 1089 4613 -
1160 4611 1167 4613 ι
1210 4609 1220 4613 -
1504 4612 1507 4613 ,
1642 4606 1651 4613 .
1681 4607 1691 4613 .
1934 4609 1947 4613 _
2688 4600 2697 4611 ρ
2879 4606 2889 4613 .
2969 4595 2979 4613 9
3008 4611 3013 4613 _
3046 4592 3317 4613 .-ηιξ-...Α
3367 4585 3460 4613 usos
3513 4584 3697 4613 Ialm.“

417 4590 586 4645 debat
611 4592 1002 4661 lassitudinem,
1038 4607 1093 4663 ut
1124 4611 1175 4652 et
1209 4609 1319 4655 toto
1347 4612 1607 4671 quantum
1641 4606 1691 4660 id
1722 4609 2007 4676 protende-

421 4690 577 4735 retur
618 4686 836 4755 pervigil
898 4698 1067 4743 staret
1122 4690 1425 4758 intervallo,
1481 4703 1535 4747 et
1579 4698 1841 4749 matutino
1888 4695 2033 4751 olli?

420 4774 511 4827 cio
538 4774 632 4805 ¹⁸⁰⁸
659 4776 739 4830 vel
772 4778 957 4847 prima:
996 4782 1161 4845 horae,
1199 4799 1318 4852 qua:
1361 4786 1616 4838 continue
1640 4786 2010 4858 subsequitur,

420 4879 547 4918 cum
598 4867 819 4935 psalmis
853 4881 1059 4939 septem
1092 4875 1401 4942 penitentim
1430 4886 1485 4930 et
1524 4876 1721 4931 letania
1772 4879 2007 4949 expleto,

419 4971 549 5010 mox
580 4956 793 5013 lectioni
826 4965 1128 5019 accederet.
1178 4967 1273 5021 Ubi
1316 4983 1436 5022 cum
1486 4970 1534 5023 ei
1581 4970 1868 5039 aliquando
1897 4974 2009 5044 ipsa

420 5058 678 5102 vmcente
726 5059 910 5105 natura
956 5069 1179 5111 somnus
1213 5058 1517 5127 obreperet,
1549 5076 1577 5113 a
1610 5061 1795 5116 codice
1823 5080 1882 5117 se
1905 5074 2027 5120 sta-

421 5138 522 5193 tim
553 5141 864 5209 excutiens,
899 5146 1000 5200 huc
1032 5146 1263 5221 illucque
1289 5150 1479 5218 psalmi
1509 5154 1635 5221 quid
1685 5168 1900 5223 semper
1926 5158 2014 5212 de-

422 5243 778 5286 murmurans
825 5238 1183 5295 suaeiabatur.
1226 5239 1622 5315 Maximumquc
1661 5245 1871 5301 testivis
1903 5264 2016 5302 ma-

2112 4584 2247 4679 quas
2294 4619 2547 4673 umquam
2593 4600 2914 4669 arripuerat,
2969 4592 3320 4657 iudefatigato
3367 4585 3460 4617 ¹⁶⁰⁸
3512 4584 3697 4679 labore

2111 4672 2436 4758 luctaretur,
2480 4698 2699 4759 repente
2733 4688 2960 4740 donnms
3003 4692 3155 4753 pater
3203 4677 3456 4732 liinoldus
3492 4672 3699 4727 medios

2112 4787 2353 4861 prtecidit
2382 4764 2629 4838 conatus.
2657 4778 2703 4832 ls
2733 4776 2875 4830 enim
2902 4790 3080 4827 rerum
3111 4767 3403 4824 earundem
3429 4765 3539 4834 jam
3569 4762 3698 4816 olim

2114 4877 2567 4937 studiosissimus,
2596 4881 2650 4925 et
2676 4877 2880 4939 quanto
2910 4866 3092 4918 labore
3140 4876 3202 4915 ea
3252 4863 3567 4913 constarent
3609 4869 3704 4908 ex-

2114 4980 2321 5042 pertus,
2350 4979 2585 5035 tempora
2611 4978 2732 5017 eum
2758 4961 2808 5012 in
2836 4958 2918 5011 his
2940 4956 3138 5009 frustra
3169 4951 3355 5005 nolens
3376 4946 3703 5015 expendere,

2120 5040 2270 5119 brevi
2300 5057 2659 5131 prohibitione
2685 5049 2897 5109 avertit,
2922 5059 2975 5102 et
3003 5055 3058 5100 ut
3079 5045 3317 5097 animum
3344 5040 3707 5131 pocitissacra

2116 5125 2355 5208 lectione
2376 5151 2685 5216 occuparet,
2713 5140 2800 5193 ubi
2826 5138 2957 5191 satis
2983 5148 3251 5203 superque
3279 5140 3330 5184 et
3366 5125 3603 5181 scientiae
3633 5131 3708 5184 et,

2123 5246 2271 5316 quod
2298 5245 2470 5316 majus
2499 5247 2602 5303 est,
2633 5230 2992 5291 ediﬁcationis
3020 5227 3071 5282 ei
3104 5224 3350 5280 doctrina
3375 5222 3708 5288 suppeteret.

1709 5397 1749 5426 ιτ
1766 5400 1790 5426 Δ
1812 5402 1885 5426 ηπ
1907 5405 1953 5426 ιθ
1994 5406 2016 5426 π
2040 5400 2383 5426 πηφιηιιιπα
