4472 5522
763 0 865 35 23η»
1649 0 1673 41 J

1683 0 1934 45 UAANS
1974 0 2263 44 AlitL-Yl'lb
2305 0 2361 45 δ.
2403 0 2709 49 AltNULFl
2747 0 3088 53 METENSIS

3921 5 4021 59 εει

763 99 855 150 Ille
882 97 970 164 qui
1003 98 1349 153 obmdicntia:
1390 98 1612 153 limitem
1660 101 1959 169 transgredi
1990 117 2093 155 nou
2128 103 2238 165 ηπ,
2268 118 2350 157 se-
2377 112 2419 163 Α
2455 105 2649 159 rimum
2680 111 3032 178 gravabatur,
3064 124 3169 165 non
3202 120 3374 167 tamen
3420 120 3480 166 ut
3526 115 3807 184 quisquam
3836 131 4023 170 eorum

766 184 870 240 mel
888 186 1188 253 juravcral,
1210 203 1331 241 mox
1363 189 1575 256 incepto
1592 191 1877 249 renuntiat,
1899 203 1953 243 et
1978 192 2026 244 in
2051 192 2301 244 divinant
2320 208 2351 245 a

769 275 1035 345 principio
1062 292 1120 331 se
1171 286 1340 330 totum
1387 280 1707 347 transponit.
1736 278 2000 334 Prmterea
2024 280 2267 350 Gregorii
2299 283 2351 335 in

766 365 1126 420 Jezecbiclem
1146 367 1313 420 multo
1330 384 1424 421 usu
1444 369 1680 431 detrivit,
1700 378 1903 438 utpene
1919 371 2351 425 memoriw'cem-

780 459 1069 511 mendasse
1095 459 1390 512 videretur.
1418 458 1497 511 Ad
1521 476 1787 513 summam
1812 459 2050 526 ejusdem
2083 477 2355 530 quercum-

769 565 875 619 que
906 559 1090 604 essent
1124 550 1265 605 beati
1305 552 1573 621 Gregorii,
1610 552 1766 605 unice
1796 561 1991 621 praeter
2030 564 2209 607 cetera
2242 569 2356 608 am-

772 639 959 707 plexus
987 649 1090 694 est.

842 726 930 781 84.
974 726 1311 796 Quamquam
1356 742 1461 781 non
1510 729 1650 781 inter
1689 729 1803 782 lucc
1834 731 1958 783 vita:
1988 734 2356 786 conversatio-

774 833 870 872 nes
898 820 981 871 vel
1023 820 1166 873 dicta
1205 836 1679 890 quorumcumque
1730 834 2060 883 sanctorum,
2098 828 2354 894 peculiari

776 907 903 960 stilo
934 910 998 961 de
1017 908 1096 961 eis
1117 909 1443 979 conscripta,
1477 928 1583 963 non
1608 928 1728 963 cum
1755 915 2134 981 pratlerierinl,
2162 918 2357 987 quippe

771 997 863 1065 qui
888 1012 951 1051 ex
986 998 1115 1067 ipsis
1142 1001 1193 1052 in
1223 1016 1378 1053 usum
1412 1002 1629 1071 preprie
1655 1006 2081 1060 conversationis
2112 1024 2355 1063 normam

772 1089 875 1143 sibi
930 1094 1287 1161 assumpserit
1337 1094 1654 1157 Antonium,
1701 1094 1950 1159 Paulum,
2001 1098 2352 1167 llilarioncm,

774 1178 1132 1248 Macharium,
1178 1184 1552 1250 Pachomium,
1594 1197 1645 1240 ct
1677 1187 1914 1256 reliquos
1944 1190 2151 1243 heremi
2183 1204 2358 1246 sacta-

770 1282 940 1339 tores,
994 1285 1103 1329 tum
1163 1277 1451 1331 Martinum
1502 1280 1797 1332 maximum
1848 1290 1903 1333 et
1957 1284 2355 1338 sanctissimum

773 1367 1104 1436 episcopum,
1132 1369 1461 1424 Germanum
1508 1373 1572 1424 ad
1623 1374 1723 1427 hoc
1773 1382 1826 1426 et
1861 1390 2230 1445 quoscumque
2262 1393 2357 1429 au-

773 1460 1021 1514 sterioris
1045 1462 1169 1515 vita:
1194 1463 1514 1533 perlegerat,
1540 1465 1583 1517 si
1615 1473 1857 1533 tempora
1885 1477 2214 1533 paterentur,
2250 1469 2358 1523 for-
2392 1457 2431 1514 Β

776 1550 916 1604 sitan
938 1559 1265 1622 attemptare
1284 1555 1601 1617 moliretur;
1637 1555 1778 1622 quod
1808 1557 1992 1625 utique
2020 1572 2081 1610 ex
2107 1573 2166 1611 ea
2193 1575 2356 1627 quam

776 1641 1084 1709 arripuerat
1121 1644 1475 1713 castigatione
1508 1646 1734 1699 dabatur
1759 1650 2049 1717 conjicere.
2074 1647 2244 1714 Quem
2280 1662 2359 1704 ta-

778 1747 898 1785 men
932 1733 1035 1787 etsi
1072 1734 1123 1787 in
1156 1733 1434 1789 laboribus
1466 1743 1744 1807 corporeis
1771 1744 2065 1813 disparem,
2098 1746 2149 1799 in
2181 1745 2357 1797 virtu-

774 1824 917 1878 tibus
938 1826 1134 1879 anima:
1166 1842 1270 1879 non
1289 1826 1401 1881 fere
1420 1829 1580 1882 alium
1614 1834 1784 1903 magis
1814 1834 2051 1901 ipsorum
2074 1835 2353 1897 :cmulum,

774 1926 1014 1968 nostram
1042 1916 1247 1970 vidisse
1270 1928 1509 1979 mtatem,
1536 1932 1686 1973 certo
1719 1924 1962 1990 proferre
1996 1942 2098 1977 non
2127 1926 2360 1992 trepida-

774 2008 967 2061 verim.
1008 2007 1270 2062 Johannis
1313 2008 1589 2075 cujusdam
1628 2012 1975 2067 Alexandrini
2010 2016 2353 2082 patriarchae,

774 2112 935 2165 quem
970 2096 1301 2150 Eleimonem
1337 2101 1749 2167 cognominant,
1785 2112 1937 2156 actus
1968 2120 2105 2171 pene
2155 2120 2360 2157 memo-

774 2186 865 2237 ria:
896 2186 1155 2248 retinens,
1192 2187 1241 2239 in
1279 2189 1531 2241 omnibus
1556 2189 1668 2244 fere
1700 2194 2041 2247 sermonibus
2065 2210 2185 2247 eum
2208 2205 2356 2263 grata

773 2286 825 2328 et
875 2277 1045 2330 amica
1096 2277 1380 2331 dulcedine
1415 2281 1727 2345 reducebat,
1777 2285 2168 2353 audientesque
2199 2301 2264 2340 ex
2294 2300 2359 2340 eo

771 2366 939 2421 multa
972 2369 1285 2422 attentionis
1308 2372 1576 2425 suavitate
1606 2375 1891 2428 retinebat.

842 2457 929 2510 85.
971 2457 1035 2509 Et.
1061 2458 1185 2527 quia
1223 2459 1288 2512 de
1320 2460 1548 2529 singu'is
1594 2466 1843 2532 persequi
1877 2481 2160 2533 operosum
2194 2467 2356 2520 nimis

772 2548 1011 2611 videtur,
1042 2565 1270 2616 quorum
1302 2566 1407 2603 non
1443 2553 1622 2606 minor
1650 2568 1770 2606 eum
1804 2555 2029 2608 scientia
2064 2556 2146 2608 vel
2181 2557 2357 2609 imita-

774 2640 850 2693 tio
883 2638 1270 2702 assuefecerat,
1314 2640 1441 2693 illud
1484 2643 1749 2697 miraculo
1781 2645 2033 2699 omnibus
2059 2656 2195 2711 erat,
2219 2648 2357 2715 quod

774 2745 896 2782 cum
930 2730 980 2781 in
1025 2730 1108 2783 his
1140 2738 1350 2783 tantum
1382 2733 1628 2785 exercitii
1664 2734 1912 2797 haberet,
1948 2736 2149 2789 nichilo
2182 2746 2356 2789 tamen

2455 195 2557 249 hoc
2583 196 2662 249 vel
2692 196 2882 251 leviter
2925 200 3281 267 persentirct;
3328 216 3451 255 nam
3482 203 3545 255 ad
3578 220 3790 257 onmem
3816 207 4023 276 copiam

2453 287 2531 339 eis
2563 296 2823 355 quantum
2848 288 3165 343 vellentnou
3185 292 3387 355 deerat,
3405 301 3457 346 et
3480 292 3593 361 ipse
3614 310 3735 347 cum
3757 295 3835 349 eis
3862 297 4025 350 multa

2447 378 2787 447 jucunditate
2841 390 2895 434 et
2945 382 3403 437 condescensione
3457 399 3575 438 sese
3624 386 3942 452 gaudentem
3974 399 4029 439 et

2454 481 2661 521 comem
2696 469 2746 521 in
2774 471 3026 525 omnibus
3055 472 3362 526 exhibebat.
3395 472 3499 527 Sed
3539 475 3660 527 dum
3688 478 4027 543 postmodum

2456 562 2827 630 spiritualibus
2858 567 3161 635 quibusque
3184 568 3603 636 colloqueretur,
3632 570 3858 623 dolendo
3884 571 4031 638 inge-

2457 656 2718 721 minabat,
2754 674 2811 712 se
2842 675 3133 729 numquam
3171 662 3243 715 ita
3281 662 3602 716 secularium
3634 664 4030 718 conversatioui

2456 746 2540 800 vel
2572 748 2637 802 ad
2668 749 2829 804 breve
2860 767 3017 819 posse
3063 754 3342 817 interesse,
3378 755 3505 823 quin
3552 755 3751 823 aliquid
3799 755 3863 807 de
3906 772 4034 809 eon-

2458 848 2613 893 sueto
2647 841 2746 894 sibi
2791 842 2949 895 modo
2991 846 3416 897 conversationis
3443 847 3780 913 deperderet,
3819 847 4037 915 insuper

2457 942 2512 985 et
2543 947 2721 984 rerqu
2754 930 2986 987 fratrum
3020 935 3173 1003 plura
3201 936 3400 989 invitus
3421 937 3767 1005 expenderet.
3805 935 3935 989 Nam
3963 938 4035 990 ita

2460 1023 2802 1077 familiariter
2844 1025 3081 1089 dicebat,
3132 1026 3257 1079 dum
3309 1028 3697 1080 sermocinatio
3747 1026 4037 1095 aliquando

2460 1112 2725 1190 incideret
2747 1114 2810 1167 de
2841 1114 3097 1169 fratribus
3127 1132 3214 1171 res
3242 1115 3373 1171 feris
3397 1117 3733 1180 curantibus,
3762 1117 3902 1186 quod
3931 1132 4036 1170 non

2461 1213 2570 1258 tam
2604 1206 2795 1260 crebro
2827 1222 2920 1260 eos
2947 1222 3043 1276 per
3077 1223 3133 1261 se
3163 1223 3226 1261 ea
3260 1222 3419 1277 agere
3456 1210 3754 1277 expediret,
3791 1218 3843 1262 et
3875 1208 4039 1262 verbo

2458 1296 2639 1365 potius
2670 1298 2931 1352 ministris
2976 1299 3128 1353 laicis
3159 1300 3499 1362 mandarent,
3551 1301 3759 1370 ipsique
3801 1300 4040 1353 claustro

2462 1387 2857 1441 secohibereut
2885 1406 2897 1441 :
2932 1407 2949 1439 (
2982 1390 3173 1455 Nemo,
3206 1392 3478 1460 inquiens,
3508 1392 3797 1460 aliquando
3820 1407 3903 1444 me
3928 1406 4040 1443 ma-

2461 1477 2542 1545 gis
2578 1477 2806 1530 caniuus
2832 1478 3028 1541 extitit,
3065 1489 3119 1532 et
3158 1480 3248 1548 qui
3285 1481 3402 1548 plus
3453 1483 3665 1534 teuatia:
3698 1489 4040 1551 argueretur,

2460 1575 2513 1621 et
2552 1582 2737 1621 revera
2772 1569 2862 1637 qui
2902 1569 3120 1638 parcior
3149 1570 3241 1601 ¹⁶⁰⁸
3264 1569 3396 1624 foris
3425 1580 3588 1635 esset,
3615 1571 3904 1624 dummodo
3928 1585 4044 1623 mo-

2459 1659 2698 1712 nasterio
2738 1667 2931 1722 totum,
2960 1668 3017 1712 ut
3045 1675 3181 1729 opus
3209 1676 3329 1714 esse
3356 1661 3671 1723 cernebam,
3707 1659 4040 1713 convehere-

2461 1759 2567 1802 tur.
2598 1749 2701 1802 Sed
2734 1766 3048 1819 numquam,
3084 1751 3293 1817 inquid,
3345 1751 3489 1819 potui
3543 1760 3743 1802 tantam
3783 1750 4044 1805 adhibere

2460 1841 2815 1910 diligentiam,
2862 1851 2923 1893 ut
2955 1840 3219 1909 quociens
3253 1857 3373 1893 cum
3409 1842 3487 1895 eis
3526 1842 3756 1904 comedi,
3791 1858 3893 1895 non
3928 1842 4043 1897 fere

2464 1939 2609 1981 tanta
2637 1930 3025 1997 expenderem,
3058 1939 3258 1999 quanta
3293 1930 3552 1983 fratribus
3583 1931 3758 1983 diario
3782 1941 4043 1985 consueto

2459 2018 2786 2073 sufﬁcerent.
2815 2020 2947 2075 Cum
2981 2021 3124 2073 enim
3173 2020 3419 2089 quilibet,
3454 2020 3659 2088 inquid,
3692 2021 3902 2073 viantes
3929 2021 4042 2088 pri-

2460 2119 2705 2162 vatorum
2734 2124 2828 2162 seu
2860 2107 3145 2175 majorum,
3179 2111 3223 2163 si
3262 2110 3353 2178 qui
3383 2111 3435 2162 in
3468 2110 3555 2162 illa
3584 2109 3666 2162 vel
3697 2109 3781 2161 illa
3824 2124 4043 2178 posses-

2461 2202 2631 2263 sione,
2672 2217 2793 2268 qua:
2834 2212 2980 2254 esset
3023 2201 3364 2263 monasterii,
3396 2216 3460 2254 ex
3495 2200 3777 2254 monachis
3806 2201 4042 2260 adesset,

2459 2291 2858 2359 perquirerent,
2912 2300 2969 2344 ut
3010 2292 3149 2345 forte
3183 2304 3266 2343 me
3309 2291 3380 2343 ibi
3429 2299 3830 2357 compererant.
3859 2290 4043 2357 specie

2459 2386 2730 2440 salutandi
2763 2388 3115 2451 divertenles,
3160 2403 3268 2439 non
3300 2401 3538 2454 congrue
3588 2385 3815 2452 ini-ogali
3856 2396 4042 2436 mensa

2460 2487 2712 2546 poterant
2741 2478 2997 2548 ablegari.
3029 2478 3093 2531 Et
3122 2478 3199 2531 sic
3228 2478 3414 2543 utique
3448 2491 3549 2529 non
3581 2484 3825 2543 poteram
3858 2473 4046 2527 obser-

2459 2583 2610 2630 vare,
2661 2576 2720 2620 ut
2760 2582 2973 2636 queque
3007 2566 3235 2620 fratrum
3284 2564 3415 2618 foris
3449 2573 3625 2625 erant,
3682 2564 3762 2616 vel
3818 2576 4064 2630 quaeque

2461 2672 2680 2726 quoquo
2730 2658 2949 2727 ingenio
2993 2656 3444 2724 adquirebantur,
3492 2654 3718 2723 integre,
3746 2661 3803 2706 ut
3831 2652 4049 2706 animus

2461 2757 2596 2811 erat,
2634 2750 2961 2802 monasterio
2993 2747 3325 2801 inferrentur
3352 2745 3464 2798 “3°”.

770 2834 1123 2887 quaecumque
1153 2819 1205 2872 in
1238 2822 1397 2874 rebus
1427 2822 1791 2877 exterioribus
1819 2827 2022 2892 agenda
2062 2836 2247 2893 essent
2277 2842 2355 2880 τοι
2384 2817 2427 2876 C
2531 2839 2618 2893 87.
2660 2838 2715 2892 In
2750 2840 2879 2907 ipsis
2905 2839 3148 2908 judiciis,
3183 2839 3282 2892 etsi
3332 2838 3398 2891 ab
3428 2837 3698 2906 aliquilnts
3741 2842 4061 2897 notaretur,

772 2906 1043 2972 mittebat,
1094 2909 1223 2978 quin
1272 2910 1419 2964 circa
1450 2911 1660 2965 diversa
1691 2912 2003 2968 discurrens
2038 2924 2092 2969 et
2132 2917 2357 2985 singulis

769 2999 1085 3053 ordinandis
1109 3008 1377 3069 prmeepta
1409 3002 1766 3065 constituens,
1790 3017 2005 3056 onmem
2048 3004 2210 3059 totius
2245 3020 2362 3059 mo-

772 3090 996 3143 nasterii
1027 3092 1075 3141 in
1102 3100 1209 3144 tam
1248 3091 1636 3158 multiplicibus
1663 3093 1870 3146 artilms
1901 3094 1983 3147 vel
2010 3092 2200 3149 ciliciis
2243 3111 2355 3149 rem

773 3186 994 3233 strenue
1025 3189 1362 3247 procuraret.
1389 3181 1632 3248 Cumque
1657 3183 2066 3249 possessionum
2086 3195 2358 3238 monaste-

772 3270 840 3323 rii
873 3271 1120 3324 universa
1165 3272 1215 3324 in
1266 3287 1388 3325 eum
1419 3287 1548 3326 cura
1582 3275 1941 3337 recumberet,
1986 3291 2142 3330 rarus
2175 3286 2355 3330 tamen

768 3361 844 3415 illi
877 3360 942 3413 ad
969 3375 1062 3413 eas
1093 3375 1403 3430 processus,
1446 3363 1734 3430 potiusque
1762 3363 1827 3416 de
1871 3365 1986 3431 ipso
2024 3365 2355 3420 monasterio

772 3466 984 3519 queque
1027 3450 1157 3504 foris
1189 3453 1394 3520 agenda
1445 3461 1628 3505 essent
1669 3454 1929 3517 dictabat,
1965 3456 2226 3524 brevique
2256 3456 2356 3510 sub

769 3552 1015 3611 tempore
1034 3542 1295 3596 ministris
1324 3544 1581 3600 evocatis.
1618 3545 1821 3598 mensis
1842 3555 1933 3599 aut
1961 3546 2192 3615 amplius
2213 3548 2355 3614 quod

767 3633 866 3701 ipsi
909 3632 1182 3701 expletum
1214 3632 1481 3687 referrent
1528 3634 1793 3688 edicebat.
1839 3636 1973 3689 Cum
2023 3637 2355 3691 eminentior

770 3723 1023 3792 quaelibet
1055 3740 1217 3778 causa
1246 3740 1367 3777 eum
1405 3726 1753 3790 extraxisset,
1784 3737 1836 3780 et
1870 3730 1935 3779 ad
1969 3742 2162 3781 causas
2193 3743 2355 3797 agen-

769 3814 865 3869 das
897 3814 1135 3868 residere
1166 3831 1288 3869 eum
1332 3819 1631 3870 necessitas
1679 3817 2001 3887 impulisset,
2052 3819 2101 3872 id
2152 3829 2354 3888 quanto

766 3901 929 3958 citius
957 3902 1179 3971 negocia
1212 3918 1390 3955 rerqu
1424 3903 1743 3970 pariebatur
1775 3906 2160 3969 acceleratum,
2202 3906 2355 3960 festi-

766 4008 889 4057 nus,
923 3994 1191 4047 interdum
1221 4008 1436 4062 quoque
1472 3993 1564 4025 ¹⁶⁰⁷
1620 4009 1719 4048 nec
1762 4010 2028 4062 pransus,
2075 4006 2351 4050 monaste-

765 4084 905 4138 rium
946 4085 1245 4152 repetebat.
1302 4083 1356 4136 Si
1404 4085 1622 4153 quando
1671 4085 1804 4139 foris
1856 4102 2079 4141 manere
2128 4103 2214 4141 res
2259 4095 2352 4139 :mt

2461 2930 2802 2983 rectitudinis
2835 2929 2914 2982 vel
2962 2928 3183 2996 iustitia:
3213 2930 3440 2983 limitem
3475 2929 3782 2983 nullatenus
3817 2929 4046 2984 excede-

2456 3020 2570 3074 bat.
2612 3019 2709 3073 Ubi
2742 3020 2997 3088 superbia
3025 3019 3106 3072 vel
3138 3021 3478 3075 contumacia
3520 3024 3783 3090 quosdam
3822 3025 4063 3093 supinos

2458 3109 2543 3163 vel
2575 3108 2821 3163 elframes
2856 3110 3185 3174 reddiderat,
3242 3112 3366 3163 dum
3414 3122 3608 3181 cquata
3662 3112 3801 3167 forte
3847 3115 4064 3167 ceteris.

2460 3201 2599 3256 colla
2643 3200 2986 3271 refringeret,
3021 3202 3185 3254 etiam
3234 3202 3276 3254 si
3324 3203 3688 3270 potentiorum
3742 3204 4042 3273 patrocinia

2459 3293 2559 3347 sibi
2590 3308 2784 3361 parare
2810 3292 3221 3356 contenderent,
3253 3293 3398 3347 nullo
3429 3303 3639 3362 poterat
3664 3294 3932 3348 inclinari.
3959 3294 4043 3347 Ad

2460 3386 2510 3439 id
2545 3386 2760 3437 demum
2794 3394 2902 3438 tota
2941 3385 3040 3438 sibi
3076 3386 3358 3454 spectabat
3388 3386 3638 3450 intentio,
3672 3388 3928 3456 quicquid
3956 3385 4044 3453 ju-

2459 3475 2607 3529 stitia
2642 3476 2975 3543 adquireret,
3008 3485 3177 3528 totum
3205 3475 3434 3529 lideliter
3465 3477 3795 3531 monasterio
3820 3476 4044 3541 inferre;

2458 3576 2514 3620 et
2546 3566 2674 3619 illud
2707 3567 2909 3634 optime
2937 3567 3102 3631 cavit,
3152 3585 3219 3621 ne
3246 3567 3498 3621 sacculus
3526 3568 3839 3620 monasterii
3870 3567 4043 3636 quali-

2456 3656 2549 3709 bet
2581 3656 2968 3724 uniquaindoli
3003 3658 3087 3711 vel
3127 3659 3450 3713 miserorum
3480 3657 3667 3712 fraude
3699 3658 3782 3712 vel
3818 3659 4043 3714 calami-

2461 3756 2571 3800 tate
2601 3747 3087 3802 contaminaretur.
3121 3748 3502 3803 jEstimaverit
3526 3750 3759 3817 quisque
3788 3753 3929 3819 quod
3959 3767 4047 3806 ve-

2458 3839 2540 3903 lit,
2570 3854 2668 3910 ego
2700 3848 2845 3894 certa
2890 3840 2993 3895 fide
3046 3840 3215 3895 libere
3260 3840 3759 3910 pronuntiaverim,
3810 3841 3958 3896 illum
3988 3853 4045 3896 et

2459 3945 2671 3998 semper
2708 3932 2889 3985 odisse
2934 3931 3276 4000 iniquitatem
3323 3941 3377 3986 et
3431 3933 3662 3995 cavisse,
3713 3941 3767 3986 et
3813 3932 4044 3987 Domino

2457 4035 2675 4089 gressus
2702 4022 2817 4091 ejus
2840 4022 3137 4075 secundum
3168 4022 3441 4090 eloquium
3466 4023 3757 4092 dirigente,
3790 4037 3893 4075 non
3920 4038 4039 4076 eam

2460 4113 2531 4167 illi
2556 4124 2816 4182 quantum
2843 4114 3081 4168 lmmana
3108 4114 3464 4184 paciebautur
3493 4113 3824 4166 dominatam
3852 4112 4036 4165 fuisse.

768 4189 978 4248 tempus
1010 4178 1273 4247 exigeret,
1306 4178 1355 4233 in
1384 4187 1647 4274 quantum
1673 4189 1885 4274 poterat
1914 4180 2034 4274 cybi
2058 4180 2154 4274 χοι
2192 4190 2350 4250 Doms
2387 4202 2430 4260 D
2458 4178 2772 4272 Qui-usuris
2798 4221 2920 4259 eum
2951 4206 3263 4269 inservisse,
3295 4215 3350 4261 et
3386 4205 3486 4259 sub
3515 4205 3696 4274 specie
3727 4203 4039 4256 monasterii

768 4285 1076 4324 mensuram
1108 4270 1437 4323 monasterio
1459 4269 1669 4323 solitam
1692 4271 2025 4324 continebat.
2058 4270 2189 4323 Nam
2214 4280 2351 4324 stra-

769 4372 856 4417 tus
888 4377 1178 4431 numquam
1214 4361 1451 4432 regulam
1484 4363 1857 4424 commutavit,
1902 4370 1961 4415 ut
1982 4363 2217 4430 plumam
2248 4363 2348 4417 sibi

762 4461 1032 4514 ullatenus
1059 4468 1256 4529 praeter
1295 4459 1456 4526 capiti
1506 4467 1715 4511 tantum
1762 4456 2033 4510 substerni
2062 4457 2345 4523 permitte-

766 4560 867 4606 ret.
903 4551 1055 4617 Quod
1086 4566 1149 4603 ex
1187 4550 1302 4617 ipso
1333 4549 1593 4617 magistro
1621 4564 1719 4601 suo
1759 4550 1957 4601 domno
1980 4548 2228 4613 Einoldo,
2255 4549 2347 4617 qui

764 4656 831 4696 ex
867 4641 997 4709 ipsis
1035 4639 1213 4692 iniciis
1263 4638 1365 4691 hoc
1417 4639 1485 4689 in.
1523 4636 1682 4690 tinem
1717 4652 1885 4705 usque
1919 4637 2060 4690 domi
2112 4636 2346 4706 forisque

762 4731 1025 4793 servavit,
1052 4738 1109 4783 ut
1137 4745 1263 4782 vere
1295 4728 1592 4796 discipulus
1613 4729 1817 4783 doctori
1849 4742 2177 4800 regenerans
2202 4729 2347 4798 pedi-

763 4825 863 4879 bus
891 4832 981 4879 esL
1001 4823 1345 4878 subsecutus.

831 4916 920 4973 86.
964 4916 1068 4970 Sed
1097 4926 1149 4969 et
1174 4917 1227 4970 in
1262 4914 1392 4985 ipsis
1414 4914 1656 4986 prandiis
1680 4914 2001 4969 secularium
2038 4930 2202 4969 causa
2227 4914 2341 4983 plu-

2459 4297 2845 4349 necessitatum
2890 4297 3035 4351 lucra
3091 4297 3467 4365 undecumque
3496 4296 3767 4348 :cstimant
3814 4306 4038 4361 conges-

2456 4388 2614 4452 sisse,
2644 4404 2711 4442 ex
2739 4400 2949 4443 suomet
2973 4390 3119 4442 illiilli
3155 4389 3370 4457 ingenio
3395 4389 3715 4455 metiuntur.

2527 4480 2614 4534 258.
2646 4480 2761 4533 Non
2786 4481 2926 4549 qttod
2952 4482 3002 4534 in
3030 4498 3092 4534 co
3120 4482 3225 4534 tale
3252 4480 3369 4549 quit
3404 4488 3496 4531 aut
3518 4478 3751 4531 viderint
3774 4484 3863 4527 aut
3889 4484 4041 4527 certe

2456 4570 2761 4624 didicerint.
2803 4572 3196 4624 Conuuodabat
3244 4568 3492 4637 equidem
3540 4566 3771 4636 plurima
3805 4575 3859 4617 et
3903 4565 4040 4616 reci-

2454 4663 2656 4731 piebat,
2701 4674 2891 4715 cautus
2921 4678 2988 4717 ne
3018 4678 3125 4731 quo
3154 4661 3278 4715 dolo
3306 4661 3611 4715 debitorum
3656 4658 3951 4720 falleretur,
3984 4663 4043 4708 ct

2454 4756 2751 4809 secundum
2787 4755 2902 4809 illul
2938 4754 3105 4809 Persii
3140 4754 3320 4825 (596):

2596 4898 2776 4950 l‘octus
2804 4903 2853 4946 (ι
2873 4896 2928 4945 ad
2963 4892 3165 4943 calicem
3185 4890 3401 4953 vigilaati
3428 4897 3645 4939 stertere
3671 4899 3803 4947 uaso,

2053 5026 2287 5081 VARUE
2333 5018 2734 5079 LECTIONES.

836 5140 927 5174 ¹⁶⁰⁶
962 5141 1010 5194 iu
1037 5158 1080 5193 c.
1159 5139 1249 5170 ¹⁶⁰⁷
1390 5159 1432 5195 c.

1512 5142 1603 5173 ¹⁶⁰⁹⁴
1639 5142 1845 5212 partior
1876 5157 1921 5194 ε.

2003 5140 2092 5173 ’ποθ
2129 5138 2429 5193 iafereutur
2458 5154 2504 5189 c.

2282 5247 2510 5303 NOT.£.

839 5374 984 5443 (Silii)
1034 5372 1142 5426 imo
1168 5370 1443 5426 iuvenalis
1471 5369 1587 5423 Sat.
1622 5384 1659 5432 ι,
1692 5366 1777 5421 5'1.
