4472 5522
362 415 467 472 Ξ35

1281 408 1368 463 DE
1413 410 1569 464 VITA
1605 409 1888 466 JOANNIS
1925 412 2215 467 ABBATIS
2257 404 2684 463 ϐυιιῑιωδιδ.

3515 421 3617 473 ςεις

365 528 508 601 quod
530 527 631 582 iste
658 523 863 580 meliori
887 530 1189 578 mutaverat
1213 532 1352 589 arte,
1380 534 1434 579 ιιι
1467 527 1702 595 prudens
1728 525 1939 593 dispen-
1967 532 2012 583 Α
2044 524 2272 578 durabili
2304 526 2494 579 robore
2524 524 2809 595 compegit.
2841 526 3016 581 Taceo
3045 542 3271 581 coronas
3315 536 3421 581 tam
3451 528 3614 586 lumi-

365 631 515 675 sator
542 616 822 672 dominica:
848 616 1183 680 substantize,
1214 629 1423 670 summa
1451 616 1715 671 industria
1749 617 1936 669 obser-

366 711 547 773 vabat,
595 724 664 763 ne
694 707 822 778 quid
872 723 1049 761 rerum
1083 709 1394 763 monasterii
1446 708 1749 778 deperiret;
1806 707 1935 761 illud

368 813 494 869 sepe
524 799 589 851 de
620 797 779 851 dictis
806 795 948 850 beati
982 794 1226 863 Gregorii
1265 796 1329 849 ad
1361 796 1626 865 quendam
1655 796 1938 850 diaconum

368 906 456 945 res
483 888 879 944 ecclesiasticas
924 896 1201 940 curantem
1236 902 1667 940 commemorans
1696 906 1705 939 :
1748 905 1764 935 ι
1802 886 1935 947 Res,

368 980 563 1052 inquit,
598 980 682 1034 ha:
714 993 811 1033 nec
836 993 968 1032 meae
991 987 1114 1031 sunt
1138 992 1235 1032 nec
1266 987 1393 1043 tum;
1427 978 1497 1031 ita
1536 994 1652 1046 age,
1684 987 1741 1031 ut
1763 978 1827 1031 de
1857 978 1941 1032 his

365 1077 413 1129 ci
451 1072 604 1143 cujus
633 1082 759 1127 sunt
786 1073 1051 1125 rationem
1084 1072 1408 1127 redditurus.
1442 1093 1460 1125 ι
1495 1073 1549 1127 Si
1585 1073 1937 1136 frumentum,

366 1167 571 1228 vinum,
612 1162 710 1225 sal,
743 1162 827 1217 vel
873 1178 1224 1232 quacumque
1268 1164 1333 1216 ad
1379 1164 1557 1217 cibum
1591 1164 1935 1233 pertinentia,

366 1255 617 1309 similiter
636 1254 703 1307 ad
728 1254 1504 1319 vestituimeommodabantur,
1531 1253 1768 1321 ejusdem
1796 1271 1943 1309 men-

366 1360 506 1399 sura:
530 1344 614 1398 vel
654 1345 975 1414 quantitatis
1018 1346 1457 1414 reposcebantur,
1506 1354 1563 1398 ut
1608 1345 1741 1398 nihil
1779 1360 1940 1414 supra

366 1437 699 1506 exigeretur.
748 1435 1047 1503 Argentum
1099 1437 1338 1502 pondere
1374 1433 1522 1502 justo
1570 1435 1943 1488 commodaba-

369 1535 457 1579 tur
490 1525 614 1588 m";
648 1540 748 1579 nec
797 1525 970 1593 ipsum
1003 1525 1145 1594 quod
1193 1536 1404 1579 moneta
1447 1526 1571 1595 jure
1618 1535 1938 1594 extorquet,

367 1616 636 1669 nullatenus
669 1613 990 1682 petebatur,
1040 1616 1134 1668 sed
1178 1624 1439 1683 quantum
1481 1616 1601 1684 quis
1647 1616 1943 1685 accipiebat

367 1718 461 1761 aut
494 1709 679 1771 dabat,
708 1722 859 1775 aequa
889 1706 1043 1761 lance
1069 1706 1478 1761 refundebatur.

438 1798 525 1853 89.
564 1797 698 1851 Nam
736 1814 802 1851 ex
838 1798 1115 1853 laboribus
1145 1814 1395 1867 agrorum
1440 1798 1523 1852 vel
1562 1800 1859 1862 vinearum,
1892 1798 1941 1851 in

2042 632 2172 671 noso
2221 616 2426 686 fulgore
2458 633 2486 670 a
2518 618 2857 686 laquearibus
2905 621 3289 688 dependentes,
3341 620 3615 691 lampades

2044 708 2173 762 locis
2198 718 2251 763 et
2281 710 2561 763 ordinibus
2591 720 2697 763 tam
2731 709 2815 742 ¹⁶¹¹
2852 711 3114 774 diversas,
3139 713 3461 767 candelabra
3490 723 3606 767 tan-

2043 806 2215 853 tormn
2248 801 2543 869 ponderum
2583 816 2646 855 ac
2676 801 2995 869 specierum,
3029 802 3186 855 simul
3219 818 3337 855 cum
3374 803 3455 857 his
3485 820 3611 858 vasa

2042 905 2178 959 pene
2228 893 2342 945 sine
2392 892 2630 955 nomine,
2662 893 2840 947 omnia
2886 902 3109 962 argento
3140 892 3311 947 solido
3342 895 3614 962 perfecta;

2042 983 2107 1035 ad
2141 981 2387 1035 ultimum
2418 998 2805 1051 campanarum
2837 999 2955 1037 eam
2980 1000 3098 1052 quso
3123 984 3317 1037 visitur
3344 994 3396 1038 ct
3428 1000 3617 1040 nume—

2044 1073 2321 1125 rositatem
2352 1082 2405 1126 et
2434 1074 2809 1127 enormitatem
2838 1114 2852 1138 ,
2906 1084 3193 1143 ceteraque
3247 1090 3471 1143 operum
3503 1075 3621 1145 ejus

2045 1164 2293 1233 insignia,
2317 1165 2510 1232 quibus
2535 1164 2924 1232 peritissimum
2950 1163 3089 1230 ejus,
3129 1173 3187 1218 ut
3220 1175 3337 1219 erat
3364 1164 3415 1219 iu
3442 1166 3620 1219 omni-

2043 1256 2142 1308 bus
2170 1254 2282 1307 fere
2314 1254 2540 1313 artibus,
2571 1255 2765 1307 enituit
2800 1255 3095 1324 ingenium.

2110 1345 2196 1399 91.
2237 1344 2351 1412 Qne
2394 1346 2578 1414 utique
2606 1355 2659 1398 ct
2709 1347 3025 1399 memoriam
3068 1346 3539 1415 prreterlalmntnr,
3567 1353 3622 1400 et

2044 1435 2085 1489 si
2123 1451 2225 1504 que
2250 1437 2539 1489 succedere
2569 1446 2813 1503 possunt,
2858 1438 3105 1505 persequi
3141 1446 3493 1505 temptavcro,
3523 1453 3621 1491 nec

2044 1542 2263 1595 prorsus
2300 1530 2364 1580 ad
2389 1528 2710 1595 explendum
2743 1526 2970 1579 sufficiet
2998 1528 3324 1595 pauperrimi
3353 1528 3623 1581 sermonis

2045 1620 2323 1687 angustia;
2356 1629 2409 1671 et
2442 1619 2492 1671 in
2521 1628 2723 1671 tantam
2750 1633 2811 1670 ea
2841 1617 3142 1671 exuberant
3174 1618 3406 1685 cepiam,
3439 1627 3496 1669 ut
3522 1617 3620 1669 etsi

2045 1712 2113 1764 ab
2150 1710 2327 1779 aliquo
2362 1708 2584 1762 forsitan
2632 1719 2853 1777 possent
2880 1708 3166 1777 explicari,
3200 1723 3304 1761 non
3346 1706 3628 1761 edificato-

2047 1801 2181 1853 riam
2212 1799 2650 1858 oblectationem,
2679 1799 2770 1850 sed
2803 1807 2859 1851 ut
2886 1798 3056 1851 nostri
3090 1812 3268 1850 mores
3295 1798 3407 1850 scio
3439 1798 3622 1858 etatis,

366 1889 563 1956 quibus
602 1904 811 1942 summa
854 1897 972 1941 arte
1019 1888 1361 1957 prmccllebat
1404 1904 1722 1957 summoque
1765 1888 1942 1942 studio
1974 1876 2017 1935 Β
2050 1891 2306 1945 tediosam
2345 1889 2565 1943 omnino
2613 1890 2855 1941 facerent
2897 1888 3202 1941 lectionem.
3242 1886 3388 1940 Unde
3420 1887 3485 1939 ad
3520 1886 3624 1938 alia

366 1988 482 2031 erat
511 1979 779 2041 assiduus,
830 1980 882 2032 in
928 1988 1131 2032 tantam
1169 1978 1447 2048 suppellex
1497 1979 1815 2031 monasterii
1846 1992 1937 2031 eo-

365 2072 510 2142 piam
556 2072 604 2125 ei
649 2072 830 2125 divina
878 2080 1201 2140 cooperante
1231 2072 1402 2140 gratia
1436 2070 1850 2133 exuberaverat,
1886 2078 1946 2123 ut

368 2162 515 2216 nulla
551 2178 674 2217 eum
709 2162 903 2230 inopiae
933 2176 1094 2215 causa
1139 2161 1205 2213 ad
1253 2160 1458 2228 aliquid
1489 2175 1674 2213 eorum
1708 2159 1944 2228 impelle-

367 2263 477 2316 ret,
509 2252 635 2322 quin
680 2253 859 2321 potius
905 2267 969 2305 ex
1021 2251 1151 2319 ipsis
1194 2249 1468 2303 laboribus
1513 2264 1634 2302 cum
1686 2250 1945 2304 fratribus

366 2345 705 2399 abundanter
758 2351 1122 2412 superessent,
1182 2340 1410 2410 plurima
1462 2340 1767 2393 venundata
1825 2340 1945 2409 qui-

367 2436 701 2502 buscumque
729 2434 889 2487 rebus
912 2432 993 2485 vel
1028 2432 1077 2484 in
1109 2430 1461 2500 pra-sentibus
1487 2431 1569 2483 vel
1610 2432 1661 2483 in
1698 2429 1941 2483 futurum

366 2523 706 2592 proventuris
746 2521 1099 2576 subiciebant.
1134 2519 1259 2573 lude
1285 2532 1339 2573 et
1372 2535 1458 2573 res
1492 2520 1669 2573 omnis
1714 2519 1945 2573 familia-

366 2616 445 2670 ris
475 2614 719 2669 alebatur
742 2654 757 2679 ,
811 2623 866 2667 et
915 2608 1130 2667 ornatlli
1165 2613 1327 2666 multa
1361 2614 1790 2683 suppeditabant.
1834 2613 1944 2669 Nec

366 2706 471 2759 alia
515 2714 672 2761 erant
715 2705 763 2760 ei
810 2722 989 2760 rerum
1020 2704 1391 2774 temporalium
1422 2705 1589 2769 lucra,
1622 2722 1780 2774 quam
1811 2723 1945 2776 Opus

367 2801 513 2856 ruris
558 2811 774 2855 strenue
820 2816 1095 2864 exercere,
1143 2800 1363 2865 salinas,
1414 2818 1532 2869 qua:
1577 2818 1680 2855 una
1737 2812 1944 2855 tantum

367 2899 523 2961 parte
552 2891 787 2961 regionis
822 2892 989 2959 ipsius
1011 2907 1114 2959 que
1136 2891 1298 2945 Vicus
1333 2892 1477 2961 (397)
1506 2892 1707 2945 dicitur
1743 2893 1946 2945 haben-

367 2993 477 3045 tur,
528 2991 796 3035 extruere.
841 2990 897 3034 ut
933 2982 983 3034 in
1018 2982 1134 3035 loco
1169 2983 1354 3035 eodem
1387 2982 1566 3049 plures
1596 2998 1728 3051 quas
1760 2984 1947 3036 dicunt

366 3074 611 3144 patellas,
636 3074 831 3143 partim
854 3088 919 3127 ex
944 3073 1150 3143 integro
1171 3089 1290 3127 cum
1320 3073 1449 3141 ipsis
1470 3074 1686 3128 sedibus
1716 3084 1945 3142 emptas,

368 3165 565 3234 partim
593 3178 695 3232 que
719 3161 860 3229 juris
892 3162 1203 3216 monasterii
1251 3171 1407 3215 erant
1440 3173 1737 3232 reparatas,
1779 3163 1945 3217 multo

368 3255 491 3309 usui
525 3255 875 3324 imposterum
905 3252 1218 3323 profuturas
1245 3256 1548 3322 paraverit;
1577 3270 1698 3308 cum
1731 3256 1940 3309 molen-

368 3346 513 3400 dinis
542 3340 849 3399 tltuninibus
878 3360 1041 3399 causa
1069 3346 1294 3415 piscium
1322 3346 1696 3411 obcludeudis,
1726 3347 1947 3416 piscinis

368 3435 593 3503 privatis
626 3435 898 3503 parandis,
941 3436 1193 3505 gregibus
1239 3444 1632 3499 armentorum,
1658 3438 1946 3505 pecudum,

365 3530 547 3583 avium
578 3530 999 3584 domesticarum
1028 3544 1121 3582 seu
1150 3530 1464 3599 agrestium,
1495 3539 1605 3581 tum
1627 3545 1841 3598 quoque
1872 3528 1949 3582 fe-

368 3638 551 3676 rarum
577 3621 783 3675 alendis
813 3622 1035 3686 instare,
1082 3631 1137 3674 ut
1168 3623 1595 3691 quibuscumque
1621 3623 1806 3676 usibus
1842 3620 1948 3674 fra-

371 3722 513 3765 trum
543 3723 635 3765 aut
665 3710 1025 3774 infirmorum,
1055 3714 1396 3767 extrinsecus
1421 3728 1660 3782 quoque,
1695 3712 1776 3767 vel
1810 3728 1947 3781 prce-

368 3804 602 3862 sentium
628 3803 709 3856 vel
735 3804 1254 3873 supervenientium,
1285 3804 1349 3856 ad
1371 3819 1586 3859 omnem
1616 3818 1829 3873 semper
1851 3818 1946 3858 ει»-

368 3894 513 3965 piam
542 3904 873 3962 superesset.

442 3987 529 4043 90.
557 3988 823 4057 Magistris
844 3988 1039 4041 artium
1067 3988 1401 4042 diversarum
1427 3988 1798 4057 undecumque
1819 4002 1951 4042 con-

371 4080 565 4141 ductis,
596 4080 828 4149 primum
862 4078 1156 4133 claustrum
1213 4096 1368 4134 muro
1410 4081 1461 4133 in
1518 4081 1732 4135 modum
1782 4080 1947 4135 castri

373 4168 609 4238 undique
639 4168 1035 4237 circumsepsit,
1081 4168 1221 4238 quod
1257 4168 1523 4238 hodieque
1574 4184 1681 4223 non
1728 4167 1946 4225 modum

373 4259 677 4322 munitioni,
726 4258 821 4312 sed
854 4268 908 4313 et
958 4258 1001 4312 si
1046 4274 1181 4327 opus
1217 4259 1287 4313 sit
1328 4260 1711 4328 oppugnationi
1761 4260 1950 4314 adesse

374 4351 716 4419 perspicitur.
749 4351 949 4405 Deinde
977 4349 1203 4406 oflicinis
1244 4352 1568 4407 intrinsecus
1600 4353 1947 4418 necessariis,

371 4438 624 4507 quoniam
650 4439 994 4509 antiquarum
1029 4442 1180 4494 ruine
1220 4442 1497 4510 patebant,
1540 4442 1664 4495 dum
1706 4457 1771 4497 ex
1814 4458 1951 4497 novo

370 4541 739 4602 resurgerent,
780 4532 980 4587 institit
1007 4532 1329 4588 indefessus.
1360 4534 1496 4588 Tum
1526 4534 1740 4589 demum
1767 4536 1947 4590 decori

371 4622 562 4676 domus
587 4622 679 4675 Dei
712 4623 766 4675 in
800 4623 1030 4677 diversis
1055 4635 1499 4680 ornamentorum
1524 4627 1810 4695 generibus
1837 4637 1952 4682 stu-

370 4715 520 4769 dium
546 4715 764 4785 adjecit.
793 4713 985 4780 Pallia,
1015 4717 1351 4771 diversorum
1375 4732 1632 4787 generum
1658 4718 1949 4782 velamina,

368 4809 423 4863 iu
459 4823 590 4862 usus
614 4822 805 4861 sacros
844 4807 991 4860 varia
1024 4808 1335 4863 indumenta
1364 4850 1378 4874 ,
1427 4819 1485 4863 ut
1524 4812 1951 4866 sacerdotalibus

366 4899 688 4953 ministeriis
710 4898 855 4952 nulla
888 4899 1159 4964 deessent,
1190 4909 1299 4954 tum
1326 4909 1379 4954 et
1402 4917 1527 4955 vasa
1554 4904 1739 4956 usibus
1767 4918 1951 4958 sacro-

370 5005 491 5044 rum
522 5004 590 5043 ex
630 5001 877 5060 argento,
910 4990 1091 5043 omnia
1122 5005 1285 5059 opere
1329 4990 1500 5045 solido
1530 5002 1691 5061 atque
1715 4993 1947 5064 eleganti

369 5080 602 5149 paravit.
640 5080 770 5135 lnde
816 5090 869 5136 et
912 5082 1149 5136 tumbam
1206 5084 1446 5138 martiris
1488 5100 1807 5155 aggressus,
1842 5098 1949 5140 tam

372 5172 546 5241 ipsam
588 5189 751 5243 quam
787 5189 1136 5244 quacumque
1172 5176 1226 5229 in
1262 5176 1492 5231 diversis
1516 5179 1769 5233 oratoriis
1796 5188 1953 5234 erant

373 5264 593 5329 altaria,
623 5265 897 5321 lamminis
923 5268 1196 5337 argenteis
1218 5283 1352 5322 auro
1382 5270 1633 5325 decenter
1658 5270 1951 5343 insignitis,

374 5354 444 5408 ad
469 5356 571 5410 hoc
598 5364 653 5410 et
681 5356 967 5413 ambonem
993 5358 1273 5431 evangelio
1310 5360 1589 5415 recitando
1630 5364 1864 5429 operuit,
1898 5370 1952 5417 et

2046 1998 2242 2037 censeo
2275 1981 2680 2034 transeundum.
2713 1978 2819 2032 Sed
2848 1994 2914 2032 ne
2947 1980 3083 2032 forte
3114 1978 3235 2047 quis
3272 1993 3432 2045 supra
3461 1992 3623 2045 quam

2047 2089 2135 2127 res
2162 2089 2220 2127 se
2246 2073 2475 2126 habeant
2511 2072 2562 2124 in
2594 2070 2752 2138 lmjns
2776 2072 2873 2124 viri
2901 2072 3137 2125 favorem
3171 2071 3296 2125 ferri
3334 2086 3430 2124 nos
3462 2071 3625 2124 tacite

2046 2166 2284 2227 denotet,
2312 2173 2365 2217 et
2390 2163 2613 2232 hecque
2638 2164 2763 2216 huic
2791 2162 3140 2216 aSscribimus
3169 2161 3410 2231 magistri
3441 2162 3625 2230 pocius

2046 2269 2235 2313 cuncta
2258 2257 2444 2320 fuisse,
2466 2258 2516 2311 id
2536 2272 2878 2326 nequaquam
2902 2257 3207 2319 abnuimus,
3232 2258 3395 2309 immo
3416 2258 3484 2308 ita
3506 2270 3625 2310 esse

2046 2348 2203 2417 plane
2232 2346 2523 2399 efferimus.
2575 2346 2828 2413 Ejusdem
2873 2347 3016 2399 enim
3066 2347 3237 2414 patris
3279 2356 3332 2399 et
3380 2349 3624 2417 magistri

2046 2436 2226 2490 domui
2254 2435 2457 2489 Eiuoldi
2478 2434 2815 2501 jussionibus
2834 2443 2889 2487 et
2914 2434 3256 2489 ordinatione
3284 2448 3479 2490 crmcta
3507 2454 3628 2506 per-

2047 2530 2387 2591 ficiebautur,
2414 2544 2512 2581 nec
2530 2527 2729 2595 aliquid
2752 2528 2836 2580 hic
2854 2527 3140 2595 aliquando
3174 2538 3375 2583 temere
3398 2531 3626 2599 arripie-

2046 2620 2157 2684 bat,
2186 2620 2287 2673 nisi
2314 2621 2457 2688 quod
2487 2634 2581 2673 ore
2606 2618 2747 2671 illius
2774 2619 2949 2686 primo
2984 2620 3204 2673 exisset.
3245 2619 3437 2673 Verum
3463 2623 3626 2677 citius

2047 2714 2130 2767 his
2151 2712 2470 2772 occurritur,
2489 2710 2741 2777 quOniam
2777 2709 2919 2764 facta
2947 2711 3331 2779 discipulorum
3359 2714 3409 2766 iu
3440 2714 3628 2771 laudes

2047 2803 2351 2858 redundant
2388 2800 2789 2869 magistrormn,
2818 2809 2871 2853 et
2900 2817 2997 2854 nec
3027 2803 3141 2870 ipse
3172 2804 3399 2858 domnus
3427 2803 3630 2859 Johan-

2047 2911 2144 2949 nes
2169 2895 2234 2947 ad
2259 2910 2316 2949 se
2345 2907 2597 2960 umquam
2629 2892 2884 2960 quicquid
2911 2902 3096 2960 egerat
3129 2894 3447 2961 replicabat,
3484 2898 3576 2949 sed
3612 2915 3624 2949 :

2049 2987 2139 3042 Sic
2169 2988 2297 3054 ipse,
2332 2982 2802 3051 inquiens,jussit,
2839 2982 2911 3032 ita
2941 2993 2987 3033 et
3034 2998 3303 3050 exsequor.
3366 2984 3470 3037 Sed
3521 3000 3626 3039 non

2047 3081 2115 3133 ob
2146 3080 2194 3131 id
2229 3079 2330 3131 iste
2358 3091 2553 3143 expers
2582 3089 2805 3144 operum
2833 3076 3126 3128 eorundem
3163 3077 3355 3129 merito
3397 3078 3626 3140 dicetur,

2049 3170 2133 3223 Cui
2179 3167 2331 3220 labor
2390 3175 2532 3219 totus
2583 3164 2811 3229 sudavit,
2869 3164 2960 3216 illo
3014 3165 3209 3217 dictata
3259 3174 3445 3218 tantu-i
3471 3167 3631 3218 modo

2051 3260 2233 3312 dante.
2269 3256 2405 3323 Quid
2436 3270 2562 3308 vero
2586 3255 2728 3308 inter
2755 3268 3053 3322 qu0squam
3087 3254 3212 3307 hinc
3242 3255 3438 3309 frustra
3467 3272 3629 3309 causa

2049 3348 2402 3409 contrahitur,
2433 3360 2552 3400 cum
2586 3344 2727 3397 inter
2766 3343 2908 3412 ipsos
2937 3352 3125 3396 neuter
3152 3346 3327 3397 neutri
3370 3345 3497 3412 quid
3534 3345 3631 3397 ali-

2049 3438 2262 3508 quando
2306 3434 2706 3489 disconveniret
2753 3432 3039 3487 invenerit.
3104 3432 3264 3486 Pater
3308 3449 3463 3485 suum
3510 3448 3633 3487 esse

2048 3530 2190 3598 quod
2215 3528 2371 3588 filius,
2404 3526 2542 3578 filius
2578 3523 2832 3593 quicquid
2867 3524 2980 3592 ipse
3002 3538 3240 3591 congrue
3268 3533 3454 3592 egerat
3482 3525 3623 3591 patri

2051 3618 2353 3688 reputabat.
2388 3614 2493 3669 Nec
2541 3614 2911 3684 conjunrtiora
2944 3630 2972 3665 a
3005 3613 3201 3667 seculis
3233 3613 3447 3666 Christo
3491 3623 3628 3668 teste

2047 3712 2197 3779 paria
2226 3710 2327 3763 sibi
2358 3707 2676 3761 convenisse
2702 3704 2931 3759 fatebor.
2964 3704 3018 3758 Si
3050 3705 3308 3766 creditur,
3342 3704 3463 3757 fidei
3492 3719 3633 3758 ruer-

2048 3817 2141 3856 ces
2164 3809 2345 3861 certa;
2384 3799 2466 3852 sin
2494 3797 2693 3862 minus,
2721 3796 2894 3858 nobis,
2914 3797 3056 3864 quod
3078 3805 3230 3850 certo
3262 3796 3631 3865 cognovimus,

2049 3900 2202 3947 certo
2227 3898 2283 3944 et
2302 3889 2549 3958 proferre
2580 3903 2739 3941 neruo
2770 3887 3065 3941 obstiterit.

2120 3983 2209 4038 92.
2247 3981 2379 4037 Cum
2418 3996 2571 4035 mens
2604 3980 2768 4034 multa
2812 3987 3086 4049 suggerat,
3116 3987 3171 4033 et
3202 3983 3267 4031 ad
3294 3978 3547 4048 specialia
3572 3994 3638 4034 ac

2050 4073 2343 4144 singularia
2372 4073 2601 4140 quedam
2654 4072 2820 4139 ipsius
2869 4069 3135 4137 tangenda
3177 4068 3287 4136 jam
3342 4070 3640 4138 impacicns

2050 4182 2156 4220 non
2180 4164 2511 4225 retineat,de
2540 4163 2653 4231 lege
2674 4160 3002 4229 jejuniorum
3028 4175 3190 4229 quam
3218 4160 3319 4213 sibi
3347 4160 3635 4223 indixerat,

2050 4257 2173 4325 quia
2200 4268 2361 4323 supra
2388 4267 2520 4322 pene
2554 4253 2942 4320 praeterieram,
2975 4266 3137 4318 quam
3182 4250 3420 4303 breviter
3450 4260 3639 4317 potero

2050 4347 2203 4417 prius
2228 4345 2593 4416 perstringere
2628 4342 2807 4410 cupio.
2836 4341 2889 4395 In
2934 4342 3050 4409 ipso
3092 4356 3215 4393 mox
3265 4341 3640 4395 conversionis

2052 4439 2226 4502 initio,
2263 4446 2429 4491 totum
2457 4435 2712 4503 deinceps
2744 4443 2975 4503 tempus,
3008 4432 3251 4501 exceptis
3274 4432 3427 4486 festis
3448 4431 3640 4486 diebus

2055 4533 2138 4588 vel
2170 4532 2455 4587 occasione
2486 4529 2715 4596 alicujus
2750 4528 3078 4582 inevitabilis
3110 4540 3238 4580 cure
3283 4523 3526 4592 corporis
3557 4521 3641 4573 vel

2057 4625 2371 4678 infirmitate
2418 4638 2511 4676 seu
2571 4621 2844 4690 hospitum
2896 4619 3394 4680 condescensione,
3432 4613 3639 4684 jejunio

2054 4716 2397 4782 disposuerat
2431 4712 2702 4766 dedicare.
2733 4710 2883 4776 Quod
2910 4722 2965 4763 et
2991 4708 3323 4778 aliquandiu,
3354 4716 3408 4760 et
3447 4706 3642 4760 robore

2056 4808 2233 4861 adlmc
2252 4806 2551 4876 juventutis
2581 4812 2635 4858 et
2661 4803 2887 4872 pristiue
2928 4801 3054 4855 olim
3107 4801 3159 4853 in
3205 4798 3391 4852 seculo
3445 4798 3638 4851 fiducia

2055 4897 2457 4965 castigationis,
2518 4895 2779 4949 vivaciter
2835 4895 3033 4954 tenuit,
3079 4899 3133 4945 et
3188 4898 3461 4958 tamquam
3506 4888 3642 4943 nihil

2057 4995 2277 5049 omnino
2300 4999 2639 5060 gravaretur,
2669 4994 2725 5038 ut
2750 4984 2863 5038 leve
2907 4983 3158 5054 quiddam
3209 4996 3309 5033 nec
3357 4980 3471 5033 fere
3512 4993 3643 5033 sen-

2059 5088 2218 5150 tiens,
2248 5082 2371 5154 agili
2405 5095 2654 5152 corpore,
2682 5076 2843 5131 corde
2871 5076 3129 5142 vultuque
3162 5071 3367 5125 laetiore
3406 5070 3647 5139 peregit;

2060 5178 2252 5244 hisque
2283 5172 2473 5229 diebus
2500 5170 2629 5227 nihil
2652 5176 2845 5238 prazter
2866 5180 3061 5235 panem
3085 5162 3333 5217 sumebat
3353 5169 3405 5214 et
3428 5176 3650 5228 aquam,

2060 5280 2113 5325 et
2144 5269 2196 5321 in
2230 5268 2363 5338 ipsis
2394 5280 2613 5335 quoque
2648 5259 2792 5315 omni
2825 5261 3091 5327 parcitate
3142 5253 3411 5315 adhibita,
3441 5260 3499 5303 ut
3543 5268 3655 5307 non

2063 5361 2175 5418 fere
2208 5360 2327 5432 plus
2357 5358 2651 5415 medietate
2675 5351 2826 5423 panis
2857 5353 2953 5420 qui
2990 5350 3197 5418 integer
3225 5343 3361 5399 libra
3397 5345 3662 5412 appendi-

1689 5471 1922 5522 VARl/E
1965 5470 2370 5522 LECTIONES.
