4472 5522
769 382 872 439 987

1685 373 1965 431 JOANNIS
2006 378 2291 434 ABBATIS
2332 381 2389 435 S.
2432 378 2730 437 Αιιλιιιιτι
2771 380 3111 437 METENSIS

3920 379 4024 435 εδδ

772 507 858 548 ιιιι·
887 500 1122 563 caperet,
1170 506 1321 560 aquaa
1364 502 1576 559 quoque
1631 488 1878 543 similiter
1924 490 2061 544 ultra
2112 491 2344 545 medium
2375 494 2420 550 Λ
2452 492 2720 548 seculares
2746 492 2981 545 arbitros
3005 504 3123 544 esse
3146 487 3385 542 cavebat.
3427 487 3761 558 Quamquam
3789 488 3948 558 igitur
3972 498 4027 543 ct

772 599 1040 640 mensurae
1067 598 1184 653 quae
1214 582 1469 635 fratribus
1488 581 1775 649 apponitur
1794 581 1922 645 viui,
1947 582 2034 634 vix
2058 583 2345 651 quicquam

770 678 1030 729 adiceret.
1080 672 1246 733 Salis,
1280 672 1569 725 herbarum
1616 672 1943 733 virentium,
1988 682 2079 724 aut
2124 672 2349 740 alicujus

771 764 979 825 talium,
1009 778 1129 830 qua:
1159 760 1556 814 abstinentibus
1596 775 1698 811 non
1753 761 2161 820 interdicuntur,
2194 763 2347 829 quic-

771 868 933 923 quam
965 851 1176 913 penitus
1205 866 1301 903 nec
1327 849 1656 918 adtingebat.
1710 848 1821 903 lloc
1864 860 1916 903 et
1969 851 2081 918 ipse
2123 852 2351 905 domnus

771 946 1049 1007 Eiuoldus,
1082 943 1208 996 dum
1239 944 1351 1011 ipse
1392 958 1449 996 se
1500 944 1671 1010 ipsmn
1729 944 2088 1010 experiretur,
2134 944 2347 997 interim

770 1040 1034 1110 permisit.
1056 1039 1175 1092 Post
1197 1039 1412 1104 aliquod
1440 1037 1633 1089 deinde
1661 1047 1870 1103 tempus
1896 1052 2015 1089 cum
2046 1052 2166 1089 cum
2198 1038 2351 1091 vahle

772 1128 1417 1201 perSpiecrctdefecisse,
1452 1142 1551 1181 nec
1599 1136 1778 1179 tamen
1831 1142 1857 1177 a
1908 1138 2085 1196 empto
2135 1143 2352 1181 cesszire

773 1221 866 1273 sed
907 1220 1045 1272 ultra
1096 1220 1239 1272 vires
1285 1219 1629 1277 contendere.
1682 1218 1956 1271 moderate
2001 1220 2350 1287 compescuit,

773 1319 829 1365 et
857 1319 914 1363 ut
938 1310 1110 1379 magis
1136 1310 1277 1377 quod
1311 1308 1453 1361 ferre
1501 1317 1683 1376 posset
1733 1307 1957 1377 eligeret
2016 1311 2240 1362 monuit.
2298 1310 2351 1363 In

775 1413 986 1459 tantum
1020 1418 1251 1471 namque
1276 1402 1385 1471 jam
1416 1416 1535 1455 sese
1574 1399 1909 1464 confecerat,
1933 1410 1987 1453 nt
2016 1402 2101 1455 die
2123 1403 2353 1470 quadam

774 1510 898 1551 cum
925 1494 1180 1547 fratribus
1210 1494 1477 1547 adortum
1508 1506 1760 1559 egressus
1785 1492 1909 1544 dum
1949 1491 2097 1560 ονοιί
2144 1492 2356 1548 enixius

776 1587 1042 1649 incubuit,
1072 1585 1234 1640 corde
1272 1594 1495 1653 repente
1523 1584 1777 1638 deficiens
1812 1584 2079 1651 citiusque
2119 1584 2357 1639 claustro

776 1690 835 1730 se
874 1674 1140 1729 festinans
1186 1674 1459 1743 recipere,
1507 1672 1559 1725 iu
1608 1672 1781 1726 media
1829 1672 1913 1726 via
1958 1672 2238 1743 prolapsus
2287 1675 2359 1729 sit

775 1780 936 1837 atque
966 1769 1107 1823 inter
1138 1783 1326 1822 manus
1353 1768 1634 1821 deductus.
2181 1829 2184 1832 ἢ

847 1859 935 1914 95.
969 1858 1153 1928 Itaque
1202 1857 1441 1928 regulam
1495 1856 1910 1911 tolerabiliorem
1958 1859 2270 1926 assumpsit,
2302 1868 2362 1911 ut

776 1953 910 2007 duas
967 1959 1174 2005 tantum
1226 1949 1670 2019 quadragesimas
1725 1950 1774 2002 in
1839 1964 1982 2002 anno
2037 1958 2356 2019 perageret,

776 2056 938 2095 unam
990 2049 1116 2093 ante
1160 2038 1498 2092 nativitatem
1562 2038 1918 2099 dominicam,
1963 2037 2185 2091 alteram
2238 2048 2373 2091 aute'

776 2132 998 2202 pascha.
1034 2130 1277 2183 Priorem
1313 2128 1529 2197 quidem
1578 2128 1645 2181 ab
1699 2128 1876 2181 Idibus
1930 2127 2358 2195 Septembribus,

775 2238 899 2276 cum
961 2236 1097 2273 nona
1147 2220 1279 2272 hora
1340 2218 1533 2272 fratres
1585 2219 1869 2287 prandium
1920 2228 2192 2282 repetunt,
2230 2219 2362 2271 inci-

776 2314 951 2382 piens,
971 2318 1227 2379 sequente
1256 2326 1376 2364 mox
1411 2310 1477 2362 ab
1504 2309 1713 2362 octavis
1743 2309 2044 2376 cpiphauim
2073 2309 2161 2339 ¹⁶¹²
2192 2309 2363 2361 domin-

778 2405 896 2457 nica
931 2404 1091 2457 tertia
1119 2411 1169 2454 et
1203 2402 1388 2470 quinta
1417 2415 1756 2451 communem
1787 2400 1981 2451 Ceteris
2012 2412 2199 2451 tenens
2226 2398 2362 2452 refe-

777 2494 1036 2555 ctionem,
1063 2491 1297 2559 reliquos
1323 2489 1449 2525 “"3
1489 2499 1722 2557 quatuor
1744 2488 2048 2540 abstinebat
2070 2488 2202 2550 dies,
2227 2503 2383 2557 pane

779 2592 986 2637 tantum
1015 2590 1071 2633 et
1105 2596 1242 2648 aqua
1279 2580 1395 2643 lege
1426 2579 1537 2647 ipsa
1573 2588 1858 2633 contentus
1906 2597 2065 2649 quam
2099 2582 2355 2636 diximus.

779 2673 874 2726 Sin
906 2686 1033 2725 vero
1062 2670 1229 2723 festus
1258 2670 1483 2737 quilibet
1520 2670 1632 2721 dies
1666 2668 1943 2723 incidisset
1982 2680 2075 2723 aut
2125 2672 2370 2739 hospites

778 2761 1235 2830 supervenissent,
1266 2760 1480 2813 eosdem
1508 2776 1722 2830 quoque
1767 2760 2058 2815 refectione
2099 2764 2360 2816 mutabat.

779 2854 835 2906 In
868 2852 1148 2922 sanguinis
1185 2865 1398 2919 quoque
1443 2851 1761 2913 minutione,
1809 2870 1968 2919 quam
2018 2854 2135 2922 plus
2182 2870 2367 2908 mense

779 2939 995 2994 dilferre
1030 2941 1115 2992 vix
1150 2949 1383 3008 poterat,
1410 2956 1593 2993 curam
1624 2942 1868 3008 corporis
1901 2958 2004 2993 non
2058 2942 2361 3009 respuebat.

780 3032 905 3086 Ideo
952 3044 1127 3084 autem
1163 3042 1313 3083 tanto
1360 3031 1509 3098 prius
1561 3041 1800 3101 tempora
1851 3034 2233 3100 prmveniebat,
2264 3048 2364 3087 nec

2451 586 2678 639 aliorum
2706 594 3008 653 temporum
3047 590 3193 635 certa
3235 579 3463 650 jejunia,
3500 590 3593 633 aut
3623 590 3856 648 quatuor
3899 577 4027 631 anni

2452 685 2748 743 temporum
2776 683 2829 727 ct
2851 672 3285 740 solmnpuitatum
3315 671 3542 740 sparsim
3576 686 3670 737 per
3714 685 3912 722 annum
3937 685 4030 722 or-

2452 767 2575 820 dine
2598 768 2624 798 "
2648 781 2746 818 suo
2772 768 2783 783 ‘
2816 764 2903 794 ¹⁶¹⁷
2926 761 3288 822 occurrentia,
3308 771 3545 819 strenue,
3562 760 3605 811 si
3626 768 3830 811 tantum
3847 773 4028 811 secum

2457 873 2540 910 res
2566 858 2610 908 ei
2644 864 2805 916 esset.
2831 856 3319 924 peregerit—nam
3338 853 3480 905 etsi’
3500 852 3587 883 ¹⁶¹⁸
3605 852 3785 920 glorite
3819 864 4035 918 semper

2455 949 2707 1016 fugitans,
2737 947 2929 999 itinere
2960 947 3039 998 vel
3066 947 3277 1015 hospite
3301 960 3426 1011 sepe
3457 943 3827 1004 resolvit,th
3852 952 4031 994 tamen

2455 1040 2681 1091 duarum
2712 1039 2761 1090 iu
2802 1054 2945 1091 anno
2995 1036 3532 1106 quatlragcsimarnm
3562 1045 3682 1087 vota
3719 1032 3829 1087 fere
3870 1049 4030 1085 num-

2456 1132 2901 1197 quamprzeleriit
2948 1161 3037 1193 —,
3090 1129 3298 1197 reliquo
3346 1128 3472 1181 anni
3534 1137 3796 1194 tempore,
3830 1134 4035 1195 quanto

2458 1221 2662 1275 scilicet
2695 1222 2921 1276 fratrmn
2966 1222 3088 1275 l-iua
3120 1221 3341 1275 refectio
3389 1221 3641 1282 temlitur,
3678 1220 4035 1273 communiter

2459 1312 2572 1366 sine
2596 1312 2771 1380 aliqua
2800 1313 3099 1381 adjectione
3130 1312 3213 1367 vel
3255 1310 3567 1365 diversitate
3604 1311 3860 1364 convixit.

2529 1404 2616 1459 94.
2648 1406 2918 1477 Cybornm
2948 1404 3202 1474 quicquid
3233 1404 3547 1473 parabatur,
3590 1401 3788 1455 nullam
3834 1399 4038 1455 faciens

2460 1495 2837 1563 differentiam,
2873 1514 2969 1551 nec
2999 1498 3186 1550 viliora
3232 1496 3331 1549 sibi
3371 1496 3649 1556 aﬂ‘ectans,
3678 1509 3777 1547 nec
3809 1493 4039 1545 lautiora

2461 1587 2787 1641 detrectans.
2849 1588 3107 1655 Qualitati
3165 1586 3467 1650 coctionis,
3516 1600 3619 1653 qua
3679 1584 3890 1638 caeteris
3941 1583 4041 1636 mi-

2462 1676 2747 1730 nistrattnn
2771 1686 2848 1730 est
2870 1718 2884 1741 ,
2922 1678 3108 1730 usilms
3133 1676 3244 1729 suis
3278 1690 3532 1743 umquam
3563 1674 3760 1742 aliquid
3792 1672 3927 1726 adici
3955 1670 4039 1723 vel

2393 1788 2434 1845 Β
2466 1768 2659 1820 mutari
2695 1768 2784 1801 ¹⁶¹⁹
2810 1767 3072 1836 permisit.
3111 1766 3268 1819 Panis
3291 1765 3515 1834 aequalis
3542 1774 3597 1818 et
3618 1764 3827 1825 similis,
3854 1763 4038 1815 viuum

2462 1855 2702 1924 ejusdem
2768 1872 3017 1910 mensure
3062 1864 3116 1909 et
3162 1855 3401 1923 saporis,
3455 1854 3600 1907 nullo
3646 1850 4043 1906 universalitati

2462 1948 2731 2003 diversum
2768 1948 3055 2015 aliquando
3086 1946 3205 1999 luit.
3238 1946 3415 2000 Festis
3438 1945 3645 2008 diebus,
3665 1945 3861 2012 quilms
3883 1958 4044 2011 quam

2461 2040 2657 2094 lautius
2688 2049 2742 2093 et
2766 2040 3085 2108 exquisitius
3109 2038 3347 2092 fraterna
3376 2037 3685 2105 jucnnditas
3711 2037 3760 2088 in
3787 2036 4045 2088 honorem

2462 2131 2669 2184 Domini
2712 2131 2793 2182 vel
2845 2140 3154 2184 sanctorum
3208 2136 3385 2197 potest
3434 2143 3696 2197 apparare
3747 2128 4047 2190 consumit,

2461 2238 2794 2291 qumcunque
2822 2221 3231 2290 apponebantur
3257 2220 3424 2273 libere
3467 2220 3731 2273 sumebat.
3787 2218 3899 2271 lloc
3946 2234 4048 2270 non

2462 2324 2605 2375 utor,
2638 2313 2767 2365 illud
2798 2315 2931 2381 aﬂer
2957 2313 3034 2366 rel
3058 2330 3209 2380 para,
3240 2328 3530 2382 numquam
3579 2328 3641 2366 ex
3688 2328 3752 2363 eo
3784 2312 4047 2363 auditum.

2462 2405 2537 2459 lta
2570 2406 2619 2457 in
2655 2405 2799 2458 nullo
2832 2405 3119 2473 aliquando
3150 2405 3271 2460 cibo
3300 2416 3351 2459 ct
3382 2414 3507 2474 potu
3542 2404 3799 2459 notabilis
3825 2418 4053 2473 appare-

2464 2494 2575 2547 bat.
2608 2494 2745 2559 Quin
2779 2502 2831 2547 ct
2858 2495 2990 2561 ipse,
3021 2502 3076 2546 ut
3103 2494 3284 2547 talium
3315 2495 3557 2563 adprime
3606 2492 3828 2562 peritus,
3870 2492 4049 2562 parari

2465 2585 2565 2639 h‘ec
2592 2601 2751 2654 quam
2782 2585 3081 2639 lautissime
3133 2586 3216 2639 his
3276 2586 3464 2638 diebus
3510 2587 3755 2645 faciebat.
3801 2597 3855 2640 et
3905 2584 4053 2641 nullo

2466 2686 2759 2746 apparente
2794 2686 2917 2746 typo
2967 2678 3231 2730 sumebat.
3277 2675 3483 2744 Corpus
3526 2679 3571 2729 ei
3628 2693 3765 2745 pene
3819 2675 4081 2727 naturali‘

2468 2784 2679 2836 semper
2719 2767 3102 2821 insolubilitate
3143 2767 3418 2829 duruerat,
3453 2778 3505 2818 ut
3559 2766 3768 2819 difﬁcile
3803 2768 3955 2817 cibus
3984 2765 4043 2819 in

2467 2872 2531 2910 co
2562 2858 2973 2924 decoqueretur.
3000 2856 3125 2910 lude
3162 2856 3417 2925 pociones
3464 2858 3751 2909 herbarqu
3799 2867 3891 2909 aut
3936 2857 4053 2925 ple-

2470 2962 2695 3015 rmnqne
2726 2963 2842 3014 qua:
2870 2949 2934 2999 ad
2964 2947 3012 2998 id
3046 2945 3283 2999 facerent
3310 2947 3387 2999 vel
3425 2949 3784 2999 conducerent
3813 2946 4055 3012 pigmen-

2472 3046 2673 3097 torum,
2706 3036 2936 3089 libenter
2970 3036 3252 3098 smnebat;
3303 3036 3385 3089 bis
3413 3045 3618 3089 tantum
3655 3036 3931 3095 admissis,
3966 3050 4053 3087 re-

781 3119 1166 3192 propinquiora
1219 3120 1347 3187 ipsis
1377 3119 1468 3150 ¹⁶¹⁵
1502 3120 1969 3188 solempnitatilms
1996 3125 2365 3189 exspectabat,
2397 3140 2440 3201 ρ
2474 3131 2545 3197 liq

2290 3132 2365 3186 την
2397 3140 2440 3201 C
2474 3131 2614 3197 liqua
2646 3130 2973 3181 medicorum
3005 3138 3110 3181 tam
3147 3128 3357 3181 diversa
3388 3138 3503 3180 arte
3547 3125 3790 3180 confecta
3842 3140 4056 3178 recusa-

782 3222 841 3267 nt
870 3213 913 3265 si
950 3211 1088 3265 forte
1118 3227 1514 3279 quemcumque
1570 3212 1779 3265 dierum
1834 3213 2218 3281 dispositorum
2272 3214 2370 3267 ali-

782 3308 937 3375 cujus
971 3306 1156 3358 talium
1190 3321 1347 3358 casus
1380 3306 1716 3374 prmciperct,
1748 3316 2053 3375 superesset
2086 3308 2130 3359 ei
2181 3307 2231 3359 iu
2281 3323 2366 3361 re-

781 3398 986 3467 liquum
1008 3438 1021 3460 ,
1048 3412 1154 3465 quo
1184 3397 1399 3451 eosdem
1433 3398 1548 3451 dies
1580 3412 1993 3466 recompensare
2038 3397 2128 3429 ³³⁸⁸
2156 3398 2369 3453 sullice-

783 3506 885 3550 ret.
950 3494 1102 3549 Umlc
1154 3494 1464 3547 nmltotiens
1522 3509 1641 3548 cum
1695 3495 1765 3547 ita
1821 3495 2158 3563 contigisset,
2202 3505 2261 3547 ut
2301 3511 2370 3548 ex

784 3586 1058 3657 przedictis
1088 3586 1466 3640 occasionibus
1490 3594 1580 3637 aut
1609 3583 1728 3637 aliis
1773 3585 2077 3652 quibusque
2121 3584 2373 3637 acciden-

792 3676 933 3730 tibus
973 3684 1080 3729 tota
1120 3676 1218 3729 sibi
1254 3675 1555 3729 ebdomada
1589 3683 1681 3728 aut
1710 3674 1848 3729 forte
1876 3675 1993 3728 dum
2026 3674 2106 3727 vel
2145 3674 2373 3743 amplius

784 3779 911 3821 voto
958 3767 1222 3836 expleudo
1270 3768 1676 3836 impedirentur,
1730 3782 1853 3821 mox
1903 3767 2083 3821 oblata
2134 3766 2375 3822 redditus

785 3858 1059 3922 libertate,
1094 3874 1377 3911 numerum
1424 3858 1913 3926 praetermissorum
1942 3859 2175 3921 dierum,
2206 3857 2375 3911 conti-

788 3958 948 4002 nuata
990 3949 1131 4001 binis
1170 3959 1257 4001 aut
1286 3950 1638 4018 amplioribus
1667 3950 2058 4003 ehdomadibus
2094 3950 2377 4003 continen-

789 4040 884 4101 tia,
918 4039 1184 4093 dominica
1209 4040 1487 4094 dumtaxat
1540 4049 1785 4103 vacante,
1830 4041 2040 4095 cunctis
2089 4040 2179 4109 qui
2229 4041 2377 4096 vide-

791 4131 921 4183 bant
944 4132 1282 4199 stupentibus
1303 4132 1384 4186 vel
1413 4131 1714 4186 dolentibus
1746 4134 2114 4197 instaurabat;
2174 4134 2374 4204 itaque,

792 4238 859 4275 ne
888 4237 951 4275 ex
984 4224 1178 4277 votivis
1207 4225 1565 4293 quadraginta
1608 4224 1797 4279 diebus
1835 4225 1922 4279 illo
1969 4226 2051 4280 vel
2104 4226 2193 4279 illo
2243 4236 2382 4280 tem-

793 4326 923 4380 pore
952 4313 1233 4381 quisquam
1264 4316 1583 4381 praeteriret,
1610 4315 1835 4369 callidus
1867 4316 2089 4368 nimium
2117 4317 2376 4369 observa-

795 4408 883 4453 tor
921 4400 1247 4470 iuvigilabat.
1276 4402 1599 4474 Plerumque
1628 4421 1851 4460 cernere
1897 4416 2016 4461 erat
2065 4407 2211 4459 illum
2264 4406 2377 4473 ipsa

2471 3224 2580 3277 bat.
2610 3223 2743 3277 Illud
2772 3222 2861 3253 ¹⁶²⁰
2886 3231 3031 3274 certe
3055 3235 3265 3274 summo
3297 3221 3414 3272 nisu
3448 3228 3720 3273 servatum
3756 3227 3859 3277 est,
3881 3225 3937 3269 ut
3964 3216 4055 3267 vix

2472 3325 2563 3367 aut
2592 3328 2879 3381 numquam
2924 3311 2973 3363 in
3003 3310 3317 3363 ebrietatem
3344 3317 3435 3361 aut
3458 3307 3730 3375 crapulam
3762 3322 3827 3359 ex
3861 3321 4052 3373 quam-

2474 3407 2600 3460 libet
2631 3416 2829 3475 prmter
2851 3405 3067 3456 solitum
3094 3412 3309 3471 sumpto
3336 3402 3471 3471 cybo
3502 3400 3581 3453 vel
3612 3410 3736 3469 potu
3762 3400 4055 3451 deducere-

2474 3508 2578 3558 tur,
2612 3497 2693 3551 vel
2725 3496 2861 3549 ttmle
2887 3495 3173 3564 quicquam
3221 3492 3462 3546 consueti
3514 3490 3693 3559 operis
3744 3489 3817 3542 rei
3863 3488 4057 3540 divinae

2473 3597 2636 3641 noctu
2690 3586 2775 3639 vel
2826 3585 3059 3639 interdiu
3109 3579 3466 3637 intermittere
3509 3591 3815 3648 cogeretur.
3878 3579 3949 3631 ha
4000 3586 4057 3631 et

2476 3677 2608 3731 foris
2648 3674 3009 3730 communiter
3040 3673 3233 3727 ceteris
3284 3670 3555 3725 convivari
3587 3668 3886 3731 videbatur,
3911 3677 3964 3720 et
4006 3668 4057 3720 in

2476 3770 2591 3839 ipso
2620 3768 2866 3821 convictu
2899 3764 2996 3819 sibi
3029 3773 3287 3819 statutam
3332 3762 3799 3832 percipiendorum
3827 3759 4077 3810 alimen»

2476 3871 2651 3916 torum
2678 3874 2983 3913 mensuram
3010 3874 3113 3910 non
3145 3856 3462 3911 excedebat.
3491 3853 3546 3906 lu
3595 3852 3724 3905 illml
3778 3848 4001 3918 apostoli
4022 3867 4088 3902 .:'

2477 3951 2596 4007 Scio
2627 3962 2672 4005 et
2705 3951 2901 4003 esurire
2930 3959 2976 4002 et
3026 3948 3208 4001 satiari
3268 3944 3434 4014 (Phil.
3490 3961 3565 4008 tv,
3608 3942 3718 4013 12).
3765 3957 3885 3994 eutn
3949 3956 4060 4009 pra:

2476 4042 2673 4098 ceteris
2705 4041 2862 4109 lmjus
2891 4038 3147 4107 temporis
3169 4052 3375 4091 summa
3407 4046 3523 4088 arte
3552 4046 3604 4087 et
3635 4034 3864 4102 quadam
3897 4030 4090 4084 veluti~

2478 4130 2756 4199 disciplina
2786 4130 3086 4181 institutum
3116 4134 3624 4180 et'cousummatum
3658 4122 3831 4191 palam
3849 4120 4061 4174 enituit.

2479 4222 2588 4276 Nec
2620 4222 2761 4275 enim
2793 4221 2972 4273 esurio
2998 4220 3299 4281 demissior,
3336 4232 3434 4271 nee
3467 4214 3757 4271 refectione
3778 4213 3904 4246 *ιω
3950 4228 4066 4265 um-
4094 4245 4098 4248 ε

2480 4327 2641 4381 quam
2675 4308 2924 4377 apparuit
2948 4307 3160 4359 elatior.
3195 4306 3273 4358 Ad
3303 4320 3603 4366 summam,
3634 4301 3963 4371 pteuitentia:
3993 4302 4065 4354 ri-

2481 4417 2664 4472 gorem
2696 4400 2923 4453 eundem
2952 4398 3038 4429 “m
3065 4412 3233 4465 usque
3271 4397 3335 4449 ad
3366 4394 3523 4448 finem
3556 4397 3680 4446 vita:
3709 4393 3841 4446 mira
3885 4405 4069 4461 persc-

792 4504 1008 4558 quoque
1037 4494 1291 4559 praescire
1323 4493 1501 4547 futura
1528 4536 1541 4558 ,
1570 4511 1691 4549 cum
1724 4496 1884 4550 talem
1916 4496 2374 4549 continuationem
2408 4499 2454 4555 1)
2485 4492 2723 4547 verantia
2757 4491 2948 4551 tenuit,
2976 4488 3225 4557 quodque
3256 4496 3459 4540 tantum
3508 4484 3906 4553 superexcellit,
3940 4494 3996 4535 ut
4037 4498 4065 4534 a

785 4581 978 4651 jejunii
1030 4591 1301 4653 tamquam
1347 4602 1413 4641 ex
1466 4589 1741 4655 inproviso
1783 4590 2025 4659 arripere
2074 4588 2376 4640 videbatur.

793 4672 929 4725 Nam
958 4672 1028 4725 ita
1068 4689 1424 4743 sepcnnmcro
1454 4679 1892 4733 animadversum
1932 4687 2035 4739 est,
2069 4678 2210 4745 quod
2256 4690 2377 4728 cum

792 4764 871 4817 sic
896 4764 1073 4818 omnis
1109 4768 1443 4822 remissionis
1473 4770 1689 4838 ignarus
1713 4771 1963 4833 ferveret,
1988 4771 2383 4839 subsequenter

796 4865 891 4908 aut
920 4857 1107 4909 nuntio
1137 4867 1225 4911 aut
1256 4860 1430 4929 aliqua
1478 4862 1775 4915 inevitabili
1824 4861 2148 4915 necessitate
2196 4874 2386 4912 mona-

796 4954 965 5003 sterio
992 4953 1238 5020 progredi
1265 4955 1586 5021 cogebatur;
1632 4971 1755 5008 nam
1787 4954 2043 5024 quamdiu
2080 4952 2210 5005 foris
2239 4959 2377 5012 erat,

797 5040 1017 5093 humani
1043 5042 1147 5095 diei
1179 5043 1325 5112 (598)
1362 5044 1639 5097 latrocinia
1683 5045 1772 5075 ¹⁸¹⁶
1800 5045 2048 5097 sollerter
2070 5042 2377 5105 attendens,

797 5131 994 5184 Scercti
1025 5131 1130 5196 sui,
1156 5134 1308 5202 cujus
1340 5133 1448 5188 Deo
1494 5143 1701 5188 tantmn
1753 5136 2054 5188 mercedem
2103 5132 2377 5195 servabat,

2485 4583 2641 4639 nobis
2673 4579 2915 4649 quolibet
2941 4594 3190 4632 sermone
3224 4576 3423 4645 expleri
3459 4590 3562 4628 non
3595 4573 3780 4642 possit.
3808 4571 3959 4627 Unde
3984 4571 4069 4624 his

2485 4674 2645 4729 modo
2675 4671 2948 4740 imposito,
2974 4671 3036 4722 ad
3067 4686 3129 4723 ea
3159 4685 3277 4737 qtnc.
3302 4669 3368 4722 de
3389 4665 3749 4722 exterioribus
3770 4662 3883 4730 ejus
3904 4663 4070 4728 gestis

2484 4770 2623 4822 scire
2650 4764 2919 4833 potuimus
2947 4764 3128 4818 stilum
3176 4768 3467 4813 vertamus.
3518 4758 3572 4811 lu
3628 4755 3823 4826 quibus
3871 4753 4067 4822 partim

2486 4854 2768 4926 prudentia
2822 4851 3030 4919 sagacis
3088 4850 3285 4918 ingenii
3342 4857 3395 4900 et
3453 4848 3616 4901 robur
3676 4843 3840 4898 animi
3894 4840 4067 4893 virilis

2488 4945 2676 5017 gratim
2707 4958 2951 5011 supernae
2982 4939 3167 5006 adjuti,
3202 4940 3394 5007 partim
3444 4937 3555 4991 sola
3609 4934 3802 4988 divinae.
3852 4930 4095 4983 virtutis

2488 5034 2752 5105 Operatio,
2788 5033 2873 5084 ubi
2908 5032 3139 5083 humana
3173 5030 3360 5083 adesse
3408 5043 3513 5080 non
3560 5030 3807 5097 poterant
3843 5020 4090 5084 auxilia,

2488 5134 2617 5181 sunt.
2648 5124 3033 5177 demonstrata.

2101 5262 2335 5319 VARUS
2376 5256 2781 5314 LECTIONES.

875 5359 965 5399 ¹ι¹²
991 5360 1065 5411 ita
1097 5360 1155 5412 L.
1184 5376 1387 5426 cp......
1421 5378 1468 5414 ε.

1568 5360 1658 5390 ¹ε¹³
1688 5360 1759 5410 ita
1784 5356 1949 5410 Mab..
1984 5355 2078 5408 reli
2103 5356 2218 5423 jam
2255 5353 2425 5413 deest;
2462 5350 2541 5404 vel
2574 5363 2708 5417 quos
2831 5342 2983 5397 male.
3063 5341 3279 5426 ’ξηειρξὶ
3315 5357 3353 5393 c.
3439 5338 3529 5369 ³⁶¹⁸
3561 5341 3994 5426 recompensaret
4020 5348 4087 5385 ε..

3841 5403 3939 5426 Is..-
3983 5417 4046 5426 ρ...
