4472 5522
405 391 511 445 289

1340 386 1425 440 DE
1464 387 1615 441 \‘lTA
1654 385 1933 465 ,ΙΟΑΝΙᾩΒ
1962 385 2248 439 ABBATlS
2286 386 2705 443 GORZIENSIS.

3551 391 3655 445 290

479 500 567 553 95.
608 498 739 554 Cum
772 497 917 567 (399)
952 499 1143 568 primo.
1176 508 1229 553 ιιι
1276 502 1522 569 superior
1564 510 1739 555 textus
1784 502 1983 566 docuit,
2015 503 2061 559 Λ
2092 499 2410 562 stimularet,
2463 510 2517 553 et
2549 500 2658 569 jam
2710 500 2875 552 ferme
2931 500 3161 555 triennio
3209 504 3491 570 episcopus
3536 505 3655 557 loco

410 591 607 645 ibidem
632 591 802 642 sancti
829 591 925 642 viri
956 600 1197 659 prompta
1244 591 1421 643 domui
1467 591 1814 645 Adclberonis
1866 595 1978 661 cpi-

405 683 554 749 scopi
586 680 859 735 voluntate
893 681 955 733 ad
986 681 1157 735 locnm
1193 682 1443 736 Gorziatn
1466 681 1575 749 jam
1610 684 1809 736 dictum
1851 701 1982 738 cou-

406 776 700 836 veuissent,
736 775 1044 842 aliquandiu
1095 776 1306 842 quidem
1363 792 1462 844 ope
1510 778 1624 845 ejus
1682 780 1731 832 in
1794 781 1979 848 primis

405 866 686 917 sustentati
726 875 868 925 sunt,
902 866 1024 934 quia
1065 866 1291 917 necdum
1339 866 1560 920 facultas
1598 869 1644 920 ei
1700 868 1892 933 fuerat,
1924 882 1979 925 ιιι

402 954 468 1008 de
491 956 917 1023 possessionilms
946 956 1273 1019 monasterii,
1308 972 1425 1023 qtne
1449 957 1561 1024 jam
1604 958 1799 1013 abhinc
1826 962 1979 1030 longe

394 1052 553 1096 retro
604 1043 865 1096 bene-licio
917 1044 1237 1096 seculatitun
1297 1055 1593 1108 cesserant,
1653 1049 1731 1099 eis
1780 1049 1977 1118 aliquid

404 1133 731 1185 restitueret.
768 1132 891 1184 Inde
918 1147 1039 1184 cum
1065 1133 1225 1200 aliqui
1256 1135 1512 1188 divinitus
1541 1137 1787 1205 inspirati
1838 1141 1977 1192 fama

402 1225 555 1277 boote
579 1223 851 1291 opinionis
895 1223 1015 1275 illuc
1056 1222 1325 1277 confluere
1372 1228 1655 1294 cepissent,
1696 1239 1750 1282 et
1798 1241 1979 1284 sancte

402 1314 835 1382 congregationis
892 1322 1206 1382 augesceret
1262 1314 1568 1379 multitudo,
1622 1333 1707 1371 res
1759 1320 1975 1373 vixdum

401 1406 580 1458 tennis
609 1406 857 1473 exiguum
892 1421 999 1473 prze
1028 1421 1089 1459 ea
1122 1421 1241 1475 qua:
1277 1416 1403 1460 tunc
1442 1426 1543 1461 non
1580 1420 1743 1474 tanta,
1785 1413 1975 1464 nedum

402 1496 466 1549 ad
493 1512 609 1548 eam
640 1512 758 1563 qua:
795 1506 910 1564 post
939 1495 1119 1549 futura
1170 1500 1490 1566 sperabatur
1543 1500 1593 1553 in
1649 1502 1764 1554 dies
1811 1503 1977 1570 magis

402 1586 677 1655 magisque
742 1589 1039 1655 augendam
1099 1589 1580 1651 numerositatem,
1630 1590 1978 1658 pollicebatur

399 1679 743 1746 stipendium.
778 1677 857 1729 Ad
888 1678 987 1729 hoc
1010 1686 1061 1729 et
1093 1678 1231 1728 idem
1294 1679 1375 1730 vir
1425 1690 1643 1732 sanctus
1689 1681 1973 1745 Adelbero,

398 1781 563 1835 regno
584 1776 707 1819 tunc
735 1766 959 1817 diversis
991 1767 1491 1833 perturbationibus
1528 1773 1801 1825 concitato
1832 1774 1971 1824 circa

2083 588 2453 648 abstinuisset,
2489 588 2623 641 forte
2656 604 2753 656 pro
2778 590 2892 641 viro
2914 590 3141 656 qttodatn
3161 589 3300 656 juris
3322 592 3651 653 monasterii,

2082 680 2171 747 qui
2208 682 2364 731 rebus
2395 680 2714 746 QttiltttS'lttttt
2742 680 3135 748 episeopalibus
3168 692 3414 747 pra-erat,
3446 681 3652 735 Johan-

2083 785 2179 822 nes
2216 769 2393 822 Mettis
2439 770 2748 821 advocatur.
2786 769 2983 822 Blande
3028 772 3257 838 prinntm
3309 774 3374 822 ab
3404 773 3655 839 episeopo

2083 862 2424 923 convenitur,
2456 873 2521 912 ne
2550 861 2648 914 sibi
2676 861 2813 927 quod
2838 870 3043 929 peteret
3065 862 3373 929 denegaret.
3413 863 3649 919 «Vestra,

2083 950 2275 1018 inquit,
2328 952 2520 1017 peticio
2567 950 2738 1018 jussio
2779 960 2973 1004 est.—
3002 949 3184 1003 Virum
3232 952 3377 1004 illum
3404 992 3417 1013 ,
3460 953 3651 1020 inquit,

2082 1042 2211 1094 mihi
2245 1044 2403 1094 cedas
2440 1043 2688 1109 deposco.
2731 1062 2748 1092 ι
2790 1040 2877 1093 Ille
2918 1041 3072 1108 paulo
3110 1044 3451 1103 conunotior,
3488 1053 3540 1094 ut
3566 1042 3653 1095 Cui

2083 1146 2233 1183 nimis
2266 1130 2417 1199 longe
2448 1130 2579 1182 alias
2627 1131 2970 1183 intendebat:
3026 1150 3042 1180 ι
3082 1132 3337 1199 Exemplo
3379 1138 3391 1149 '
3422 1132 3533 1196 ¹⁸⁹⁶,
3569 1132 3647 1186 in-

2080 1221 2227 1288 quit,
2262 1219 2438 1273 fabule
2472 1221 2632 1273 David
2668 1237 2808 1273 nunc
2837 1222 3043 1273 tttitttitti
3066 1260 3081 1284 ,
3115 1222 3199 1273 ubi
3233 1222 3381 1275 dives
3411 1225 3643 1277 ἰιιιιιιιιιο·

2081 1311 2155 1364 ris
2187 1326 2319 1378 quas
2367 1310 2595 1363 habebat
2641 1311 2830 1362 ovibus
2866 1326 3110 1377 parcens,
3160 1310 3353 1378 hospiti
3397 1326 3650 1378 stqerve-

2081 1400 2247 1451 nieuti
2289 1399 2499 1451 unicam
2546 1400 2796 1467 pauperis
2842 1416 2993 1452 ovem
3028 1402 3074 1451 vi
3119 1402 3445 1453 absttactam
3491 1401 3653 1469 jussit

2081 1493 2294 1560 apponi.
2325 1492 2412 1544 Sic
2436 1510 2557 1544 curn
2586 1493 2791 1544 infinita
2822 1492 3144 1559 reliquorum
3171 1494 3323 1560 copia
3348 1493 3651 1556 abundctis,

2082 1599 2245 1635 unum
2278 1583 2417 1635 hunc
2452 1584 2607 1635 nobis
2634 1584 2957 1649 pauperibus
2996 1584 3301 1652 prteripilis.
3339 1604 3356 1634 ι
3409 1584 3654 1637 Adducto

2081 1675 2365 1742 Supercilio
2416 1691 2535 1727 cum
2583 1691 2639 1728 se
2684 1676 2792 1739 ille,
2826 1677 2910 1728 vix
2965 1676 3139 1743 aliqua
3190 1676 3352 1729 animi
3399 1677 3657 1733 commoti

2080 1767 2244 1817 verbo
2267 1766 2487 1833 signans
2514 1766 2733 1827 indicia,
2761 1766 3062 1826 avertisset,
3088 1764 3359 1819 Iohannes
3385 1782 3443 1819 se
3470 1782 3499 1819 e
3528 1782 3656 1820 con—

399 1855 663 1923 plurimas
698 1870 857 1906 curas
889 1855 1184 1919 distentus,
1221 1857 1396 1908 minus
1440 1859 1517 1909 eis
1568 1860 1723 1911 solito
1771 1861 1976 1927 prospi-
2011 1850 2049 1906 Β
2080 1866 2259 1923 spectu
2306 1859 2585 1924 proripuit.
2621 1857 2929 1910 Fridericus
2965 1858 3259 1910 monachus
3302 1859 3470 1911 sancti
3514 1857 3654 1912 llue-

396 1962 520 2000 cere
552 1957 781 2014 poterat.
811 1946 936 1999 lmle
968 1948 1227 2014 compulsi
1250 1947 1390 2013 ,jatn
1421 1950 1591 2002 aliena
1624 1950 1810 2003 solatia
1845 1966 1977 2017 pene

397 2051 640 2104 qumrere
664 2036 1088 2089 destinaverant.
1119 2038 1181 2089 Et
1204 2040 1326 2103 quia
1359 2040 1456 2090 sub
1486 2039 1622 2091 idem
1651 2038 1818 2092 ferme
1849 2050 1978 2091 t‘em-

397 2141 498 2193 pus
570 2122 1049 2193 (DCCCCXXXIV)
1103 2125 1215 2191 Ugo
1268 2127 1582 2193 prmpositus
1642 2138 1764 2179 tunc
1808 2129 1977 2181 sancti

397 2214 695 2278 Maximini,
727 2214 897 2267 felicis
913 2217 1250 2282 postmodum
1275 2215 1522 2282 exempli,
1539 2230 1566 2266 a
1590 2215 1829 2268 saeculari
1853 2231 1979 2267 con-

396 2305 703 2358 versatione
733 2318 789 2357 se
832 2304 1217 2366 restrinxerat,
1246 2313 1298 2355 et
1341 2319 1441 2370 ope
1488 2303 1640 2355 ducis
1692 2303 1975 2356 Gisleberti

397 2398 540 2450 idem
600 2397 983 2449 monasterium
1052 2396 1116 2447 ad
1168 2394 1465 2463 regularem
1514 2392 1974 2447 conversationem

398 2488 685 2540 reduxerat
731 2486 901 2554 (4110),
953 2484 1189 2551 ejusdem
1234 2484 1322 2551 pio
1382 2481 1655 2534 molimine
1708 2482 1974 2550 prmpOsiti

394 2575 488 2628 illo
518 2589 575 2627 se
610 2574 901 2627 transferre
945 2572 1336 2641 aliquantisper
1378 2584 1656 2625 assensum
1703 2569 1977 2637 ﬂagitave-

396 2674 523 2718 rant
550 2664 701 2715 ’m'.

467 2754 556 2809 96.
600 2755 731 2809 Cum
784 2755 922 2806 inter
974 2753 1085 2805 haec
1137 2752 1366 2803 domnus
1410 2749 1665 2803 Einoldus
1714 2764 1824 2803 rem
1881 2748 1977 2801 llu-

390 2854 666 2899 ctuantem
703 2843 902 2895 saniori
934 2840 1294 2907 comprimens
1323 2843 1336 2857 °
1373 2840 1580 2891 ratione
1606 2838 1715 2902 ⁸⁸³³,
1746 2839 1975 2905 quadam

394 2937 483 2989 die
513 2936 652 2989 inter
681 2942 876 2988 etetera
907 2932 1263 2985 exortationis
1288 2930 1446 2981 verba
1477 2943 1665 2982 omnes
1721 2930 1801 2981 sic
1847 2928 1976 2980 allo-

394 3026 576 3094 quitur
625 3042 637 3075 :
685 3041 702 3071 ι
745 3022 1047 3090 Scriptura,
1074 3020 1278 3087 inquid,
1312 3018 1507 3071 asserit
1543 3018 1727 3088 (f’rov.
1760 3033 1871 3081 xvt,
1893 3018 1971 3086 7),

391 3116 519 3183 quia
548 3128 669 3167 eum
693 3111 993 3179 placuerint
1016 3108 1243 3161 Domino
1288 3109 1385 3160 via:
1419 3107 1672 3169 hominis,
1725 3107 1973 3160 inimicos

2079 1946 2233 2007 berti,
2284 1946 2435 2014 Cujus
2486 1963 2644 2015 supra
2693 1948 2891 2000 mentio
2931 1946 3069 1999 facta
3100 1956 3183 1999 cst
3226 1948 3365 2015 (cap.
3391 1947 3525 2015 :55),
3552 1947 3653 2000 sub

2078 2036 2187 2104 ipsa
2218 2036 2386 2089 ferme
2420 2052 2513 2089 ora
2563 2038 2887 2106 ingrediens,
2919 2048 2972 2090 et
3014 2053 3079 2090 ex
3112 2037 3257 2089 vultu
3305 2037 3515 2104 dejecto
3541 2038 3657 2089 ani-

2078 2141 2223 2178 mum
2270 2127 2645 2192 perpendens:
2687 2144 2703 2175 ι
2740 2126 2898 2190 Quid,
2954 2126 3154 2192 inquit,
3185 2125 3468 2191 supercilia
3504 2125 3657 2179 vobis

2077 2216 2154 2268 sic
2179 2216 2331 2268 video
2362 2216 2751 2283 ili-pendentia?
2784 2235 2801 2264 ι
2858 2214 2987 2267 Nam
3027 2216 3189 2277 lutnc,
3217 2216 3303 2267 tibi
3337 2216 3657 2268 commotior

2077 2312 2237 2365 esset,
2268 2304 2509 2355 habitum
2551 2304 2705 2355 velud
2748 2304 3045 2356 naturalem
3089 2305 3187 2356 sibi
3221 2306 3484 2357 induerat.
3524 2325 3540 2353 ι
3577 2304 3658 2357 Ab

2079 2395 2199 2455 hoc,
2234 2394 2427 2461 inquit,
2456 2395 2643 2447 insano
2672 2392 2934 2457 Iohanne,
2968 2404 3025 2448 ttt
3052 2410 3342 2463 numquam
3374 2397 3603 2447 antehae
3623 2410 3653 2447 a

2077 2499 2344 2551 qumquam
2389 2484 2463 2535 ita
2493 2494 2835 2552 contemptus
2876 2500 3027 2545 sum,
3073 2494 3124 2536 ιιι
3157 2501 3254 2537 nec
3304 2499 3397 2549 pro
3442 2484 3659 2539 homine

2079 2590 2184 2626 uno
2214 2574 2350 2641 apud
2381 2589 2505 2627 eum
2534 2574 2869 2626 intercedere
2909 2572 3193 2626 voluerim.
3226 2592 3244 2622 ›
3292 2572 3382 2624 Ille
3409 2573 3659 2627 conscius

2077 2682 2195 2735 qua:
2223 2678 2372 2718 extra
2401 2664 2771 2718 couilahztnlur
2800 2664 3147 2717 consiliorum
3180 2681 3191 2715 :
3242 2682 3258 2712 ι
3298 2662 3434 2726 Nisi,
3461 2664 3655 2731 iuqttit,

2078 2756 2465 2825 providebitur,
2514 2755 2757 2823 proxime
2814 2754 3022 2807 cunctis
3073 2753 3152 2806 eis
3204 2754 3477 2806 earebitis.
3521 2752 3655 2806 Nam

2077 2862 2197 2899 cum
2232 2846 2367 2897 duce
2419 2854 2469 2897 et
2518 2845 2826 2913 pratposito,
2868 2844 2991 2912 quia
3045 2859 3071 2895 a
3125 2844 3275 2896 vobis
3320 2860 3509 2912 parum
3555 2844 3658 2897 sibi

2077 2934 2227 2986 adest
2256 2932 2461 2997 auxilii,
2513 2949 2607 2985 eos
2646 2935 2757 3000 jam
2807 2933 3006 2985 dudum
3035 2934 3369 2986 conscivisse
3398 2934 3655 3003 cognovi;

2077 3030 2240 3089 utque
2268 3021 2319 3071 iu
2351 3029 2538 3073 sancto
2567 3019 2860 3072 Maximino
2894 3019 3266 3084 traducantur,
3295 3022 3446 3074 ocius
3484 3031 3659 3074 matuo

2080 3125 2248 3169 ratur.
2290 3133 2306 3163 ι
2339 3112 2559 3167 Coueite
2585 3111 2859 3165 Johanues
2891 3121 3190 3173 revocatus,
3217 3122 3271 3165 et
3300 3127 3395 3165 cur
3424 3112 3661 3177 iujussus

394 3220 610 3274 quoque
637 3204 753 3270 cjus
782 3212 1057 3255 convertet
1080 3202 1143 3253 ad
1174 3215 1379 3269 pacem.
1418 3198 1817 3268 Neglegeuliattt
1847 3213 1975 3268 ergo
2003 3195 2046 3258 C
2078 3208 2275 3262 abisset
2303 3216 2538 3274 rogatus,
2562 3221 2682 3257 cum
2707 3204 2977 3257 silentium
3006 3204 3385 3256 tremelunnlus
3409 3213 3615 3257 teneret
3643 3221 3655 3257 :

395 3305 635 3349 nostram
678 3293 800 3346 hinc
829 3294 1110 3345 advertere
1138 3306 1444 3358 possumus,
1482 3290 1605 3357 quia
1661 3291 1704 3342 si
1758 3305 1821 3342 eo
1866 3305 1972 3359 quo

393 3395 710 3456 oportuerat
737 3384 913 3437 studio
939 3398 1089 3435 mens
1118 3382 1272 3435 nobis
1317 3382 1368 3434 in
1420 3381 1598 3434 divina
1652 3381 1970 3443 intenderet,

396 3476 556 3531 facile
585 3475 811 3527 Domino
853 3473 1027 3526 fuerat
1051 3472 1224 3523 virum
1258 3471 1402 3524 hunc
1450 3468 1687 3534 flectere,
1717 3479 1769 3523 et
1820 3470 1975 3523 nobis

393 3582 603 3621 comem
639 3564 733 3607 ιω
771 3575 821 3617 et
872 3564 1170 3617 benetieum
1212 3561 1455 3627 reddere,
1500 3571 1554 3615 et
1604 3576 1700 3614 cer
1746 3562 1861 3629 ejus
1904 3563 1976 3613 ad

394 3659 539 3729 quod
574 3656 728 3710 nobis
761 3654 1039 3722 expediret
1068 3661 1401 3706 convertere.
1442 3669 1459 3701 ι
1490 3650 1738 3703 Pluribus
1762 3650 1973 3713 deimlc,

392 3764 517 3818 quae
545 3747 612 3801 ad
642 3763 702 3800 ea
724 3749 1111 3807 conducerent,
1135 3759 1228 3798 eos
1247 3751 1542 3805 exortatus,
1566 3750 1621 3794 et
1646 3750 1701 3793 ttt
1727 3740 1978 3793 novitatis

394 3854 509 3895 sua:
560 3837 929 3892 conversionis
986 3849 1293 3898 memores,
1344 3834 1434 3902 qui
1488 3833 1567 3886 eis
1623 3842 1749 3885 tunc.
1800 3830 1978 3884 fervor

397 3933 601 3994 fuerit,
666 3937 1068 3990 retractarent,
1134 3936 1188 3979 et
1254 3940 1321 3978 ne
1387 3924 1515 3993 quid
1575 3937 1715 3976 nunc
1767 3922 1975 3989 langui-

399 4026 523 4080 dius
561 4022 807 4091 frigidius
862 4034 925 4073 ae
985 4017 1353 4087 neglegentius
1410 4014 1549 4083 apud
1616 4027 1674 4066 se
1732 4022 1980 4081 ageretur

397 4126 559 4171 caute
613 4113 1002 4183 perspicerent,
1059 4123 1127 4162 ac
1183 4108 1228 4161 si
1288 4107 1415 4175 quid
1466 4107 1655 4159 horum
1717 4104 1981 4157 sentirent

397 4207 546 4262 omni
614 4203 889 4274 vigilantia
953 4202 1257 4255 instaurare
1321 4198 1744 4261 contenderent,
1805 4204 1981 4249 tantos

398 4312 625 4375 repente
680 4301 764 4355 eis
826 4299 1036 4351 animos
1095 4294 1367 4359 reddidit,
1414 4303 1473 4346 ut
1535 4307 1677 4346 nunc
1740 4289 1978 4360 singuli,

401 4410 545 4452 nunc
570 4405 784 4453 omnes,
819 4390 872 4443 in
906 4402 1095 4442 novam
1126 4385 1393 4456 quandam
1425 4384 1853 4438 conversationis
1878 4398 1983 4452 pu-

401 4500 560 4557 gnam
584 4482 786 4537 acriter
827 4479 1201 4549 conspirarent
1233 4474 1711 4545 (DCCCCXXXV).
1745 4476 1824 4531 Ad
1847 4492 1977 4530 cour

2082 3321 2100 3352 ι
2137 3302 2250 3354 Non
2297 3311 2369 3362 te,
2418 3299 2601 3367 inquid
2635 3298 2938 3366 episcopus,
2973 3307 3077 3350 tam
3130 3297 3429 3349 animosum
3467 3298 3659 3351 crede-

2075 3393 2218 3455 bam,
2265 3406 2361 3445 nec
2389 3391 2439 3443 in
2471 3404 2527 3443 re
2556 3399 2664 3441 tam
2709 3390 2818 3442 fere
2847 3387 2986 3440 tntlla
3031 3388 3102 3439 ita
3135 3381 3402 3440 diﬂicillhn
3436 3389 3659 3441 estima-

2077 3484 2219 3538 bam.
2254 3482 2385 3536 Peto
2412 3483 2592 3549 igitur,
2625 3481 2894 3534 hominem
2930 3478 3010 3531 vel
3038 3492 3207 3546 usque
3241 3480 3306 3529 ad
3336 3478 3544 3546 aliquas
3575 3479 3660 3531 in-

2078 3575 2265 3629 ducias
2295 3574 2420 3626 mihi
2445 3580 2623 3627 cedas.
2667 3591 2685 3622 ι
2729 3571 2817 3624 Ille
2848 3571 2961 3638 quit
3000 3570 3051 3622 in
3081 3585 3243 3623 caesa
3273 3580 3417 3623 esset
3450 3570 3660 3625 intelle-

2078 3682 2209 3735 gens
2243 3695 2313 3704 —
2361 3681 2481 3717 natu
2511 3663 2687 3733 pactio
2730 3661 2968 3730 pecunia:
3019 3661 3294 3713 intererat.
3322 3690 3392 3699 —
3432 3680 3450 3711 ι
3484 3660 3664 3725 Quan-

2080 3765 2460 3823 tumcumque,
2517 3754 2719 3822 inquit,
2768 3750 3008 3819 jnbetis?
3044 3769 3061 3802 ι
3113 3779 3182 3789 ——
3245 3768 3263 3800 ι
3299 3750 3380 3804 Ad
3435 3755 3665 3819 quadra-

2081 3850 2246 3916 ginta,
2280 3844 2472 3913 inquit,
2504 3843 2637 3897 dics.
2678 3862 2697 3895 ι
2738 3842 2803 3896 Ει
2836 3842 2924 3896 ille
2952 3859 2964 3893 :
3020 3860 3036 3891 ι
3065 3838 3240 3895 Etiam
3272 3842 3339 3895 ad
3363 3857 3582 3906 annum,
3617 3841 3662 3897 si

2079 3938 2273 4008 placet.
2310 3956 2329 3986 ι

2153 4032 2240 4086 98.
2270 4028 2386 4083 Non
2417 4028 2505 4082 ditt
2528 4036 2648 4096 post
2682 4026 2798 4080 haec
2827 4024 3080 4094 episcopo
3108 4024 3408 4092 quiescenti
3434 4039 3664 4093 persona

2083 4122 2326 4190 quautam
2382 4117 2605 4173 terribili
2647 4132 2711 4170 ac
2758 4116 2954 4169 minaci
3006 4114 3155 4167 vultu
3203 4130 3507 4184 apparens,
3565 4116 3666 4169 hec

2084 4213 2184 4268 sibi
2212 4226 2332 4265 cum
2362 4210 2591 4279 quadam
2618 4207 2933 4261 austeritate
2962 4206 3142 4259 dicere
3166 4206 3447 4259 videbatur
3471 4223 3484 4258 :
3525 4224 3542 4255 ι
3569 4204 3667 4257 Bo-

2085 4321 2211 4360 num
2242 4306 2380 4358 bene
2411 4301 2596 4370 cepisti
2623 4340 2637 4362 ,
2666 4299 2759 4353 sed
2785 4315 2813 4351 a
2855 4298 3049 4365 ereptis
3087 4298 3246 4351 nimis
3267 4298 3375 4351 cito
3398 4296 3668 4353 defecisti.

2084 4393 2224 4449 Cave
2249 4396 2266 4411 '
2309 4407 2375 4445 ne
2408 4393 2425 4410 '
2474 4390 2586 4443 haec
2624 4387 2750 4422 “m
2798 4385 3029 4441 defectio
3081 4386 3341 4455 majorum
3376 4386 3468 4440 tibi
3502 4401 3667 4443 causa

2087 4488 2156 4541 sit
2183 4486 2480 4538 ruinarum.
2514 4482 2722 4550 Repara
2752 4480 2843 4514 ³⁸³⁸
2872 4496 2992 4549 qua:
3032 4481 3265 4549 cmpisti,
3304 4495 3369 4533 ne
3420 4480 3471 4531 in
3523 4480 3667 4532 dete-

402 4544 554 4631 stteta
580 4574 811 4643 quisque
846 4579 899 4625 et
933 4568 1193 4638 regularia
1219 4567 1416 4634 majora
1448 4566 1540 4598 “"
1562 4576 1615 4620 et
1639 4568 1980 4634 productiora
2014 4544 2060 4601 Ῑ)
2090 4580 2168 4633 rio

1900 4581 1980 4619 πα
2014 4544 2060 4601 1)
2090 4580 2229 4633 riora
2280 4576 2619 4646 procumbas.
2662 4594 2680 4625 ›
2739 4572 3104 4642 Ειιρριϊυςιιις
3152 4581 3204 4623 et
3265 4586 3446 4624 secum
3505 4571 3666 4623 tnulta

403 4666 673 4735 adjicere;
714 4665 830 4733 ipsa
882 4660 1030 4713 licita
1051 4668 1241 4728 sponte
1287 4659 1385 4712 sibi
1432 4659 1788 4722 subtrahere;
1823 4658 1980 4729 typo,

405 4758 572 4828 potui,
624 4768 846 4815 somno,
900 4751 1125 4821 linguae,
1175 4764 1268 4803 seu
1328 4748 1546 4803 euilitet
1594 4750 1840 4819 corporis
1894 4765 1981 4802 re-

405 4848 589 4918 quiei,
668 4844 948 4899 mininmm
1032 4838 1287 4907 quiddam
1364 4839 1673 4909 indulgere;
1738 4850 1793 4891 ttt
1858 4848 1985 4893 tunc

406 4942 634 5009 primum
670 4937 823 5007 quasi
859 4933 1289 4989 conversationis
1328 4932 1481 4986 initia
1512 4935 1823 4989 viderentur
1849 4933 1985 4987 arri-

405 5046 552 5103 pere.

476 5126 565 5180 97.
590 5124 724 5181 Cum
756 5125 968 5178 interim
997 5125 1233 5191 prredicti
1263 5122 1481 5191 Ogouis,
1511 5124 1780 5194 prmpositi
1812 5125 1983 5179 sancti

401 5218 705 5283 Maximini,
735 5214 1289 5287 ducisqueGisleberti
1318 5217 1494 5270 suasio
1511 5219 1573 5272 de
1590 5218 1875 5284 migrando
1896 5232 1987 5269 eos

2089 4677 2427 4741 pertractans
2450 4666 2513 4719 de
2536 4681 2699 4734 opere
2743 4679 2771 4716 a
2819 4678 2876 4716 se
2900 4673 3078 4730 empto
3112 4662 3403 4728 religionis,
3440 4671 3491 4714 et
3524 4671 3672 4715 tanto

2092 4769 2332 4827 tempore
2365 4754 2661 4824 neglectam
2693 4751 2783 4783 ⁸⁸³⁸
2814 4760 2829 4772 '
2858 4754 2996 4805 hanc
3024 4768 3164 4813 esse,
3198 4752 3671 4811 commonitionem

2094 4866 2197 4903 non
2232 4850 2349 4903 sine
2375 4848 2484 4900 acri
2519 4846 2702 4898 dolore
2730 4845 3029 4912 perpendit.
3060 4844 3408 4897 Cubiculario
3444 4857 3564 4893 mox
3590 4842 3675 4895 cui

2095 4941 2368 4996 Matzilino
2382 4954 2677 5007 cognomen
2695 4936 2886 4987 accito.
2932 4953 2949 4983 ι
2977 4934 3219 4990 Summa.
3243 4934 3410 5001 inquit
3424 4972 3437 4989 ,
3456 4934 3679 4984 maturi-

2096 5044 2203 5089 tate
2229 5032 2478 5089 Got'ziatn
2531 5026 2872 5097 proﬁciscere
2903 5036 2959 5079 et
2986 5027 3235 5079 abbatem
3271 5023 3364 5052 “3°
3403 5020 3685 5073 liinoldum

2092 5130 2194 5182 huc
2220 5129 2479 5183 continuo
2510 5127 2701 5177 adesse
2744 5118 2950 5185 jnbeto.
2991 5139 3003 5170 ι
3060 5119 3234 5188 Ipsam
3302 5117 3436 5168 forte
3476 5123 3690 5167 noctem

2093 5220 2266 5276 abbas
2318 5216 2523 5275 Mettim
2551 5222 2754 5288 egerat,
2786 5227 2846 5265 ac
2883 5212 3115 5267 diluculo
3161 5208 3397 5262 reditum
3444 5202 3691 5275 parabat.

1687 5326 1917 5383 VARle
1952 5328 2363 5389 LECTIONES.
