4472 5522
818 347 916 398 291

1708 338 1991 394 JOANNIS
2031 335 2320 392 ABBATIS
2359 334 2416 387 S.
2460 335 2765 421 ARt‘iULFl
2807 338 3148 394 METENSIS

3974 347 4080 403 292

818 433 1046 502 Moxque
1090 430 1367 485 matutinis
1402 430 1563 485 dictis
1612 432 1899 492 abi-edens,
1927 447 2047 484 cum
2080 441 2232 497 porte
2263 428 2397 481 eivi-
2441 429 2476 486 ἃ
2506 429 2805 493 defuerant,
2833 433 2933 484 nisi
2979 432 3136 486 simul
3167 440 3333 486 totum
3372 435 3617 503 accipere
3652 437 3938 492 recusavit.
3972 440 4078 495 Sed

818 524 945 576 tatis
973 523 1316 585 accessisset,
1342 534 1628 588 cravesque
1655 519 1851 573 ibidem
1884 519 2237 587 opperiretur,
2273 532 2395 570 ecce

816 615 1037 666 nuntius
1079 613 1143 665 ad
1193 627 1250 665 se
1324 611 1727 664 accersiendum
1794 610 1990 662 missus
2049 608 2393 675 adproperat,

814 718 987 771 coque
1020 702 1107 733 ¹⁶³¹
1139 704 1251 755 viso
1280 716 1341 753 ac
1371 700 1603 752 salutato
1630 716 1641 750 :
1680 718 1695 748 ι
1728 698 1956 760 Labore,
1985 697 2175 765 inquit,
2205 712 2287 747 me
2320 712 2397 747 re-

814 792 1064 853 levaslis;
1093 807 1215 842 nam
1246 791 1311 841 ad
1332 805 1425 842 vos
1450 790 1552 841 huc
1573 789 1901 841 evocandum
1931 789 2202 853 mittebar,
2229 788 2396 841 domi-

812 899 1021 952 nusque
1052 899 1145 936 vos
1166 883 1424 935 continuo
1459 881 1559 933 sibi
1584 879 1747 948 jussit
1769 882 1975 935 adesse.
2014 902 2030 931 ι

880 997 968 1050 99.
1003 996 1098 1049 illo
1131 1012 1253 1048 mox
1288 995 1607 1049 adveniente
1634 1010 1797 1063 reque
1831 1004 1936 1046 tam
1968 995 2243 1061 repentina
2279 996 2392 1062 epi-

809 1098 971 1151 scopo
1018 1085 1350 1151 stupefacto,
1394 1093 1452 1136 ut
1502 1084 2138 1152 ingrederetm'jubetur.
2172 1085 2389 1137 Saluta-

810 1174 952 1226 tione
986 1174 1211 1227 invicem
1240 1175 1360 1227 data
1385 1182 1438 1227 et
1468 1175 1672 1227 reddita
1701 1192 1712 1226 :
1766 1192 1781 1223 ι
1818 1174 1938 1238 Diu,
1968 1174 2153 1242 inquid
2185 1175 2390 1243 episeo-

804 1278 924 1331 pus,
954 1274 1057 1326 est,
1089 1264 1230 1331 quod
1280 1266 1438 1317 rebus
1487 1264 1606 1317 aliis
1633 1264 1969 1317 obstantibus
1995 1265 2243 1318 Gorziam
2284 1281 2387 1317 non

805 1352 961 1414 veni;
1000 1354 1091 1405 sed
1124 1353 1231 1405 Deo
1268 1353 1476 1406 volente
1522 1354 1734 1405 animus
1772 1353 1899 1405 mihi
1948 1363 2091 1406 esset
2144 1354 2266 1407 illuc
2296 1370 2386 1407 ve-

806 1440 1007 1493 niendi.
1038 1473 1104 1480 —
1130 1443 1261 1495 Cum
1296 1443 1548 1506 maximo,
1584 1443 1786 1510 inquid,
1810 1458 1903 1496 vos
1930 1442 2229 1498 videbimus
2254 1461 2383 1513 gau-

802 1534 910 1586 dio.
938 1563 1009 1573 ——-
1036 1534 1337 1598 Preeedite,
1397 1537 1591 1605 inquit,
1626 1552 1740 1599 vos,
1792 1546 1845 1589 et
1897 1552 2003 1605 quo
2048 1538 2133 1591 die
2177 1547 2234 1590 ut
2264 1554 2382 1591 eam

805 1627 1093 1690 videbitur,
1122 1631 1445 1698 resignato.»
1478 1631 1638 1683 Erant
1663 1640 1786 1683 tunc
1811 1630 2127 1699 diesjejuuii
2154 1641 2387 1699 quatuor

808 1727 1109 1786 temporum
1170 1721 1372 1774 mensis
1427 1722 1644 1775 secundi
1690 1721 1833 1789 (401)
1869 1722 1919 1773 in
1963 1722 2288 1782 crastinum,
2330 1734 2383 1775 et

2500 528 2554 573 et
2600 536 2813 573 annona
2866 522 2991 575 anni
3038 525 3295 591 prreteriti
3355 526 3530 579 adhuc
3586 528 3864 581 recondita
3908 529 4075 598 jacet,

2500 612 2719 682 ipseque
2759 617 3002 669 minister
3026 626 3235 685 partem
3267 634 3371 673 non
3420 621 3685 674 modicam
3732 624 3845 678 suis
3890 625 4080 679 usibus

2497 710 2874 775 sequestravit.
2916 729 2933 761 ι

2569 798 2689 850 101.
2738 796 3014 853 Jobannes
3060 800 3306 856 celeriter
3347 818 3485 872 equo
3520 804 3665 857 ferro
3700 804 3955 873 imposito
3987 821 4077 860 re-

2496 885 2667 951 diens,
2702 897 2755 941 et
2783 890 2833 940 in
2859 903 3043 942 aurem
3069 906 3188 959 quze
3214 891 3479 945 didicerat
3501 894 3677 946 abbati
3712 893 3946 959 locutus,
3970 896 4077 948 mi-

2494 978 2723 1033 nistrum
2755 981 2990 1050 episcopi
3041 983 3169 1036 hora
3216 984 3437 1038 circiter
3482 986 3669 1053 quinta
3716 988 4075 1050 conveniunt,

2495 1071 2582 1140 qui
2614 1082 2737 1125 tunc
2786 1071 2922 1125 forte
2958 1075 3095 1142 apud
3128 1075 3387 1143 pnedium
3438 1077 3653 1130 nomine
3698 1075 3885 1130 Laium
3925 1078 4075 1147 (405)

2493 1178 2614 1216 cum
2642 1163 2915 1217 comitissa
2945 1165 3050 1217 Eva
3087 1175 3213 1219 tunc
3240 1167 3397 1219 vidua
3430 1167 3599 1236 (406),
3628 1168 3779 1235 cujus
3806 1169 3916 1237 ipse
3947 1178 4077 1224 tunc

2491 1254 2785 1309 advocatus
2805 1266 2940 1320 erat,
2975 1258 3321 1323 morabatur;
3356 1259 3602 1313 Albulfus
3635 1260 3728 1290 ¹⁶³³
3756 1261 4073 1315 vocabatur.

2490 1346 2538 1401 ls
2590 1349 2841 1401 mandato
2889 1347 3122 1417 episcopi
3174 1358 3432 1417 accepto:
3478 1370 3494 1400 ι
3537 1350 3723 1413 llodie,
3760 1351 3953 1419 inquit,
3987 1352 4076 1405 hic

2488 1450 2656 1505 queso
2684 1446 2896 1490 manete
2919 1477 2932 1499 ,
2962 1447 3264 1506 cunctaque
3296 1440 3547 1507 praebebo
3591 1441 3898 1493 necessaria
3923 1482 3936 1504 ,
3972 1440 4074 1493 (lo--

2488 1540 2587 1579 nec
2634 1526 2977 1596 praemittam,
3008 1535 3063 1579 et
3106 1528 3371 1597 condiguo
3423 1543 3519 1580 vos
3555 1529 3624 1581 ibi
3672 1528 3875 1582 honore
3926 1531 4075 1583 exci-

2485 1619 2651 1687 piam.
2690 1638 2708 1670 »
2766 1618 3097 1684 Quibusdam
3142 1619 3581 1683 assentientibus,
3622 1618 3897 1672 Jobannes
3939 1635 4070 1687 pro-

2487 1709 2771 1764 fectionem
2804 1711 2920 1763 sine
2969 1709 3223 1762 dilatione
3256 1708 3570 1762 instimulat.
3610 1708 3925 1763 Senioribus
3953 1710 4074 1778 qui-

799 1809 877 1861 eis
905 1784 1112 1862 exactis
1163 1819 1219 1862 ut
1263 1811 1414 1865 fieret
1462 1812 1614 1863 dixit.
1672 1784 1705 1861 ι’
1732 1784 1844 1863 Non
1894 1827 2026 1881 opus
2052 1821 2166 1876 est,
2210 1815 2384 1882 inquit
2416 1784 2457 1842 Β
2487 1799 2711 1853 busdam
2754 1798 3083 1861 dicentibus,
3135 1798 3359 1867 puerilia
3402 1799 3515 1852 brec
3565 1814 3683 1852 esse
3724 1800 3968 1861 consilia,
4016 1808 4073 1851 et

799 1899 985 1962 abbas,
1020 1902 1087 1952 ob
1116 1902 1254 1953 hanc
1283 1916 1500 1954 causam
1532 1900 1736 1954 differri
1764 1919 1777 1965 ;
1803 1904 1893 1954 sed
1920 1904 2031 1969 ipse
2062 1904 2220 1957 hodie
2249 1920 2383 1971 prm-

796 1993 1007 2054 cedam,
1027 2002 1080 2045 et
1103 2008 1224 2046 cras
1247 2010 1342 2047 vos
1367 1997 1493 2047 hora
1518 2010 1620 2063 qua
1652 1994 1902 2048 videbitis
1924 1998 2376 2063 exspectabimus.

792 2110 862 2117 --
887 2080 1050 2143 liora,
1090 2083 1280 2151 inquit,
1310 2085 1463 2136 te’rtia
1497 2085 1730 2138 veniam.
1764 2104 1781 2134 ι
1810 2085 2060 2140 Crastina
2084 2088 2376 2157 profectus,

790 2172 1045 2240 cumjam
1078 2174 1410 2227 nionasterio
1459 2176 1823 2242 propinquare
1855 2177 2103 2242 cepisset,
2140 2178 2256 2231 loco
2288 2181 2375 2246 qui

791 2261 1071 2315 dicebatur
1124 2262 1201 2315 Ad
1233 2279 1468 2322 erucem,
1496 2278 1634 2332 equo
1659 2264 1902 2331 dejectus
1928 2280 1990 2318 ac
2018 2266 2373 2335 disealtiatus,

791 2351 871 2403 sic
903 2367 1072 2419 usque
1100 2353 1165 2404 ad
1198 2354 1584 2405 monasterium
1618 2354 1780 2421 pedes
1826 2354 2048 2407 incedit.
2085 2356 2372 2425 Exceptus,

786 2443 1033 2494 oratione
1085 2442 1255 2503 facta,
1290 2452 1556 2495 conventu
1588 2444 1850 2497 advocato
1871 2485 1884 2507 ,
1920 2446 2158 2515 vestigiis
2188 2463 2371 2501 eorum

786 2530 1008 2598 supplex
1040 2533 1422 2598 prosternitur,
1475 2534 1775 2603 neglectum
1822 2535 1903 2587 sui
1933 2536 2073 2588 circa
2105 2553 2198 2590 eos
2228 2539 2291 2589 ad
2324 2538 2373 2592 id

786 2637 956 2689 usque
987 2624 1244 2688 temporis
1271 2633 1519 2684 accusat,
1551 2640 1644 2691 spe
1681 2626 1746 2677 de
1778 2641 1835 2678 se
1866 2626 2071 2679 meliori
2103 2642 2194 2679 eos
2217 2629 2370 2681 deiu-

784 2726 911 2777 ceps
945 2726 1197 2765 recreans
1221 2716 1260 2776 ',
1314 2714 1522 2766 veniam
1566 2713 1658 2743 ¹⁶³¹
1688 2715 2008 2768 sununissus
2038 2727 2244 2771 exorat.
2296 2718 2370 2772 Ea

781 2797 942 2853 facile
986 2802 1291 2870 impetrata,
1329 2802 1509 2854 villam
1542 2804 1809 2871 quondam
1850 2802 1990 2868 juris
2034 2808 2367 2872 monasterii,

780 2908 941 2958 quam
969 2892 1131 2944 etiam
1169 2902 1293 2944 tunc
1316 2907 1603 2959 germanus
1633 2894 1800 2959 ipsius
1822 2894 2096 2947 Gozilinus
2126 2896 2175 2947 in
2210 2898 2367 2950 bene-

779 2984 896 3036 ﬁtio
929 2983 1216 3045 retinebat,
1251 2998 1370 3049 qure
1402 2983 1673 3053 Waringis
1703 2985 1824 3036 villa
1857 2985 2002 3055 (402)
2037 2988 2254 3051 dicitur,
2288 2990 2366 3043 cis

779 3074 1037 3127 continuo
1072 3074 1331 3139 contulit;
1366 3074 1498 3127 dans
1551 3076 1800 3127 mandata
1852 3078 2132 3143 ministro,
2178 3089 2234 3132 ut
2264 3082 2363 3134 nisi

2484 1893 2670 1959 pocius
2697 1906 2759 1946 ea
2798 1892 2883 1943 die
2912 1891 2983 1944 ibi
3014 1890 3421 1953 quiescendum,
3452 1889 3758 1957 frustraque
3794 1904 3912 1941 che
3942 1889 4071 1942 abs-

2483 1998 2587 2051 que
2604 1982 2709 2035 ullo
2729 1996 2891 2050 opere
2922 1980 3189 2042 laborare,
3214 1978 3380 2032 abbas
3406 1997 3417 2031 :
3455 1997 3471 2028 ι
3505 1978 3707 2041 Satius,
3736 1980 3932 2047 inquit,
3961 1987 4068 2043 est,

2482 2086 2854 2141 properemus.
2904 2090 2922 2121 ι
2988 2068 3264 2122 .lohanncs
3314 2070 3549 2122 celerius
3610 2085 3949 2137 prreeurrens
3998 2100 4069 2109 -—

2480 2180 2605 2217 nam
2637 2179 2740 2217 non
2766 2163 2886 2231 plus
2912 2163 3093 2231 leugas
3125 2172 3235 2215 tres
3262 2163 3483 2216 aberant
3507 2192 3577 2201 —
3600 2161 3878 2215 refectioni
3912 2162 4068 2215 habi-

2479 2253 2584 2307 lem
2621 2253 2838 2305 domum
2873 2252 2924 2304 in
2956 2251 3079 2305 villa
3120 2252 3231 2319 ipsa
3260 2261 3621 2319 praeoccupat,
3666 2266 3967 2319 caeteraque
3999 2251 4068 2305 ad

2478 2343 2530 2396 id
2586 2341 2995 2412 diligentissime
3054 2350 3341 2409 pra-parat.
3390 2339 3617 2407 Moxque
3680 2341 3930 2394 horreum
3981 2341 4066 2393 in-

2478 2449 2716 2504 gressus,
2759 2434 2984 2488 callidus
3031 2432 3271 2486 omnium
3315 2431 3645 2500 explorator,
3688 2440 3744 2483 ut
3784 2432 3883 2484 sibi
3910 2442 4069 2484 erant

2477 2527 2751 2596 pranlicta,
2777 2524 2966 2577 ordine
2989 2533 3184 2577 cuncta
3222 2524 3446 2577 invenit.
3478 2522 3686 2577 Census
3715 2522 4064 2576 collectorem

2475 2619 2731 2673 continuo
2779 2619 3071 2682 advocans,
3116 2633 3183 2671 ne
3212 2618 3330 2685 quit
3356 2633 3421 2670 ex
3469 2627 3579 2670 tota
3612 2633 3771 2686 quam
3811 2631 3976 2685 penes
4008 2633 4069 2669 se

2474 2709 2652 2761 adhuc
2705 2708 2974 2760 retinebat
3046 2723 3253 2760 summa
3309 2723 3530 2775 prorsus
3591 2709 3663 2761 sit
3736 2709 4065 2762 diminutum

2472 2815 2643 2867 usque
2686 2800 2737 2852 in
2787 2799 3127 2867 praesentiam
3180 2798 3391 2853 abbatis
3429 2810 3484 2853 et
3523 2801 3753 2854 ministri
3802 2801 4064 2869 episcopi,

2472 2892 2828 2945 vehementer
2874 2906 2940 2944 ex
2982 2891 3305 2945 auctoritate
3361 2892 3741 2945 interminatur
3800 2894 4066 2961 episcopi.

2471 2985 2679 3037 Interea
2730 2984 2977 3036 abbatem
3019 2998 3140 3035 cum
3177 2984 3289 3036 suis
3338 2984 3712 3038 advenientem
3760 2983 4067 3038 lautissime

2473 3076 2695 3144 exeipit,
2750 3075 2996 3127 ministro
3053 3075 3104 3126 in
3158 3076 3452 3127 crastinum
3503 3085 3852 3145 exspectato;
3898 3077 3965 3130 ab
3997 3093 4068 3131 eo

776 3180 968 3217 omnes
1018 3166 1222 3217 reditus
1272 3166 1479 3233 integre
1526 3166 1703 3218 abbati
1760 3168 2090 3236 assignaret,
2144 3166 2187 3223 Si
2238 3171 2364 3240 quid
2398 3155 2440 3215 C
2475 3167 2575 3220 sub
2613 3174 2827 3219 noctem
2865 3166 3002 3218 clam
3038 3166 3256 3217 nuntius
3292 3166 3487 3219 missus
3511 3182 3897 3235 censoremque
3933 3184 4069 3221 con-

778 3255 985 3309 fraudis
1036 3255 1106 3308 ibi
1161 3256 1565 3308 maehinaretur
1609 3266 1662 3309 et
1694 3258 1819 3321 doli,
1849 3260 2133 3315 maledicto
2163 3263 2367 3317 Datban

778 3356 942 3415 atque
978 3346 1181 3398 Abiron
1210 3346 1309 3399 sub
1331 3347 1532 3401 Christi
1566 3351 1851 3418 prteseutia
1887 3351 2225 3407 multaretur.

852 3434 974 3488 100.
1005 3434 1134 3489 Post
1172 3437 1358 3489 horam
1384 3436 1574 3507 jcjuuii
1609 3438 1902 3494 refectione
1929 3445 2188 3507 exhibita,
2225 3452 2366 3503 omni

776 3541 896 3578 cuin
938 3525 1222 3580 alacritate
1249 3528 1501 3597 episeopo
1534 3531 1889 3595 abscedente,
1927 3515 2135 3588 moxin
2174 3542 2369 3593 crasti-

778 3633 905 3670 num
931 3618 1098 3670 abbas
1120 3633 1242 3670 cum
1267 3620 1570 3673 senioribus
1607 3621 1925 3688 quibusdam
1948 3626 2014 3678 ad
2031 3626 2216 3680 villam
2247 3644 2369 3696 pro-

783 3708 1043 3761 tieiscitur
1072 3710 1467 3775 possidendam.
1498 3709 1633 3764 Cmn
1671 3714 1847 3766 obiter
1869 3716 1933 3766 ad
1956 3727 2190 3770 castrum
2225 3724 2366 3789 quod

776 3800 1093 3871 Scarponna
1110 3802 1259 3871 (405)
1284 3803 1482 3856 dicitur
1504 3805 1873 3872 pervenissent
1896 3808 2022 3860 hora
2047 3809 2159 3863 fere
2183 3814 2362 3876 tertia,

773 3910 945 3964 equus
988 3893 1252 3948 Johannis
1297 3896 1603 3951 claudicare
1650 3900 1834 3967 cmpit.
1896 3919 1913 3950 ι
1950 3901 2086 3967 Quid
2114 3943 2127 3967 ,
2192 3905 2366 3974 inquit

770 3987 959 4051 abbas,
1004 4002 1175 4054 equus
1231 3985 1318 4039 ille
1363 3987 1442 4040 sic
1475 3987 1869 4042 claudicat?—
1900 3990 2085 4057 Ferro,
2120 3994 2216 4059 ait,
2249 4011 2365 4064 per-

769 4076 881 4130 dito
906 4076 1066 4129 dolet.
1098 4106 1168 4114 —
1198 4074 1313 4128 Non
1346 4075 1484 4129 ultra
1515 4079 1795 4145 procedas,
1836 4080 2024 4148 inquit,
2058 4084 2227 4137 donec
2258 4087 2361 4138 im-

767 4175 1034 4232 ponatur;
1074 4181 1169 4219 nos
1219 4166 1303 4220 hic
1354 4167 1570 4219 interim
1614 4169 2002 4237 opperibimur.
2037 4190 2055 4221 ι
2103 4172 2237 4225 Cum
2294 4174 2361 4226 ad

770 4260 943 4312 forum
995 4261 1239 4313 concitus
1285 4259 1641 4321 declinasset,
1693 4262 1911 4329 quidam
1958 4260 2204 4326 fortuitu,
2254 4280 2361 4332 quo

768 4354 1031 4413 tenderet,
1091 4352 1391 4420 requisivit.
1444 4351 1535 4406 lllc
1583 4353 1858 4421 paululum
1925 4356 2354 4408 cunctabundus.

769 4462 785 4489 ι
820 4443 1088 4506 Proderit,
1126 4444 1321 4512 inquit,
1353 4444 1395 4496 si
1430 4458 1513 4495 me
1544 4460 1648 4497 non
1682 4445 1945 4498 celabitis.
1973 4476 2041 4484 -——
2065 4444 2232 4508 Unde,
2256 4446 2352 4510 ait,

2474 3258 2714 3321 veniens,
2746 3267 2803 3309 ut
2837 3257 2937 3310 sibi
2970 3258 3282 3324 peecuniam
3328 3257 3421 3287 1‘“
3451 3274 3611 3325 quam
3658 3261 3864 3328 pridem
3913 3270 4063 3313 attu-

2473 3352 2612 3407 lerat
2657 3351 2876 3404 domino
2924 3365 3022 3403 suo
3070 3349 3414 3404 deferendam
3460 3352 3647 3415 daret;
3702 3350 3789 3404 ille
3836 3352 4065 3405 interdi-

2471 3454 2619 3499 ctum
2652 3444 2752 3497 sibi
2784 3459 2850 3495 ex
2874 3441 3041 3495 verbo
3072 3442 3307 3511 episcopi
3343 3442 3546 3506 dicens,
3574 3456 3796 3494 vacuum
3828 3442 4061 3494 remisit.

2470 3534 2733 3590 Condicto
2778 3533 2829 3585 iu
2882 3532 3177 3585 crastinum
3234 3531 3483 3585 minister
3536 3542 3762 3595 cuncta,
3802 3541 3861 3585 ut
3904 3531 4061 3600 jussa

2469 3634 2647 3689 erant,
2663 3624 2971 3694 exequitur,
2996 3632 3049 3677 et
3065 3622 3171 3691 juri
3197 3638 3381 3677 eormn
3404 3625 3611 3691 integre
3633 3626 4057 3693 possessionem,

2468 3733 2587 3789 qua:
2621 3726 2729 3771 tota
2759 3725 2973 3770 centmn
3019 3731 3304 3768 mansuum
3347 3717 3648 3784 quantitate
3688 3717 4053 3785 protenditur,

2469 3808 2660 3863 incolis
2691 3816 3030 3860 sacramento
3055 3806 3299 3868 addictis,
3338 3807 3597 3876 assignat.

2538 3898 2660 3953 102.
2712 3896 2961 3950 Albulqu
3009 3897 3169 3950 tacite
3213 3897 3461 3950 nuntium
3513 3896 3690 3949 abbati
3743 3896 3945 3965 dirigit,
3995 3880 4057 3952 ut

2465 3988 2710 4059 quaedam
2741 3988 2856 4052 ‘6”,
2886 4002 2989 4055 quc
3011 4002 3075 4040 ex
3110 4002 3206 4041 suo
3227 3994 3505 4041 contractu
3534 3987 3603 4041 ibi
3637 3986 3921 4053 habuerat,
3949 3989 4053 4043 sibi

2466 4079 2613 4133 reddi
2656 4077 2889 4144 juberet.
2918 4076 3159 4144 Cumque
3188 4076 3381 4129 scitum
3412 4076 3508 4107 ⁸⁸³⁸
3533 4086 3699 4142 esset,
3728 4076 3860 4131 nihil
3894 4092 4053 4146 pror-

2463 4184 2554 4221 sus
2576 4168 2693 4236 ejus
2722 4166 2790 4220 ibi
2824 4175 2998 4230 esset,
3026 4168 3119 4220 sed
3148 4175 3341 4220 cuncta
3373 4165 3559 4220 usibus
3603 4167 3805 4221 domini
3833 4168 4050 4234 cedere,

2461 4260 2744 4314 consilium
2774 4260 2913 4313 forte
2946 4258 3064 4322 fuit,
3104 4267 3163 4311 ut
3205 4258 3361 4312 solidi
3409 4259 3592 4313 decem
3621 4266 3712 4311 aut
3740 4260 4049 4329 quindecim

2462 4367 2559 4421 pro
2611 4352 2747 4405 bona
2803 4350 2918 4419 ejus
2966 4351 3286 4404 executione
3331 4351 3611 4405 darentur.
3663 4350 3896 4408 Nuntius
3944 4355 4046 4409 nisi

2459 4444 2624 4496 libras
2665 4443 2797 4495 duas
2841 4442 3111 4511 acciperet
3161 4457 3439 4505 recusans,
3496 4443 3821 4512 dominoque
3852 4461 4049 4498 remm-

766 4547 819 4585 ιιι
850 4534 948 4587 es?
990 4504 1168 4587 ~7le
1199 4504 1320 4587 villa
1361 4533 1554 4587 Portus
1584 4533 1752 4604 (404),
1792 4555 1809 4585 ι
1848 4535 2038 4602 inquit.
2070 4534 2200 4589 Erat
2222 4504 2229 4508 ⁷
2252 4504 2350 4588 au;
2382 4504 2432 4564 Ι)
2463 4537 2637 4590 tians:
2677 4554 2694 4585 ι
2735 4533 2931 4599 Stulte,
2960 4504 3165 4603 inquid,
3190 4536 3367 4605 egisti,
3395 4536 3536 4605 quod
3564 4504 3893 4591 offerebatur
3918 4539 4045 4608 reji-

765 4635 872 4681 Iem
924 4628 1039 4681 haec
1088 4628 1252 4681 etiam
1289 4628 1556 4697 przcdicta:
1600 4629 1976 4696 possessionis.
2030 4646 2046 4677 ι
2094 4628 2241 4690 Illuc,
2270 4630 2351 4682 in-

764 4717 899 4784 quit,
926 4718 1087 4781 imus,
1119 4733 1180 4771 ex
1200 4718 1352 4789 jussu
1381 4719 1615 4787 episcopi
1643 4735 1761 4772 eam
1786 4718 2081 4786 possidere.
2111 4750 2181 4758 —
2207 4719 2352 4773 Pau-

761 4809 841 4863 cis
871 4826 977 4876 me,
1005 4812 1102 4874 ait,
1131 4812 1329 4865 audite.
1369 4810 1574 4865 Census
1608 4819 1750 4864 totus
1792 4811 2031 4879 pecunia:
2060 4813 2235 4866 adhuc
2274 4812 2346 4865 ibi

762 4900 1058 4964 retinetur;
1094 4917 1217 4953 nam
1247 4917 1368 4953 cum
1406 4901 1651 4968 proxime
1678 4916 1799 4953 eum
1832 4901 2081 4953 ministro
2110 4903 2345 4970 episcopi

760 4988 806 5042 is
836 4989 927 5059 qui
957 4989 1249 5060 collegerat
1272 4990 1560 5055 attulisset,
1593 4989 1717 5058 quia
1748 4991 1985 5052 quinque
2017 4988 2157 5042 forte
2192 4990 2346 5044 solidi

2462 4628 2645 4689 ciens;
2681 4641 2805 4678 nam
2841 4625 2978 4678 forte
3017 4626 3129 4693 jam
3167 4640 3266 4679 nec
3309 4627 3374 4679 ad
3425 4642 3600 4679 assem
3652 4628 3981 4695 pervenitur.
4021 4648 4040 4680 ι

2457 4722 2572 4790 Ipse
2620 4717 2963 4789 postmodum
3008 4718 3119 4788 jam
3168 4727 3349 4787 aperta
3406 4719 3600 4785 fronte,
3632 4734 3727 4772 sua
3783 4719 3881 4773 sibi
3912 4722 3929 4739 '
3964 4720 4047 4772 di-

2457 4814 2536 4866 xit
2562 4815 2577 4831 ‘
2613 4812 2704 4848 ¹⁸³⁷
2734 4812 2834 4865 nisi
2872 4812 3187 4876 reddantur,
3215 4811 3523 4881 episcopum
3554 4815 3621 4866 ob
3658 4811 3884 4879 injurias
3914 4828 4047 4866 cou-

2456 4915 2770 4959 venturum.
2806 4902 3120 4957 Johanues:
3168 4921 3185 4952 ι
3222 4903 3286 4957 Et
3310 4921 3428 4969 nos,
3464 4905 3657 4973 inquit,
3694 4922 3797 4959 non
3831 4904 4043 4970 diffugi-

2458 5013 2611 5061 mus;
2640 4995 2862 5050 forsitan
2915 5010 3001 5048 res
3036 4994 3153 5063 ejus
3188 5010 3291 5048 non
3324 4996 3536 5050 damnis
3560 4998 3860 5067 augebitur.
3898 5016 3917 5048 ι
3950 4996 4043 5051 ltle

2042 5104 2277 5160 VARI/13
2320 5112 2727 5169 LECTIONES.

830 5203 919 5235 ¹⁶³¹
953 5215 1153 5268 eosque
1183 5218 1229 5253 ε.
1339 5200 1429 5231 ’⁸³³
1474 5214 1605 5254 eaus
1633 5200 1842 5252 veniam
1868 5198 1981 5266 jam
2022 5201 2227 5253 (Iesum.

759 5274 851 5308 “"
879 5275 1043 5329 situm
1069 5289 1112 5325 ε.
1200 5271 1287 5302 ³⁸³⁷
1320 5288 1365 5325 s.
1406 5273 1457 5326 ι).
1490 5271 1707 5334 desum;
1739 5287 1765 5322 ε
1788 5270 1923 5321 coni.
1950 5270 2199 5340 suppleri.

2340 5206 2435 5239 ¹⁶³³
2487 5206 2646 5260 Albul
2696 5206 2834 5259 deest
2869 5220 2913 5257 c.

3022 5202 3112 5234 ’⁸³⁸
3138 5204 3391 5270 peccuuia
3445 5221 3490 5256 ε.
3608 5204 3701 5235 ¹⁶³⁸
3728 5206 3958 5273 quodam
3987 5222 4038 5258 ο.

2279 5364 2515 5422 NOTAE.

827 5461 973 5522 (401)
1018 5459 1332 5522 Februarii;
1374 5458 1581 5513 scilicet
1608 5456 1722 5510 dies
1768 5456 1953 5510 Martis
1995 5466 2117 5522 post
2158 5458 2344 5511 Domi-

2525 5459 2672 5522 (ἀοι)
2707 5458 2876 5512 llodie
2907 5456 3317 5511 Saiut-Nieolas.
