4472 5522
832 446 939 500 295

1734 443 2016 501 JOANNIS
2051 442 2339 501 A-BBATIS
2380 443 2438 499 S.
2478 444 2783 500 ARNULFI
2820 443 3163 500 METENSIS

3990 440 4095 495 296

825 554 1091 623 quendam
1137 553 1239 610 sibi
1264 562 1456 609 notum
1492 555 1602 608 dux
1648 570 1809 624 quem
1852 556 2133 617 comitissa
2190 554 2411 607 dederat
2438 562 2485 616 Α
2514 554 2705 608 horam
2753 553 2865 608 fere
2892 568 3087 607 nonam
3109 552 3480 616 obdormiens,
3520 558 3867 620 experrectus
3890 548 4095 604 Joban~

826 646 1199 715 conspicatur;
1251 661 1317 701 eo
1363 646 1540 700 accito
1569 662 1841 716 causaque
1878 647 2063 701 dicta:
2102 667 2119 697 ι
2158 646 2411 711 Maximo,

828 736 1027 804 inquit,
1059 736 1162 790 huc
1190 736 1431 806 periculo
1461 738 1776 800 advenistis,
1818 748 1872 791 et
1909 754 1975 791 an
2004 753 2098 791 vos
2131 738 2256 790 huic
2289 753 2417 804 quo-

834 841 939 894 que
982 837 1139 895 pacto
1189 828 1444 896 expedire
1496 828 1692 897 possim
1729 829 1935 898 ignoro.
1978 847 1995 877 ι
2048 827 2322 881 Iohannes
2352 826 2417 880 ad

836 916 988 968 luce:
1021 934 1039 966 ι
1075 913 1167 968 Vel
1202 924 1351 968 trans
1391 916 1579 969 silvam
1617 932 1805 985 usque,
1837 932 1955 985 qua:
2002 918 2265 984 proxima,
2292 930 2420 968 con-

830 1005 1077 1073 Spicitur,
1104 1019 1203 1058 nos
1228 1006 1524 1074 perducere
1554 1007 1747 1076 possis,
1789 1016 1979 1061 caetera
2010 1006 2269 1058 Dominus
2297 1020 2420 1075 pro-

830 1096 1065 1149 curabit.
1112 1115 1129 1146 ι
1170 1096 1246 1151 lta
1292 1098 1502 1152 turbam
1545 1100 1939 1168 praztergressi,
1988 1098 2154 1168 gradu
2192 1097 2419 1166 pacifico

826 1201 891 1241 ac
924 1196 1223 1256 temperato
1268 1188 1334 1241 ad
1387 1188 1577 1241 silvam
1635 1203 1805 1257 usque
1855 1190 2169 1257 procedunt.
2220 1186 2419 1241 Fronte

832 1277 923 1310 '“~°
957 1289 1195 1349 Captato,
1226 1281 1430 1334 stimuli
1480 1282 1661 1335 acrius
1713 1279 2054 1349 subiguntur,
2108 1293 2171 1332 ac
2197 1282 2419 1350 praepeti

832 1390 993 1427 cursu
1026 1374 1165 1428 saltu
1196 1375 1536 1435 transmisso,
1568 1374 1739 1429 libero
1762 1373 1875 1443 jam
1908 1374 2155 1443 gramine
2188 1375 2417 1443 quodam

832 1467 1011 1520 cibum
1045 1467 1312 1535 sumpturi
1345 1466 1700 1521 descendunt.

898 1557 1020 1611 108.
1046 1555 1326 1611 Johannes
1358 1558 1513 1627 panis
1559 1557 1649 1589 ““
1684 1558 1826 1612 casei
1862 1572 1926 1613 ac
1964 1557 2131 1629 piscis
2162 1560 2417 1629 quiddam

825 1661 893 1701 ex
942 1648 1259 1703 subsellaria
1312 1648 1452 1718 pelle
1508 1649 1831 1717 producens.
1878 1687 1894 1702 .
1937 1687 1951 1701 .
1996 1686 2011 1702 .
2056 1688 2069 1702 .
2114 1650 2238 1718 equi
2298 1650 2417 1691 ἰσιι

824 1748 949 1808 post
992 1749 1146 1809 tergo
1183 1739 1262 1793 sui
1308 1738 1504 1801 soluto,
1555 1739 1746 1793 ducem
1794 1738 1860 1791 ad
1892 1740 2209 1793 sumendum
2238 1739 2416 1793 cibum

828 1829 1095 1883 hortatur.
1132 1830 1275 1884 Inter
1310 1829 1574 1883 edendum
1605 1828 1712 1882 dux
1743 1827 1975 1897 atljeeto‘
2015 1830 2107 1869 ³⁸⁵³
2137 1830 2370 1901 suspirio
2398 1849 2411 1883 :

2519 659 2641 697 nent
2686 645 2934 707 advocat,
2970 659 3202 711 eumque
3265 641 3456 696 salutis
3493 657 3603 695 sua:
3658 650 4095 709 recuperatorem

2521 745 2768 800 testatus,
2818 736 3022 790 honore
3064 735 3229 788 multo
3286 734 3595 799 deductum,
3652 741 3708 786 et
3758 748 3854 802 pro
3875 734 4098 801 quibus-

2521 841 2749 895 cumque
2802 826 2969 879 voluit
3004 825 3304 895 praebendis
3326 834 3574 895 paratum
3605 839 3664 877 se
3698 822 3876 878 olfert.

2596 916 2716 968 HO.
2745 915 3023 971 Posscssio
3058 915 3204 986 (409)
3250 924 3368 968 erat
3428 914 3742 968 monasterii
3800 912 3956 981 longo
3984 912 4097 981 jam

2522 1016 2667 1063 retro
2715 1020 2953 1077 tempore
3003 1008 3245 1062 beneficii
3299 1008 3512 1061 nomine
3541 1005 3667 1040 “‘5’
3727 1008 3793 1059 ad
3844 1006 4098 1059 comitem

2521 1099 2787 1167 quendam
2815 1098 2997 1167 palatii
3017 1097 3343 1151 liatnedeum
3367 1096 3636 1159 devoluta,
3661 1097 3750 1165 qui
3778 1095 3934 1149 simul
3963 1098 4100 1148 Iona

2524 1190 2838 1243 monasterii
2869 1190 2969 1243 sub
3016 1189 3258 1258 precaria
3295 1188 3379 1241 vel
3416 1188 3684 1258 preslaria
3730 1203 3890 1256 quam
3915 1187 4104 1241 dicunt

2521 1281 2817 1335 obtinebat.
2870 1279 3131 1350 thnox'
3160 1280 3254 1312 ι⁸⁶⁰
3280 1281 3514 1336 obeunte
3554 1282 3605 1334 in
3657 1281 3845 1334 eadem
3894 1294 4105 1350 posses-

2522 1372 2692 1437 sione,
2720 1374 2841 1441 quia
2866 1373 3107 1442 proxima
3131 1381 3250 1426 erat
3279 1372 3624 1436 monasterio,
3657 1374 3883 1425 necdum
3913 1372 4103 1425 funere

2522 1465 2683 1529 elato,
2710 1465 2852 1534 quod
2878 1464 3055 1518 Mettis
3084 1463 3262 1518 fuerat
3286 1462 3657 1525 deferendum,
3692 1476 3748 1516 ut
3787 1464 3842 1517 in
3877 1464 4102 1518 basilica

2521 1554 2691 1608 beata:
2718 1554 2943 1624 virginis
2966 1554 3166 1616 Marize,
3189 1569 3295 1623 que
3334 1555 3532 1608 dicitur
3586 1554 3653 1608 ad
3684 1555 4101 1618 xettodochium,

2523 1644 2856 1709 humaretur,
2878 1643 3113 1698 Jobanni
3143 1642 3339 1697 Gorzie
3358 1653 3445 1698 est
3468 1644 3791 1697 nuntiatum.
3810 1644 3952 1699 Casu
3976 1655 4104 1698 tunc

2523 1734 2593 1787 ibi
2615 1736 2897 1804 episcopus
2926 1734 3244 1787 advenerat.
3273 1732 3547 1787 Johannes
3567 1734 3677 1788 cito
3702 1733 3950 1787 abbatem
3973 1748 4101 1787 cau-

2522 1840 2635 1879 sam
2669 1833 2995 1886 commonet,
3032 1822 3223 1877 ordine
3270 1824 3527 1887 edocens,
3574 1824 3882 1895 episcopum
3938 1824 4106 1878 inter-

836 1938 854 1970 ι
904 1921 1037 1974 'l'res
1064 1929 1157 1974 aut
1186 1930 1332 1974 certe
1356 1928 1630 1990 quattuor.
1658 1919 1853 1988 inquit,
1886 1934 2095 1974 menses
2126 1929 2273 1985 sunt,
2303 1921 2421 1989 qui-
2451 1913 2495 1970 B
2526 1913 2701 1982 pellet.
2723 1912 2905 1967 Abbas
2940 1926 3065 1965 mox
3104 1913 3463 1982 introgressus
3502 1922 3554 1966 et
3585 1914 3852 1982 gravitate
3884 1912 3970 1965 illa
4007 1928 4104 1967 sua

831 2011 933 2065 bus
964 2011 1109 2064 nullo
1150 2012 1295 2080 juste
1342 2010 1611 2080 adquisito
1639 2010 1759 2063 cibo
1796 2010 1879 2063 vel
1925 2019 2053 2079 potu
2098 2025 2228 2064 usus
2276 2025 2416 2075 sum,

826 2111 1023 2169 praeter
1074 2116 1345 2169 quonune
1390 2112 1530 2153 utor.
1580 2119 1599 2151 ι
1636 2098 1851 2168 Nosque
1907 2115 2117 2164 omnes,
2164 2116 2228 2153 ve
2266 2101 2420 2155 nobis

830 2190 1056 2243 miseri!
1093 2205 1197 2243 non
1252 2190 1352 2242 nisi
1396 2189 1574 2257 prmda
1609 2199 1663 2243 et
1709 2190 2108 2243 calamitatibus
2152 2191 2420 2244 vescimur

827 2281 1174 2335 miserorum.
1207 2283 1288 2335 Ad
1322 2282 1436 2335 huic
1473 2281 1747 2335 Johannes
1798 2280 2090 2334 salutarem
2144 2283 2420 2351 ingressus

826 2370 1147 2434 doctrinam,
1169 2372 1422 2440 juvenem
1454 2370 1546 2409 “‘5”
1572 2370 1756 2423 multis
1794 2371 2056 2423 adversus
2088 2372 2201 2424 luce
2229 2372 2417 2425 horta-

826 2462 1008 2525 batur,
1065 2461 1341 2529 multoque
1372 2460 1564 2515 melius
1616 2460 1876 2528 inopiam,
1929 2460 2127 2515 famem
2164 2462 2419 2531 sitimque

826 2549 1131 2615 ferendam,
1178 2566 1296 2620 qua:
1351 2550 1490 2604 Dens
1522 2551 1705 2619 Utique
1761 2560 1818 2604 ut
1848 2552 2038 2605 avibus
2066 2562 2119 2605 et
2147 2554 2419 2609 vermibus

826 2640 1155 2703 sublevaret,
1207 2656 1368 2709 quam
1411 2641 1496 2693 his
1522 2641 1719 2708 quibus
1765 2640 1907 2695 Deus
1945 2640 2309 2696 offenderetur
2337 2644 2418 2697 in-

826 2732 1039 2785 sistere.
1075 2731 1313 2784 Tandem
1362 2730 1427 2783 ad
1456 2732 1555 2785 hoc
1607 2748 1788 2786 sermo
1817 2735 2104 2802 processit,
2142 2744 2199 2787 ιιι
2256 2736 2324 2789 ab
2355 2751 2419 2790 ea

826 2822 934 2902 die,
978 2836 1036 2875 se
1076 2822 1257 2876 abhis
1308 2831 1730 2891 temperaturum
1781 2826 2142 2893 promitteret.
2184 2826 2415 2892 Refecti,

818 2907 1017 2965 luvene
1055 2911 1299 2975 dimisso,
1348 2909 1625 2965 Johannes
1677 2914 1802 2966 dum
1857 2914 2179 2983 vespertina:
2228 2918 2415 2986 synaxi

826 3000 1042 3070 signum
1072 3002 1315 3063 daretur,
1345 3001 1597 3055 Gorziaut
1627 3004 1895 3070 pervenit.

906 3091 1027 3146 109.
1066 3091 1183 3145 Νοιι
1236 3092 1392 3145 nmlti
1452 3092 1813 3146 interfuerant
1859 3094 1993 3158 dies,
2042 3110 2167 3150 ecce
2198 3096 2417 3152 nuntius

828 3181 1042 3235 comitis
1078 3180 1305 3235 Bosonis
1330 3180 1582 3235 Gorziam
1639 3184 1879 3244 veniens,
1908 3185 2069 3238 anxio
2108 3184 2291 3240 dolore
2320 3187 2415 3240 do-

2521 2002 2792 2072 panlulum
2825 2002 3251 2068 cunetabtnnlus,
3293 2014 3414 2073 post
3452 2004 3670 2073 aliqua:
3710 2022 3727 2054 ι
3776 2004 3877 2065 An,
3911 2005 4102 2073 inquit,

2523 2092 2839 2155 audieritis;
2877 2092 3203 2145 llamedeum
3256 2101 3489 2145 vestrum
3536 2093 3721 2146 dicunt
3747 2094 4106 2147 defunctum?

2519 2212 2590 2220 —
2617 2182 2683 2235 Et
2718 2197 2837 2250 ego,
2880 2182 3075 2249 inquit,
3129 2183 3426 2236 audieram.
3483 2183 3667 2236 Abbas
3720 2183 4025 2251 subjunxit:
4055 2183 4107 2238 ls

2520 2273 2771 2342 quiddam
2805 2273 2945 2340 juris
2999 2275 3313 2327 monasterii
3369 2274 3469 2329 sub
3497 2275 3739 2343 precaria
3789 2277 4098 2341 detinebat;

2522 2362 2572 2416 id
2596 2363 2749 2417 nobis
2781 2366 3021 2431 recipere
3063 2364 3240 2428 liceat,
3268 2366 3519 2434 petimus.
3560 2364 3826 2430 —0mni,
3855 2366 3946 2428 ait,
3973 2366 4106 2421 illud

2521 2454 2767 2508 libertate
2833 2455 3078 2525 recipite.
3149 2475 3167 2506 ι
3226 2455 3409 2509 Abbas
3468 2472 3525 2510 re
3594 2456 3824 2511 Iohanni
3901 2457 4101 2510 relata:

2525 2560 2543 2593 ι
2580 2544 2737 2609 Quid,
2767 2544 2960 2612 inquit,
2994 2543 3345 2614 postulastis?
3371 2575 3441 2584 —
3470 2543 3800 2609 Precariam,
3836 2546 4106 2615 inquit.—

2518 2638 2649 2708 Ego,
2693 2639 2897 2706 inquid,
2950 2654 3015 2692 ex
3050 2638 3153 2692 hoc
3203 2638 3335 2691 nihil
3386 2639 3733 2703 comntonui;
3788 2654 3911 2691 nam
3960 2639 4103 2692 istud

2518 2730 2687 2796 gratis
2714 2728 2869 2782 nobis
2898 2727 3135 2793 rediret;
3175 2728 3268 2781 sed
3304 2729 3628 2783 beneficium
3658 2739 3718 2782 ut
3764 2730 4101 2799 repeteretis,

2518 2820 2683 2872 suasi.
2707 2818 2963 2873 Protinus
2992 2820 3159 2873 abbas
3184 2821 3500 2889 episcopum
3532 2829 3779 2889 repetens
3820 2822 3983 2874 dicit:
4010 2819 4100 2874 lit-

2518 2912 2634 2980 qttit
2672 2911 2839 2965 frater
2885 2911 3180 2973 Johanncs,
3214 2926 3299 2964 me
3336 2911 3469 2965 nihil
3523 2912 3654 2965 utile
3692 2913 3831 2981 apud
3857 2927 3950 2965 vos
3972 2910 4105 2965 εσυ-

2518 3002 2676 3055 cisse.
2704 3032 2773 3041 —
2820 3002 2959 3068 Quid
3000 3002 3168 3070 igitur
3205 3001 3294 3033 ⁸⁶⁶¹
3347 3002 3785 3057 intenditur?——
3826 3002 3954 3069 Res,
4001 3006 4099 3067 ait,

2518 3094 2778 3162 quasdam
2812 3108 3009 3147 mens-.c
3054 3092 3285 3147 fratrum
3318 3095 3566 3164 proprias
3618 3095 3911 3160 detinebat,
3939 3110 4104 3165 .quas

2524 3194 2583 3238 ut
2643 3199 2981 3252 reposeerem
3027 3184 3345 3237 stimulavit.
3385 3204 3403 3236 ι
3438 3185 3735 3256 Episcopus
3787 3185 3934 3239 vultu
3988 3194 4105 3242 toto

828 3273 1034 3327 minum
1080 3274 1228 3343 gravi
1276 3274 1594 3344 :egritudiue
1642 3274 1784 3329 lecto
1819 3278 2027 3330 mmtiat
2062 3278 2327 3335 decidisse
2355 3295 2419 3334 ac
2446 3255 2489 3316 Ο
2522 3276 2870 3330 demutatus:
2907 3300 2931 3324 ιν
2970 3272 3099 3338 Vos,
3130 3274 3224 3339 ait,
3258 3290 3552 3345 numquam
3578 3278 3866 3346 quicquam
3911 3293 4102 3333 eorum

827 3377 966 3432 pene
1014 3363 1357 3431 desperatum
1404 3364 1608 3432 jacere,
1641 3380 1956 3435 Stttttmaqnc
2008 3384 2170 3436 prece
2230 3386 2419 3423 mona-

828 3453 1015 3517 chum,
1046 3453 1136 3521 qui
1176 3453 1381 3521 pridem
1424 3468 1453 3505 a
1479 3468 1535 3507 se
1572 3465 1899 3522 recesserat,
1926 3458 2025 3512 sibi
2057 3460 2196 3513 mitti
2231 3470 2417 3529 postu-

828 3544 988 3598 laret.
1038 3544 1292 3600 Protinus
1321 3543 1595 3601 Johannes
1643 3546 1837 3602 abbate
1862 3550 2087 3617 jubente
2133 3552 2275 3605 celer
2300 3569 2422 3622 pro-

828 3636 1073 3706 greditur
1110 3637 1200 3673 ⁸⁸⁸³
1230 3638 1428 3692 Comiti
1479 3638 1758 3694 nuntiatur
1807 3643 2015 3697 adesse.
2049 3642 2185 3697 Dum
2216 3645 2305 3685 “5‘
2332 3661 2422 3699 eo-

830 3740 947 3779 ram
998 3726 1270 3781 venisset:
1332 3747 1349 3779 ι
1398 3727 1624 3795 Quando
1654 3770 1669 3794 ,
1738 3732 1953 3800 inquit.
2007 3735 2252 3803 proxime
2298 3737 2420 3791 hinc

829 3817 1104 3886 digressus
1129 3833 1207 3881 es,
1240 3833 1343 3872 non
1376 3827 1482 3873 tam
1508 3835 1673 3889 prope
1698 3823 1827 3875 mihi
1853 3824 2234 3879 estimaveram
2260 3827 2420 3881 finem

828 3906 953 3959 vitae
1008 3921 1166 3975 posse
1216 3908 1515 3977 subripere.
1586 3908 1795 3965 Habeto
1861 3928 1989 3966 ecce
2049 3916 2249 3982 pnedia
2299 3931 2422 3985 qua:

831 3996 1223 4064 postttlaveras,
1251 4006 1568 4067 tantumque
1594 4011 1878 4069 patronum
1905 4018 1990 4057 me
2019 4019 2196 4057 lCl'lllll
2224 4021 2423 4060 ειιιίιιι-

832 4087 953 4139 dem
1001 4085 1216 4151 eliicite,
1250 4098 1307 4141 et
1353 4091 1607 4157 quicquid
1666 4092 1861 4146 exinde
1908 4095 2061 4149 vobis
2104 4096 2416 4165 deperierit,

832 4188 932 4243 ego
958 4190 1092 4229 auro
1139 4178 1369 4246 probato
1412 4181 1733 4247 repensaho.
1784 4200 1804 4232 ι
1839 4181 1934 4237 His
1988 4186 2148 4239 dictis
2175 4187 2258 4239 vel
2286 4189 2423 4242 actis

831 4264 957 4317 dtnn
982 4280 1013 4320 e
1064 4277 1358 4336 conspectu
1407 4270 1609 4324 abisset
1642 4272 1732 4313 ¹⁶⁸⁷
1759 4281 1815 4327 et
1843 4274 2096 4343 hospitio,
2147 4292 2255 4347 quo
2290 4279 2421 4331 satis

830 4358 1081 4415 humanae
1138 4362 1230 4400 ⁸⁸⁸⁸
1257 4365 1436 4418 curari
1481 4364 1618 4432 jussi
1670 4366 1905 4433 fuerant,
1960 4385 2019 4424 se
2066 4373 2419 4441 recepissent,

829 4467 1013 4507 comes
1056 4468 1267 4517 somno.
1308 4471 1417 4525 quo
1444 4456 1557 4524 jam
1599 4473 1695 4528 per
1742 4458 1923 4528 plures
1954 4462 2069 4517 dies
2114 4462 2196 4517 vel
2238 4474 2421 4519 noctes

828 4543 1047 4614 penitus
1090 4560 1287 4600 carens
1316 4563 1481 4601 mmia
1538 4553 1661 4604 tabe
1715 4551 2006 4616 deiecerat,
2062 4553 2135 4607 ita
2200 4566 2421 4624 repente

827 4636 1175 4706 opprimitur,
1217 4645 1275 4691 nt
1306 4640 1374 4693 ab
1403 4639 1535 4693 hora
1570 4655 1707 4694 nona
1757 4657 1927 4711 usque
1953 4644 2005 4696 in
2036 4646 2415 4714 subsequentis

828 4723 932 4779 diei
960 4725 1144 4780 horam
1178 4726 1291 4782 fere
1324 4732 1538 4783 tertiam
1568 4747 1675 4785 non
1701 4733 2053 4803 evigilaverit.
2105 4737 2176 4789 At
2202 4739 2413 4791 tandem

827 4828 1199 4886 experrectus,
1249 4822 1531 4892 conjugem
1565 4825 1781 4879 nomine
1810 4828 1990 4896 sepius
2024 4828 2218 4885 iterato
2246 4830 2413 4883 inela-

829 4909 1002 4972 mitat,
1033 4910 1134 4964 sibi
1158 4911 1356 4981 aliquid
1386 4914 1528 4982 quod
1554 4925 1735 4969 sumat
1756 4920 2019 4985 adportet.
2047 4920 2210 4987 Cujus
2234 4920 2418 4975 itidem

826 4997 940 5065 jam
973 5001 1220 5070 pluribus
1252 5005 1389 5057 actis
1418 5005 1606 5060 diebus
1636 5007 1778 5060 nulla
1807 5010 1855 5062 ei
1884 5012 2039 5079 copia
2066 5010 2241 5066 fuerat
2270 5030 2422 5068 assu-

830 5095 1028 5148 mendi.
1055 5094 1170 5166 Quo
1193 5098 1328 5153 satis
1354 5099 1748 5155 delectabiliter
1770 5112 2005 5172 sumpto,
2031 5105 2226 5160 iterum
2251 5124 2419 5176 usque

2140 5216 2375 5271 VARIAS
2410 5210 2813 5272 LliCTlONES.

2523 3367 2793 3431 tenuistis,
2822 3375 2877 3419 et
2903 3366 3047 3418 omni
3074 3373 3313 3434 tempore
3344 3366 3597 3420 beiielitio
3620 3377 3742 3422 sunt
3770 3370 4042 3439 deputata.
4076 3388 4098 3423 ι

2521 3454 2695 3509 Causa
2720 3471 2847 3509 vero
2871 3468 2987 3509 erat
3012 3455 3153 3525 quod
3186 3457 3237 3509 in
3266 3456 3349 3510 his
3380 3456 3607 3511 dilIicrlis
3632 3460 3935 3524 videbatur,
3958 3462 4106 3531 quod

2521 3546 2720 3600 fratres
2745 3549 2791 3601 ei
2828 3546 3011 3617 plures
3038 3562 3102 3600 ex
3150 3555 3321 3601 matre
3351 3559 3527 3613 erant,
3578 3559 3634 3605 et
3659 3551 3738 3605 eis
3766 3567 3936 3621 usque
3959 3554 4027 3606 ad
4051 3552 4105 3607 id

2526 3641 2783 3709 temporis
2834 3656 3024 3710 parum
3081 3640 3365 3695 consulere
3423 3652 3694 3711 potuerat,
3746 3644 3989 3713 pluribus
4018 3660 4107 3700 res

2521 3731 2780 3801 episcopii
2821 3732 3199 3793 retinentibus,
3223 3747 3359 3801 quos
3383 3735 3597 3802 privare
3622 3732 3823 3801 necjus
3850 3750 3950 3790 nec
3975 3750 4097 3789 con-

2523 3822 2701 3875 silium
2732 3831 2849 3876 erat
2873 3851 2945 3861 —
2973 3832 3121 3875 lauto
3151 3824 3344 3877 robore
3370 3838 3437 3877 ex
3490 3825 3860 3893 superioribus
3889 3827 4104 3894 episco-

2522 3928 2715 3980 porum
2763 3913 2925 3967 rebus
2973 3910 3164 3967 fractis
3201 3914 3512 3967 nitebantur
3558 3944 3629 3954 —
3671 3926 3723 3968 et
3746 3916 3868 3969 ideo
3891 3917 3993 3971 hac
4020 3916 4107 3972 vel

2524 4006 2759 4073 qualibet
2791 4006 3075 4058 occasione
3108 4005 3242 4074 ipsis
3277 4006 3548 4076 germanis
3593 4020 3702 4074 quo
3724 4008 3853 4076 quid
3878 3989 4109 4079 largire-

2527 4105 2612 4148 tur
2632 4096 2975 4163 expectabat.

2597 4190 2719 4242 ill.
2739 4189 2875 4242 lluic
2903 4200 3079 4243 tamen
3104 4188 3390 4243 intentioni
3412 4191 3547 4244 alias
3561 4192 3771 4260 probati
3789 4200 3844 4245 et
3860 4192 3912 4246 in
3943 4192 4110 4248 rebus

2525 4280 2722 4335 divinis
2738 4281 2964 4351 spectati
2982 4284 3153 4335 sancti
3172 4281 3271 4334 viri
3289 4282 3426 4337 miro
3445 4284 3636 4337 ordine
3657 4284 3912 4337 divinitus
3924 4292 4008 4338 est
4022 4299 4109 4339 re-

2525 4370 2811 4441 fragatum.
2830 4371 2960 4424 Nam
2976 4372 3171 4426 abbate
3186 4387 3444 4441 responso
3457 4373 3574 4441 ejus
3586 4389 3724 4445 pene
3738 4376 3805 4429 ab
3814 4376 3959 4430 oumi
3976 4375 4111 4431 ulte-

2528 4462 2674 4516 riore
2722 4470 2917 4515 conatu
2967 4463 3018 4527 ⁸,
3052 4464 3309 4518 deterrito
3331 4464 3387 4527 ⁸,
3436 4466 3770 4537 ενὶδεονιιεδ
3800 4470 4111 4540 vespertino

2524 4552 2653 4587 ³⁸⁸³*
2677 4564 2967 4617 conventu,
3002 4568 3109 4623 quo
3140 4554 3343 4621 pridem
3382 4557 3536 4610 valde
3566 4556 3827 4612 oblectari
3874 4558 4069 4614 solitus
4089 4562 4108 4580 '

2523 4646 2704 4708 erat‘,
2744 4654 2796 4696 et
2827 4647 2843 4663 ‘
2876 4652 3002 4697 ante
3035 4648 3048 4664 ‘
3089 4644 3181 4677 ““
3205 4646 3338 4699 satis
3358 4645 3595 4714 jucunde
3634 4651 3713 4703 eis
3742 4651 3921 4705 fuerat
3973 4667 4121 4706 con-7

2524 4738 2756 4796 vivatns,
2787 4732 2883 4786 ivit
2907 4734 3146 4802 quidem,
3198 4735 3293 4789 sed
3321 4737 3536 4790 nonnisi
3577 4752 3745 4806 pauea
3776 4754 3871 4793 ore
3908 4740 4107 4805 libans,

2526 4826 2772 4895 protinus
2802 4826 2985 4879 rediit.
3035 4825 3264 4895 Moxque
3293 4828 3439 4882 dicto
3474 4830 3824 4899 completurio
3852 4839 4023 4885 stratu
4050 4848 4109 4888 se

2524 4918 2685 4971 locat.
2742 4915 2902 4969 Multa
2959 4932 3140 4970 secum
3174 4933 3427 4982 versans,
3478 4922 3712 4973 medium
3773 4922 3886 4975 fere
3932 4924 4112 4977 noctis

2518 5011 2790 5069 insomnio
2821 5010 3112 5079 fatigatur;
3152 5012 3238 5063 ubi
3269 5010 3414 5064 nullo
3443 5026 3688 5065 somnum
3719 5012 3881 5066 datur
3902 5015 4107 5067 adst-is-

2523 5118 2647 5158 cere
2675 5114 2852 5173 pacto,
2877 5112 2933 5156 ut
2978 5104 3144 5160 moris
3171 5103 3273 5159 sibi
3315 5112 3432 5159 erat
3461 5106 3650 5175 surgit,
3681 5116 3735 5160 et
3761 5107 3991 5161 orationi
4018 5105 4113 5154 ηιμ

3586 5330 3789 5354 ωιλαμ..
3910 5329 4003 5354 {ﬁll
4034 5332 4103 5354 ξι-

2905 5328 3162 5354 -.-...Ι-...Ι..
3216 5327 3415 5354 1---..-.ι
3443 5345 3563 5354 μα..-
