4472 5522
380 341 478 392 9.97

1278 343 1359 397 DE
1403 340 1555 395 VlTA
1595 334 1877 392 JOANNIS
1916 332 2203 390 ABBATIS
2235 336 2658 393 GORZIENSIS.

3539 341 3641 396 298

384 456 474 485 ἐει
503 456 814 508 iummhere
849 464 1072 524 ιυιιιριίιι
1098 496 1110 517 ,
1146 459 1237 509 sed
1261 470 1320 508 ea
1357 454 1597 507 adsolitis
1648 450 1959 505 intentionis
1988 448 2033 504 Α
2066 445 2321 501 fratribus
2348 449 2721 501 exhortatione
2754 447 2912 505 facta.
2950 449 3142 500 fratres
3173 463 3283 501 rem
3305 448 3417 515 jam
3444 451 3639 519 partim

382 546 587 599 viribus
616 547 704 576 ““
754 546 821 599 ita
857 547 903 599 ci
931 546 1212 599 resolutior
1245 546 1364 606 fuit,
1421 555 1478 597 ut
1530 553 1763 597 stratum
1817 542 1961 594 acci-

380 635 563 688 diosus
591 644 888 703 repeteret;
922 635 991 689 ibi
1019 636 1105 688 diu
1155 636 1327 688 somni
1361 633 1611 702 cupidus,
1639 632 1853 685 diverso
1879 630 1963 683 la-

385 724 515 777 teris
557 733 703 777 motu
750 724 1077 793 defatigatus
1108 726 1256 787 ’“7‘,
1313 740 1411 778 nec
1468 724 1576 777 ullo
1607 722 1801 777 ell'ectu
1849 722 1964 791 ejus

383 816 605 883 potitus,
637 816 830 885 surgit,
864 830 1044 868 arcam
1078 816 1331 884 martyris
1354 820 1506 883 petit,
1540 815 1750 883 culpam
1782 828 1962 868 coram

382 917 584 960 stratus
633 905 854 969 fatetur,
903 915 1026 959 voto
1058 920 1143 959 res
1172 905 1365 975 quibus
1404 905 1468 959 de
1511 906 1769 975 agebatur
1799 919 1961 972 spon-

382 997 472 1049 det
504 997 825 1061 reddendas,
886 997 1133 1051 baculum
1166 999 1384 1067 insuper
1411 996 1566 1050 altari
1609 994 1960 1065 superponit:

388 1107 405 1137 ι
440 1087 571 1151 lloc,
612 1088 879 1158 inquiens,
912 1090 1103 1142 martir
1125 1098 1330 1151 sancte,
1356 1098 1501 1141 tuum
1536 1088 1627 1141 tibi
1663 1088 1906 1141 restituo.
1942 1105 1959 1136 ι

384 1174 624 1229 Genibus
664 1177 856 1239 ﬂexis.
917 1178 1219 1232 orationem
1275 1178 1617 1231 intentiorem
1672 1191 1963 1246 numquam

386 1281 646 1338 prmterca
702 1287 759 1325 se
790 1287 963 1341 neque
992 1273 1262 1326 valentius
1311 1271 1512 1325 fudisse
1557 1270 1833 1339 professus
1861 1280 1961 1323 est.

386 1360 640 1415 Oratione
686 1377 1013 1431 assurgens,
1092 1372 1321 1417 stratum
1354 1363 1547 1431 petiit,
1614 1364 1664 1415 in
1719 1378 1965 1416 somnmn

387 1452 596 1505 concite
631 1452 877 1517 solvitur,
916 1464 969 1507 et
994 1454 1273 1523 pervigilia
1303 1454 1451 1522 prius
1507 1455 1746 1522 inquieta
1775 1454 1966 1508 ordine

388 1551 508 1610 post
534 1542 765 1595 naturali
806 1558 1162 1613 compensaus
1192 1544 1305 1611 ¹⁶⁶⁸,
1332 1545 1382 1597 in
1422 1544 1729 1598 nonnullam
1762 1558 1968 1597 aurorae

387 1643 595 1701 partem
636 1650 859 1689 somnus
893 1638 1247 1705 pertrahitur.

459 1725 581 1777 112.
634 1725 749 1779 Jam
782 1726 893 1779 sole
924 1728 1151 1782 rubente
1193 1739 1543 1797 experrectus
1591 1738 1645 1781 et
1682 1744 1963 1799 ymuorum

2068 536 2241 587 edocti
2300 536 2713 605 postulationem
2777 550 2954 588 rerum
2989 534 3191 587 faciunt
3238 538 3638 604 pra-dicturum.

2066 626 2269 690 Quibus
2311 626 2361 677 in
2392 624 2536 678 nullo
2566 626 2828 687 abnuens,
2876 623 3229 691 baculumque
3252 626 3593 693 prrctcndens
3622 644 3636 677 τ

2072 735 2087 765 ι
2127 715 2331 769 llabeat
2365 716 2506 784 quod
2537 730 2691 768 suum
2722 722 2803 767 est
2842 714 3033 767 niartir
3063 712 3270 775 beatus,
3304 730 3507 783 vosque
3539 716 3641 769 mei

2067 823 2333 862 memores
2364 808 2634 861 habetote.
2666 827 2683 859 ι

2053 920 2059 927 -
2137 897 2256 951 114.
2293 896 2383 949 His
2413 898 2661 967 peractis,
2683 913 2804 951 mox
2839 897 2928 966 qui
2952 908 3316 953 convenerant
3346 898 3651 970 irrumpen-

2067 988 2231 1051 tibus,
2256 988 2544 1041 vehemens
2572 988 2668 1041 sibi
2702 1003 2731 1041 a
2763 1003 3022 1055 germano
3055 988 3113 1041 fit
3145 1004 3307 1057 super
3338 992 3498 1044 rebus
3541 991 3650 1044 eis-

2067 1080 2187 1131 dem
2236 1078 2466 1131 vexatio.
2504 1077 2622 1132 Jam
2672 1078 2951 1132 monachis
2980 1093 3043 1132 ea
3085 1080 3289 1133 reddita
3330 1081 3647 1150 responsio,

2069 1166 2251 1220 multis
2292 1167 2377 1220 ille
2404 1167 2622 1236 insuper
2664 1167 2864 1220 instare
2889 1176 2941 1221 et
2983 1168 3261 1223 monachis
3286 1171 3465 1223 omnia
3492 1170 3649 1224 undi-

2066 1276 2170 1328 que
2198 1260 2406 1313 abunde
2434 1259 2701 1323 sufficere,
2742 1260 2854 1313 suis
2878 1261 3049 1331 magis
3075 1276 3197 1314 eum
3224 1262 3419 1317 debere
3455 1276 3649 1315 consu-

2069 1349 2192 1403 lere.
2228 1350 2326 1404 Ubi
2365 1350 2495 1403 nihil
2537 1350 2765 1420 proficit,
2798 1360 2851 1403 et
2877 1351 3161 1420 episcopus
3209 1352 3329 1406 cibo
3371 1368 3490 1404 cum
3534 1351 3648 1406 fra-

2070 1440 2241 1492 tribus
2292 1449 2504 1507 smnpto
2568 1441 2927 1508 progreditur,
2984 1441 3176 1494 iterato
3220 1440 3286 1492 ab
3320 1440 3435 1508 ipso
3465 1440 3650 1496 limine

2071 1530 2162 1562 ¹⁸⁷³
2188 1532 2497 1585 monasterii
2531 1545 2627 1599 per
2660 1540 2825 1584 totam
2870 1532 3010 1585 viam
3048 1547 3214 1601 usque
3245 1533 3436 1584 vadum
3468 1532 3648 1585 flumi—

2070 1620 2152 1673 nis
2209 1635 2367 1688 super
2409 1621 2492 1675 his
2547 1636 2726 1675 sermo
2769 1622 3046 1691 repetitur.
3085 1621 3310 1691 Jamque
3337 1622 3529 1674 vadum
3572 1624 3654 1675 in-

2070 1730 2353 1784 gressurus
2392 1730 2513 1768 cum
2557 1714 2854 1783 multojam
2888 1716 3028 1768 tedin
3061 1715 3374 1769 aflieeretur
3416 1733 3428 1767 :
3472 1734 3485 1765 ι
3519 1714 3654 1767 Fru-

389 1816 487 1869 sibi
516 1816 675 1871 solito
713 1817 1091 1872 solvendorum
1126 1820 1385 1872 memoria
1412 1819 1776 1888 perturbatus,
1809 1821 1967 1874 satis-
1999 1791 2042 1849 Β
2071 1815 2155 1859 5W

1887 1821 1967 1873 λε-
1999 1791 2042 1849 Β
2071 1815 2203 1868 stra,
2246 1806 2449 1873 inquid,
2495 1806 2746 1859 nitimiui.
2792 1804 2927 1861 Vere
2950 1807 2993 1859 si
3034 1806 3264 1860 mediam
3306 1816 3512 1875 partem
3544 1807 3653 1876 cpio

386 1921 491 1975 que
539 1920 757 1960 causam
789 1922 970 1961 secum
1021 1917 1341 1972 retractans,
1392 1911 1608 1963 tandem
1638 1909 1730 1950 ⁸⁸⁸θ
1786 1910 1969 1963 laudes

387 2013 616 2066 surgens
659 1999 914 2067 explevit.
948 1998 1065 2052 Mox
1112 1997 1409 2054 Johannem
1438 1998 1589 2067 jubet
1626 2002 1809 2055 acciri.
1851 2001 1968 2067 Quo

387 2097 690 2155 praesente:
731 2108 747 2139 ι
784 2088 922 2142 Mala
948 2105 1051 2153 me,
1086 2090 1179 2154 ait,
1206 2100 1362 2144 nocte
1391 2091 1702 2155 confecisti;
1735 2094 1769 2155 i,
1798 2105 1852 2147 et
1877 2096 1969 2146 ba-

386 2177 569 2231 culum
622 2179 776 2231 altari
816 2179 1107 2247 inpositum
1141 2196 1291 2249 cape,
1326 2190 1377 2234 et
1419 2182 1791 2251 possessiones
1835 2199 1970 2252 quas

384 2270 759 2337 postulaveras
811 2271 1045 2341 posside.
1097 2291 1114 2321 ›
1184 2272 1274 2326 Ille
1332 2273 1556 2342 pedibus
1612 2274 1965 2341 provolutus:

389 2377 407 2407 ‹
448 2357 586 2421 Non,
619 2359 812 2427 inquit,
854 2361 1087 2423 domine,
1150 2360 1221 2414 ita
1254 2363 1525 2416 convenit.
1555 2363 1662 2418 Vos
1694 2364 1969 2433 paululum

386 2458 443 2501 ut
481 2449 806 2520 defatigatus
842 2452 1181 2520 requiescite,
1236 2465 1290 2508 et
1334 2454 1550 2509 interim
1598 2457 1744 2510 liora:
1784 2457 1972 2527 prima:

385 2539 539 2609 signo
594 2542 716 2595 dato
743 2552 797 2596 et
843 2543 1139 2609 celebrato,
1170 2556 1498 2600 conventum
1542 2545 1769 2601 fratrum
1802 2549 1970 2613 adite,

385 2638 440 2682 et
476 2647 578 2683 non
624 2632 712 2684 uni
743 2672 757 2694 ,
815 2633 906 2685 sed
934 2634 1216 2697 omnibus,
1278 2637 1420 2705 quod
1450 2638 1689 2691 omnium
1723 2647 1802 2693 est
1832 2639 1973 2694 dono

385 2722 621 2790 gratuito
655 2722 936 2777 restituite.
966 2754 1033 2763 ——
1070 2725 1146 2778 lta
1173 2728 1266 2779 fiat
1294 2745 1339 2789 ι,
1368 2726 1560 2795 inquit.

461 2812 580 2866 115.
643 2812 781 2866 Ecce
821 2814 979 2868 solito
1021 2817 1284 2869 maturius
1308 2817 1461 2870 turba
1491 2833 1713 2873 suorum
1745 2821 1973 2875 diversis

387 2919 454 2957 ex
486 2904 617 2958 locis
660 2905 929 2959 convenit.
985 2905 1118 2960 Nam
1151 2906 1265 2976 ipse
1293 2908 1394 2971 ibi,
1426 2917 1483 2962 ut
1518 2910 1617 2964 sibi
1656 2925 1861 2965 morem
1896 2912 1973 2967 fe-

387 3007 559 3060 ceral,
584 2997 790 3052 duobus
815 2999 896 3051 vel
946 3000 1117 3054 tribus
1145 3000 1359 3054 clericis
1386 3001 1719 3072 totidemque
1748 3004 1973 3059 cubicu-

388 3088 540 3142 lariis
589 3098 894 3152 contentus,
927 3106 1051 3145 mox
1083 3092 1399 3146 monasterii
1432 3093 1521 3123 ⁸⁸⁷⁸
1556 3093 1780 3161 januam
1808 3111 1973 3164 pene-

386 3189 651 3244 traverat,
682 3182 895 3235 cunctis
924 3196 982 3235 se
1009 3183 1396 3237 comitantibus
1426 3184 1710 3254 ablegatis,
1760 3186 1970 3240 secula-

392 3271 534 3323 rium
584 3282 879 3326 extraneus
930 3273 1263 3327 morabatur.
1316 3274 1370 3329 In
1403 3276 1489 3331 his
1530 3277 1623 3345 qui
1675 3291 1975 3333 convenere

387 3372 511 3414 erat
539 3377 828 3430 germanus
873 3362 1028 3431 ejus‘
1077 3363 1498 3419 Gozliuus'm'.
1582 3406 1595 3419 .
1674 3407 1688 3421 .
1768 3406 1783 3420 .
1862 3408 1878 3423 .
1958 3409 1971 3421 .

388 3451 492 3518 Qui
522 3456 537 3472 ⁴
569 3452 637 3505 ab
666 3454 680 3469 ‘
716 3452 976 3507 meclesizc
1014 3455 1235 3509 custode
1279 3457 1513 3525 quodam
1545 3459 1758 3513 incauto
1782 3470 1938 3529 porta
1958 3467 1974 3485 ‘

389 3544 735 3598 mouasterii'
788 3547 1015 3613 aperta'
1077 3545 1453 3615 intromissi‘,
1514 3550 1646 3604 recti
1669 3552 1975 3607 cubiculum

387 3635 623 3704 episcopi
659 3636 988 3705 quiescentis
1015 3639 1287 3706 petebant.
1314 3636 1590 3696 Johannes
1611 3642 1724 3673 ⁹¹⁶⁷²
1753 3652 1810 3696 ιιι
1838 3646 1853 3663 ⁶
1879 3646 1974 3697 ad-

386 3716 607 3779 ventum
629 3728 645 3744 '
684 3730 909 3782 eorum'
939 3727 1173 3783 celerius
1222 3730 1510 3799 comperit,
1552 3730 1782 3786 festinus
1808 3731 1858 3786 in
1886 3747 1976 3787 oc-

388 3833 607 3871 cursum
638 3820 819 3883 venit,
868 3828 921 3872 et
963 3820 1089 3888 quia
1126 3820 1265 3875 infra
1298 3823 1686 3876 monasterium
1715 3828 1729 3844 '
1783 3824 1925 3893 loqui
1958 3827 1974 3844 ‘

389 3908 581 3977 religio
603 3907 795 3972 fuerat,
826 3910 980 3978 signo
1021 3922 1079 3964 ut
1108 3926 1166 3965 se
1192 3922 1549 3980 sequerentur
1571 3913 1715 3976 dato,
1752 3915 1975 3984 januam

387 4015 483 4053 eos
506 4000 659 4069 longe
684 4016 853 4069 usque
877 4003 891 4020 ‘
922 4003 1116 4055 reverti
1141 4004 1157 4020 '
1189 4001 1318 4057 fecit
1348 4006 1399 4067 ‘,
1450 4004 1657 4058 custodi
1706 4004 1759 4058 in
1789 4020 1975 4060 aurem

389 4104 703 4152 susurrans,
763 4100 821 4142 ut
850 4090 1032 4143 statim
1061 4107 1089 4143 a
1121 4100 1270 4163 tergo
1312 4092 1534 4162 januam
1571 4093 1846 4149 obcludat.
1900 4094 1975 4148 lbi

389 4193 487 4233 eos
523 4178 750 4233 diversis
777 4179 1193 4236 allocutionibus
1246 4182 1353 4237 illis
1380 4197 1570 4252 parum
1593 4183 1846 4252 iucundis
1874 4185 1975 4239 ali-

386 4279 648 4339 quantum
674 4274 943 4337 delentes,
970 4282 1022 4327 et
1053 4276 1384 4344 episcopum,
1419 4276 1543 4345 quia
1575 4277 1748 4333 noctis
1771 4278 1976 4333 incom-

386 4362 549 4416 modo
599 4362 836 4417 dormire
867 4363 1184 4432 nequiverit,
1254 4372 1377 4419 tunc
1430 4365 1643 4419 tandem
1690 4367 1973 4437 quiescere

386 4454 595 4518 dicens,
644 4462 701 4506 ut
761 4452 1034 4522 quippiam
1074 4454 1197 4524 cybi
1251 4454 1715 4509 interim—nam
1763 4460 1967 4513 aestatis
1995 4484 2047 4544 ι)

384 4554 506 4599 erat
556 4558 767 4613 tempus
792 4574 863 4583 -
894 4546 1109 4615 capiant
1166 4555 1367 4601 monet.
1412 4546 1521 4601 illis
1560 4552 1962 4615 recusantibus,

388 4652 493 4691 nec
529 4637 630 4691 nisi
659 4636 990 4706 colloquium
1034 4637 1273 4707 episc0pi
1304 4653 1361 4692 se
1408 4638 1680 4709 quippiam
1724 4642 1860 4695 velle
1892 4644 1972 4697 di-

383 4729 667 4783 centibus:
716 4747 734 4780 ι
777 4726 979 4792 Satius,
1043 4729 1252 4798 inquid,
1296 4730 1346 4785 id
1374 4740 1475 4796 est,
1531 4733 1654 4786 dum
1703 4733 1968 4803 ipse,jam

382 4818 554 4873 solitis
606 4820 709 4873 sibi
752 4817 914 4873 rebus
953 4818 1202 4888 expletis,
1246 4821 1455 4889 copiam
1500 4837 1558 4876 se
1610 4826 1967 4881 conveniendi

383 4908 659 4964 exhibeat.
696 4928 715 4961 ι
792 4908 869 4962 Ita
916 4923 1011 4963 eos
1038 4909 1374 4975 demoratus,
1426 4920 1481 4964 et
1519 4912 1731 4967 concite
1778 4925 1968 4983 parata

387 5002 693 5068 gustatione
739 5000 1031 5071 implicitos
1055 5041 1069 5066 ,
1114 5002 1231 5071 ipse
1271 5002 1415 5056 intro
1444 5018 1723 5075 regressus
1751 5008 1966 5078 signum

388 5090 601 5159 pulsat;
650 5092 826 5161 prima
869 5092 1011 5147 dicta
1042 5093 1372 5162 psalmisque
1417 5096 1763 5163 solemnibus,
1793 5100 1845 5153 in
1875 5116 1967 5155 ca-

390 5183 611 5253 pitulum
650 5185 936 5255 episc0pus
974 5184 1255 5241 invitatur.
1289 5184 1548 5243 Nonnulla
1576 5204 1678 5258 pro
1726 5198 1968 5262 tempore

2068 1907 2319 1963 scopatus
2353 1895 2483 1965 ipsis
2534 1897 2816 1951 monachis
2844 1899 3265 1961 concessiswm,
3298 1912 3397 1951 nec
3432 1913 3653 1965 passum

2069 1988 2219 2057 pedis
2244 1988 2323 2041 eis
2350 1996 2566 2057 propter
2594 1990 2897 2057 quempiam
2938 1998 3173 2041 vcstrmn
3208 1988 3498 2043 auferrem.
3534 2010 3552 2037 ι

2140 2081 2298 2135 Plura
2339 2092 2463 2135 sunt
2502 2081 2602 2135 alia
2627 2123 2639 2147 ,
2680 2098 2829 2150 quce,
2863 2082 3114 2150 quotiens
3136 2082 3474 2149 oportunitas
3509 2082 3651 2144 tulit,

2069 2175 2310 2229 Joliannc
2368 2178 2759 2229 interveniente
2797 2175 3124 2228 monasterio
3171 2174 3481 2242 multisjam
3514 2184 3651 2227 tem—

2072 2266 2293 2335 poribus
2331 2267 2629 2320 abalienata
2665 2277 2878 2335 recepta
2910 2276 3051 2319 sunt.
3086 2266 3192 2320 Sed
3216 2268 3231 2285 ⁶
3272 2268 3393 2335 quia
3425 2272 3439 2286 '
3488 2267 3655 2321 lecto-

2072 2373 2191 2410 rum
2223 2364 2237 2376 '
2281 2357 2444 2410 animi
2474 2358 2487 2374 ‘
2526 2356 2591 2409 ad
2619 2361 2631 2373 '
2696 2358 2857 2410 linem
2888 2361 2901 2375 ‘
2936 2357 3027 2395 ¹ι⁷⁸
3068 2355 3365 2418 festinant,
3430 2358 3655 2425 tempori

2072 2446 2392 2515 plurimum'
2431 2456 2713 2517 parcentes
2740 2451 2754 2466 '
2789 2449 2856 2502 ad
2890 2452 2906 2468 '
2947 2448 3253 2525 reliquunt'
3310 2447 3462 2501 vitm“
3492 2449 3609 2517 ejus
3637 2455 3651 2468 '

2078 2543 2168 2579 "7"
2197 2542 2321 2596 stilo
2343 2543 2765 2610 percurrendum
2798 2544 3136 2598 accedamus.

2148 2634 2265 2686 115.
2321 2632 2540 2703 Legatio
2595 2635 2737 2703 regis
2787 2633 3099 2703 llispanite'
3150 2635 3654 2689 Abderabamenis‘

2075 2723 2436 2793 (DCCCCL?),
2469 2724 2612 2779 fama
2632 2730 2647 2744 '
2681 2726 2864 2795 gloria:
2892 2733 2903 2745 '
2925 2727 3016 2757 ¹⁸⁷⁶
3063 2727 3460 2797 iusigniumque
3489 2729 3658 2781 facto-

2077 2829 2192 2866 rum
2245 2814 2297 2866 in
2353 2823 2540 2881 gentes
2589 2814 2831 2868 diversas
2883 2824 3009 2870 tunc
3054 2815 3165 2882 jam
3214 2818 3392 2883 magni
3460 2818 3661 2886 rcgis',

2075 2904 2413 2972 postmodum
2446 2908 2459 2924 ⁶
2510 2919 2636 2958 vero
2666 2911 2679 2925 °
2720 2906 2950 2960 Cmsaris
2976 2911 2990 2928 '
3038 2909 3288 2977 augusti‘
3321 2908 3431 2972 ¹⁶⁷⁷,
3476 2908 3659 2961 domui

2076 2994 2291 3050 Ottonis
2312 2995 2528 3063 perciti,
2556 2996 2691 3048 forte
2723 3010 2845 3049 cum
2871 2998 3185 3051 muneribus
3226 3013 3324 3068 pro
3364 2998 3511 3065 regia
3543 3014 3661 3048 mu-

2079 3084 2349 3139 nilicentia
2411 3084 2588 3138 missis
2632 3090 2646 3105 '
2679 3086 3017 3140 advenerat‘
3045 3088 3154 3140 ³⁸⁷⁸.
3198 3086 3406 3156 Legati,
3464 3086 3659 3154 quibus

2078 3179 2360 3248 episcopus
2394 3178 2611 3246 quidam
2665 3188 2934 3246 praeerat,
3004 3180 3267 3251 dignitate
3300 3180 3526 3233 solemni
3561 3195 3657 3247 pro

2080 3279 2230 3323 tanta
2253 3278 2550 3341 magestate
2581 3270 2815 3339 excepti,
2849 3270 3046 3338 diuque
3072 3272 3267 3324 retenti
3296 3287 3308 3333 ;
3369 3272 3511 3324 inter
3542 3283 3657 3324 mo-

2080 3376 2169 3415 ras
2195 3360 2479 3430 episcopus
2508 3401 2521 3423 ,
2586 3360 2676 3428 qui
2707 3360 2897 3429 legatis
2929 3371 3159 3429 prmerat
3186 3404 3199 3425 ,
3269 3369 3495 3415 mortem
3520 3362 3653 3416 obit.

2079 3452 2213 3506 Dum
2264 3467 2291 3503 a
2322 3451 2522 3505 nostris
2551 3452 2641 3520 qui
2670 3452 2797 3504 item
2844 3465 2908 3504 eo
2938 3451 3284 3505 remittantur
3315 3453 3654 3521 disquiritur,

2080 3550 2199 3612 post
2238 3541 2493 3595 nonnulla
2547 3540 2858 3610 aliquandiu
2893 3551 3063 3595 tracta
3094 3542 3338 3607 consilia,
3369 3543 3419 3596 id
3442 3544 3659 3597 demum

2080 3634 2347 3693 COnvenit,
2405 3643 2464 3686 ut
2491 3632 2617 3702 quia
2648 3634 2786 3686 idem
2821 3648 2911 3687 rex
2941 3634 3239 3705 sacrilegus
3285 3643 3339 3688 et
3372 3634 3659 3704 profanus,

2080 3735 2262 3795 utpote
2293 3723 2648 3790 Sarracenus,
2677 3734 2731 3780 et
2756 3740 2785 3778 a
2819 3740 2942 3779 vera
2969 3726 3073 3779 fide
3100 3741 3323 3795 prorsus
3352 3738 3494 3782 esset
3526 3728 3661 3782 alie-

2080 3832 2200 3879 nus,
2235 3817 2435 3885 quique
2463 3818 2712 3885 quamvis
2753 3819 3046 3871 amicitiam
3072 3818 3163 3853 ¹⁸⁷⁹
3209 3829 3487 3888 expeteret
3516 3822 3665 3890 priu-

2077 3911 2211 3978 cipis
2240 3909 2559 3974 Christiani,
2583 3910 2637 3963 in
2663 3910 2857 3965 litteris
2886 3920 3067 3964 tamen
3102 3925 3237 3980 quas
3263 3911 3485 3965 miserat
3517 3910 3659 3965 blas-

2079 4001 2273 4070 pbema
2299 3999 2387 4038 ”'°
2410 4002 2424 4018 '
2470 4000 2724 4053 nonnulla
2758 4000 2809 4053 in
2843 3998 3120 4054 Christum
3168 4011 3506 4064 evomuerat,
3541 4017 3663 4055 cum

2078 4091 2295 4161 scriptis
2332 4091 2811 4161 impcrialibus““
2850 4107 2972 4161 qua:
3010 4090 3235 4157 ferrent,
3284 4107 3473 4146 vocem
3529 4107 3665 4161 quo-

2079 4198 2183 4251 que
2204 4198 2356 4236 suam
2388 4182 2487 4251 ipsi
2514 4181 2746 4250 aperire,
2779 4193 2836 4236 et
2864 4183 2908 4236 si
2946 4197 3054 4252 quo
3084 4190 3246 4252 pacto
3277 4183 3532 4238 divinitus
3571 4182 3667 4237 da-

2080 4284 2251 4336 retur,
2286 4273 2552 4326 inmutare
2589 4281 2808 4341 possent
2833 4271 3139 4340 perfidiam.

2151 4364 2271 4418 116.
2315 4362 2710 4433 (DCCCCLlIl.)
2737 4363 2898 4418 Forte
2924 4364 3304 4434 subipsos'm
3343 4366 3457 4420 dies
3505 4366 3669 4420 Adal-

2082 4453 2212 4508 bero
2276 4462 2477 4517 noster,
2541 4467 2707 4506 sacra:
2760 4454 3071 4517 memoriae,
3128 4454 3386 4523 palatium
3435 4456 3672 4525 adierat.

2080 4544 2280 4607 Bruno,
2336 4560 2528 4615 magno
2558 4561 2619 4598 ac
2647 4544 2785 4599 felici
2823 4546 3166 4614 postmodum
3208 4544 3423 4600 futurus
3464 4548 3582 4601 usui
3617 4557 3672 4601 et

2082 4635 2303 4696 decori,
2354 4651 2645 4704 germanus
2715 4650 2740 4686 r
2774 4635 2857 4705 gis
2893 4677 2906 4699 ,
2978 4636 3242 4704 sapientia
3295 4645 3348 4691 et
3376 4638 3664 4705 prudentia

2082 4742 2203 4779 cum
2230 4725 2321 4756 ¹⁴’⁴³
2357 4741 2534 4780 rerum
2572 4726 2908 4795 publicarum
2943 4738 3054 4781 tum
3090 4727 3212 4761 “8"
3258 4730 3497 4782 onmiutn
3532 4730 3666 4785 libe-

2081 4817 2274 4873 ralium
2299 4818 2604 4873 eruditione
2649 4817 3058 4887 disciplinarum
3095 4820 3166 4872 ita
3207 4819 3452 4889 adprime
3482 4822 3667 4874 erudi«-

2082 4924 2196 4975 tus,
2255 4922 2314 4969 ut
2340 4912 2420 4967 sui
2479 4911 2735 4982 temporis
2782 4927 2973 4967 omnes
3017 4922 3302 4981 superaret
3329 4922 3384 4967 et
3412 4912 3669 4982 antiquos

2080 5022 2216 5078 pene
2256 5007 2642 5078 aequiperaret,
2701 5004 2785 5057 cui
2820 5005 3041 5076 insuper
3086 5013 3140 5059 et
3189 5003 3666 5085 Grecaz‘lectiouis

2081 5100 2249 5156 multa
2293 5098 2929 5164 accesseratinstructio,
2970 5099 3210 5153 omnium
3245 5105 3374 5153 tunc
3405 5100 3665 5167 temporis

2079 5200 2296 5271 publice
2340 5216 2402 5257 ac
2448 5196 2699 5269 privatim
2745 5200 3081 5263 agendorum
3122 5195 3557 5249 communicator
3607 5207 3670 5246 ac

1708 5326 1941 5386 VARUE
1981 5333 2398 5394 LECTIONES.
