4472 5522
862 434 966 490 290

1787 443 2066 499 JOANNIS
2104 442 2393 498 ABBATIS
2433 442 2490 496 S.
2530 442 2831 498 ARNULFI
2869 444 3210 501 METENSIS

4007 451 4113 510 500

861 548 1310 619 prudentissimus
1358 561 1473 606 erat
1522 554 1818 620 consultor,
1878 555 2033 624 eique
2078 553 2431 624 imperialium
2464 557 2506 613 Α
2540 553 2650 621 ipse
2679 552 2977 608 litterarum
3009 563 3218 608 tantum
3246 554 3549 624 bajuluslit.
3577 556 3811 612 Rediens
3833 556 4107 630 Gorziam,

862 643 981 696 data
1021 642 1285 712 provintia
1321 642 1647 700 litterarmn.
1692 646 1740 701 is
1768 648 1929 701 variae
1972 647 2182 702 caeteris
2211 647 2426 701 consul-

861 731 1119 794 tantibus,
1153 741 1393 788 nostrum
1416 732 1810 792 Adalberonem
1841 752 2011 792 sacra:
2035 738 2305 792 memoria:
2332 752 2427 793 no-

860 822 1029 876 minat
1052 823 1384 894 episcopum,
1415 824 1654 895 nullique
1688 828 1866 897 aptius
1890 828 1940 882 id
1962 828 2161 898 negotii
2207 828 2284 883 sic
2333 826 2425 882 ad-

855 912 1047 965 dit"”
1098 927 1255 982 posse
1280 912 1502 982 iniungi,
1533 914 1657 986 quia
1704 915 1818 985 ipse
1868 915 2124 987 plurimos
2163 915 2424 988 perfecto-

855 1016 971 1055 rum
1011 1002 1252 1057 virorum
1292 1001 1555 1068 haberet,
1618 1020 1756 1074 quos
1798 1004 2048 1062 humanis
2085 1019 2420 1077 nequaquam

851 1107 1105 1147 cessuros
1145 1094 1442 1149 terroribus
1501 1095 1634 1150 satis
1665 1104 1964 1163 constaret,
2015 1105 2201 1168 utpote
2240 1096 2422 1153 seculo

841 1181 953 1250 jam
985 1183 1264 1240 defunctos
1294 1196 1346 1242 et
1385 1186 1553 1242 libero
1598 1202 1695 1258 pro
1734 1187 1837 1243 fide
1874 1204 2058 1245 coram
2094 1189 2423 1261 quibuslibet

847 1278 1233 1343 protestatibus
1268 1293 1359 1333 ore
1400 1278 1733 1349 loquuturos.
1788 1280 2117 1336 Convenitur
2163 1282 2420 1337 continuo

847 1366 1162 1438 episcopus,
1206 1378 1259 1423 et
1283 1378 1340 1423 ut
1379 1370 1512 1425 duos
1542 1386 1760 1425 suorum
1793 1371 2012 1427 idoneos
2039 1371 2293 1443 legationi
2328 1371 2420 1426 Hi-

850 1457 1161 1526 spaniarum
1203 1468 1355 1528 paret
1388 1460 1704 1527 imperatur.
1743 1462 2007 1518 Mandatis
2043 1463 2300 1533 acceptis,
2324 1464 2418 1518 ah-

842 1546 1022 1601 batem
1052 1547 1369 1619 Eginoldum
1402 1550 1645 1614 advocat,
1673 1550 1819 1623 regia
1853 1552 2106 1605 mandata
2133 1552 2371 1607 insinuat
2398 1566 2412 1605 :

841 1651 1059 1691 suorum
1114 1638 1246 1693 duos
1300 1639 1609 1711 disquirat,
1675 1642 1765 1711 qui
1801 1641 2060 1711 imperata
2112 1642 2411 1711 perficiant.

839 1728 986 1784 Lecti
1024 1730 1255 1799 primum
1290 1733 1395 1788 duo
1432 1734 1814 1805 Augilranmus
1838 1746 1891 1791 et
1915 1736 2095 1801 Wido,
2146 1738 2413 1808 regiaeque

838 1819 1171 1888 majestatis’
1228 1821 1427 1888 jussu‘
1481 1826 1590 1878 ex“
1642 1826 2124 1881 monasterio‘““
2168 1837 2412 1898 sumptus

2528 641 2631 693 iter
2653 642 2803 695 ocius
2833 642 3135 706 accelerat,
3186 644 3612 717 posthabitisque
3654 646 3787 701 socii
3817 653 4111 718 procrasti-

2529 730 2859 795 nationibus,
2920 732 3032 802 ipse
3080 732 3288 787 litteras
3314 749 3497 788 secum
3551 736 3793 800 habens,
3860 738 4101 793 omnium

2525 831 2833 877 sanctorum
2865 823 3115 891 precibus
3145 826 3549 881 commendatus
3587 836 3642 882 et
3668 827 3827 896 votis,
3860 830 4104 899 proficis-

2523 911 2684 965 citur.
2739 912 2998 982 Sumptus
3028 914 3202 969 omuis
3234 928 3298 970 ex
3329 918 3659 973 monasterio
3688 919 3737 973 ei
3766 917 3963 974 factus.
4006 920 4102 974 Mi-

2525 1003 2678 1059 nistri
2727 1006 3028 1059 monachus
3077 1013 3285 1060 tantum
3334 1022 3493 1070 unus,
3542 1006 3918 1064 Garamannus
3942 1024 4089 1068 voca-

2522 1092 2667 1158 bulo,
2721 1094 2910 1149 ordine
2960 1095 3241 1163 diaconus,
3281 1097 3422 1152 bone
3443 1112 3540 1168 per
3568 1099 3746 1152 omnia
3780 1098 3972 1156 indolis
4007 1102 4105 1155 ad—

2522 1190 2668 1245 ditur
2693 1192 2735 1245 '.
2786 1188 3035 1245 Caballi‘
3084 1190 3194 1245 ad'
3243 1192 3591 1261 equitandum
3622 1194 3639 1212 ⁴
3690 1196 3786 1247 et'
3826 1194 4102 1250 sarcinas'

2520 1284 2813 1353 portandas
2836 1282 2963 1315 '"’°
3020 1283 3259 1353 quinque
3308 1294 3435 1339 sunt
3468 1284 3717 1356 delegati.
3768 1283 3959 1341 SocEus
3985 1300 4101 1340 mo-

2519 1372 2738 1428 rabatur
2775 1378 2790 1396 ⁶
2838 1373 2890 1428 in
2915 1373 3039 1408 ⁹¹⁶⁹¹
3069 1374 3187 1428 vico
3213 1376 3444 1444 quoiam
3476 1391 3581 1430 non
3622 1376 3849 1431 multum
3886 1394 3915 1431 a
3947 1378 4102 1433 Tullo

2517 1462 2775 1526 distante,
2826 1462 2916 1532 qui
2969 1462 3256 1518 videlicet'
3324 1462 3669 1519 Johannem'
3724 1465 4096 1535 Scarponme‘

2517 1551 2609 1590 ‘6"
2634 1551 2969 1623 insequitur;
3009 1553 3132 1607 hinc
3163 1553 3442 1623 Longohas
3469 1552 3638 1623 (£12),
3667 1553 3884 1607 Beluam
3917 1555 4096 1624 (“5),

2516 1642 2813 1710 Diviouem,
2843 1642 3180 1713 Lugdunum.
3228 1643 3538 1714 Hispaniam
3567 1643 3660 1675 ⁸⁸³³
3691 1658 3875 1698 versus
3918 1645 4096 1698 inteno

2514 1733 2715 1878 milia
2750 1822 3142 1895 (DCCCCLlllJ
3175 1823 3273 1880 Ubi
3304 1822 3453 1894 (414)
3490 1822 3719 1877 sarcinis
3756 1822 3876 1877 navi
3914 1823 4088 1891 impo-

835 1920 889 1965 et
915 1912 1065 1981 capia
1097 1922 1356 1981 parantur
1378 1915 1624 1983 itineris;
1673 1917 1741 1971 ad
1772 1918 1875 1973 hoc
1905 1926 1959 1973 et
1981 1934 2088 1989 quo
2114 1897 2416 1974 Virdunen-
2450 1897 2495 1958 Β
2521 1914 2640 1969 sitis
2670 1914 3036 1982 Rhodanoqne
3063 1929 3232 1983 usque
3260 1914 3325 1967 ad
3355 1925 3561 1967 certum
3599 1913 3774 1967 locum
3810 1914 4090 1978 vehendis,

834 2001 948 2055 sis‘
994 2001 1211 2070 quidam
1236 2005 1273 2067 ',
1318 2018 1519 2075 gnarus
1548 2010 1563 2028 '
1617 2008 1710 2046 ⁸⁸³⁷
1748 2009 1979 2078 partium
2036 2010 2414 2081 Hispanarum,

833 2091 1040 2160 quieos
1089 2091 1274 2160 jussus
1320 2103 1440 2149 erat
1480 2096 1771 2164 deducere,
1814 2114 1965 2154 mora
1987 2102 2172 2155 omni'
2203 2110 2415 2171 postpo-

832 2182 968 2236 sita‘
1028 2184 1253 2238 veniat‘
1326 2183 1728 2255 jubeturw“,
1784 2204 1906 2244 cum
1958 2206 2087 2246 ecce
2155 2192 2412 2260 praefatus

831 2271 1010 2338 Wialo,
1041 2274 1177 2329 alter
1197 2275 1552 2344 delectorum,
1578 2279 1664 2334 die
1692 2282 1926 2349 quadam
1970 2297 2068 2352 pro
2095 2298 2199 2352 qua
2226 2286 2411 2340 nescio

830 2361 1160 2433 neglegentia
1193 2368 1210 2384 ‘
1258 2364 1311 2418 in
1334 2366 1354 2385 ⁶
1407 2376 1672 2423 conventu
1702 2369 1721 2390 ‘
1764 2368 1992 2423 fratrum
2020 2375 2040 2390 '
2062 2370 2153 2403 ¹⁸⁸⁹
2178 2371 2410 2441 increpi-

829 2466 933 2525 tus,
974 2459 1029 2512 in
1063 2466 1223 2513 tantae
1251 2460 1597 2530 asperitatem
1628 2463 1908 2532 proterviae
1936 2472 2045 2517 tam
2078 2464 2129 2518 in
2158 2465 2407 2520 abbatem

834 2565 996 2619 quam
1049 2551 1103 2605 in
1141 2552 1453 2607 universum
1509 2554 1686 2624 erupit
1718 2553 2031 2625 collegium,
2091 2564 2147 2609 ut
2187 2556 2255 2610 ad
2281 2556 2405 2611 ulti-

827 2653 997 2705 unum,
1026 2654 1148 2694 cum
1181 2648 1359 2695 tumor
1409 2641 1585 2696 nimia;
1620 2642 1981 2698 animositatis
2015 2652 2071 2698 et
2100 2643 2325 2699 insaniae
2354 2646 2405 2700 in

824 2742 890 2781 eo
920 2744 1260 2800 nequaquam
1292 2731 1507 2799 reprimi
1536 2731 1782 2796 valuerit,
1826 2746 1926 2787 nec
1960 2733 2257 2803 regularem
2293 2735 2404 2804 pati

823 2819 1159 2890 disciplinam
1217 2821 1554 2890 aliquatenus
1602 2822 1952 2891 adquieverit,
2010 2824 2259 2893 demptus
2305 2839 2402 2879 cu-

822 2907 961 2964 cullo
989 2910 1314 2964 monasterio
1337 2909 1647 2980 pelleretur.
1680 2911 1732 2964 ld
1754 2911 2063 2980 imperatori
2092 2913 2245 2982 (410)
2268 2928 2401 2967 con-

822 2999 975 3053 tinuo
1001 2999 1297 3053 nuntiatur.
1340 2998 1581 3066 Iussum,
1612 3000 1761 3054 illum
1786 3001 1993 3067 abradi,
2018 3001 2289 3073 aliumque
2305 3020 2401 3072 pro

821 3102 886 3141 eo
923 3087 1167 3142 asscribi.

887 3180 1010 3233 117.
1063 3178 1194 3234 Cum
1223 3179 1311 3234 diu
1342 3179 1426 3235 his
1447 3188 1788 3250 quereretur,
1846 3197 2142 3252 omnesque
2176 3199 2400 3254 prorsus

2522 2007 2859 2077 dispendium
2909 2008 3145 2078 perpessi
3183 2022 3286 2061 non
3326 2008 3592 2061 modicum
3616 2035 3686 2045 —-
3711 2022 3832 2059 nam
3863 2006 4089 2059 navibus

2520 2096 2753 2162 invasis,
2809 2096 2961 2166 plura
3002 2112 3217 2151 suorum
3242 2096 3556 2159 amiserant,
3590 2124 3657 2134 —-
3688 2104 3807 2164 post
3833 2097 4080 2165 quaedam

2517 2194 2730 2253 recepta
2762 2184 3071 2254 Hispaniam
3091 2186 3280 2239 tendit.
3308 2183 3661 2238 Barcinonam
3692 2183 3782 2218 ¹⁶⁹⁵
3801 2185 4090 2247 venientes,

2513 2272 2821 2339 quindecim
2852 2272 3042 2326 diebus
3074 2280 3374 2335 morantur,
3411 2273 3582 2327 donec
3612 2273 3832 2327 nuntius
3866 2271 4093 2327 Tortose

2515 2360 2711 2414 missus
2740 2370 2841 2414 est.
2875 2361 2949 2415 Ea
2972 2363 3141 2431 prima
3172 2362 3311 2431 regis
3345 2360 3771 2415 Sarracenorum
3801 2371 3937 2417 erat.
3971 2362 4086 2416 Dux

2512 2450 2768 2506 continuo
2791 2466 2883 2505 eos
2913 2467 3206 2522 prOperare
3230 2451 3485 2522 resignat,
3514 2461 3872 2520 exceptusque
3899 2467 4086 2505 mense

2514 2542 2721 2611 integro
2751 2542 2976 2607 detinet,
3014 2542 3188 2612 adque
3218 2540 3284 2594 ad
3319 2554 3533 2595 omnem
3565 2541 3774 2610 cepiam
3804 2550 4083 2610 procurat,

2516 2632 2688 2686 donec
2734 2632 2971 2686 velocius
3019 2633 3131 2701 regi
3179 2631 3440 2684 Corduba:
3493 2630 3763 2694 nuntiati,
3804 2632 3870 2684 de
3921 2646 4080 2683 exce-

2508 2724 2695 2795 ptione
2720 2738 2905 2777 eorum
2939 2739 3035 2793 per
3062 2722 3299 2792 singulas
3346 2720 3593 2774 civitates
3638 2721 3715 2774 vel
3764 2721 3878 2775 loca
3927 2722 4086 2789 digne

2507 2816 2651 2883 regia
2694 2815 3001 2867 mandatum
3053 2820 3134 2866 est
3186 2811 3620 2865 honorificentia.
3669 2811 3909 2864 Tandem
3951 2812 4083 2866 Cor-

2505 2906 2699 2959 duham
2752 2905 2954 2973 regiam
3012 2906 3201 2958 urbem
3252 2902 3503 2965 deducti,
3560 2918 3588 2955 a
3641 2903 3845 2971 palatio
3891 2904 4083 2958 domus

2504 2996 2745 3063 quaedam
2796 2995 3004 3047 duobus
3051 2991 3163 3046 fere
3213 2991 3424 3045 milibus
3476 2992 3683 3046 distans
3722 2993 3800 3047 eis
3825 3005 3907 3048 est
3935 2994 4069 3048 dele

2502 3094 2661 3156 gata;
2706 3085 2797 3137 ubi
2830 3082 3049 3154 regifico
3092 3083 3213 3122 ³⁸⁸⁵·
3246 3082 3370 3134 luxu
3427 3082 3677 3134 omnibus
3727 3083 3889 3135 etiam
3938 3098 4075 3151 prac-

2507 3188 2587 3229 ter
2636 3190 2791 3227 usum
2843 3172 3122 3237 exhibitis,
3152 3186 3249 3241 per
3280 3169 3566 3225 nonnullos
3603 3171 3719 3224 dies
3745 3172 3919 3225 coacti
3948 3182 4073 3226 sunt

816 3274 1145 3346 refugerent,
1194 3289 1293 3329 nec
1341 3276 1393 3329 in
1436 3284 1582 3330 tanta
1637 3278 2055 3347 congregatione
2105 3280 2393 3348 quisquam
2427 3245 2469 3303 C
2502 3265 2785 3319 remorari-

815 3366 1046 3421 inveuiri
1078 3375 1280 3437 posset,
1328 3368 1419 3437 qui
1445 3383 1504 3422 se
1530 3367 1581 3422 id
1613 3369 1829 3438 aggredi
1874 3369 1981 3423 ullo
2032 3372 2192 3424 modo
2238 3386 2396 3440 posse

814 3456 1093 3521 fateretur,
1150 3455 1425 3513 Johannes
1464 3467 1684 3528 repente
1716 3459 1845 3512 nihil
1879 3459 2287 3515 cunctabundus
2337 3476 2395 3515 se

813 3545 1088 3599 ultroneus
1116 3543 1292 3600 oﬂ‘ert.
1332 3546 1542 3601 Abbate
1579 3547 1971 3616 aliquantulum
1995 3564 2137 3617 aegre
2161 3547 2389 3615 ferente,

813 3632 975 3700 quod,
1019 3632 1071 3686 in
1099 3648 1221 3688 eum
1254 3642 1363 3688 tota
1396 3651 1453 3689 re
1479 3636 1792 3690 monasterii
1824 3636 2187 3702 incumbente,
2238 3648 2392 3709 grata

812 3724 927 3792 ipse
951 3723 1129 3793 quiete
1149 3725 1471 3794 potiebatur,
1534 3741 1598 3781 eo
1621 3742 1916 3796 numquam
1948 3729 1992 3782 si
2022 3738 2168 3783 esset
2218 3731 2390 3798 possi-

810 3818 918 3872 hile
952 3819 1224 3874 abstinere
1268 3828 1545 3888 pateretur
1573 3837 1588 3887 ;
1648 3822 1773 3876 vicit
1800 3830 1977 3875 tamen
2006 3822 2265 3891 perfectio
2298 3838 2390 3877 ca-

816 3911 1013 3973 ritatis,
1067 3925 1186 3979 quae
1221 3926 1325 3965 non
1369 3914 1560 3981 quaerit
1588 3928 1705 3982 qum
1748 3928 1843 3966 sua
1899 3923 2043 3979 sunt,
2090 3914 2183 3967 sed
2214 3915 2391 3983 potius

813 4015 931 4067 quae
952 4000 1269 4055 alienorum.
1310 4000 1480 4055 Simul
1513 4004 1636 4072 quia
1683 4005 1894 4059 videbat
1923 4006 2094 4059 virum
2136 4007 2388 4077 cupidqu

806 4102 926 4143 esse
978 4090 1228 4155 martirii,
1277 4092 1321 4146 si
1354 4091 1464 4146 fors
1514 4093 1586 4145 ita
1641 4093 1892 4157 tulisset,
1956 4094 2172 4149 Christo
2208 4098 2388 4165 potius

807 4180 1175 4235 transmittere
1207 4197 1367 4251 quam
1400 4184 1513 4238 suis
1547 4185 1749 4253 Optavit
1797 4186 2210 4240 necessitatibus
2253 4188 2384 4241 reti-

804 4283 953 4323 nere.
994 4268 1069 4323 Ita
1094 4284 1345 4326 assensus
1375 4272 1688 4342 imperatori
1718 4290 1783 4328 ex
1822 4274 2087 4345 legatione
2117 4276 2384 4347 episcopi,

802 4356 1076 4413 Iohannes
1122 4358 1388 4429 dirigitur.
1445 4360 1741 4431 Imperator
1797 4362 1964 4418 multo
2014 4363 2116 4418 hoc
2157 4365 2385 4435 amplius

803 4447 1117 4516 delectatus,
1142 4464 1302 4519 quem
1339 4459 1500 4507 aetate
1524 4461 1579 4507 et
1609 4453 1897 4522 prudentia
1947 4452 2014 4507 ad
2063 4455 2117 4509 id
2178 4457 2382 4526 negotii

801 4539 1124 4596 omnimodis
1168 4541 1418 4597 idoneum
1464 4543 1797 4607 advertebat,
1852 4546 2104 4600 mandata
2137 4562 2257 4601 cum
2291 4547 2382 4601 lit-

2570 3358 2693 3412 119.
2735 3355 3133 3425 (DCCCCLIV.)
3189 3355 3321 3408 Cum
3363 3353 3474 3421 jam
3522 3369 3795 3408 morarum
3844 3355 4069 3418 tederet,

2497 3465 2699 3519 curque
2748 3449 3034 3518 praesentia
3082 3446 3228 3517 regis
3280 3446 3480 3500 tamdiu
3536 3446 3937 3511 retinerentur,
4004 3446 4074 3501 ab

2498 3540 2580 3593 his
2602 3540 2689 3609 qui
2715 3554 2771 3592 se
2794 3539 3157 3607 procurabant
3179 3537 3559 3605 disquirerent,
3586 3537 3789 3591 dictum
3820 3546 3924 3602 est,
3947 3539 4073 3608 quia

2497 3630 2669 3684 nuntii
2701 3631 2848 3699 prius
2878 3631 3029 3683 missi
3066 3645 3092 3681 a
3120 3643 3242 3698 rege
3287 3638 3474 3683 nostro
3520 3629 3752 3683 triennio
3780 3639 3941 3683 erant
3975 3632 4071 3685 de-

2498 3725 2650 3791 tcnti,
2683 3739 2740 3778 se
2765 3733 2845 3779 ter
2869 3732 3095 3785 tantum,
3131 3721 3179 3775 id
3211 3730 3294 3775 est
3324 3736 3510 3775 novem
3540 3737 3728 3785 annos,
3759 3722 4065 3776 condictum

2495 3827 2615 3868 esse
2641 3828 2669 3866 a
2697 3820 2989 3881 conspectu
3021 3812 3167 3881 regio
3198 3810 3474 3863 abstineri.
3508 3810 3714 3863 Interea
3751 3810 3971 3880 quidam
4000 3827 4067 3870 ex

2494 3905 2691 3975 palatio
2736 3904 2859 3957 illuc
2886 3903 3030 3957 viros
3067 3904 3238 3956 visum
3287 3904 3569 3956 venientes
3612 3917 3939 3971 causamque
3971 3904 4069 3975 ad-

2492 4004 2682 4048 ventus
2734 4008 2919 4047 eorum
2977 4001 3411 4062 percunctantes,
3461 3993 3586 4045 dum
3643 3992 3836 4047 callide
3874 4002 4065 4047 cuncta

2490 4087 2793 4155 explorant,
2841 4084 3082 4152 nihilque
3112 4083 3180 4137 ab
3203 4084 3281 4136 eis
3313 4083 3447 4137 certi
3480 4083 3807 4152 acciperent,
3846 4084 3935 4152 qui
3963 4084 4063 4137 sibi

2490 4178 2594 4232 nisi
2646 4177 2894 4247 praesenti
2944 4176 3056 4245 regi
3113 4175 3364 4229 mandata
3419 4175 3671 4243 cuiquam
3721 4176 3936 4229 edicere
3984 4175 4063 4229 fas

2491 4270 2635 4324 nullo
2665 4270 2825 4324 modo
2847 4283 2967 4323 esse
3003 4268 3271 4328 dicebant,
3304 4267 3379 4320 illi
3405 4266 3517 4335 jam
3549 4278 3742 4321 cuncta
3772 4282 3829 4321 se
3858 4282 4060 4336 praece-

2487 4360 2631 4429 pisse
2653 4356 2955 4426 jactabant,
2983 4366 3036 4410 ct
3064 4356 3187 4425 quia
3219 4364 3405 4410 contra
3451 4356 3595 4427 leges
3636 4357 3875 4426 ipsorum
3915 4356 4057 4408 litte-

2491 4463 2577 4502 ras
2600 4447 2709 4513 regi
2743 4444 3001 4502 afferrent
3030 4446 3385 4514 ultimumque
3412 4446 3491 4500 eis
3522 4447 3640 4500 sine
3670 4446 3830 4500 dubio
3860 4445 4063 4498 instare

2490 4537 2812 4609 periculum,
2844 4538 2970 4607 quia
2993 4547 3047 4592 et
3072 4538 3184 4607 ipse
3209 4535 3321 4605 jam
3348 4536 3525 4590 littere
3555 4537 3606 4589 in
3632 4536 3887 4590 noticiam
3915 4537 4061 4604 priu-

802 4629 941 4683 leris
971 4645 1066 4685 seu
1109 4632 1426 4689 muneribus
1462 4634 1805 4705 imperatoris
1826 4635 1876 4689 ei
1903 4636 2213 4702 committit,
2247 4651 2382 4706 pm-
2413 4609 2460 4667 D
2486 4630 2664 4699 cipum
2695 4628 3056 4684 devenissent.
3092 4628 3157 4682 Et
3186 4642 3399 4689 revera,
3427 4640 3753 4695 quamquam
3784 4625 3905 4680 dolo
3933 4640 4067 4679 cou-

798 4718 1106 4791 dictumque
1160 4721 1553 4779 Virdunensem
1609 4724 1809 4793 (HI),
1867 4726 1953 4780 cui
2014 4740 2209 4781 nomen
2260 4736 2379 4781 erat

797 4809 1187 4878 Ermenhardo,
1237 4812 1442 4867 sociqu
1470 4814 1540 4869 ob
1582 4813 1822 4869 iocorum
1868 4815 2254 4885 regionumque
2282 4830 2375 4871 no-

798 4901 970 4956 titiam
995 4901 1125 4957 facit
1152 4920 1167 4967 ;
1220 4905 1305 4959 cui
1338 4920 1559 4960 munera
1592 4907 1732 4961 tradi
1761 4905 2033 4961 Johannes
2052 4907 2375 4976 expostulat,

2488 4718 2689 4789 tigerit,
2740 4718 2810 4772 ita
2840 4726 2977 4772 erat.
3017 4716 3149 4772 Nam
3180 4732 3209 4770 a
3240 4716 3460 4770 civitate
3506 4716 3661 4770 Tullo
3705 4726 3902 4770 nostra:
3932 4730 4058 4785 pro-

2486 4811 2696 4875 vinciae,
2748 4810 3001 4865 comitem
3046 4808 3283 4879 episcopi
3336 4807 3493 4879 legati
3554 4808 3815 4872 defuncti,
3856 4808 3923 4862 de
3952 4822 4061 4875 quo

2487 4905 2688 4959 dictum
2752 4911 2856 4966 est,
2898 4901 3168 4970 quendam
3203 4914 3385 4955 secum
3444 4900 3802 4968 presbiter-um
3846 4913 4055 4951 assum-

2070 5058 2303 5114 VARl/E
2340 5056 2747 5114 LECTIONES.

870 5166 960 5197 “"
987 5165 1097 5219 adit
1120 5181 1166 5220 c.
1246 5166 1341 5199 ’⁸⁸⁸
1369 5183 1442 5222 m.
1480 5168 1516 5222 i.
1540 5182 1590 5222 e.
1624 5184 1696 5222 In.
1742 5185 1768 5222 ε
1807 5171 1941 5223 coni.

796 5236 975 5307 medie
990 5233 1235 5307 Labbeus
1246 5239 1487 5307 explevit.

796 5319 823 5356 e
861 5306 997 5359 coni.
1097 5305 1189 5337 ¹⁶⁹⁸
1218 5305 1330 5375 jam
1365 5324 1411 5360 c.
1443 5306 1704 5362 Viennam
1738 5308 1945 5361 Mabill.

2022 5170 2114 5206 """
2142 5170 2201 5224 V.
2229 5186 2283 5240 q.
2312 5187 2365 5242 g.
2396 5188 2442 5224 e.
2475 5170 2611 5242 torti.

1567 5238 1657 5272 ¹⁶⁹⁰
1687 5239 1831 5293 ditur
1856 5239 1916 5294 Ο.
1943 5254 1995 5293 a.
2024 5252 2071 5291 e.
2103 5253 2151 5293 (ι.
2182 5256 2226 5294 s.
2250 5238 2360 5308 ipfe
2382 5242 2515 5294 coni.

2030 5310 2119 5345 ’⁸⁸⁸
2160 5304 2502 5365 Bantinonattt
2531 5326 2578 5364 c.
2654 5308 2743 5341 ¹⁶⁹⁵
2780 5304 3018 5375 regificio
3050 5320 3096 5357 c.

2692 5169 2783 5201 ¹⁶⁸⁸
2805 5182 2856 5223 ο.
2880 5181 2933 5235 p.
2958 5179 3009 5217 ν.
3044 5174 3081 5218 t.
3110 5180 3137 5217 e
3168 5163 3313 5235 coni.
3385 5162 3772 5235 "f'_neg.......
3795 5157 4054 5219 fratrum;

2595 5238 2683 5270 ⁸⁸⁹¹
2702 5254 2773 5291 m.
2807 5238 2857 5289 in
2878 5229 2924 5288 ὲ.
2951 5235 3088 5288 coni.
3169 5234 3258 5267 “"
3282 5233 3403 5287 licet
3427 5229 3716 5287 Iohannem
3741 5229 4054 5299 Scarponna

2308 5439 2534 5495 NOTAE.
