4472 5522
803 395 910 450 303

1695 399 1972 454 JOANNIS
2012 402 2298 455 ABBATIS
2340 403 2396 454 S.
2443 403 2743 458 ARNULFI
2783 405 3123 462 METENSIS

3924 414 4059 484 sor

804 512 1115 564 scandalum
1164 510 1258 565 tibi
1310 511 1540 579 tuisque,
1585 511 1726 565 nulla
1758 516 1988 568 instante
2023 515 2361 576 necessitate,
2397 520 2437 575 Α
2473 525 2572 577 tur,
2604 526 2763 584 atque
2790 535 2850 570 ex
2885 521 2996 588 ipso
3033 521 3159 588 quid
3205 521 3339 588 apud
3389 536 3445 574 se
3495 522 3803 590 prmﬁuierit
3831 539 4026 592 quere-

803 602 1318 670 pernitiosissimum
1346 605 1640 659 concitare.
1668 623 1686 656 ι

870 692 990 747 125.
1044 683 1315 748 Johannes
1359 693 1635 764 paululum
1683 695 2040 750 commotior:
2093 715 2110 747 ι
2145 695 2357 760 Alium”,

798 781 1006 850 inquid,
1057 796 1218 851 quam
1262 791 1336 848 te,
1382 784 1472 852 qui
1510 782 1710 838 videris
1746 785 2046 855 episcopus,
2089 787 2205 840 hmc
2240 800 2362 854 pro-

795 873 939 929 ferre
970 872 1242 928 decuerat.
1269 872 1402 928 Cum
1427 874 1502 930 sis
1527 875 1672 930 enim
1700 874 1821 931 fidei
1849 885 2106 941 assertor,
2140 876 2362 946 ejusque

797 972 848 1016 te
875 962 1074 1032 gradus
1101 962 1292 1018 celsior
1317 963 1560 1033 posuerit
1583 964 1745 1019 etiam
1776 963 2138 1028 defensorem,
2171 965 2361 1020 timore

794 1052 1030 1106 humano
1082 1067 1112 1106 a
1150 1051 1376 1107 veritate
1419 1053 1757 1123 praedicanda
1801 1052 1994 1107 nedum
2036 1053 2170 1108 alios
2212 1068 2360 1108 com-

793 1152 1040 1207 pescere,
1083 1139 1178 1195 sed
1223 1154 1323 1195 nec
1369 1148 1423 1195 te
1472 1140 1645 1211 ipsum
1688 1142 1970 1210 oportebat
2023 1141 2352 1204 subducere;

791 1241 845 1287 et
867 1232 1057 1287 melius
1100 1234 1320 1289 omnino
1349 1234 1543 1302 fuerat,
1581 1237 1851 1292 hominem
1879 1238 2244 1293 Christianum
2272 1237 2354 1292 fa-

789 1323 892 1377 mis
921 1338 1084 1393 grave
1125 1323 1271 1380 ferre
1308 1325 1669 1396 dispendium,
1699 1342 1860 1397 quam
1888 1328 2024 1383 cibis
2049 1330 2116 1382 ad
2146 1329 2358 1382 destru-

787 1415 1021 1469 ctionem
1066 1415 1296 1470 aliorum
1343 1418 1645 1472 consociari
1687 1418 1986 1488 gentilium.
2042 1419 2124 1474 Ad
2165 1420 2265 1475 hoe
2301 1429 2356 1474 et

789 1505 933 1575 quod
984 1507 1130 1562 omni
1177 1507 1454 1563 catholicae
1482 1508 1707 1564 ecclesie
1733 1510 2047 1565 detestabile
2075 1519 2158 1565 est
2186 1521 2240 1565 et
2263 1526 2356 1566 ne-

791 1597 1011 1663 farium,
1044 1598 1108 1653 ad
1131 1598 1293 1652 ritum
1317 1613 1503 1653 eorum
1529 1613 1625 1654 vos
1648 1599 1806 1654 audio
1832 1601 2202 1666 circumcisos,
2230 1615 2352 1654 cum

787 1692 946 1746 fortis
977 1691 1245 1746 sententia
1283 1691 1528 1760 Apostoli
1577 1691 1872 1746 reclamet:
1905 1691 1964 1746 Si
2009 1692 2353 1744 circumcida-

786 1781 940 1846 mini,
965 1780 1204 1834 Christus
1226 1780 1366 1834 vobis
1398 1780 1527 1833 nihil
1559 1781 1787 1848 proderit
1812 1780 2010 1850 (Galat.
2029 1795 2082 1845 ν,
2100 1780 2351 1848 2).,1ιθιιι-

2469 617 2604 673 rent,
2638 610 2872 678 nihilque
2905 612 3222 664 inmutatum
3253 627 3281 665 a
3311 614 3500 681 primis
3546 615 3712 667 initiis
3759 618 4031 668 renuntia-

2468 708 2606 764 rent,
2661 716 2753 754 rex
2807 701 3066 755 miraculo
3126 712 3288 756 tanta:
3344 704 3658 757 constantiae
3715 705 3768 758 in
3819 705 4031 758 diversa

2462 796 2747 866 agebatur;
2780 805 2833 850 et
2871 797 3045 865 primo
3081 799 3298 867 quidem
3333 807 3535 852 terrere
3573 813 3694 852 eum
3727 799 3844 869 plus
3884 811 4035 853 metu

2461 883 2910 950 Christianorum,
2941 887 3030 956 qui
3056 902 3221 958 regno
3245 888 3360 958 ejus
3382 889 3548 943 libere
3577 890 3771 944 divinis
3811 891 4035 961 suisque

2463 973 2622 1028 rebus
2674 976 2979 1041 utebantur,
3032 991 3188 1047 posse
3232 979 3477 1041 credens,
3527 979 3614 1033 die
3662 982 3891 1048 quadarn
3921 998 4030 1050 qua

2460 1060 2726 1117 dominica
2755 1073 2872 1118 erat
2901 1064 2949 1117 ei
2982 1065 3260 1134 epistolam
3308 1067 3518 1136 plenam
3566 1071 3828 1124 minarum
3859 1072 4028 1125 misit.

2460 1150 2553 1207 His
2580 1154 2720 1207 enim
2747 1163 2951 1208 tantum
2983 1155 3173 1211 diebus
3198 1157 3522 1222 Dominicis,
3552 1169 3642 1213 aut
3689 1161 3730 1214 si
3761 1162 3850 1230 qui
3880 1160 4030 1216 festae

2459 1252 2655 1295 nostra:
2705 1242 2978 1312 religionis
3030 1253 3188 1300 erant
3243 1248 3500 1312 maximi,
3532 1247 3736 1303 Natalis
3791 1250 4025 1312 Domini,

2457 1328 2899 1398 Epiphaniorum,
2952 1331 3192 1399 Pascha,
3219 1334 3601 1400 Aseensionis,
3652 1336 4024 1402 Pentecostes,

2456 1416 2627 1470 sancti
2683 1415 2966 1482 Johannis,
3034 1420 3421 1488 apostolorum,
3484 1432 3578 1476 aut
3626 1425 4027 1480 nominatorum

2454 1513 2608 1558 erant
2663 1515 2994 1572 sanctorum,
3047 1509 3113 1563 ad
3186 1511 3482 1566 ecclesiam
3535 1515 3858 1581 proximam,
3906 1531 4026 1584 qua:

2453 1604 2569 1646 erat
2608 1595 2659 1648 in
2691 1597 2894 1651 honore
2924 1599 3096 1651 sancti
3133 1598 3365 1664 Martini,
3392 1602 3837 1668 permittebantur
3863 1619 4021 1659 acce-

2453 1683 2596 1745 dere,
2624 1685 2935 1739 custodibus
2964 1686 3086 1741 hinc
3119 1687 3241 1741 Inde
3272 1689 3578 1753 duodecim,
3606 1705 3740 1758 quos
3775 1692 4023 1760 sagiones

2451 1784 2662 1838 vocant,
2711 1790 2769 1828 se
2820 1775 3208 1831 deducentibus
3261 1777 3374 1830 ωδ.
3409 1777 3542 1831 Cum
3578 1793 3707 1848 ergo
3755 1795 3816 1834 ea
3851 1781 4024 1834 domi-

783 1887 888 1939 que
919 1872 985 1926 de
1028 1872 1184 1934 cibis,
1215 1886 1351 1940 quos
1397 1869 1571 1940 gratia
1607 1869 1995 1924 communionis
2042 1884 2229 1924 eorum
2258 1870 2350 1922 ah-
2381 1865 2426 1924 Β
2457 1865 2549 1916 llic:

2258 1865 2571 1924 ab-Blllt‘a
2627 1864 2692 1916 ad
2752 1864 3051 1918 :ecclesiam
3106 1867 3483 1935 processisset,
3544 1867 3595 1920 in
3660 1868 3775 1936 ipso
3828 1869 4021 1922 itinere

782 1963 1132 2018 hominamini
1165 1980 1177 2015 :
1203 1961 1391 2016 Omnia
1427 1962 1622 2015 munda
1651 1961 1857 2015 mundis
1888 1960 2013 2033 (Tit.
2043 1977 2078 2024 ι,
2111 1961 2233 2030 15);
2261 1970 2344 2014 et:

782 2049 955 2104 Erunt
984 2050 1219 2104 doctores
1251 2050 1515 2120 vaniloqui
1553 2061 1600 2104 et
1635 2050 1930 2104 seductores
1979 2051 2215 2103 docentes
2253 2051 2346 2102 illa

781 2152 827 2194 et
866 2141 981 2205 illa,
1005 2151 1052 2194 et
1081 2143 1214 2195 inter
1243 2152 1432 2196 caetera
1463 2142 1719 2196 abstinere
1761 2159 1792 2194 α
1832 2141 1981 2207 cibis,
2030 2158 2158 2211 quos
2207 2142 2346 2196 Deus

778 2229 970 2283 creavit
1031 2230 1293 2299 percipere
1342 2245 1457 2282 cum
1513 2229 1804 2298 gratiarum
1854 2231 2056 2282 actione
2103 2229 2346 2298 ﬁdelibus

773 2321 899 2392 (Tit.
935 2337 972 2385 ι,
1023 2321 1119 2384 10;
1180 2320 1208 2374 1
1240 2319 1373 2374 Tim.
1423 2336 1495 2386 IV,
1528 2321 1602 2389 5),
1659 2317 2156 2388 et:Sanctiﬁcatur
2203 2322 2338 2374 enim

772 2426 864 2480 per
899 2408 1104 2463 verbum
1137 2407 1232 2462 Dei
1257 2419 1302 2461 et
1331 2409 1615 2463 orationem
1644 2407 1693 2477 (I
1725 2406 1858 2461 Tim.
1885 2423 1958 2472 Iv,
1986 2408 2061 2477 5).
2089 2427 2107 2460 ι
2127 2410 2192 2463 At
2215 2408 2302 2463 ille
2329 2427 2339 2462 :

779 2519 796 2550 α
827 2498 1150 2563 Necessitas,
1177 2499 1371 2568 inquit,
1405 2515 1502 2554 nos
1530 2498 1884 2569 constringit;
1930 2515 2054 2553 nam
2081 2500 2236 2554 aliter
2267 2502 2345 2555 eis

771 2591 1118 2645 cohabitandi
1157 2591 1312 2646 nobis
1349 2591 1500 2659 copia
1537 2605 1641 2645 non
1671 2601 1846 2654 esset;
1875 2591 2002 2660 quin
2034 2599 2084 2645 et
2115 2607 2142 2644 a
2175 2591 2342 2661 majo-

768 2681 920 2735 ribus
958 2679 1222 2750 longeque
1254 2680 1552 2747 antiquitus
1597 2678 1853 2732 traditum
1889 2680 2341 2748 observatumque

768 2772 837 2824 ita
871 2781 1134 2825 tenemus.
1159 2799 1227 2809 —
1251 2769 1578 2838 Numquam,
1621 2767 1880 2832 Joannes,
1927 2769 2119 2838 inquit,
2154 2769 2204 2821 id
2243 2784 2339 2837 ap-

765 2861 1135 2930 probaverim,
1187 2869 1247 2914 ut
1292 2867 1460 2926 metu,
1503 2873 1712 2924 amore,
1762 2859 1843 2912 vel
1877 2857 2060 2912 favore
2097 2858 2337 2920 mortali,

771 2951 950 3005 divina
1027 2949 1495 3018 transgrediuntur
1547 2957 1769 3002 statuta.
1848 2947 1970 3001 Illos
2038 2950 2052 2966 '
2112 2947 2254 3001 enim
2321 2953 2338 2965 '

769 3043 893 3095 inde
915 3044 931 3060 '
951 3041 1038 3073 ¹⁷¹⁸
1062 3039 1296 3094 deﬂexos
1313 3038 1463 3094 vobis
1491 3054 1631 3093 nunc
1647 3053 1745 3107 pro
1763 3039 2082 3093 auctoritate
2106 3041 2122 3057 '
2151 3039 2297 3093 abuti
2322 3041 2335 3057 '

763 3132 959 3186 videtis
982 3132 997 3150 ‘
1033 3130 1125 3161 ¹⁷²⁰
1153 3168 1166 3183 .
1195 3168 1209 3182 .
1237 3169 1250 3184 .
1281 3167 1294 3181 .
1324 3168 1336 3182 .
1363 3129 1515 3183 vobis
1545 3143 1632 3183 res
1666 3127 1828 3182 fuerit
1866 3142 2180 3192 consensus,
2215 3143 2335 3183 eum

2450 1952 2673 2021 epistola
2712 1952 2758 2006 ei
2805 1963 3051 2020 porrecta
3093 1962 3196 2009 est.
3248 1954 3308 2006 Et
3340 1955 3466 2022 quia
3499 1963 3662 2009 cartze
3708 1956 4022 2023 magnitudo

2448 2075 2517 2083 —
2543 2060 2662 2097 nam
2691 2045 2889 2114 quadra
2919 2045 3069 2112 pellis
3089 2047 3329 2100 vervecis
3349 2055 3466 2100 erat
3490 2076 3558 2085 —
3587 2047 3824 2100 terrebat
3853 2044 3946 2077 "‘5
3977 2053 4014 2108 ',

2451 2151 2515 2188 ne
2543 2137 2558 2154 ‘
2587 2152 2616 2189 a
2660 2142 2674 2157 ‘
2709 2137 3085 2190 communione
3120 2142 3136 2154 '
3179 2137 3269 2166 ⁸⁷⁸⁸
3301 2150 3576 2190 sacrorum
3625 2151 3730 2204 quo
3770 2137 4020 2190 tendebat

2448 2234 2781 2284 avocaretur,
2818 2225 3030 2278 interim
3056 2225 3260 2279 distulit
3285 2226 3496 2296 aperire
3522 2228 3541 2247 ‘
3560 2266 3573 2288 ,
3608 2227 3777 2280 donec
3801 2229 3972 2280 sacris
3999 2230 4015 2246 ‘

2447 2317 2674 2384 peractis
2705 2319 2720 2335 ‘
2751 2317 2842 2356 "8‘
2883 2317 2948 2369 ad
2983 2317 3337 2371 diversorium
3370 2326 3691 2372 remearent.
3740 2317 3808 2371 Ut
3844 2317 4016 2371 revol-

2447 2407 2540 2469 vit,
2601 2407 2852 2459 terrentia
2902 2408 3146 2474 qumdam
3187 2422 3305 2476 qua:
3348 2408 3366 2431 '
3406 2407 3503 2460 sibi
3541 2407 3889 2476 contingere'
3923 2408 4013 2437 '7"

2446 2505 2665 2563 possent
2693 2496 2912 2560 invenit,
2950 2512 3048 2551 nec
3080 2513 3335 2565 umquam
3379 2497 3511 2550 alias
3561 2499 3632 2551 ita
3675 2513 3732 2553 se
3759 2497 3878 2552 ullis
3911 2507 4019 2551 ter-

2447 2588 2656 2641 roribus
2691 2588 2953 2656 percitum
2981 2587 3263 2642 confessus
3302 2592 3318 2608 '
3355 2597 3437 2642 est
3477 2595 3514 2641 '.

2517 2679 2635 2732 125.
2682 2677 2812 2731 Nam
2864 2684 2879 2700 '
2923 2680 3014 2712 ¹⁷¹⁸
3056 2689 3178 2749 post
3223 2681 3406 2745 multa,
3457 2697 3574 2750 qua:
3605 2683 3653 2736 ei
3703 2682 3807 2736 nisi
3848 2680 4018 2748 jussis

2445 2769 2586 2836 regis
2643 2769 2996 2822 assentiretur
3048 2771 3535 2835 comminabantur,
3595 2771 3790 2840 quibus
3833 2781 4012 2825 tamen

2442 2854 2586 2908 nullo
2611 2854 2766 2908 modo
2797 2857 2811 2874 ‘
2838 2870 2896 2909 se
2921 2859 2936 2876 '
2968 2865 3170 2909 motum
3199 2860 3212 2876 ‘
3247 2858 3337 2894 "’9
3364 2857 3528 2912 fuisse
3554 2866 3783 2913 testatus
3810 2869 3910 2922 est,
3943 2860 4016 2912 ad

2443 2945 2558 2997 ha‘c
2589 2944 2834 2997 ultimum
2877 2944 3136 2998 insertum
3187 2953 3290 3010 est,
3323 2948 3466 3014 quod
3509 2948 3552 3000 si
3602 2948 3774 3016 ipsum
3819 2948 4012 3002 interi-

2443 3043 2635 3097 meret,
2661 3033 2862 3086 nullum
2896 3033 2946 3086 in
2978 3042 3088 3087 tota
3119 3033 3330 3104 lspania
3360 3035 3723 3090 Christianum
3763 3038 3886 3090 vita:
3926 3052 4012 3090 re-

2441 3122 2725 3192 linqueret,
2778 3122 2871 3176 sed
2926 3137 3114 3177 omnes
3171 3124 3347 3193 gladio
3418 3125 3726 3180 trucidaret.
3794 3125 4013 3179 Addeus

762 3222 943 3276 dolere
989 3235 1093 3275 non
1139 3235 1313 3290 neque
1361 3234 1446 3273 am
1474 3257 1522 3271 ..
1557 3255 1571 3270 .
1597 3257 1611 3272 .
1644 3234 1750 3287 qua
1775 3233 2012 3272 amorem
2045 3219 2222 3272 facere
2254 3219 2330 3272 vi-
2363 3199 2407 3260 Ο
2442 3215 2577 3268 hoc:
2629 3232 2646 3264 ι
2699 3213 2910 3282 Cogita,
2959 3213 3149 3281 inquit,
3202 3223 3332 3282 quot
3377 3216 3678 3269 animarum
3711 3225 3928 3284 propter
3961 3225 4012 3268 te

760 3311 960 3365 demini
987 3310 1134 3379 regni
1157 3309 1441 3374 caelorum;
1467 3309 1719 3378 quoniam
1749 3308 1826 3361 eis
1850 3323 1944 3362 vos
1971 3309 2328 3363 necessitate'

759 3403 1115 3458 constrictos‘
1153 3402 1451 3456 assentire'
1505 3401 1594 3436 ¹’¹¹
1639 3399 1904 3464 fatemini,
1957 3399 2088 3453 mihi
2147 3399 2331 3469 procul

760 3494 844 3547 his
890 3492 1303 3546 necessitatibus
1347 3489 1546 3544 Christi
1584 3489 1758 3560 gratia
1792 3489 1984 3554 libero,
2021 3490 2157 3542 fixus
2182 3490 2195 3507 ‘
2228 3489 2332 3542 Do-

757 3583 937 3637 miuo'
987 3583 1076 3624 "’I’
1128 3581 1421 3636 miserante
1469 3587 1577 3634 stat
1617 3579 1848 3644 animus,
1877 3578 2020 3648 quod
2046 3577 2190 3632 nullo
2223 3587 2329 3633 ter-

758 3689 905 3737 rore,
948 3673 1233 3728 allectione
1262 3673 1346 3727 vel
1376 3673 1567 3742 gratia,
1617 3673 1685 3725 ab
1724 3672 1963 3742 his-qua:
1989 3672 2330 3741 imperatoris

756 3764 969 3833 suscepi
1008 3764 1273 3818 mandatis
1300 3763 1575 3818 dellectar.
1622 3761 1754 3816 Nam
1802 3777 1901 3816 nec
1946 3763 2064 3817 sine
2103 3763 2326 3831 epistola

756 3850 1020 3922 imperiali
1053 3851 1168 3917 '7",
1203 3852 1362 3906 nullis
1409 3851 1531 3906 inde
1578 3852 1806 3920 demptis
1856 3851 1937 3905 vel
1988 3851 2329 3906 commutatis

754 3958 925 4011 usque
965 3943 1030 3996 ad
1059 3959 1220 3996 unum
1252 3944 1458 4012 apicem
1493 3942 1708 4005 litteris,
1748 3957 1869 3996 eum
1901 3943 2240 4005 conveniam,
2277 3953 2330 3997 et

753 4033 798 4086 si
830 4033 955 4101 quid
986 4041 1177 4086 contra
1213 4047 1273 4086 ea
1303 4033 1588 4100 quisquam
1627 4032 2004 4097 oblatraverit,
2033 4048 2152 4101 qua:
2183 4048 2328 4087 sanze

753 4131 807 4174 et
831 4121 1111 4176 catholica:
1132 4121 1252 4176 fidei
1281 4121 1521 4186 ferimus,
1545 4130 1599 4174 et
1625 4121 1866 4176 diversus
1894 4121 1960 4175 ad
1983 4122 2097 4176 haec
2121 4130 2327 4175 asserta

751 4209 1058 4276 obvenerit,
1081 4210 1261 4280 palam
1286 4209 1555 4272 resistam,
1585 4225 1682 4264 nec
1711 4211 1878 4278 ipsius
1903 4225 2088 4265 amore
2111 4211 2235 4264 vitae
2260 4211 2327 4264 ab

754 4300 1103 4353 attestatione
1136 4299 1382 4354 veritatis
1404 4297 1702 4366 dilfugiam.
1726 4318 1744 4351 ι

823 4388 946 4442 124.
966 4387 1365 4460 (DCCCCLIV.)
1384 4388 1508 4444 Hzec
1537 4389 1646 4459 regi
1673 4388 1808 4443 clam
1837 4389 2171 4443 nuntiantur.
2194 4388 2326 4444 Nam

751 4479 979 4533 necdum
1009 4478 1098 4532 illa
1126 4479 1337 4548 publice
1373 4495 1401 4531 a
1427 4493 1575 4548 rege,
1603 4479 1798 4548 quibus
1821 4479 1950 4533 item
1980 4478 2191 4548 publice
2235 4496 2324 4535 re-

2439 3303 2840 3358 interfectarum
2874 3305 3012 3373 apud
3059 3305 3224 3358 Deum
3276 3321 3401 3361 reus
3445 3307 3577 3370 eris,
3615 3308 3706 3375 qui
3749 3308 3850 3360 nisi
3881 3322 4011 3360 con-

2437 3395 2670 3448 tentione
2702 3405 2812 3459 tua,
2845 3409 2874 3448 a
2901 3409 3008 3463 quo
3038 3409 3222 3463 pacem
3252 3405 3307 3450 et
3336 3395 3560 3451 salutem
3594 3398 3764 3466 magis
3789 3412 4009 3464 sperare

2435 3485 2753 3549 debuerant,
2805 3485 2948 3539 nullo
2994 3484 3098 3538 alio
3145 3494 3295 3538 reatu
3350 3485 3626 3554 peribunt,
3677 3489 3876 3556 quique
3907 3503 4007 3554 pro

2433 3575 2511 3629 eis
2538 3589 2888 3643 quaecumque
2914 3573 3075 3629 velles
3115 3575 3364 3645 Optinere.
3394 3591 3423 3629 a
3456 3577 3609 3632 nobis
3642 3592 3828 3645 posses
3874 3577 3967 3608 ’⁷³⁸³
3989 3617 4007 3642 ,

2434 3663 2514 3716 sin
2549 3671 2692 3716 tanta
2718 3662 3078 3717 obstinatione
3123 3663 3276 3717 nobis
3316 3664 3572 3717 adversus
3612 3664 3948 3733 persisteres.
3983 3684 4000 3714 ι

2435 3753 2528 3807 llis
2555 3754 2605 3806 in
2637 3753 2748 3821 ipsa
2790 3768 2894 3821 qua
2941 3752 3008 3806 ab
3055 3753 3295 3807 meclesia
3348 3753 3638 3823 hospitium
3691 3753 4006 3821 repetebant

2433 3844 2518 3896 via
2549 3843 2707 3896 tacite
2737 3842 3011 3911 perlectis,
3060 3842 3185 3896 dum
3217 3843 3423 3911 magnis
3464 3843 3629 3896 animi
3665 3842 3883 3896 :estibus
3906 3841 4007 3895 ali-

2432 3934 2668 4004 quandiu
2713 3935 2966 4003 agitatur,
3009 3942 3068 3987 ut
3107 3933 3190 3987 vel
3241 3934 3384 4004 quod
3432 3942 3617 3988 contra
3678 3949 3739 3988 ea
3790 3933 4004 3988 consilii

2433 4035 2669 4094 caperet,
2696 4026 2776 4079 vel
2806 4025 3036 4094 qualiter
3059 4026 3126 4078 ad
3174 4026 3284 4080 haec
3327 4026 3437 4095 regi
3488 4025 3826 4089 rescriberet,
3875 4026 4002 4094 quia

2433 4117 2652 4169 non‘”!
2704 4118 2836 4170 satis
2879 4116 3075 4170 litteris
3123 4117 3478 4184 respondendi
3538 4132 3692 4170 usum
3750 4115 4003 4180 habebat,

2433 4215 2652 4275 repente
2692 4206 2969 4258 sententiae
3016 4204 3156 4258 illius
3182 4204 3405 4269 czelitus,
3438 4213 3495 4257 ut
3525 4219 3650 4273 sepe
3679 4205 3833 4259 nobis
3860 4204 3998 4258 fate-

2431 4299 2606 4361 batur,
2653 4297 2915 4350 memoria
2954 4295 3120 4349 menti
3152 4303 3412 4349 terrorem
3443 4310 3656 4349 omnem
3689 4305 4001 4364 metumque

2427 4393 2761 4462 proterruit:
2813 4391 2990 4455 Jacta,
3040 4391 3231 4459 inquit,
3257 4392 3312 4443 in
3362 4390 3586 4444 Domino
3644 4408 3824 4444 curam
3854 4401 3999 4444 tuam

2430 4483 2601 4555 (Psal.
2647 4501 2732 4549 LI,
2761 4485 2873 4553 23),
2906 4495 2958 4539 et
2988 4485 3246 4539 alterius:
3297 4485 3426 4550 Quis
3478 4486 3600 4554 fecit
3639 4503 3695 4540 os
3738 4488 4003 4541 hominis?

748 4572 1055 4640 sponderet,
1091 4570 1340 4623 mandata
1384 4571 1586 4625 directa
1626 4569 1861 4635 fuerant,
1903 4571 1996 4625 sed
2042 4572 2324 4641 episcopus
2355 4560 2404 4619 D
2436 4572 2623 4626 Nonne
2665 4575 2796 4642 ego?
2840 4574 3035 4642 (Exod.
3067 4589 3138 4637 Iv,
3173 4573 3284 4642 ll.)

747 4659 838 4713 ille
862 4659 1195 4728 disquirendi
1228 4667 1436 4714 tantum
1465 4660 1639 4728 gratia
1679 4660 1995 4716 advenerat.
2033 4660 2148 4716 Rex
2175 4661 2326 4716 calli-

748 4747 850 4814 dis,
879 4747 1075 4817 quibus
1096 4747 1346 4803 omnibus
1371 4748 1687 4803 mortalibus
1727 4757 1987 4818 praestare
2005 4749 2320 4820 .dicebatur,

745 4835 1230 4892 consultationibus
1256 4845 1490 4892 mentem
1533 4836 1766 4894 hominis
1806 4839 1963 4894 modo
1991 4838 2114 4902 hac,
2161 4840 2322 4894 modo

743 4925 891 4990 illac,
915 4934 1236 4996 attemptare
1274 4927 1562 4997 excogitat,
1593 4935 1647 4982 et
1676 4936 1948 4997 tamquam
1993 4943 2150 4983 muro
2177 4945 2316 5000 pra:-

743 5013 924 5070 valido
953 5015 1164 5071 diversa
1200 5024 1317 5072 arte
1343 5015 1569 5086 inpulsis
1594 5017 1876 5084 machinis,
1901 5019 1974 5072 ita
2005 5017 2318 5075 firmitatem

743 5104 980 5172 pectoris
1001 5104 1136 5173 ejus,
1154 5106 1198 5161 si
1237 5121 1344 5176 quo
1363 5116 1522 5177 pacto
1538 5107 1968 5177 daretur,_certat
2007 5119 2315 5166 concutere.

746 5194 1124 5266 (DCCCCLV.)
1147 5195 1389 5268 Cumque
1412 5206 1534 5268 post
1568 5213 1805 5253 mensem
1833 5209 1924 5252 aut
1956 5215 2048 5255 sex
2082 5201 2164 5256 vel
2199 5217 2322 5271 sep-

746 5294 853 5339 tem
881 5286 1304 5341 ebdomadarum
1330 5287 1563 5359 spatium
1595 5288 1644 5342 ei
1671 5288 1801 5359 regii
1837 5289 2008 5343 nuntii
2039 5290 2321 5345 mitteren-

2052 5401 2288 5456 VARIAE
2325 5399 2725 5458 LECTIONES.

2499 4663 2621 4715 126.
2679 4661 2796 4714 Mox
2841 4662 3126 4728 hospitium
3170 4661 3488 4730 ingressus:
3542 4683 3559 4714 ι
3595 4663 3785 4718 Frater
3829 4664 4003 4719 Gara-

2427 4766 2643 4816 manne,
2698 4751 2870 4819 inquit
2915 4751 3039 4816 ‘7”,
3070 4751 3210 4804 otius
3253 4750 3466 4820 pellem,
3504 4753 3557 4806 in
3590 4768 3696 4821 qua
3742 4755 4000 4823 quicquid

2425 4840 2646 4910 eloquar
2703 4840 2999 4902 adscribas,
3063 4854 3205 4908 para.
3267 4857 3286 4891 ›
3342 4841 3436 4894 1110
3501 4843 3685 4896 statim
3746 4845 3999 4898 cxibente

2426 4931 2686 4998 quadram
2723 4938 3014 4992 exsectam,
3051 4938 3106 4980 ut
3149 4938 3383 4984 sumeret
3425 4930 3726 5000 imperavit,
3758 4933 3995 4986 calamo-

2428 5037 2533 5090 que
2577 5029 2764 5089 parato
2807 5018 3010 5072 sedenti
3042 5032 3284 5083 exorsus,
3329 5020 3607 5089 scriptoris
3653 5020 3992 5076 veloritatem

2429 5118 2577 5162 tanta
2597 5108 2881 5162 verborum
2906 5107 3056 5174 copia
3085 5109 3229 5172 vicit,
3271 5118 3329 5162 ut
3364 5123 3713 5178 sepenumero
3739 5112 3989 5179 scriptor,

2427 5201 2553 5255 dmn
2605 5200 2827 5268 plurima
2868 5199 3243 5267 jungerentur,
3291 5215 3350 5253 se
3387 5215 3489 5253 non
3542 5216 3697 5269 posse
3739 5204 3992 5268 excipere

2427 5301 2768 5361 quereretur.
2801 5288 2931 5342 Erat
2965 5290 3105 5343 enim
3147 5290 3286 5344 idem
3315 5291 3688 5346 Garamanuus
3717 5294 3831 5362 ejus
3859 5295 3990 5347 artis

3154 5490 3330 5507 n-__0,
3355 5505 3364 5507 _
