4472 5522
367 445 474 499 503

1278 432 1364 485 DE
1408 428 1557 482 \‘lTA
1600 423 1879 481 JOANNIS
1919 422 2207 475 ABBATIS
2247 420 2666 475 GOllZlENSlS.

3517 414 3617 467 306

369 552 808 623 elegantissimus
870 556 1029 615 atquc
1080 542 1500 596 assuetissimus.
1550 537 1730 590 Primo
1766 534 2026 591 ordincA
2057 530 2279 583 dicenda
2325 530 2658 591 defecerunt,
2716 542 2876 595 quam
2927 528 3156 596 scriptor
3213 526 3426 593 inrpleta
3469 542 3636 578 mem-

371 647 441 699 ad
472 644 678 713 singula
730 640 1003 709 respondit
1038 653 1049 689 :
1088 636 1157 689 Se
1189 634 1423 701 legatum
1460 631 1704 690 missum,
1748 642 1950 695 [πεπρ-ε

374 738 483 804 ptis
521 733 883 802 imperatoriis
944 730 1099 781 ﬁdem
1160 724 1473 779 inviolatam
1529 735 1781 780 scrvare;
1845 733 1951 770 non

376 826 479 879 sibi
515 826 593 877 fas
623 838 763 885 esse,
806 833 863 876 ut
892 821 975 873 cui
1025 827 1173 873 tanta
1220 818 1474 885 maiestas
1510 816 1714 868 litteras
1741 827 1865 866 suas
1904 819 1957 863 et

376 932 472 970 eas
496 932 602 969 non
626 916 866 982 signatas
902 910 1211 973 crediderit,
1243 910 1357 963 sine
1385 908 1469 961 his
1493 907 1682 961 faciem
1725 904 1840 971 ejus
1872 902 1955 956 cui

377 1009 622 1061 directus
672 1008 742 1060 sit
781 1005 979 1066 videat,
1024 1013 1117 1055 aut
1162 1002 1365 1069 absque
1410 1000 1522 1068 ipso
1578 998 1628 1050 in
1682 996 1841 1064 regis,
1874 993 1958 1047 cui

379 1100 563 1152 inissa:
594 1106 712 1153 sunt
761 1097 853 1127 ¹⁷³³
882 1136 896 1158 ,
949 1094 1245 1149 recitentnr
1282 1097 1596 1158 conspectu.
1656 1086 1710 1141 Si
1764 1086 1842 1139 sic
1876 1099 1961 1153 pa-

380 1192 546 1243 tiatur
605 1189 773 1257 (415),
836 1203 894 1241 se
968 1187 1019 1240 in
1072 1184 1216 1238 nullo
1278 1182 1425 1252 regio
1482 1179 1673 1235 honori
1724 1176 1962 1232 defectu-

381 1300 503 1335 rum
531 1281 621 1311 "3‘
644 1321 657 1344 ,
700 1281 823 1348 quia
856 1318 869 1331 .
904 1318 917 1332 .
948 1315 961 1329 .
992 1316 1005 1329 .
1037 1318 1047 1329 .
1084 1315 1098 1330 .
1138 1276 1320 1330 risset.
1366 1274 1536 1327 Aliter
1564 1271 1813 1325 universa
1862 1284 1961 1338 po-

386 1374 493 1425 tius
534 1386 589 1425 se
636 1385 833 1440 genera
861 1374 873 1389 ⁸
918 1376 1308 1422 tormentorum
1354 1368 1371 1383 ‘
1427 1372 1851 1419 sustentaturum
1906 1366 1958 1421 ',

382 1476 545 1529 quam
588 1466 601 1481 ‘
661 1460 751 1489 "3'
793 1458 1079 1526 quicquam
1133 1465 1287 1509 extra
1338 1470 1400 1509 ea
1450 1468 1568 1523 qua:
1613 1453 1714 1506 sibi
1765 1450 1963 1503 indicta

383 1560 566 1605 essent
594 1550 675 1603 vel
716 1558 976 1617 quantum
1025 1562 1186 1601 causa
1212 1549 1228 1565 ⁶
1274 1546 1374 1599 sibi
1406 1548 1421 1561 '
1468 1544 1757 1599 commissa
1787 1544 1800 1558 ‘
1833 1554 1959 1609 pos-

387 1644 586 1696 tularet
614 1647 628 1661 ‘
672 1642 769 1672 ¹⁷³⁶
797 1656 1176 1703 excessurum;
1216 1647 1267 1693 ct
1296 1638 1435 1691 sicut
1467 1632 1965 1705 superioribusjam

386 1750 447 1788 se
485 1734 667 1787 itidem
699 1732 1025 1785 terrentibus
1072 1728 1394 1798 respondere
1426 1729 1440 1745 ⁴
1486 1725 1627 1779 haud
1668 1726 1683 1741 '
1730 1722 1967 1777 distulis-

388 1832 475 1876 set
506 1824 556 1886 ',
599 1825 707 1875 ita‘
773 1823 859 1853 ³⁷³⁷
907 1822 948 1875 si
1007 1821 1171 1875 etiam
1234 1817 1598 1888 particulatim
1651 1821 1844 1868 cuncta
1885 1811 1965 1864 sui

388 1915 632 1981 corporis
676 1914 913 1967 membra
954 1928 981 1964 a
1020 1911 1256 1965 minimis
1308 1909 1550 1962 articulis
1600 1910 1615 1925 '
1666 1906 1756 1936 ‘7"
1802 1918 1969 1972 usque

391 1991 457 2056 ait
493 2019 702 2055 summa
748 2003 927 2055 vitalia
970 2002 1256 2055 cotidianis
1297 1998 1683 2053 resectionibus
1711 1996 1967 2063 decarpe-

392 2105 582 2148 rentur
628 2124 697 2134 —-
732 2111 854 2148 nam
908 2110 1011 2147 non
1062 2094 1319 2162 majorem
1371 2105 1626 2159 umquam
1672 2090 1969 2143 cruciatum

394 2184 579 2238 inferri
633 2200 812 2254 posse,
862 2200 1022 2252 quam
1068 2184 1112 2238 si
1166 2182 1324 2236 hodie
1374 2182 1475 2236 hoc
1525 2180 1755 2235 articulo
1796 2178 1968 2247 digiti,

393 2289 519 2328 cras
568 2274 756 2337 altero,
797 2276 919 2327 inde
968 2288 1065 2341 per
1099 2273 1213 2325 dies
1264 2270 1502 2339 singulos
1550 2268 1794 2338 singulis,
1851 2268 1974 2321 imle

393 2364 635 2425 brachio,
683 2379 857 2426 armo,
894 2372 1015 2429 post
1040 2362 1265 2425 feruore,
1297 2376 1453 2415 crure
1506 2360 1620 2423 ‘7”,
1658 2359 1810 2427 pede,
1842 2372 1974 2425 prte-

396 2454 543 2515 cisis,
577 2462 850 2521 postremo
880 2461 1100 2505 truncus
1144 2450 1382 2519 reliquus
1408 2449 1643 2503 fodiatur
1680 2478 1745 2486 -—
1779 2463 1882 2502 non
1910 2462 1975 2500 c0

398 2553 575 2595 tamen
633 2556 692 2595 se
752 2540 999 2595 territum
1059 2540 1235 2609 aliqua
1295 2540 1500 2594 ratione
1554 2553 1853 2592 cessurum.
1906 2536 1976 2589 Se

398 2648 608 2701 quoque
640 2632 774 2685 satis
804 2639 1137 2699 compertum
1170 2631 1370 2683 habere
1414 2644 1480 2683 ex
1517 2628 1778 2682 relatione
1823 2636 1976 2679 ante-

399 2727 601 2778 riorum
632 2725 733 2778 sibi
762 2725 1075 2787 missorum,
1109 2724 1281 2792 ipsum
1306 2737 1484 2792 regem
1518 2721 1628 2789 jam
1657 2719 1973 2784 advertisse,

398 2816 541 2886 quod
581 2817 716 2869 mori
763 2832 866 2869 non
912 2816 1071 2869 nimis
1118 2817 1230 2883 ipse
1264 2816 1493 2869 timeret.
1530 2813 1758 2883 Ideoque
1788 2828 1979 2881 supcr-

399 2906 559 2959 lluum
590 2922 710 2961 esse
747 2921 812 2960 co
860 2922 917 2960 se
969 2905 1104 2960 velle
1158 2916 1387 2968 terrere,
1437 2906 1579 2973 quod
1628 2906 1739 2972 ipse
1775 2905 1979 2958 levissi-

400 3012 544 3049 mum
586 3005 883 3063 reputaret,
911 2995 1022 3063 jam
1058 2995 1200 3063 quod
1233 2995 1543 3063 scripserat,
1591 2996 1706 3063 ipso
1758 2995 1983 3050 interfev

396 3095 487 3138 cto
537 3085 738 3136 nullum
778 3085 830 3137 in
877 3092 986 3137 tota
1018 3084 1229 3153 lspania
1288 3084 1552 3152 reliquum
1602 3082 1781 3138 facere
1823 3083 1975 3138 Chri-

398 3175 654 3236 stianum,
683 3174 894 3243 sibique
935 3184 1142 3228 reatum
1190 3184 1348 3229 tanta:
1392 3176 1641 3243 stragisa
1675 3177 1782 3230 Deo
1824 3176 1977 3246 inpu-

2058 622 2222 673 lirana
2261 621 2390 672 nihil
2418 634 2699 687 superesse
2727 617 3005 671 confessus
3031 626 3131 668 est.

2132 714 2253 767 1‘27.
2297 712 2419 766 llzec
2464 712 2573 779 regi
2627 709 2856 777 perlata,
2891 724 2994 761 non
3042 708 3091 759 in
3141 708 3300 767 iram,
3342 717 3399 758 ut
3459 707 3628 774 prius,

2061 813 2291 857 mentem
2339 801 2596 863 incendit,
2651 799 2745 853 sed
2808 798 3033 851 consilio
3086 797 3233 866 regio
3285 799 3299 815 ‘
3355 795 3558 864 perlata
3618 797 3637 816 ‘

2062 903 2185 948 sunt
2210 898 2223 909 ‘
2258 892 2367 944 "3°.
2405 890 2521 944 Jam
2546 890 2753 959 pridem
2794 889 2992 943 enima
3032 888 3166 950 suis,
3205 887 3400 955 quibus
3432 900 3517 939 res
3547 900 3642 938 no-

2063 984 2313 1051 strrejam
2348 983 2561 1037 fuerant
2605 978 2951 1051 pervulgatm,
3000 978 3393 1033 abstrudendas
3441 982 3456 997 ‘
3492 993 3583 1031 cas
3614 981 3628 994 ·

2064 1076 2423 1131 commonitus
2455 1076 2467 1092 ‘
2504 1082 2620 1127 erat
2655 1075 2670 1090 ⁶
2692 1112 2706 1136 ,
2747 1086 2813 1125 ne
2845 1073 2859 1089 ⁰
2909 1071 2996 1100 ’⁷⁸³
3031 1069 3343 1138 imperatori
3375 1073 3389 1087 ‘
3424 1069 3640 1120 ³⁷³⁸110-

2064 1176 2177 1221 stro
2203 1165 2467 1221 obluctari
2502 1170 2809 1229 temptaret.
2838 1162 2970 1215 Eum
3000 1160 3468 1214 bellicosissimum
3500 1158 3638 1211 mul-

2068 1266 2243 1311 tarum
2291 1254 2529 1324 gentium
2582 1252 2840 1306 victorem
2886 1257 2898 1270 '
2948 1250 3040 1288 ’7"
3081 1289 3095 1312 ,
3160 1248 3385 1318 injurias
3433 1259 3640 1307 omnes,

2068 1346 2336 1416 prmcipue
2386 1345 2703 1414 legatorum,
2754 1356 2862 1410 quo
2903 1354 3195 1408 numquam
3248 1338 3381 1391 alias
3436 1336 3645 1391 seviore

2069 1435 2249 1489 animo
2274 1434 2653 1503 repetiturum,
2686 1447 2745 1486 ac
2774 1431 3130 1500 plurimorum
3150 1428 3320 1499 c0piis
3354 1440 3637 1497 regnorum

2069 1527 2292 1589 coactis,
2326 1525 2595 1594 lspaniam
2631 1533 2796 1577 totam
2843 1533 3126 1592 postquam
3175 1522 3338 1574 variis
3366 1519 3618 1574 calamita

2073 1620 2214 1673 tibus
2269 1618 2617 1681 vastavisset,
2664 1615 2802 1670 forte
2856 1616 3071 1668 tandem
3120 1612 3242 1681 jure
3290 1611 3509 1666 victoris
3546 1610 3645 1664 sibi

2071 1710 2459 1779 suhjecturnm.
2516 1706 2767 1762 Pluribus
2824 1706 2894 1759 ita
2946 1704 3187 1775 jactatis,
3234 1702 3453 1772 quidam
3512 1700 3649 1753 forte

2073 1801 2358 1871 suggessit,
2392 1808 2449 1853 ut
2475 1798 2601 1868 quia
2629 1798 2711 1851 vir
2759 1796 2848 1851 ille
2883 1806 3044 1849 tanta:
3071 1794 3355 1849 videbatur
3392 1802 3648 1847 constan-

1998 1880 2045 1940 Β
2078 1896 2181 1956 tire,
2230 1907 2294 1945 ac
2346 1906 2451 1944 non
2505 1888 2732 1943 minoris
2793 1886 3046 1941 arbitrari
3100 1894 3284 1953 posset
3329 1882 3647 1952 prudentia},

2074 1998 2232 2051 quem
2275 1980 2439 2035 etiam
2492 1978 2623 2031 tanti
2661 1977 2918 2046 temporis
2949 1990 3097 2029 mora
3147 1975 3199 2028 in
3253 1974 3366 2043 lege
3399 1990 3492 2027 sua
3543 1983 3649 2026 tam

2076 2077 2239 2128 ﬁxum
2280 2079 2659 2130 monstrasset,
2713 2084 2776 2122 ac
2811 2067 3037 2137 proinde
3087 2065 3178 2102 ‘7“
3216 2066 3372 2119 fidem
3412 2063 3652 2119 mortali-

2074 2168 2176 2221 bus
2224 2181 2330 2221 non
2370 2164 2685 2233 denegaret,
2736 2160 2783 2214 is
2828 2160 2941 2229 ipse
2984 2172 3146 2226 super
3176 2158 3297 2221 hoc,
3345 2156 3472 2225 quid
3515 2155 3653 2208 facto

2076 2257 2177 2311 sibi
2206 2269 2341 2325 opus
2370 2262 2532 2317 esset,
2565 2251 2959 2306 consuleretur.
3008 2247 3086 2302 Ita
3124 2248 3325 2301 nuntiis
3355 2260 3412 2300 se
3460 2260 3653 2300 conve-

2077 2346 2353 2400 nientibus
2388 2352 2674 2413 postquam
2707 2341 2896 2395 ultima
2931 2341 3044 2393 lucc
3091 2339 3344 2392 mandata
3374 2336 3651 2405 percepit:

2083 2454 2099 2485 ι
2131 2434 2394 2496 Tandem,
2431 2432 2627 2501 inquit,
2672 2431 3004 2499 sapicntiorc
3050 2428 3279 2484 consilio
3310 2444 3420 2481 rem
3454 2437 3655 2482 tracta-

2078 2525 2193 2579 stis.
2224 2521 2279 2575 Si
2310 2538 2432 2576 mox
2474 2522 2628 2575 initio
2682 2520 2734 2574 id
2777 2529 2921 2573 esset
2968 2518 3274 2588 qumsitum,
3323 2532 3428 2571 non
3476 2526 3667 2572 tantas

2077 2620 2229 2674 vobis
2258 2619 2340 2673 vel
2371 2618 2528 2673 nobis
2556 2616 2683 2671 tedii
2708 2624 2762 2669 et
2790 2613 3081 2668 anxietatis
3115 2611 3393 2666 molestias
3428 2621 3507 2665 tot
3532 2627 3656 2679 spa-

2080 2712 2152 2765 tia
2196 2722 2496 2781 temporum
2546 2709 2961 2780 protraxissent.
3012 2704 3164 2759 Nunc
3199 2705 3365 2758 citum
3420 2704 3469 2757 id
3504 2704 3659 2757 facile

2078 2810 2229 2856 extat
2256 2802 2560 2856 consilium.
2595 2799 2839 2853 Mittatur
2888 2796 3104 2851 domino
3134 2803 3321 2848 nostro
3349 2794 3658 2862 imperatori

2080 2894 2277 2963 legatio
2304 2909 2334 2946 a
2384 2908 2507 2962 rege
2550 2902 2763 2953 vestro,
2805 2899 2863 2943 ut
2904 2889 3033 2943 mihi
3070 2887 3199 2956 quid
3242 2886 3309 2940 de
3354 2887 3661 2941 commissis

2079 2997 2238 3052 agere
2278 2982 2527 3045 debeam,
2569 2979 2860 3034 describat.
2903 2977 3032 3046 Ejus
3058 2976 3253 3031 litteris
3278 2976 3475 3029 iterum
3504 2975 3658 3039 visis,

2081 3074 2148 3128 ad
2176 3074 2425 3127 universa
2457 3069 2749 3125 ohmdiam.
2787 3087 2804 3119 ι

2156 3162 2278 3217 128.
2333 3161 2427 3215 llis
2463 3162 2573 3229 regi
2606 3160 2885 3223 nuntiatis,
2922 3169 3253 3228 acceptoque
3283 3159 3510 3213 consilio
3536 3166 3592 3212 ut
3630 3174 3658 3211 a

399 3265 523 3327 tari,
560 3265 610 3318 id
652 3264 806 3332 longe
835 3264 990 3318 aliter
1016 3280 1072 3319 se
1110 3264 1331 3331 habere,
1364 3280 1461 3319 nec
1507 3239 1563 3319 se
1610 3281 1829 3320 causam
1858 3239 1976 3321 esse
2006 3239 2050 3300 C
2082 3257 2345 3328 prndcnle
2372 3263 2647 3324 suggele,
2687 3254 2854 3321 quaeri
2897 3253 3118 3323 jubetur
3153 3252 3276 3321 quis
3322 3251 3425 3305 iter
3458 3261 3675 3304 tantum-

397 3353 559 3407 c;edis
609 3354 867 3422 ipsorum,
919 3354 1011 3407 sed
1062 3353 1321 3406 malitiam
1366 3354 1846 3423 crudelitatemque
1886 3354 1980 3409 ira:

400 3445 589 3514 ipsius,
643 3445 863 3513 ipsoque
914 3460 1103 3513 pinnas
1164 3445 1571 3500 interfectorum
1620 3447 1819 3510 luenle,
1878 3448 1979 3502 sibi

398 3550 521 3588 cum
544 3536 673 3605 ipsis
705 3537 1039 3605 interemptis
1064 3536 1281 3591 Christo
1308 3537 1543 3606 propitio
1587 3539 1747 3591 vitam
1793 3537 1978 3591 melio-

399 3641 512 3678 rem
552 3626 862 3679 succederc.
914 3626 1045 3680 Cum
1101 3636 1280 3679 tamen
1324 3626 1374 3680 id
1426 3642 1640 3696 quoque
1679 3626 1788 3680 Deo
1825 3627 1981 3681 facile

398 3728 541 3773 esset
565 3728 901 3774 commutare
924 3760 937 3783 ,
968 3720 1108 3773 sicut
1138 3720 1495 3773 Mardocheus
1529 3723 1799 3789 quondam
1828 3736 1981 3772 man-

399 3813 616 3863 daverat
652 3807 879 3862 Hester:
926 3808 985 3862 Si
1016 3808 1245 3862 nolueris
1280 3826 1415 3862 nunc
1458 3809 1794 3871 intercedere,
1826 3808 1983 3876 [orsi-

400 3908 491 3951 lan
516 3914 608 3966 per
629 3899 858 3967 aliquam
900 3898 1223 3950 occasionem
1246 3896 1607 3950 liberabuntur
1636 3896 1816 3960 Judei,
1848 3908 1894 3949 et
1926 3907 1981 3948 lu

400 3997 447 4037 et
494 3988 678 4039 domus
711 3997 802 4039 tua
837 3986 1070 4055 peribitis
1117 3985 1293 4054 (Esth.
1346 4002 1419 4051 tv,
1468 3987 1581 4056 Η),
1637 3988 1706 4040 ita
1740 3996 1795 4040 et
1842 4001 1981 4040 nunc

400 4076 568 4129 Deum
600 4074 779 4128 facere
816 4074 1167 4129 nihilominus
1198 4090 1373 4144 posse,
1410 4085 1466 4129 ut
1492 4085 1773 4145 postquam
1801 4078 1980 4131 omnia

400 4164 472 4218 ab
494 4165 611 4235 ipso
635 4181 758 4236 rege
786 4176 966 4221 essent
991 4168 1353 4238 promulgata,
1395 4168 1619 4239 jamque
1648 4170 1780 4239 ipsis
1810 4172 1984 4226 cervi-

402 4257 555 4311 cibus
583 4257 775 4326 gladiis
802 4274 940 4312 novo
966 4268 1020 4312 et
1042 4259 1318 4327 inopinato
1356 4262 1545 4315 ordine
1578 4262 1687 4317 suis
1722 4262 1984 4318 Dominus

403 4349 738 4403 subveniret.
788 4349 1053 4415 Quocirca
1101 4365 1208 4404 non
1244 4351 1547 4421 hujusmodi
1597 4368 1655 4407 se
1706 4354 1869 4408 minis
1898 4353 1982 4408 vel

402 4438 705 4493 terroribus
754 4449 937 4493 nosset
984 4440 1253 4494 ullatenus
1308 4444 1659 4509 permoveri,
1713 4445 1835 4513 quia
1892 4445 1981 4514 qui

404 4524 785 4583 Mardocheum
815 4546 844 4581 a
875 4529 1127 4595 superbia
1158 4531 1327 4585 Aman
1377 4533 1697 4587 constantia:
1738 4544 1980 4590 tenacem

404 4619 543 4673 miro
568 4619 757 4674 ordine
783 4620 1062 4689 eripuerit,
1094 4622 1208 4691 ipse.
1250 4622 1372 4688 sibi,
1399 4623 1524 4692 quia
1554 4639 1658 4678 non
1700 4627 1985 4693 protervize

405 4709 498 4763 sed
555 4709 899 4764 obmdientia:
954 4726 1117 4765 causa
1178 4712 1488 4775 interesset,
1550 4728 1766 4782 quoquo
1824 4724 1982 4784 pacto

405 4799 505 4853 sibi
554 4799 809 4869 placitum
849 4800 1144 4864 videretur,
1203 4817 1310 4855 non
1360 4802 1594 4856 deesset.
1664 4803 1982 4873 Ilujusmodi

406 4888 685 4942 sententia:
725 4889 907 4943 verbis
954 4890 1201 4959 plurimis
1244 4898 1401 4945 aucte
1443 4898 1603 4960 atque
1653 4894 1985 4947 testimonio-

408 4993 526 5031 rum
571 4979 992 5048 competentiam
1041 4982 1235 5036 robore
1266 4981 1390 5035 hinc
1419 4980 1541 5035 inde
1584 4981 1857 5051 prmfultte,
1890 4998 1988 5051 pa-

409 5070 543 5138 gina:
581 5072 747 5126 totius
800 5088 1044 5141 campum
1112 5073 1451 5143 iupleverunt
1543 5090 1642 5129 nec
1693 5076 1842 5144 prius
1902 5077 1982 5129 ori

2082 3348 2243 3402 vellet
2271 3360 2567 3408 assumere,
2601 3360 2724 3398 cum
2777 3358 2929 3397 rarus
2977 3352 3070 3395 aut
3116 3340 3231 3395 fere
3266 3340 3444 3395 nullus
3484 3339 3677 3409 palam»

2079 3452 2138 3493 se
2166 3437 2498 3492 ostendendo
2530 3436 2624 3465 ""5
2655 3433 2943 3505 proferret,
2996 3432 3444 3503 propositumque
3493 3439 3660 3492 esset,

2082 3540 2142 3584 ut
2168 3530 2412 3598 quisquis
2444 3528 2571 3582 illuc
2620 3527 2742 3590 iret,
2790 3528 2997 3581 honore
3049 3526 3241 3594 quovis
3289 3526 3458 3594 petito
3488 3532 3543 3577 et
3572 3538 3666 3576 cu-

2076 3620 2397 3688 juscumque
2459 3617 2674 3689 generis
2733 3616 3048 3671 muneribus
3108 3616 3321 3670 rediens
3377 3614 3662 3684 potiretur.

2084 3708 2325 3763 Tandem
2373 3708 2554 3763 extitit
2605 3708 2748 3761 inter
2780 3706 3018 3777 palatina
3070 3704 3231 3760 ollitia
3290 3704 3671 3759 Reccmundus

2082 3801 2321 3871 quidam,
2354 3800 2597 3869 adprime
2638 3799 2956 3863 catholicus,
3002 3806 3057 3853 et
3102 3797 3297 3851 litteris
3326 3796 3528 3865 optime
3558 3804 3667 3849 tam

2083 3900 2392 3946 nostrorum
2415 3904 2575 3959 quam
2609 3889 2777 3959 ipsius
2802 3888 2945 3943 inter
2973 3903 3109 3957 quos
3132 3886 3447 3941 versabatur
3474 3885 3669 3955 lingua:

2084 3984 2329 4039 Arabica:
2359 3983 2659 4039 institutus.
2691 3982 2793 4047 Qui
2819 3990 3032 4035 tantum
3062 3981 3115 4033 in
3153 3980 3299 4049 regia
3332 3977 3565 4033 habebat
3587 3975 3668 4031 of-

2087 4078 2204 4143 ﬁtii,
2238 4087 2296 4131 ut
2328 4077 2664 4132 diversorum
2694 4089 2793 4143 pro
2834 4074 3253 4129 necessitatibus
3290 4072 3356 4126 ad
3403 4071 3663 4141 palatium

2086 4167 2522 4224 concurrentium
2555 4165 2649 4196 ‘7“
2707 4170 2720 4185 '
2750 4164 2931 4219 causis
2958 4176 3114 4218 extra
3132 4150 3364 4225 ‘auditis,
3412 4160 3538 4229 quia
3579 4159 3667 4213 lit-

2085 4260 2219 4315 teris
2244 4272 2433 4314 omnes
2480 4257 2553 4310 ibi
2580 4254 2951 4326 qumrimonia:
2975 4254 3058 4307 vel
3101 4268 3279 4307 causa:
3308 4253 3590 4322 signantur
3615 4260 3672 4304 et

2092 4351 2461 4420 resignantur,
2491 4348 2580 4401 hic
2608 4356 2793 4400 netata
2822 4345 3065 4409 inferret,
3095 4345 3387 4412 itidemque
3416 4357 3685 4410 respousa

2086 4442 2285 4511 scripta
2325 4439 2575 4493 referret.
2629 4436 2925 4504 Pluresque
2955 4435 3129 4491 eidem
3175 4433 3265 4487 alii
3314 4441 3467 4487 erant
3504 4431 3689 4486 otlitio-

2088 4532 2335 4603 delegati.
2387 4529 2435 4583 ls
2491 4527 2904 4598 trepidationem
2975 4533 3297 4579 czeterorum
3361 4522 3672 4586 advertens,

2089 4622 2297 4691 sibique
2329 4630 2539 4689 tempus
2585 4618 2720 4671 forte
2766 4616 3007 4669 oblatum
3061 4612 3305 4669 nonnulli
3336 4613 3670 4681 adipisccmli

2089 4713 2463 4767 litesitantibus
2508 4713 2527 4729 ⁶
2572 4710 2662 4740 ¹⁷⁸⁷
2708 4708 2908 4763 ceteris
2946 4707 3038 4739 ‘7"
3066 4747 3081 4772 ,
3132 4706 3313 4760 dixit:
3359 4725 3376 4756 ‹
3410 4704 3538 4770 Qua:
3568 4706 3676 4759 erit

2089 4821 2299 4861 merces
2346 4804 2464 4857 viro
2514 4802 2607 4871 qui
2656 4799 2959 4855 vendiderit
3012 4802 3026 4818 ‘
3078 4797 3228 4852 vobis
3282 4799 3295 4815 “
3364 4796 3600 4849 animam
3653 4800 3666 4813 ‘

2090 4912 2241 4953 suam
2270 4899 2285 4915 '
2320 4895 2409 4929 ‘7”
2436 4895 2457 4946 ?
2492 4912 2508 4944 ›
2542 4893 2675 4946 Nam
2702 4892 2775 4944 ita
2803 4890 3041 4944 solemne
3066 4889 3145 4943 eis
3180 4886 3428 4949 verbum,
3459 4893 3516 4938 ut
3540 4902 3677 4954 quo-

2093 4987 2231 5040 tiens
2262 4998 2474 5039 summo
2504 4983 2745 5052 quolibet
2779 4979 3021 5045 periculo
3051 4980 3066 4995 ‘
3099 4975 3189 5006 ”°°
3217 4975 3271 5027 in
3309 4974 3557 5029 nuntium
3586 4974 3675 5009 ’τδι

2091 5077 2211 5148 quis
2239 5074 2571 5139 destinatur,
2620 5076 2694 5129 ita
2742 5069 2790 5123 ei
2824 5068 3075 5124 dicatur:
3123 5091 3140 5118 ‹
3181 5065 3365 5120 Vende
3396 5061 3526 5117 mihi
3558 5066 3681 5119 ani~

1705 5208 1937 5266 VARUE
1981 5207 2385 5270 LECTIONES.

487 5321 574 5353 ’m
599 5323 710 5376 sint
761 5338 896 5374 corr.
942 5333 1065 5378 sunt
1103 5343 1147 5378 c.
1228 5325 1319 5357 "3“
1344 5320 1663 5377 delictorum
1693 5340 1740 5377 c.

422 5391 507 5422 ¹⁷³⁷
543 5393 667 5436 ἀρνρ
702 5394 757 5436 h-
799 5393 851 5436 ll-
888 5392 955 5436 ita
980 5411 1006 5436 ρ
1032 5397 1144 5436 ισηηὶ

1822 5324 1912 5355 ιτδι
1945 5342 2075 5381 nera
2110 5333 2149 5378 ι,
2177 5336 2222 5375 s,
2247 5336 2405 5389 quam
2434 5338 2464 5374 e
2492 5330 2635 5387 coni.

1273 5394 1365 5426 ¹⁷³⁸
1394 5392 1529 5436 mili:
1560 5393 1790 5436 thhpuc
1833 5395 2100 5436 cunnlnm’t,

2740 5318 2827 5349 me
2854 5333 2959 5375 usa
2984 5339 3027 5378 ε,
3055 5336 3103 5373 (τ,
3133 5317 3425 5387 postularet
3467 5330 3492 5387 e
3552 5321 3697 5372 coni.

2210 5385 2301 5422 “59
2327 5406 2498 5436 crum:
2529 5419 2554 5436 ι.
2585 5385 2676 5431 ιτίο
2706 5392 2797 5436 lin-
2825 5388 2901 5436 in-
2928 5395 3102 5436 esu-lata
3131 5385 3255 5436 sum
3282 5401 3345 5436 ex
3369 5385 3700 5436 coniectura.
