4472 5522
824 442 923 495 507

1718 444 2000 500 JOANNIS
2039 438 2329 504 ABBATIS
2368 434 2426 489 S.
2467 434 2768 491 AllNULH
2811 441 3149 504 MLTENSIS

3992 437 4096 492 508

835 573 974 609 tuam
1007 565 1169 610 tuam.
1209 578 1225 607 ι
1282 557 1335 611 Si
1384 574 1571 629 sospes
1612 561 1824 623 exierit,
1875 575 2034 629 quam
2078 556 2406 629 amplissime
2435 558 2481 619 Α
2511 560 2846 629 perferendis
2897 575 3058 635 alque
3107 568 3394 627 mandatis.
3452 567 3797 621 \'.t-it.mensis
3838 576 3870 628 q
3913 555 4093 614 idam.

826 656 1161 701 muneratur.
1199 646 1309 703 Hoc
1356 648 1699 703 lleccmundo
1728 651 1972 717 querenti
2027 650 2401 719 respondetur,

822 735 1084 805 quidquid
1134 738 1460 805 postulatum
1511 739 1579 792 ab
1622 739 1883 809 ejusmodi
1937 753 2079 795 esset
2122 740 2402 795 conferen-

823 826 972 884 dum.
1004 826 1095 882 Ille
1120 836 1329 883 tantum
1356 828 1513 885 venie
1538 829 1637 883 sibi
1661 830 1776 882 dari
1803 839 2013 897 petens,
2041 841 2099 884 ttt
2119 846 2239 885 cum
2269 848 2403 885 nun-

824 914 912 968 tiis
940 915 1216 971 conclusis
1246 917 1345 973 sibi
1386 917 1541 988 copia
1566 928 1708 975 esset
1738 920 2012 989 loquendi,
2057 931 2180 990 post
2221 931 2401 976 utrum

821 1016 1018 1075 tempta
1030 1022 1085 1061 re
1113 1008 1333 1064 deberet
1362 1010 1620 1065 ediceret.

889 1100 1010 1156 129.
1082 1100 1196 1156 lloc
1247 1102 1299 1158 ei
1349 1117 1631 1168 concesso,
1697 1101 1996 1159 Iohannem
2050 1106 2398 1170 conveniens,

818 1207 999 1248 mores
1024 1202 1081 1248 et
1106 1193 1349 1249 instituta
1378 1195 1567 1266 patria:
1598 1204 1798 1249 nostrae
1842 1196 2075 1251 sollicite
2101 1197 2355 1266 disquirit
2382 1213 2399 1262 ;

816 1286 1111 1355 imperator
1155 1284 1311 1354 cujus
1363 1296 1508 1342 esset
1537 1288 1863 1351 clementiae,
1902 1298 2117 1358 quanta:
2159 1290 2401 1343 modera-

818 1377 980 1431 tionis
1011 1378 1062 1431 in
1111 1378 1243 1441 suis,
1272 1385 1525 1432 utrumne
1574 1394 1813 1448 praeceps
1853 1379 1905 1432 in
1951 1379 2110 1444 iram,
2136 1389 2191 1434 et
2244 1397 2310 1433 an
2345 1380 2398 1433 in

815 1467 988 1521 semel
1050 1468 1319 1537 prolatam
1378 1468 1761 1521 inrevocabilis
1834 1471 2201 1535 sententiam,
2263 1469 2399 1523 mul-

816 1567 974 1625 taque
1028 1558 1147 1625 ejus
1198 1559 1436 1629 generis,
1472 1559 1689 1612 tandem
1757 1560 1799 1613 si
1858 1560 1960 1615 sibi
2009 1570 2153 1615 esset
2202 1560 2394 1615 ﬁducia

815 1648 1017 1716 regiam
1079 1648 1128 1702 ei
1184 1648 1506 1717 legationem
1575 1648 1815 1717 proferre
1849 1690 1864 1715 ,
1916 1666 1984 1705 ne
2036 1652 2174 1705 forte
2222 1652 2393 1709 vicem

815 1736 951 1796 tanti
1018 1738 1314 1806 temporis,
1388 1752 1496 1807 quo
1546 1740 1657 1807 ipse
1704 1737 1978 1794 Iohannes
2026 1740 2097 1793 ibi
2144 1740 2395 1796 detentus

812 1827 1006 1891 fuerat,
1044 1830 1158 1898 ipse
1208 1830 1298 1899 qui
1350 1830 1664 1885 mittebatur
1709 1831 2063 1885 exsolveret?
2116 1832 2391 1887 Johannes

2506 653 2590 705 cui
2626 652 2780 707 Dudo
2811 654 3151 717 vocabulum,
3182 655 3506 710 destinatur.
3542 655 3615 709 Ita
3645 655 3906 724 Hispanus
3950 654 4094 708 Cor-

2507 745 2644 796 ziatn
2676 744 2888 799 rediens
2923 745 3035 809 ¹⁸⁶⁰,
3070 746 3250 814 ibique
3284 761 3454 799 sacra:
3478 744 3916 815 Quadragesimte
3966 760 4087 798 ma-

2497 832 2617 901 jore
2640 843 2795 903 parte
2827 844 3013 889 exacta
3044 834 3227 900 (Mart.
3262 834 3373 900 30),
3416 850 3558 889 circa
3609 834 3906 903 palmarum
3940 834 4087 888 diem

2502 940 2624 981 cum
2680 924 2856 995 legato
2907 926 3255 994 imperatorio
3286 924 3653 995 proﬁciscens,
3689 924 3833 979 Junii
3878 925 4087 979 mensis

2503 1016 2784 1085 principiis
2814 1016 3118 1071 Cordubam
3149 1017 3317 1071 venit.
3358 1016 3602 1086 Cumque
3630 1032 3750 1070 mox
3782 1032 3906 1071 cum
3942 1032 4087 1071 novo

2502 1108 2690 1159 nuntio
2711 1107 2909 1175 regiam
2934 1107 3129 1162 vellent
3153 1107 3476 1176 irrumpere,
3506 1122 3634 1160 rex:
3663 1125 3680 1157 ι
3703 1106 4080 1176 Nequaquam,

2503 1195 2707 1264 inquit;
2740 1196 2833 1249 sed
2864 1195 2953 1265 qui
2988 1196 3136 1251 litem
3180 1205 3330 1250 tanto
3384 1204 3623 1265 tempore
3674 1204 4079 1264 protraxerunt,

2500 1301 2621 1340 cum
2670 1286 2943 1355 prioribus
3004 1286 3238 1356 primum
3290 1287 3583 1356 procedant
3634 1286 3947 1340 muneribus
3993 1283 4078 1337 vel

2500 1377 2789 1432 mandatis.
2838 1378 2964 1433 Inde
3007 1378 3228 1432 secundi
3257 1378 3447 1431 ordine
3499 1377 3826 1431 inferantur.
3872 1375 3981 1432 Nec
4022 1375 4079 1428 bi

2498 1468 2719 1523 omnino
2744 1466 2937 1522 faciem
2958 1484 3130 1522 meam
3153 1468 3430 1531 videbunt,
3453 1467 3557 1521 nisi
3583 1467 3729 1536 prius
3754 1465 4076 1520 monachum

2498 1558 2645 1612 illum
2680 1559 2810 1612 tanti
2861 1559 3122 1626 temporis
3151 1560 3480 1625 pertinacem
3524 1560 3742 1621 adeant,
3779 1567 3837 1611 et
3866 1558 4078 1625 patrue,

2496 1664 2762 1706 carorum.
2806 1648 2949 1715 regis
2985 1648 3067 1701 sui
3112 1650 3598 1716 mandatorumque
3634 1647 3805 1715 ipsius
3837 1646 4078 1700 oblecta-

2496 1740 2644 1791 tione
2674 1738 2965 1793 lmtilicent.
3006 1758 3023 1789 ι

2564 1826 2685 1880 151.
2722 1827 2796 1880 lta
2828 1828 3037 1883 cunctis
3064 1827 3313 1896 expletis,
3344 1827 3578 1882 Joannes
3612 1827 3772 1881 triutn
3821 1827 3935 1859 ""“
3962 1825 4077 1895 jam

808 1921 988 1973 omnia
1023 1921 1160 1977 bene
1196 1938 1517 1990 processura
1557 1923 1666 1977 cito
1694 1924 2041 1993 respondens,
2084 1925 2230 1978 omni
2260 1924 2394 1979 libe-
2420 1904 2468 1965 Β
2497 1917 2611 1974 fere
2634 1933 2898 1973 annorum
2928 1918 3178 1973 claustris
3206 1920 3433 1983 solutus,
3468 1918 3626 1989 regiis
3663 1921 3947 1973 mandatur
3976 1935 4073 1988 ap-

811 2024 930 2063 rum
967 2010 1141 2065 reddit
1174 2012 1532 2081 trepidatione
1554 2020 1715 2083 atque
1745 2013 2047 2069 formidine.
2087 2015 2310 2070 Gaudiis
2338 2024 2393 2069 et

807 2096 1260 2165 gratulationibus
1308 2100 1483 2156 obviis
1544 2101 1716 2172 magis
1748 2102 1947 2172 ubique
2012 2103 2387 2172 excipiendum

806 2185 1112 2242 confirmat.
1156 2188 1227 2244 Se
1270 2192 1553 2261 epistolam
1580 2193 1763 2250 abbati
1802 2210 1901 2250 suo
1931 2197 2245 2261 missurum,
2295 2198 2393 2267 qui

804 2279 955 2333 illum
988 2282 1273 2349 magniﬁce
1304 2285 1597 2354 exciperet,
1631 2294 1686 2340 et
1727 2298 1968 2355 tempore
1996 2296 2198 2355 quanto
2226 2302 2391 2355 cupe-

805 2380 909 2433 ret,
937 2380 1141 2425 teneret
1166 2382 1326 2441 atque
1349 2385 1587 2439 curaret,
1606 2376 1777 2431 donec
1798 2377 2051 2445 episcopo
2066 2376 2385 2438 cxltibitum,

810 2470 903 2513 aut
934 2478 1054 2514 cum
1090 2463 1225 2531 ipso,
1254 2474 1349 2517 aut
1391 2481 1515 2522 cum
1570 2466 1835 2537 legatione
1878 2468 2013 2537 ejus,
2060 2470 2173 2537 ipse
2219 2468 2389 2523 abbas

806 2552 1174 2620 imperatoriis
1209 2567 1330 2607 eum
1381 2557 1759 2624 conspectibus.
1790 2573 1910 2610 cum
1943 2572 2074 2625 pace
2111 2566 2165 2610 et
2214 2557 2385 2627 gratia

804 2653 1178 2709 praesentaria.
1211 2644 1305 2699 llis
1338 2646 1427 2697 ille
1453 2646 1699 2711 allectus,
1732 2647 1990 2717 palatium
2041 2657 2308 2717 repetens,
2340 2649 2385 2702 si

734 2742 737 2745 '
804 2731 905 2786 sibi
936 2749 1056 2801 qua:
1088 2736 1321 2803 postulet
1364 2736 1578 2801 dentur,
1630 2738 1809 2791 itineri
1844 2739 2090 2793 devovet.
2146 2739 2386 2794 Ecclesia

804 2824 981 2894 aliqua
1008 2825 1148 2881 forte
1194 2843 1361 2881 vacua
1410 2844 1600 2883 recens
1627 2838 1743 2882 erat
1774 2830 2047 2899 episcopo.
2082 2830 2232 2884 llanc
2263 2846 2383 2883 mu-

802 2933 906 2972 nus
933 2920 1051 2989 ejus
1094 2921 1232 2989 petit
1286 2920 1508 2975 labetis.
1560 2922 1737 2976 Facile
1767 2930 2070 2990 optentum,
2123 2932 2283 2992 atque
2311 2938 2377 2977 ex

800 3009 938 3064 laico
963 3012 1248 3082 episc0pns
1281 3025 1500 3082 repente
1532 3015 1819 3084 processit.

876 3102 996 3156 150.
1030 3103 1154 3157 Inde
1196 3104 1343 3175 (416)
1392 3115 1607 3174 sumptu
1657 3107 1804 3175 regio
1852 3121 1915 3160 ac
1946 3106 2140 3159 litteris
2178 3107 2380 3160 instru-

800 3199 951 3261 ctus,
999 3191 1202 3248 Gallias
1248 3194 1403 3248 ocius
1449 3196 1582 3263 petit
1615 3195 1826 3265 (λειω),
1882 3205 2042 3265 atque
2090 3197 2143 3249 in
2195 3197 2380 3250 decem

802 3282 977 3343 ferme
1003 3286 1394 3347 ebdomadibus
1430 3286 1680 3341 Gorziatn
1720 3290 1865 3343 venit
1907 3289 2111 3358 (:lug.).
2154 3290 2226 3343 Ibi
2260 3305 2353 3357 gra

803 3376 1103 3431 tulantibus
1152 3380 1364 3433 cunctis
1414 3389 1693 3447 exceptus,
1742 3396 1804 3433 ac
1858 3397 1962 3434 non
2014 3389 2135 3449 p0st
2188 3381 2383 3436 multos

803 3465 921 3520 dies
960 3466 1012 3519 in
1044 3468 1178 3521 urbe
1209 3485 1239 3522 a
1278 3477 1471 3522 sancto
1511 3469 1765 3537 pontifice
1808 3470 2146 3524 Adelbcrone
2189 3471 2382 3525 invita-

800 3563 909 3621 tus,
941 3565 999 3611 et
1041 3556 1248 3626 aliquot
1291 3573 1417 3614 cum
1468 3560 1583 3629 ipso
1614 3574 1840 3616 manens
1889 3560 2096 3626 diebus,
2146 3561 2383 3629 jucunde

802 3648 1113 3702 animodum
1146 3648 1363 3703 habitus
1395 3660 1496 3709 est.
1546 3650 1671 3705 lude
1709 3652 1825 3706 loca
1868 3668 2093 3723 qumque
2130 3667 2227 3707 sua
2259 3669 2381 3708 cum

802 3750 870 3791 eo
901 3737 1156 3804 invisens,
1195 3742 1321 3811 quia
1354 3758 1541 3799 mense
1575 3745 1816 3815 Augusto
1850 3743 1961 3812 jam
1996 3746 2255 3815 prtecipiti
2288 3761 2379 3801 ve—

802 3839 982 3892 nerat,
1012 3840 1327 3887 autumnum
1360 3842 1413 3887 et
1440 3834 1670 3888 hiemem
1699 3849 1882 3890 secum
1910 3837 2187 3907 transegit,
2213 3836 2382 3891 donec

803 3919 1068 3974 Dominici
1101 3921 1296 3975 natalis
1324 3923 1463 3978 festo
1490 3933 1782 3988 transacto,
1811 3928 2043 3996 qualiter
2071 3929 2381 3999 imperatori

799 4013 1127 4084 dirigeretur
1148 4023 1232 4070 est
1266 4016 1603 4071 ordinatum.
1640 4018 1749 4074 Res
1778 4029 1953 4074 tamen
1979 4019 2096 4087 ejus
2118 4031 2174 4075 et
2203 4020 2383 4089 plures

801 4124 1021 4163 suorum
1044 4110 1255 4167 Gorzia:
1287 4113 1401 4151 ἠδ’
1426 4115 1639 4170 interim
1673 4116 2009 4186 procoranda
2043 4125 2379 4171 manserunt.

800 4201 927 4257 Inde
954 4203 1095 4258 circa
1130 4190 1572 4263 resutm'sam-un
1616 4209 1834 4263 Mariae“
1864 4211 2095 4264 matris‘
2129 4210 2219 4264 Dei
2261 4211 2378 4242 ητιε

799 4291 1196 4365 (DCCCCLVI).
1217 4296 1399 4368 (Febr.
1421 4300 1481 4368 2';
1503 4300 1809 4369 imperatori
1840 4301 1905 4354 ab
1931 4302 2120 4356 eodem
2152 4317 2379 4355 venera-

798 4379 893 4435 bili
943 4384 1218 4452 ponlilice,
1269 4390 1559 4444 comitante
1607 4391 1767 4446 simul
1822 4391 2379 4462 domno'Eginoldo'

798 4470 996 4527 abbate
1026 4473 1140 4505 ’ωδ
1176 4476 1458 4542 deductus,
1496 4479 1792 4535 honorifice
1831 4480 1883 4534 in
1916 4480 2115 4551 palatio
2145 4480 2384 4535 Franco-

799 4560 1028 4618 nol‘urde
1057 4566 1348 4637 suscipitur
1392 4569 1625 4641 (llam).
1676 4570 1842 4639 Cujus
1868 4574 1885 4592 ⁹
1937 4572 2204 4643 legatione
2227 4576 2243 4591 '
2286 4588 2381 4625 au-
2413 4592 2459 4652 υ

796 4654 909 4708 dita
932 4655 1068 4720 ⁶¹⁷⁶⁸,
1099 4657 1203 4713 fide
1236 4659 1393 4730 legati
1423 4671 1585 4730 atque
1606 4664 1907 4718 constantia
1928 4680 2138 4719 summo
2165 4662 2377 4719 laudata

796 4748 1091 4813 pra-conio,
1140 4748 1334 4805 litterae
1376 4752 1622 4810 mitiores
1669 4754 2035 4824 perferendae‘
2066 4756 2377 4810 decernun-

796 4846 885 4891 ιιιι·
913 4838 1025 4891 ¹⁷⁵⁶.
1065 4840 1265 4896 Joanni
1302 4845 1367 4897 de
1414 4847 1684 4915 prioribus
1730 4841 2128 4917 supprimendis
2158 4850 2245 4882 ⁸⁷⁸⁷
2294 4866 2378 4905 re-

794 4930 1080 4993 scribitur,
1136 4940 1341 4987 tantum
1414 4950 1535 4989 cum
1620 4937 1778 4991 donis
1838 4938 2129 5008 procedat,
2187 4941 2377 4995 amici-

797 5019 927 5073 tiam
962 5020 1051 5052 ¹⁷⁵¹¹
1090 5036 1384 5095 pacemque
1431 5027 1497 5082 de
1546 5027 1890 5084 infestatione
1948 5030 2376 5086 latrunculorum

797 5108 1219 5168 Sarracenorum
1274 5130 1496 5187 quoquo
1543 5128 1701 5187 pacto
1770 5121 2061 5185 conficiat,
2118 5123 2378 5177 redituru-

794 5215 900 5268 que
933 5202 1023 5233 ⁸⁷⁸⁸
1051 5214 1310 5271 maturet,
1341 5208 1591 5263 edicitur.
1629 5208 1792 5264 Novis
1842 5212 2018 5265 denuo
2064 5212 2377 5265 muneribus

2492 2023 2683 2079 parere
2708 2011 3105 2079 conspectibus.
3156 2010 3291 2065 Cum
3318 2026 3347 2064 a
3379 2010 3568 2079 legatis
3602 2011 3651 2065 ei
3686 2012 3978 2074 diceretur,
4017 2022 4078 2065 ut

2492 2103 2643 2157 crine
2679 2103 2924 2164 dctonso.
2957 2117 3183 2172 corpore
3207 2103 3337 2165 loto.
3376 2113 3526 2158 veste
3554 2102 3781 2158 lautiore
3814 2118 3872 2157 se
3912 2118 4076 2172 appa-

2495 2202 2663 2257 raret,
2684 2195 2757 2247 uti
2795 2194 2959 2262 regiis
2986 2192 3366 2263 eonspectibus
3392 2193 3854 2261 przesenlandum,
3879 2193 4079 2262 illeque

2490 2292 2761 2348 renueret,
2795 2284 2895 2337 rati
2927 2283 3022 2347 illi,
3056 2298 3161 2337 non
3192 2284 3239 2337 ei
3270 2287 3497 2337 vestium
3521 2284 3805 2337 mutatoria
3830 2285 4075 2346 subesse,

2489 2376 2601 2445 regi
2626 2376 2895 2427 nuntiant.
2925 2374 3017 2428 Ille
3052 2388 3176 2428 mox
3205 2372 3392 2429 decem
3424 2373 3592 2428 libras
3632 2374 3682 2428 ei
3714 2374 3881 2427 mittit
3920 2389 4078 2427 num-

2490 2480 2723 2528 morum,
2757 2465 2895 2519 ttnde
2926 2465 3037 2528 illa,
3078 2466 3273 2533 quibus
3302 2466 3561 2521 decenter
3597 2465 3771 2519 oculis
3812 2466 3901 2496 ’⁷⁸⁸
3933 2466 4078 2535 regis

2489 2557 2821 2619 indueretur,
2848 2558 3214 2625 conquireret.
3264 2556 3376 2612 Non
3411 2559 3555 2611 enim
3587 2558 3667 2611 fas
3709 2573 3833 2612 esse
3875 2557 4072 2625 gentis,

2490 2656 2547 2699 ut
2606 2646 2695 2699 vili
2752 2648 2939 2701 babitu
3018 2648 3185 2716 regiis
3254 2648 3565 2716 aspectibus
3631 2655 4073 2717 praesentaretur.

2488 2737 2766 2793 lobannes
2792 2738 2967 2807 primo
2992 2747 3278 2794 cunctatus
3298 2748 3475 2793 utrum
3508 2739 3832 2808 susciperet,
3858 2738 4075 2791 tandem

2487 2831 2751 2899 cogitans,
2783 2830 2903 2884 usui
2953 2845 3251 2900 pauperum
3292 2830 3342 2884 id
3395 2829 3588 2883 melius
3634 2844 3753 2882 esse
3806 2828 4060 2897 expendi,

2487 2923 2693 2993 gratias
2743 2921 3128 2975 muniﬁcentia:
3188 2921 3347 2990 regia:
3387 2920 3580 2981 reddit,
3633 2919 3777 2987 quod
3818 2918 3898 2972 sui
3959 2926 4070 2971 tam

2488 3018 2750 3071 sollicitus
2776 3030 2896 3070 esse
2928 3015 3184 3084 dignatus
3212 3014 3300 3067 sit.
3356 3011 3561 3066 Deinde
3593 3024 3855 3080 responso
3886 3025 4074 3064 mona-

2487 3110 2574 3164 clti
2602 3108 2821 3178 dignum
2853 3105 3167 3176 subiunxit:
3206 3121 3223 3153 ε
3249 3102 3437 3171 ltegia,
3468 3100 3737 3170 inquiens,
3778 3100 3917 3155 dona
3962 3115 4071 3153 non

2440 3250 2453 3265 ,
2489 3215 2737 3269 spernor,
2764 3207 2941 3252 vestes
2970 3210 3102 3251 vero
3146 3193 3283 3249 alias
3318 3202 3679 3262 przeterquam
3719 3191 3917 3260 quibus
3956 3204 4073 3243 mo-

2412 3252 2454 3305 (Σ
2490 3252 2701 3346 nbcho'
2760 3290 2870 3343 uti“
2936 3286 3238 3353 licet'm',
3292 3300 3392 3339 nec
3457 3283 3614 3353 pallia
3686 3298 3908 3353 prorsus
3969 3298 4072 3336 nec

2485 3400 2579 3436 cas
2633 3381 2723 3412 ‘7“
2774 3380 2865 3449 qui
2917 3376 3142 3445 alicujus
3189 3375 3387 3430 coloris
3433 3383 3557 3427 sunt
3607 3377 3621 3393 ‘
3673 3374 3828 3428 nisi‘
3879 3372 4069 3442 nigro‘

2486 3482 2694 3526 tantum
2740 3472 2937 3525 tinctas
2985 3468 3324 3536 aliquatenus
3355 3464 3571 3518 induant
3593 3467 3607 3485 ‘
3638 3481 3656 3514 ι
3690 3462 3803 3517 Hoc
3834 3462 3944 3532 regi
3986 3475 4071 3513 re-

2487 3566 2595 3619 lato
2625 3582 2637 3615 :
2679 3582 2695 3613 ι
2729 3562 2897 3624 lloc',
2929 3560 3105 3628 inquit
3129 3560 3169 3621 ‘,
3204 3570 3461 3624 responso
3484 3559 3499 3573 '
3534 3552 3782 3619 cQus‘m'
3808 3560 4067 3605 constan-

2489 3666 2593 3709 tem
2624 3655 2861 3707 animum
2913 3663 3261 3719 recognosco.
3307 3644 3480 3699 Sacco
3519 3659 3733 3713 quoque
3776 3642 3995 3696 indutus
4020 3643 4071 3705 si

2486 3748 2701 3809 veniat,
2750 3742 3103 3813 libentissime
3128 3744 3143 3758 ⁸
3177 3755 3299 3799 cum
3327 3737 3441 3781 ⁶¹⁷⁶⁶
3492 3734 3709 3800 videbo,
3754 3745 3808 3790 et
3835 3732 4070 3802 amplius

2486 3836 2617 3890 tnibi
2651 3834 2902 3903 placebit.
2940 3852 2959 3883 ι

2559 3926 2678 3978 152.
2726 3922 2851 3981 Post
2898 3924 3013 3977 hmo
3086 3919 3174 3973 die
3231 3915 3446 3985 prmlixa
3503 3930 3607 3983 qua
3660 3911 4071 3985 praesentandus

2484 4026 2603 4074 erat
2634 4014 2746 4077 "‘7,
2776 4022 3066 4081 apparatus
3088 4010 3233 4065 omni
3264 4022 3462 4077 genere
3488 4007 3791 4075 exquisitos
3819 4006 3885 4059 ad
3916 4020 4071 4074 pom-

2483 4124 2607 4181 pam
2632 4104 2833 4173 regiam
2856 4100 3335 4159 demonstrandam
3361 4098 3689 4159 conseritur.
3718 4096 3869 4151 Viam
3896 4105 4068 4150 totam

2486 4200 2583 4254 ab'
2629 4198 2893 4268 bospitio‘
2926 4194 3017 4227 ’⁷⁸⁸
3043 4195 3280 4263 ipsorum
3327 4206 3495 4261 usque
3543 4190 3611 4244 ad
3665 4190 3959 4255 civitatem,
4010 4198 4068 4243 et

2486 4292 2609 4346 inde
2638 4305 2808 4360 usque
2834 4289 2899 4342 ad
2930 4286 3188 4357 palatium
3217 4284 3421 4354 regiam
3454 4282 3589 4335 varii
3632 4283 3761 4337 binc
3808 4281 3932 4335 inde
3976 4296 4070 4333 or-

2484 4382 2638 4435 dines
2665 4378 3072 4448 constipabant;
3106 4376 3195 4430 bic
3225 4374 3434 4443 pedites
3470 4373 3640 4427 hastis
3665 4371 3829 4425 bumo
3859 4378 4067 4425 stantes

2484 4470 2695 4529 deﬁxis.
2726 4470 2884 4538 longe
2933 4467 3056 4521 inde
3104 4464 3317 4519 hastilia
3348 4463 3594 4534 quaedam
3624 4471 3680 4516 et
3720 4459 3948 4516 missilia
3978 4460 4064 4512 vi-

2486 4564 2705 4618 brantes
2728 4575 2999 4629 manuque
3028 4559 3352 4627 crispantes,
3386 4557 3631 4627 ictusque
3658 4563 3873 4609 mutuos
3900 4553 4065 4613 simu-

2488 4655 2692 4717 lantes;
2725 4662 2845 4722 post
2872 4652 2971 4704 bos
3000 4648 3160 4703 mulis
3184 4646 3401 4716 quidam
3434 4661 3555 4701 cum
3582 4646 3684 4701 levi
3716 4644 3947 4714 quadam
3977 4658 4068 4695 ar-

2487 4754 2700 4798 matura
2731 4741 3056 4802 iusidentes;
3090 4737 3283 4792 deinde
3309 4736 3521 4805 equites
3559 4734 3863 4789 calcaribus
3895 4745 4069 4797 equos

2488 4838 2541 4891 in
2573 4834 2789 4888 fremitu
2823 4841 2878 4887 et
2908 4828 3303 4885 snbsultatione
3335 4828 3480 4880 varia
3508 4824 3861 4879 concitantes.
3892 4821 4065 4875 Mauri

2486 4938 2747 5000 praeterea
2772 4925 2944 4981 forma
2972 4922 3185 4977 insolita
3220 4928 3434 4975 nostros
3462 4924 3819 4977 exterrentes,
3855 4915 3927 4967 ita
3973 4929 4068 4965 va-

2488 5024 2586 5077 riis
2617 5020 2895 5091 proludiis,
2948 5033 3067 5088 quae
3103 5016 3301 5071 nostris
3346 5011 3609 5068 miraculo
3637 5010 4065 5069 arbitrabantur,

2489 5115 2683 5168 itinere
2712 5112 2938 5167 nimium
2964 5108 3363 5179 pulverulenta,
3392 5120 3551 5173 quem
3578 5117 3676 5173 per
3708 5115 3768 5155 se
3796 5100 3907 5169 ipsa
3932 5112 4069 5166 quo-

2486 5225 2589 5278 quc
2635 5205 2890 5276 temporis
2936 5203 3390 5258 siccitas—nam
3429 5195 3718 5254 solstitium
3762 5200 3881 5246 erat
3919 5187 4065 5243 testi-

2097 5318 2331 5373 VAltlAEZ
2375 5314 2773 5392 Lscrtoass.

866 5400 1195 5492 “'{Gorﬁi'te
1223 5422 1251 5459 ε
1272 5407 1407 5461 roni.
1487 5407 1577 5440 ‘m
1609 5408 1700 5463 riae
1722 5423 1795 5461 m.
1823 5408 1885 5462 D.
1916 5426 1947 5463 ε
1968 5410 2104 5463 coni.
2184 5408 2296 5440 "W
2324 5424 2410 5461 mo
2441 5408 2501 5462 Ε.
2541 5424 2592 5461 a.
2632 5425 2659 5461 e
2699 5406 2837 5488 coni.
2919 5404 3009 5486 "5f
3036 5400 3157 5483 ujtts
3184 5401 3225 5455 1.
3261 5399 3524 5486 mue-fani.
3604 5395 3694 5428 "“
3721 5396 3872 5476 endit
3903 5393 4063 5482 (legar
