4472 5522
370 396 478 452 309

1298 403 1382 458 DE
1426 401 1579 457 VITA
1617 397 1897 453 JOANNIS
1948 397 2236 456 ABBATIS
2276 404 2693 460 GORZIENSIS.

3514 408 3619 464 ὖίῦ

374 530 500 566 \ttm
536 513 681 583 (M7)
716 512 1089 585 [DCCCCLYL
1120 513 1250 567 .ltm.
1290 516 1467 585 2||—-
1493 515 1603 569 sola
1631 515 1946 575 concitaret,
1983 516 2025 574 Α
2060 515 2442 569 moderationts
2470 518 2657 570 media:
2685 518 3003 585 pervidissct
3037 528 3513 588 temperamentum
3548 536 3633 575 sa-

373 608 442 658 ad
494 606 750 675 palatium
799 608 1186 675 perducuntur.
1250 606 1404 662 Obvii
1460 622 1713 676 proceres
1756 608 1955 675 quique

373 700 693 765 procedunt,
720 699 772 752 in
800 700 913 769 ipso
942 700 1121 755 limine
1139 702 1390 755 exteriort
1418 700 1781 768 pavimentum
1797 715 1957 754 omne

377 789 649 855 tapetibus
682 790 1092 857 pretiosissimis
1124 800 1217 845 aut
1240 790 1417 860 palliis
1444 800 1672 844 stratum
1698 799 1834 844 erat.

456 878 577 931 135.
615 878 713 932 Ubi
754 880 820 931 ad
852 880 1180 945 cubiculum,
1216 896 1321 950 quo
1354 895 1447 933 rex
1478 881 1775 945 solitarius,
1802 880 1956 948 quasi

376 983 577 1022 numen
612 970 879 1038 quoddam
909 971 1068 1025 nullis
1098 982 1191 1026 aut
1223 973 1361 1027 raris
1390 972 1722 1036 accessibile,
1755 972 1958 1026 reside-

376 1061 491 1119 bat,
528 1069 839 1127 perventum
884 1070 988 1125 eSt,
1028 1063 1263 1131 undique
1315 1062 1544 1116 insolitis
1587 1070 1778 1116 cuncta
1819 1060 1958 1113 vela-

375 1146 636 1207 miuibus,
659 1148 893 1211 obtecta,
922 1164 1074 1217 mqua
1108 1151 1403 1219 parietibus
1436 1152 1738 1221 pavimenta
1772 1151 1957 1205 redde-

374 1234 528 1288 bant.
588 1237 697 1291 llex
734 1238 845 1307 ipse
899 1240 1056 1294 thoro
1108 1240 1233 1293 luxu
1285 1256 1448 1310 quam
1479 1250 1693 1310 poterat
1751 1241 1956 1311 magni-

377 1328 517 1381 lieo‘
547 1330 634 1359 ”"
675 1331 1045 1385 accumbebat.
1105 1332 1475 1403 Nequeenim
1528 1349 1676 1388 more
1720 1335 1956 1401 gentium

376 1428 683 1471 ceterarum
734 1420 883 1473 soliis
930 1430 1019 1474 aut
1062 1422 1209 1477 sellis
1236 1432 1478 1487 utuntur,
1516 1424 1610 1477 sed
1638 1428 1654 1442 ‘
1684 1424 1774 1453 ¹⁷⁷⁰
1807 1424 1958 1479 lectis

377 1510 495 1562 sive
529 1510 695 1563 tltoris
744 1511 1114 1581 colloquentes
1156 1514 1239 1568 vel
1290 1515 1533 1579 edentes,
1574 1517 1824 1571 cruribus
1852 1534 1957 1572 uno

373 1602 536 1654 alteri
576 1602 858 1670 impositis,
884 1606 1229 1660 incumbunt'
1257 1606 1364 1659 ¹⁷⁷¹.
1398 1605 1469 1660 Ut
1498 1607 1661 1677 igitur
1686 1606 1957 1663 Joltanncs

376 1706 561 1743 tot-am
599 1693 838 1757 advenit,
874 1710 1088 1749 manum
1120 1697 1331 1751 interne
1356 1698 1701 1753 osculandam
1736 1710 1955 1768 proten-

376 1783 673 1839 dit.Osculo
697 1788 858 1840 enim“
881 1790 969 1823 ¹⁷⁷¹
986 1790 1112 1842 nulli
1131 1790 1212 1845 vel
1228 1807 1447 1845 suorum
1467 1792 1547 1845 vel
1572 1803 1955 1846 extraneorum

378 1876 636 1937 admisso,
673 1877 973 1932 minoribus
996 1882 1300 1950 quibusque
1323 1897 1385 1936 ac
1416 1882 1780 1937 mediocribus
1801 1899 1953 1937 num-
1989 1874 2030 1930 Β

373 1970 567 2030 quam'
593 1966 684 1999 ⁸⁷⁷³
718 1967 871 2029 foris,
902 1970 1124 2023 summis
1155 1980 1208 2024 et
1235 1986 1371 2040 quos
1399 1972 1761 2040 prmstantiori
1804 1972 1952 2027 exci—

373 2058 471 2122 ΡΗ,
508 2072 696 2126 pompa
722 2057 953 2125 palmam
980 2060 1209 2113 mediam
1247 2062 1418 2130 aperit
1443 2061 1811 2115 osculandam.

452 2148 567 2200 151.
607 2148 733 2201 lude
766 2148 891 2201 sella
927 2159 1134 2215 parata,
1168 2166 1353 2213 manu.
1400 2162 1459 2205 ut
1500 2154 1706 2215 sedeat,
1758 2154 1953 2206 innuit.

374 2237 556 2303 Longa
582 2237 777 2290 deinde
832 2238 1103 2307 utrimque
1150 2239 1385 2294 silentia.
1440 2240 1590 2295 Tunc
1632 2259 1721 2295 rex
1756 2243 1955 2312 prior:

383 2348 400 2377 ε
435 2327 628 2392 Tuum,
675 2330 867 2398 inquit,
915 2345 1009 2383 cor
1056 2331 1185 2384 mihi
1240 2332 1526 2400 plurimum
1569 2334 1659 2387 όὶέυ
1690 2350 1957 2406 cognosco

379 2418 543 2472 fuisse
595 2418 889 2485 infe-mum,
925 2422 1181 2489 quamdiu
1233 2432 1283 2477 te
1328 2423 1541 2476 demum
1575 2435 1795 2494 aspectu
1840 2441 1958 2479 meo

377 2511 653 2580 suspendi.
680 2510 786 2565 Sed
821 2522 875 2564 tu
911 2514 1022 2581 ipse
1047 2514 1261 2582 penitus
1299 2516 1461 2580 nosti,
1483 2516 1627 2585 quod
1658 2517 1816 2571 aliter
1838 2517 1955 2572 fieri

378 2616 484 2653 non
513 2602 704 2669 potuit.
724 2602 895 2655 Tuam
916 2604 931 2621 ⁶
956 2603 1047 2635 ¹⁷τ³
1073 2604 1325 2659 virtutem
1352 2606 1673 2675 sapientiam
1701 2619 1958 2677 expertus

378 2706 528 2757 sum;
579 2692 798 2757 aliena',
850 2696 936 2747 ne‘
968 2694 1225 2749 viderem'
1251 2698 1322 2751 ιε’
1353 2701 1507 2751 cum“
1541 2699 1766 2769 epismla
1794 2700 1886 2732 tm
1913 2706 1954 2765 ο,

376 2780 723 2847 distulerunt,
774 2784 868 2838 sed
912 2784 1057 2853 quod
1087 2800 1193 2840 non
1238 2786 1363 2841 odio
1414 2788 1489 2843 tui
1525 2789 1576 2844 id
1622 2789 1825 2846 factum
1865 2792 1954 2854 sit,

377 2870 497 2927 volo
526 2888 856 2943 cognoscas;
882 2884 935 2928 et
963 2890 1068 2929 non
1100 2876 1274 2931 solum
1301 2883 1318 2898 '
1352 2880 1433 2933 te‘
1468 2882 1646 2934 nunc'
1684 2880 1915 2937 libenter
1938 2885 1952 2901 ‘

374 2964 612 3033 excipio‘
642 2965 757 3030 ³⁷⁷⁸,
785 2980 973 3018 verum
1011 2966 1076 3020 de
1124 2968 1556 3038 quibuscumque
1598 2970 1957 3039 postulaveris

376 3054 711 3123 impetrabis.
745 3076 764 3107 ι
797 3055 1071 3111 Iohannes
1098 3058 1163 3110 ad
1196 3058 1329 3123 lucc,
1363 3059 1480 3128 qui,
1512 3061 1650 3115 sicut
1679 3063 1833 3118 nobis
1862 3079 1956 3134 po-

375 3146 509 3196 stea‘
540 3143 629 3176 ""
660 3144 949 3209 referebat,
987 3143 1185 3213 aliquid
1216 3146 1354 3201 fellis
1385 3156 1491 3202 tam
1527 3149 1733 3205 diutino
1757 3167 1956 3222 angore

2061 605 2129 657 tis
2158 604 2452 674 egregium.
2489 604 2633 675 [lege
2672 606 2754 659 his
2786 605 2836 657 in
2886 606 3106 658 multam
3155 608 3385 673 gratiam
3414 607 3633 659 definito

2058 694 2419 763 pluribusque‘
2445 710 2565 749 eum
2609 697 2962 765 compellandi
2996 708 3237 765 parante,
3275 714 3495 751 munera
3538 700 3632 751 im-

2059 787 2326 855 peratoria
2363 788 2593 856 primum
2642 788 2813 857 excipi
2847 787 3155 856 postulavit.
3198 788 3314 854 Quo
3346 789 3510 852 facto,
3550 806 3632 844 re-

2060 876 2206 931 ditus
2236 876 2622 945 indulgentiam
2669 892 2699 931 e
2745 877 2969 946 vestigio
3013 878 3337 931 obsecravit.
3382 878 3492 932 Rev
3522 896 3637 930 atu-

2060 967 2267 1022 mirans
2294 986 2306 1021 :
2346 987 2362 1019 ι
2392 966 2691 1033 Quomodo,
2720 968 2913 1037 inquit,
2941 967 3053 1021 haec
3080 976 3186 1021 tam
3215 968 3491 1036 repentina
3518 968 3635 1021 fieri

2063 1057 2527 1127 possitdivulsio?
2583 1054 2757 1110 Tanto
2812 1057 3074 1125 temporis
3120 1057 3295 1126 spatio
3319 1056 3641 1111 alterutrum

2060 1149 2349 1219 expectati.
2382 1146 2539 1201 modo
2591 1148 2680 1200 vix
2721 1146 2843 1211 visi,
2891 1146 2965 1200 ita
3018 1147 3403 1215 abrumpemur
3429 1144 3641 1217 ignoti?

2060 1242 2212 1297 Nunc
2246 1242 2459 1296 interim
2495 1249 2680 1293 mutuo
2708 1239 2875 1294 semel
2912 1248 3198 1308 conspectu
3230 1239 3405 1307 potiti,
3450 1254 3638 1309 parum

2061 1334 2317 1403 quiddam
2374 1333 2612 1402 cognitio
2662 1331 2922 1386 mentium
2972 1346 3029 1385 se
3080 1341 3368 1400 utrumque
3404 1332 3636 1400 aperuit,

2062 1425 2259 1479 iterum
2290 1423 2389 1478 visi
2430 1422 2542 1491 jam
2574 1422 2825 1491 amplius,
2872 1422 3032 1475 tertio
3070 1430 3177 1475 tota
3206 1421 3317 1491 jam
3365 1420 3640 1491 plenitudo

2062 1516 2297 1571 notionis
2342 1516 2423 1568 vel
2474 1514 2724 1568 amicitia:
2749 1512 2840 1543 ¹⁷⁷⁹
2883 1511 3203 1565 firtnabitur.
3252 1512 3377 1566 lude
3421 1511 3641 1566 domino

2063 1618 2153 1663 tuo
2178 1608 2557 1671 remittendus,
2598 1607 2761 1675 digno
2793 1621 2857 1660 eo
2880 1615 3039 1675 teque
3060 1605 3343 1660 deduceris
3370 1606 3627 1660 honore.»

2062 1702 2155 1756 llis
2169 1699 2413 1755 Johanue
2429 1699 2776 1761 assentiente,
2797 1697 3015 1751 secundi
3034 1696 3190 1767 legati
3206 1696 3462 1764 jubentur
3476 1696 3644 1749 intro-

2064 1793 2223 1856 mitti,
2240 1807 2410 1861 eoque
2431 1800 2695 1861 prresente
2713 1805 2933 1843 munera
2952 1804 3070 1859 qua:
3098 1787 3414 1843 deferebant
3437 1788 3635 1843 oblata.

2132 1881 2252 1936 155.
2296 1880 2447 1935 Tunc
2474 1881 2689 1935 demum
2736 1878 2980 1947 utrisque
3003 1878 3069 1931 ad
3112 1878 3344 1949 hospitia
3374 1878 3639 1940 remissis,

2062 1982 2181 2044 post
2217 1973 2558 2043 aliquantum
2590 1982 2800 2040 tempus
2830 1968 3103 2024 Johannes
3125 1983 3153 2022 a
3180 1982 3303 2039 rege
3334 1978 3640 2027 revocatus,

2062 2064 2352 2118 familiaria
2388 2062 2551 2116 multa
2606 2077 2725 2115 cum
2771 2076 2837 2115 eo
2875 2059 3171 2114 conseruit.
3219 2059 3293 2113 De
3327 2059 3498 2113 nostri
3545 2060 3643 2113 im-

2060 2154 2329 2224 peratoris
2378 2152 2611 2222 potentia
2667 2160 2830 2220 atque
2883 2148 3191 2218 prudentia,
3242 2148 3308 2201 de
3356 2147 3550 2201 robore
3592 2157 3646 2202 et

2061 2244 2215 2311 copia
2243 2242 2471 2295 militum
2505 2240 2584 2293 vel
2612 2240 2904 2301 exercitus,
2938 2237 3004 2291 de
3038 2236 3207 2306 gloria
3240 2244 3295 2291 et
3325 2236 3547 2300 divitiis,
3579 2235 3644 2286 de.

2065 2333 2328 2388 bellorum
2354 2336 2368 2351 ⁴
2399 2334 2487 2365 ¹⁷⁸⁰
2513 2332 2775 2385 industria
2804 2342 2857 2384 et
2890 2332 3253 2395 successibus,
3284 2330 3557 2400 multaque
3588 2331 3639 2384 id

2063 2424 2297 2493 generis.
2352 2421 2460 2477 Sua
2513 2432 2733 2476 econtra
2776 2421 3015 2488 jactare,
3071 2430 3274 2490 quanto
3326 2422 3637 2477 cxercitus‘

2065 2514 2277 2569 robore‘
2308 2516 2519 2568 omnes‘
2558 2513 2643 2541 ¹⁷⁸¹
2676 2511 2840 2565 seculi
2873 2526 3022 2581 reges
3060 2512 3369 2566 excelleret.
3404 2512 3484 2566 Ad
3531 2513 3644 2566 lucc

2060 2606 2333 2661 Jobanues
2359 2620 2527 2675 pauca
2562 2603 2856 2673 respondit‘
2886 2603 2999 2668 ‘7”,
3030 2612 3088 2656 ut
3118 2604 3328 2672 possint
3378 2602 3640 2672 qualiter~

2069 2713 2301 2766 cumque
2332 2696 2491 2767 regis“
2519 2695 2790 2749 animum'
2824 2695 3133 2763 mitigare',
3160 2694 3514 2764 tandemque'
3545 2695 3643 2747 ad-

2060 2789 2157 2844 dit'
2178 2788 2269 2819 ¹⁷⁸³
2294 2802 2307 2840 :
2333 2807 2349 2837 ι
2380 2786 2512 2841 Illud
2533 2800 2658 2840 vere
2682 2785 2877 2849 fateor,
2894 2799 3074 2854 regem
3098 2800 3184 2839 me
3200 2786 3302 2840 hoc
3329 2784 3527 2840 seculo‘
3549 2783 3644 2817 ⁸⁷⁸⁵

2062 2877 2332 2932 nemiuem
2366 2891 2545 2940 nosse,
2577 2876 2667 2945 qui
2714 2884 2900 2930 nostro
2943 2874 3255 2945 imperatori
3289 2884 3431 2931 terra
3465 2874 3634 2930 armis

2062 2977 2155 3023 aut
2182 2968 2336 3037 equis
2365 2966 2536 3037 possit
2568 2966 2793 3037 aequari.
2828 2985 2844 3015 ι

2132 3057 2255 3112 156.
2288 3057 2401 3112 Rex
2432 3065 2633 3121 autem,
2662 3057 2759 3110 ira‘
2786 3055 2987 3111 sedata‘
3020 3057 3111 3087 ¹⁷⁸⁵
3139 3064 3232 3110 aut
3258 3056 3464 3125 sopita:
3499 3074 3516 3108 ι
3541 3055 3645 3110 lm-

2061 3150 2281 3213 merito,
2313 3148 2507 3218 inquit,
2543 3162 2721 3218 regem
2754 3156 2900 3201 tuum
2942 3146 3282 3202 celebras.——
3306 3146 3538 3213 Verane,
3572 3163 3643 3202 au

372 3233 638 3287 contracti
698 3233 750 3288 in
821 3248 1003 3305 regem
1054 3250 1306 3291 evomere
1361 3238 1809 3308 cogitabat'77“,
1848 3251 1952 3296 tam
1986 3222 2028 3282 (ἶ
2061 3241 2195 3296 falsa
2218 3240 2349 3305 sint,
2386 3239 2473 3293 ille
2499 3239 2693 3307 inquit,
2738 3238 2863 3293 licet
2904 3239 3161 3309 experiri.
3198 3257 3215 3289 ι
3256 3237 3370 3292 Rex
3416 3247 3637 3293 autetn'

373 3322 613 3391 placidus
643 3334 862 3394 repente
890 3324 1114 3380 effectus
1152 3336 1251 3389 est,
1292 3336 1350 3380 ut
1386 3328 1525 3382 nihil
1560 3330 1740 3386 animo
1787 3332 1955 3401 ipsius

376 3427 628 3481 umquam
660 3414 975 3483 aequabilius
1000 3430 1121 3470 esse
1156 3418 1439 3484 potuisset.
1474 3418 1600 3473 Inde
1642 3421 1707 3475 ad
1744 3422 1952 3493 singula

377 3504 650 3571 respondit
683 3523 695 3556 :
732 3504 802 3559 Se
842 3506 1059 3575 quidem
1092 3524 1290 3577 negare
1322 3524 1424 3561 non
1457 3524 1634 3578 posse,
1671 3513 1844 3581 primo
1878 3524 1954 3569 tot

374 3596 670 3651 acerbitate
707 3600 1017 3654 nuntiorum
1071 3600 1238 3655 fuisse
1288 3616 1624 3671 permotum;
1668 3606 1809 3660 inter
1838 3608 1951 3674 ipsa

375 3695 552 3741 tamen
592 3690 809 3742 tacitum
844 3692 1087 3745 crebrius
1137 3694 1427 3762 cogitasse,
1478 3696 1745 3750 simulatis
1772 3700 1950 3766 potius

369 3778 700 3843 quam-veris
728 3780 992 3833 minarum
1029 3782 1418 3837 intentionibus
1450 3784 1562 3839 hare
1592 3801 1716 3855 erga
1744 3803 1802 3842 se
1844 3789 1951 3859 agi-

372 3866 512 3930 tari;
546 3876 820 3935 postremo
852 3886 1068 3941 quoque.
1096 3883 1289 3928 cuncta
1333 3875 1644 3930 dilationum
1673 3878 1947 3935 obstacula

369 3970 435 4007 ex
463 3958 830 4025 superioribus
854 3961 1017 4015 totius
1047 3963 1260 4017 triennii
1286 3965 1422 4021 actis
1443 3966 1528 4021 vel
1559 3968 1716 4024 dictis
1747 3970 1945 4025 rescis-

370 4060 450 4110 se,
480 4062 579 4102 nec
604 4064 725 4103 esse
755 4050 1042 4120 quicquam
1068 4054 1280 4123 reliqui,
1311 4058 1451 4125 quod
1474 4058 1669 4113 merito
1708 4061 1831 4115 odio
1862 4063 1943 4117 sui

371 4135 571 4192 factum
629 4143 893 4211 suspicari
942 4143 1162 4199 deberet
1191 4164 1203 4200 :
1238 4148 1380 4201 unde
1408 4150 1453 4203 si
1489 4165 1594 4218 qua
1644 4167 1707 4206 ea
1740 4163 1946 4218 essent,

365 4245 423 4284 se
470 4232 680 4300 penitus
726 4233 908 4289 animo
947 4235 1248 4305 depulisse,
1281 4240 1469 4307 gratia:
1498 4249 1726 4307 tantum,
1773 4258 1945 4312 'quam

370 4328 475 4373 tam
502 4320 756 4377 clementi
788 4325 1187 4395 magnificentia
1219 4330 1522 4394 obtulisset,
1564 4333 1846 4401 gratulari,
1887 4346 1941 4389 et

2066 3349 2084 3382 ι
2122 3330 2331 3386 Caetera
2382 3339 2676 3399 utrumque
2726 3329 3175 3399 approbaverim;
3225 3344 3388 3382 unum
3429 3338 3532 3394 est,
3590 3330 3643 3382 itt

2058 3439 2165 3495 quo
2189 3422 2335 3476 illum
2388 3437 2495 3476 non
2525 3422 2662 3477 satis
2711 3422 2993 3492 providum
3042 3435 3162 3476 esse
3222 3421 3642 3475 constiterit.—

2061 3516 2217 3582 Quid,
2252 3514 2445 3583 inquit,
2484 3513 2613 3567 illud
2656 3514 2843 3567 est?—-
2866 3511 3019 3578 Quod
3067 3519 3387 3581 potestatem
3424 3511 3639 3565 virtutis

2058 3621 2169 3660 suae
2201 3620 2306 3660 non
2342 3604 2446 3659 sibi
2469 3604 2567 3660 soli
2595 3604 2811 3670 retinet,
2837 3604 2929 3657 sed
2961 3618 3149 3672 passus
3179 3602 3345 3656 ubere
3374 3618 3657 3671 quemque-

2059 3713 2277 3752 suorum
2309 3697 2529 3766 pr0pria
2558 3697 2636 3750 uti
2672 3702 2960 3765 potestate,
2990 3694 3061 3746 ita
3087 3702 3144 3747 ut
3171 3702 3354 3763 partes
3383 3695 3530 3763 regni
3556 3695 3639 3747 sui

2057 3791 2201 3845 inter
2230 3804 2325 3844 eos
2358 3789 2584 3853 dividat,
2618 3788 2772 3857 quasi
2803 3802 2897 3842 eos
2933 3785 3034 3840 sibi
3081 3784 3204 3839 inde
3231 3784 3497 3839 fideliores
3546 3784 3643 3838 ba-

2054 3882 2179 3936 beat
2222 3890 2276 3934 et
2312 3879 2690 3949 subjectiores.
2724 3878 2876 3945 Quod
2928 3877 3082 3948 longe
3113 3887 3225 3941 est;
3258 3878 3453 3933 exinde
3494 3876 3639 3932 enim

2058 3972 2306 4040 superbia
2336 3979 2389 4025 et
2435 3970 2656 4025 rebellio
2688 3978 2876 4024 contra
2920 3986 3042 4024 eum
3076 3970 3313 4024 nutritur
3344 3978 3505 4039 atque
3537 3986 3631 4039 pa-

2057 4069 2230 4124 ratur,
2257 4068 2316 4113 ut
2342 4073 2481 4112 nunc
2524 4060 2576 4112 in
2612 4073 2812 4129 genero
2849 4059 2937 4089 ¹⁷⁸⁶
2970 4059 3139 4128 ipsius
3168 4069 3345 4114 actum
3398 4068 3501 4123 est,
3544 4061 3651 4128 qui.

2060 4152 2169 4206 ﬁlio
2195 4152 2312 4222 ejus
2362 4166 2459 4219 per
2486 4151 2769 4221 perfidiam
2798 4150 3084 4215 subducto,
3119 4151 3387 4221 publicam
3414 4152 3639 4205 tirauni-

2057 4245 2176 4297 dem
2208 4251 2399 4297 contra
2436 4256 2561 4295 eum
2593 4241 2860 4305 exercuit,
2892 4239 2959 4294 ad
2995 4241 3099 4296 hoc
3135 4250 3193 4295 ut
3223 4248 3439 4311 gentem
3465 4250 3639 4295 exter-

2054 4350 2179 4389 nam
2212 4331 2514 4403 Ungrorum
2545 4347 2641 4401 per
2681 4331 2857 4385 media
2902 4346 3130 4400 qumque
3177 4345 3467 4401 regnorum
3512 4346 3635 4384 suo-

363 4411 504 4480 quod
534 4414 664 4485 regii
707 4416 948 4484 pectoris
1000 4417 1053 4472 in
1098 4420 1199 4474 hoc
1230 4429 1286 4475 et
1325 4421 1492 4476 robur
1519 4425 1839 4478 constantiae
1890 4436 1945 4479 et
1979 4422 2024 4481 ι)
2052 4440 2167 4479 rum
2200 4423 2628 4494 depopulandam
2654 4422 3023 4476 transduxerit
3053 4422 3222 4492 (H8).

1658 4515 1889 4569 VARI/l5
1932 4515 2336 4572 LECTIONES.

435 4575 522 4607 ‘7”
553 4576 816 4653 magui_L.
842 4579 1115 4653 supplevit.
1197 4581 1352 4635 ιττοι.
1378 4583 1646 4653 supplevit.

360 4644 528 4723 Tuam
567 4647 791 4723 e__t;oui._
825 4644 947 4723 _‘_"'
974 4665 1026 4703 a.
1062 4666 1210 4723 nev.
1240 4661 1277 4706 t.
1305 4672 1353 4706 e.
1385 4644 1559 4723 episto
1580 4658 1765 4707 e.coni.

357 4716 493 4769 coni.
571 4717 661 4750 ¹⁷⁷⁶
685 4717 930 4773 amititite
956 4737 1003 4773 c.

360 4786 450 4816 ”“
475 4786 761 4840 abscisum.
840 4789 929 4820 ³⁷⁸⁵
970 4791 1052 4845 ira
1083 4806 1140 4846 se
1183 4808 1213 4846 e
1256 4794 1394 4845 coni.
1472 4793 1563 4825 ¹⁷⁸⁸

1595 4810 1722 4865 gero
1757 4814 1803 4849 ε.

1730 4586 1815 4616 ¹⁷⁷¹
1843 4588 1961 4640 incu
1996 4587 2038 4640 L
2062 4586 2233 4656 suppl.

1849 4658 1941 4687 ³⁷⁷⁸⁵
1968 4658 2108 4711 olam
2137 4668 2187 4710 te
2212 4672 2263 4709 η.
2300 4656 2335 4708 l.
2372 4671 2437 4709 ex
2467 4672 2493 4707 ε
2522 4658 2657 4709 coni.

1085 4721 1174 4752 ¹⁷⁸⁰
1198 4738 1315 4776 rum
1340 4721 1618 4777 abscisum.
1678 4726 1764 4756 ¹⁷⁸¹
1799 4744 1848 4782 e.
1884 4743 1928 4780 r.
1963 4742 1995 4781 ο
2021 4745 2048 4782 e
2074 4730 2213 4781 coni.

2314 4586 2405 4615 ¹⁷⁷¹
2450 4585 2653 4666 enim;
2695 4589 2831 4687 αἰειξῖ

2934 4587 3025 4617 ³⁷⁷³
3056 4602 3214 4655 quam
3252 4604 3279 4638 e
3326 4588 3465 4638 coni.
3547 4588 3640 4620 "7‘

2908 4696 2920 4708 .
2954 4696 2966 4708 .
3006 4698 3015 4708 .
3045 4658 3227 4710 codex.
3302 4656 3394 4686 ⁸⁷⁷⁸
3417 4660 3431 4677 ·
3456 4658 3637 4710 tabate

2292 4727 2383 4758 m'
2412 4725 2627 4797 spondit
2648 4743 2674 4779 ε
2701 4729 2836 4780 cuni.
2916 4728 3008 4759 ¹⁷⁸³
3039 4744 3080 4780 ι’.
3115 4745 3164 4779 u.
3203 4743 3277 4780 ut.
3314 4736 3418 4781 t.a.
3450 4742 3477 4779 ε
3499 4731 3636 4781 coni.

1880 4866 2108 4923 ΝΟΤᾹΞ.

425 4927 573 4995 (417)
620 4927 896 4982 lneidehat
936 4931 985 4982 in
1020 4931 1337 4987 Sabbatum.

424 4998 581 5078 (iis).
608 4998 767 5078 Ap'no
788 4998 1624 5078 9§4.-llie_af]‘erregjuvabit_q_ua2
1646 5004 1943 5078 _de_.loanne

352 5076 542 5121 nostro
568 5067 623 5120 in
658 5067 779 5120 Vita
821 5068 879 5120 Β.
912 5068 1194 5135 Kaddroaa,
1226 5067 1437 5128 abbatis
1485 5067 1943 5133 Walciodorensis

352 5147 465 5189 tttm
503 5136 935 5211 suh_Deoderico
965 5141 1217 5211 episcopo
1256 5142 1438 5199 Sancti
1465 5145 1657 5201 Felicis
1686 5146 1798 5202 sive
1821 5149 1941 5201 (lle-

353 5206 555 5286 tuentis
578 5205 864 5286 Metensis,
892 5205 1215 5286 leguntur'e.
1248 5213 1315 5266 50
1334 5233 1355 5286 _:
1393 5232 1407 5286 ᾳ
1445 5214 1511 5269 Ut
1539 5227 1717 5286 autem
1746 5233 1811 5272 ex
1842 5220 1942 5271 hac

348 5276 557 5347 aliquid
594 5278 705 5330 sub
737 5276 982 5347 exemplo
1011 5282 1253 5336 dicamus
1282 5301 1293 5334 :
1324 5283 1594 5341 Johaunes
1616 5284 1785 5342 abbas
1808 5287 1940 5343 Gor-

353 5346 557 5423 ziensis
586 5344 837 5423 eaanobii
854 5344 1101 5423 columna
1140 5353 1211 5423 ing
1234 5354 1431 5423 templo
1468 5355 1581 5421 Dei,
1615 5356 1770 5422 cujus
1802 5374 1945 5411 mor-

346 5427 485 5479 tem,
511 5416 656 5470 sicut
687 5418 874 5471 nescio
900 5422 1018 5488 quis
1044 5422 1119 5475 ait
1148 5416 1382 5491 (νιιιοιιξ.
1409 5416 1578 5497 ετιοθξ
1606 5416 1832 5498 ν,²28)ξ;

872 5499 1047 5522 π----
1070 5507 1309 5522 ..__._-:-_-
1338 5504 1371 5522 I-
1391 5518 1440 5522 __
1459 5519 1501 5522 --

2052 4950 2159 4994 tate
2191 4938 2422 4992 ducente
2456 4935 2709 4992 Gorziam
2755 4948 3099 5004 pervenerat,
3127 4947 3184 4993 et
3225 4939 3499 4994 nesciente
3544 4939 3641 4991 ho-

2050 5010 2217 5071 mine,
2247 5010 2387 5080 quod
2418 5023 2542 5080 eum
2569 5007 2812 5080 ecclesia:
2844 5006 2968 5061 ﬁliis
3013 5009 3238 5064 reddere
3281 5017 3641 5080 posset,_car-

2052 5081 2197 5133 nium
2230 5077 2433 5149 scilicet
2467 5078 2705 5149 edulium
2754 5080 2937 5145 parari
2982 5081 3238 5149 jusserat,
3284 5077 3339 5133 et
3376 5077 3644 5149 veniente

2053 5150 2183 5203 hora
2215 5147 2525 5204 refectionis
2550 5148 2727 5218 posita
2745 5155 2828 5200 est
2849 5146 3033 5203 coram
3060 5149 3141 5203 eis
3180 5147 3448 5203 mensula.
3478 5146 3643 5218 Cum-

2051 5235 2156 5289 que
2195 5219 2371 5273 illatos
2394 5216 2840 5289 cibos—Iohannes
2868 5218 3117 5275 horreret
3144 5218 3431 5289 attingere,
3462 5216 3655 5271 sciens

2052 5288 2322 5354 Kaddroe,
2346 5288 2474 5356 quia
2504 5289 2747 5345 charitas
2764 5302 2873 5341 non
2895 5291 3086 5357 quaerit
3114 5304 3232 5358 qua:
3249 5288 3345 5343 sua
3372 5295 3522 5348 sunt,
3546 5290 3643 5355 qui

2048 5364 2161 5431 jam
2193 5361 2321 5415 olim
2368 5361 2656 5425 parcitatis
2696 5372 2881 5411 amore
2920 5360 3115 5431 saltem
3157 5374 3315 5413 ovum
3361 5370 3647 5431 non_e_ou-

2056 5425 2264 5522 tingere
2318 5437 2874 5522 stattterat.‘clarttes
2924 5430 3251 5522 suseipiens,
3307 5425 3645 5522 comedelbat.

2643 5498 2903 5522 ΙΛΙιΑ-ρι...ιη
2931 5504 2977 5522 -.ξ
3002 5495 3144 5522 Ιῖ..;..ιι
3199 5497 3301 5522 ζμ...-
3332 5510 3435 5522 nunc.
3461 5495 3646 5522 Ivnln..n
