4472 5522
1757 461 2009 518 ODONIS
2042 462 2315 518 DIACONI
2350 461 2752 521 AUSCIENSIS
2789 466 3144 525 EPISTOLA.

3966 474 4078 527 512

813 647 4074 709 W

1968 822 2138 866 ANNO
2184 822 2926 871 ιιοΜιΝιἬοοοοιιιιηι.

1602 1229 2317 1348 DIACONUS
2399 1233 2751 1351 AUSC
2770 1235 3270 1351 IENSIS.

1869 1517 2456 1612 EPISTOLA
2524 1520 2982 1615 ODONIS

1521 1710 1633 1773 AD
1678 1712 2043 1773 GARCIAM
2087 1711 2785 1774 ARCHIEPISCOPUM
2830 1713 3348 1776 AUSCIENSEM.

846 1877 930 1936 De
959 1882 1183 1935 sanctae
1222 1874 1529 1936 i’enanliw
1562 1874 1836 1948 ecclesia,
1875 1892 2057 1953 quam
2090 1872 2463 1935 Guillelmus
2498 1892 2693 1935 comes
2728 1876 3157 1936 Astaracensis
3201 1874 3368 1937 dedit
3402 1878 3738 1936 Auxtlanw
3769 1874 4063 1937 ecclesia.

1828 2038 1986 2093 (Gali.
2027 2038 2231 2095 Christ.
2266 2046 2397 2093 tom.
2439 2036 2480 2103 Ι,
2509 2037 2751 2110 Append.
2775 2052 2830 2107 p.
2864 2038 3013 2109 159.)

877 2302 992 2359 Ono
1031 2303 1219 2357 Levita
1264 2302 1483 2357 Canem
1524 2300 1911 2370 arebipraesuli.

871 2395 1036 2465 Cogis
1070 2408 1154 2448 me
1178 2434 1192 2459 ,
1225 2410 1258 2448 ο
1307 2392 1648 2447 sanctissime
1696 2390 1969 2461 pontifex,
2009 2407 2200 2448 recens
2248 2408 2384 2459 opus

801 2502 1057 2550 exerere;
1092 2486 1185 2541 sed
1214 2485 1340 2555 quia
1363 2492 1554 2539 contra
1594 2497 1825 2537 examen
1870 2491 2156 2536 auctorum
2199 2482 2383 2536 debel-

801 2577 913 2631 lare
952 2591 1058 2631 non
1108 2576 1260 2630 valeo
1284 2618 1297 2641 ,
1328 2574 1742 2645 praerogativam
1788 2586 1976 2626 eorum
2017 2571 2178 2626 fando
2212 2580 2381 2627 teme-

801 2683 921 2722 rare
970 2666 1235 2723 erubesco
1276 2665 1647 2720 :ltorrendum
1696 2664 1893 2733 quippe
1948 2670 2033 2717 est
2079 2663 2133 2717 in
2189 2679 2383 2719 manus

800 2759 1038 2813 incidere
1080 2758 1287 2813 scilicet
1313 2756 1544 2811 viventis
1574 2756 1692 2820 Dei,
1731 2755 1824 2825 qui
1866 2754 2029 2808 etiam
2058 2769 2164 2808 non
2207 2753 2381 2808 solum

799 2852 865 2905 de
887 2864 1116 2918 nequam
1134 2849 1469 2918 operatione,
1503 2861 1692 2901 verum
1720 2846 1883 2901 etiam
1904 2843 1972 2899 de
1992 2846 2163 2900 otioso
2191 2844 2377 2908 verbo,

795 2956 898 2995 nec
926 2955 1029 2994 non
1054 2952 1107 2993 et
1146 2940 1211 2994 de
1235 2952 1400 3008 prava
1434 2937 1760 3006 cogitatione
1808 2934 2114 2991 reddituros
2143 2948 2243 2988 nos
2272 2943 2381 2987 ter-

796 3030 1033 3086 ribiliter
1073 3029 1336 3083 rationem
1386 3026 1733 3094 iudicaturus
1764 3033 1848 3080 est
1886 3024 2051 3094 judex
2096 3022 2277 3090 justus
2321 3022 2382 3075 in

798 3120 893 3173 die
906 3117 1115 3185 judicii.
1141 3117 1382 3187 Cumque
1413 3118 1482 3171 ab
1504 3114 1860 3184 omnipotenti
1898 3114 2039 3178 Deo,
2071 3114 2379 3182 sanctisque

797 3212 1099 3267 cauonibus
1132 3210 1237 3263 tale
1269 3208 1594 3263 connubium
1624 3206 1957 3277 prohibitum
2007 3206 2298 3270 invenitur,
2322 3216 2380 3261 ut

799 3317 905 3356 non
946 3300 1119 3355 solum
1164 3298 1422 3354 facientes
1453 3339 1467 3364 ,
1518 3312 1705 3352 verum
1729 3296 2151 3360 consentientes,
2198 3296 2381 3365 puniri

2408 2306 2455 2364 Α
2484 2317 2621 2355 eam.
2655 2300 2722 2355 Et
2751 2302 2842 2355 tibi
2864 2302 2998 2357 dabo
3024 2303 3191 2358 claves
3218 2305 3363 2375 regni
3390 2305 3652 2359 caelorum.
3682 2305 3749 2360 Et
3791 2308 4065 2377 quodcun-

2485 2406 2582 2461 que
2609 2390 2849 2461 ligaveris
2893 2408 3051 2461 super
3078 2402 3290 2457 terram,
3324 2395 3419 2447 erit
3466 2395 3683 2464 ligatum
3711 2406 3758 2449 et
3799 2398 3855 2451 in
3900 2396 4065 2459 caelis,

2483 2490 2531 2532 et
2560 2481 2904 2551 quodcunque
2922 2481 3135 2535 solveris
3163 2499 3319 2551 super
3340 2493 3553 2550 terram,
3578 2487 3671 2538 erit
3685 2485 3910 2540 solutum
3934 2496 3979 2540 et
4009 2488 4067 2538 in

2484 2569 2623 2622 caelis
2663 2569 2875 2641 (Matth.
2920 2587 3043 2637 xvr,
3072 2573 3309 2642 18,19).
3356 2573 3424 2627 Ει
3475 2575 3679 2629 ideirco
3727 2592 3832 2630 non
3876 2577 4067 2630 dubito

2484 2661 2625 2729 quod
2664 2662 2837 2730 gratia
2888 2661 2983 2717 Dei
3026 2663 3144 2717 vice
3174 2663 3369 2719 collata
3417 2664 3509 2719 tibi
3548 2666 3620 2720 sit
3673 2668 3906 2735 absuper
3953 2682 4066 2722 me-

2483 2762 2707 2808 morata:
2738 2753 2992 2809 Ecclesiae
3040 2756 3305 2812 mirabilis
3350 2768 3621 2828 potestas,
3661 2761 3746 2815 cui
3791 2770 4067 2816 annuente

2482 2844 2662 2898 divina
2695 2844 2982 2901 clementia
3007 2848 3270 2917 septimus
3298 2851 3488 2905 existis
3507 2852 3632 2921 jure
3656 2853 3897 2923 pontifici
3943 2852 4063 2908 feli-

2482 2936 2663 2989 citatis
2714 2936 2835 2990 vitze
2887 2936 3170 2992 claudendi
3214 2947 3267 2993 et
3332 2942 3629 2995 reserandi.
3678 2941 4065 3012 Superstitiosa

2482 3038 2569 3077 res
2599 3023 2751 3077 valde
2799 3038 2863 3078 ac
2889 3026 3238 3081 exsecrabilis
3266 3028 3478 3082 videtur
3519 3045 3639 3085 esse
3667 3031 3905 3091 diaconi.
3960 3034 4064 3085 im-

2481 3125 2667 3186 perata
2698 3132 2728 3170 a
2756 3119 2977 3188 proprio
3019 3119 3293 3189 episcopo,
3325 3134 3391 3174 ne
3420 3120 3558 3177 forte
3588 3133 3875 3177 contumax
3910 3139 4065 3193 repe-

2481 3210 2614 3273 riar,
2647 3217 2701 3264 et
2735 3225 2764 3263 a
2795 3210 3054 3278 praedicto
3081 3211 3249 3281 gradu
3290 3212 3489 3281 privari
3545 3227 3787 3279 merear;
3841 3224 3894 3269 et
3938 3215 4066 3269 dile-

2482 3299 2645 3354 ctioni
2678 3307 2804 3364 tute,
2845 3299 2935 3369 qui
2964 3314 3078 3369 prae
3118 3302 3329 3355 cmteris
3354 3316 3443 3366 es,
3486 3302 3740 3373 jugulari.
3773 3302 3906 3357 Nam
3954 3303 4064 3357 Deo

789 3393 1135 3462 iudicentur,
1170 3400 1226 3444 et
1258 3391 1463 3445 ideirco
1508 3389 1562 3445 in
1613 3389 1927 3459 epictatium
1965 3388 2226 3458 jussionis
2274 3398 2378 3444 tuae
2475 3388 2701 3456 iuvante
2749 3391 3002 3446 omnibus
3052 3390 3300 3445 fidelibus
3328 3431 3343 3455 ,
3407 3400 3609 3446 sanctae
3659 3390 3755 3445 Dei
3812 3390 4067 3446 Ecclesia:

796 3492 981 3538 metuo
1011 3496 1216 3550 ponere
1237 3497 1483 3545 manum,
1515 3494 1718 3551 pavens
1742 3481 1870 3535 illud
1900 3482 2043 3552 quod
2067 3484 2375 3553 evangeliea

790 3572 1127 3628 horribiliter
1152 3571 1312 3626 lectio
1355 3586 1485 3627 voce
1530 3572 1767 3628 declarat
1802 3572 2008 3629 libera:
2044 3574 2373 3646 Quicunque,

2482 3481 2738 3545 maxime,
2773 3481 2975 3536 nostris
3004 3480 3323 3551 propinquis
3348 3481 3432 3536 vel
3471 3483 3878 3538 successoribus
3906 3491 4059 3551 pate-

2482 3571 2676 3625 faciam
2729 3572 2873 3640 quod
2907 3571 3049 3627 oculi
3083 3572 3186 3626 mei
3216 3572 3492 3639 viderunt,
3529 3581 3585 3627 et
3608 3589 3769 3628 aures
3806 3588 3939 3628 mea:
3968 3588 4067 3626 au-

794 3664 1079 3732 inquiens,
1112 3662 1319 3717 solverit
1366 3664 1431 3717 de
1476 3664 1591 3718 istis
1638 3666 1901 3719 mandatis
1952 3668 2202 3732 minimis,
2231 3678 2280 3722 et
2306 3672 2380 3724 sic
2409 3682 2454 3739 Β
2483 3662 2717 3717 dierum.
2771 3661 2975 3732 Lingua
3031 3676 3148 3715 mea
3205 3661 3569 3716 testimonium
3621 3663 3906 3731 perbibere
3957 3678 4062 3716 non

792 3756 1027 3809 docuerit
1073 3755 1385 3820 hominibus,
1420 3756 1471 3809 in
1516 3772 1673 3825 regno
1719 3756 1965 3810 caelorum
1992 3760 2257 3813 vocabitur
2275 3763 2378 3814 mi-

795 3845 968 3897 nimus
1000 3842 1214 3914 (Matth.
1246 3860 1297 3909 v,
1327 3844 1435 3903 19).
1472 3844 1767 3914 Dupliciter
1811 3847 2044 3916 denique
2071 3863 2156 3903 me
2181 3851 2379 3918 premit

794 3938 897 3992 hoc
926 3951 1084 4006 opus,
1107 3936 1323 3991 occasio
1347 3946 1399 3991 et
1425 3937 1604 3991 cautio
1631 3937 1917 4001 scelerum,
1948 3948 2002 3993 et
2027 3940 2377 4009 reprehensio

793 4026 1208 4095 vituperationis
1230 4026 1496 4096 ignarum.
1526 4027 1656 4094 Quis
1683 4029 1850 4099 igitur
1878 4031 2067 4085 doetus
2092 4032 2191 4087 hoc
2223 4048 2379 4101 opus-

791 4116 993 4180 culum,
1022 4131 1144 4170 cum
1178 4116 1231 4169 in
1270 4132 1431 4170 manu
1478 4132 1574 4172 sua
1611 4119 1963 4189 assumpserit
2009 4131 2062 4174 et
2096 4120 2185 4175 tali
2231 4138 2376 4177 com-

791 4204 1047 4259 mistione
1089 4206 1578 4277 consanguinitatis
1625 4222 1711 4262 me
1755 4210 2026 4263 notarium
2075 4212 2374 4279 repererit,

794 4311 902 4349 non
934 4296 1115 4349 statim
1162 4296 1214 4349 in
1249 4310 1381 4351 voce
1413 4305 1697 4368 erumpat,
1731 4313 1818 4353 me
1860 4298 2136 4354 delubrem
2184 4301 2375 4355 clami-

792 4394 918 4441 tans
942 4399 1062 4440 esse
1088 4386 1432 4457 sacrilegum,
1460 4389 1553 4457 qui
1582 4389 1807 4443 audeam
1838 4388 2039 4459 aliquid
2066 4401 2251 4446 contra
2281 4391 2374 4447 Dei

791 4477 1069 4531 licentiam
1100 4492 1362 4546 usurpare
1408 4477 1736 4533 consilium?
1781 4479 1886 4534 Sed
1917 4481 2176 4537 adversus
2214 4498 2373 4552 quem

791 4568 992 4623 invidia
1026 4568 1317 4641 [invidum]
1342 4570 1536 4639 duplex
1552 4585 1716 4625 causa
1749 4587 1835 4627 me
1865 4572 2195 4638 consolatur,
2229 4576 2373 4644 quod

789 4666 845 4711 et
874 4666 953 4724 tu,
977 4660 1069 4727 qui
1101 4674 1347 4714 sununus
1384 4659 1629 4730 pontifex
1657 4674 1739 4724 es,
1765 4660 1881 4715 fieri
1912 4662 2078 4732 iudex
2105 4673 2159 4718 et
2187 4679 2375 4720 neces-

790 4751 925 4805 sitas
965 4750 1223 4806 Ecclesia’:
1259 4750 1422 4805 totius
1464 4751 1769 4821 Aquitania:
1813 4754 2088 4822 poposcit,
2136 4755 2221 4811 cui
2265 4757 2375 4811 Deo

783 4840 1009 4911 iuvante
1034 4855 1208 4911 praees
1243 4842 1454 4897 matris.

861 4929 1140 5000 Prtecipue
1171 4930 1404 4999 denique
1435 4930 1676 5001 perfecte
1705 4933 1819 4988 scio
1852 4934 1977 5005 quia
2002 4947 2119 5007 post
2142 4939 2372 5008 prophe-

2481 3750 2697 3815 silebit,
2748 3751 2893 3820 quod
2948 3759 3000 3806 et
3052 3750 3096 3804 si
3144 3748 3404 3805 Dominus
3437 3751 3741 3821 impleverit
3790 3751 3958 3817 illud,
4001 3766 4063 3806 os

2478 3854 2656 3894 meum
2679 3840 2939 3909 aperiam.

2551 3934 2732 4005 Nuper
2756 3934 2986 4004 denique
3015 3934 3211 3990 accidit
3231 3945 3289 3989 ut
3311 3933 3627 3990 Guillelmus
3652 3934 3793 3989 filius
3816 3933 4060 4002 Arnahli,

2477 4020 2661 4079 comes
2686 4022 3083 4078 Astariacensis
3104 4064 3117 4089 ,
3148 4038 3369 4078 uxorem
3405 4023 3605 4078 ducere
3635 4021 3901 4095 [duceret]
3932 4038 4062 4077 con-

2479 4114 2831 4183 sanguineam
2870 4128 3070 4171 isuam.
3137 4114 3381 4184 Cumque
3444 4115 3549 4170 hoc
3617 4116 4062 4185 archiepiscopus

2477 4204 2674 4259 Garcia
2709 4218 2832 4258 eum
2881 4204 3045 4258 minis
3099 4213 3318 4272 urgeret
3371 4215 3433 4259 ut
3464 4206 3567 4260 hoc
3615 4203 3793 4259 scelus
3838 4204 4065 4258 minime

2475 4302 2787 4363 perpetrare
2813 4293 3090 4359 libuisset,
3123 4303 3178 4348 et
3216 4294 3437 4349 omnino
3468 4294 3741 4349 licentiam
3788 4294 3890 4348 hoc
3922 4309 4060 4348 con-

2477 4401 2637 4440 sensu
2669 4386 2718 4440 ei
2746 4384 3105 4455 coniungendi
3132 4385 3453 4456 denegaret,
3485 4393 3541 4439 et
3566 4400 3595 4439 a
3628 4386 3829 4440 sanctis
3873 4384 4047 4439 Patri-

2476 4479 2578 4534 bus
2615 4478 2776 4533 talem
2813 4479 3341 4549 consanguinitatem
3368 4478 3619 4549 tangendi
3648 4478 3917 4548 prohibita
3940 4494 4065 4534 esse

2477 4565 2790 4635 afﬁrmaret,
2841 4579 2899 4624 et
2946 4570 3155 4625 videret
3201 4570 3327 4639 quia
3365 4570 3439 4623 nil
3470 4568 3781 4639 proliceret,
3818 4578 3874 4625 et
3922 4585 4035 4639 prae

2476 4658 2652 4715 dictus
2679 4673 2860 4715 comes
2888 4660 2937 4715 ei
2969 4675 3155 4715 aurem
3187 4662 3254 4715 ad
3286 4660 3610 4716 audiendum
3635 4675 3741 4716 non
3769 4659 4058 4731 praeberet,

2478 4751 2800 4821 rediensque
2849 4751 2916 4805 ad
2967 4751 3354 4821 semetipsum,
3386 4761 3439 4806 et
3480 4752 3583 4807 tale
3630 4753 3841 4822 accepit
3884 4768 3914 4806 a
3947 4753 4062 4806 suis

2476 4844 2781 4899 consilium.
2836 4842 3026 4897 Sciens
3076 4844 3241 4912 igitur
3293 4843 3485 4897 melius
3541 4858 3662 4899 esse
3714 4842 4058 4914 naufraganti

2476 4934 2657 4989 animo
2679 4933 2895 5003 aliquod
2926 4932 3345 5003 gubernaculum
3373 4932 3633 5003 prmbere,
3656 4950 3818 5004 quam
3849 4935 3901 4988 in
3932 4950 4059 5005 gur—

791 5020 930 5078 ticas
966 5031 1022 5075 et
1067 5021 1409 5092 evangeliens
1455 5030 1618 5093 atque
1659 5026 1984 5097 apostolicas
2033 5027 2369 5098 Scripturas.
2403 5028 2447 5088 C
2480 5030 2645 5101 gitem
2694 5026 3091 5097 desperationis
3137 5026 3255 5081 sine
3304 5026 3467 5081 remis
3522 5026 3854 5095 poenitentia:
3894 5027 4060 5081 relin-

789 5112 988 5185 quibqs
1016 5111 1258 5168 Ecclesia
1309 5113 1403 5169 Dei
1444 5131 1542 5186 per
1580 5117 1812 5187 gratiam
1856 5118 1972 5185 ejus
2024 5117 2242 5174 fundata
2270 5130 2371 5187 est,

788 5204 951 5259 etiam
975 5203 1103 5259 illud
1128 5205 1483 5261 intimandum
1508 5216 1712 5279 putem,
1740 5212 1943 5280 absque
1972 5210 2154 5277 dubio,
2183 5228 2373 5283 quam-

790 5294 875 5348 vis
905 5293 1175 5349 universis
1225 5295 1279 5348 in
1330 5296 1460 5351 urbe
1504 5296 1620 5369 [pro
1645 5298 1807 5371 orbe]
1850 5300 2127 5355 catholicae
2166 5302 2372 5356 diﬂ‘usae

790 5380 1047 5437 Ecclesiae
1076 5383 1234 5453 quasi
1273 5400 1410 5438 unus
1474 5387 1743 5443 thalamus
1781 5388 1980 5443 Christi
2024 5390 2131 5453 sit;
2185 5401 2372 5448 sancta

2480 5137 2679 5191 quere,
2713 5119 3109 5187 accersivitque
3160 5132 3317 5182 eum,
3367 5125 3424 5171 et
3456 5118 3685 5187 praebuit
3731 5118 3781 5172 ei
3814 5127 4055 5187 tempora

2472 5210 2799 5281 jejuniorum
2830 5216 2885 5263 et
2929 5221 3154 5262 munera
3184 5206 3679 5278 eleemosynarum,
3736 5208 3877 5263 sicut
3920 5209 4056 5263 seri-

2480 5310 2629 5370 ptum
2656 5308 2741 5354 est
2777 5298 2828 5351 in
2867 5296 3245 5366 subsequendo
3274 5296 3541 5361 libellum;
3589 5297 3808 5367 insuper
3847 5300 4056 5369 accepit

2478 5391 2547 5445 ab
2578 5405 2641 5444 eo
2676 5388 2860 5443 nobile
2894 5388 3147 5458 oppidum
3193 5387 3335 5457 quod
3382 5387 3512 5441 olim
3541 5387 3776 5443 ablatum
3821 5388 3994 5444 fuerat
4022 5405 4055 5444 a
