4472 5522
351 458 458 512 5Ιῦ

1191 462 1618 519 BENEDICTUS
1657 462 1832 517 ΡΑΡΑ
1871 463 1977 518 VII.
2008 496 2074 503 —
2104 466 2377 525 NOTITIA
2417 470 2800 531 IIISTOitICA.

1871 463 1977 518 VII.
2008 496 2074 503 —
2104 466 2377 525 ΝΟΤΙΤΙΑ
2417 470 2800 531 IIISTOitICA.
3512 484 3611 538 5H

352 566 581 634 alicujus
608 570 1023 641 participatione
1053 572 1135 626 vel
1162 573 1546 628 rcclamatione
1569 614 1581 635 ,
1616 582 1675 626 ut
1716 589 1777 627 ea
1814 576 1927 644 ple-
1960 582 2003 639 Λ
2037 581 2341 635 viventibus
2383 588 2690 654 exemplum
2746 586 2961 641 malitia:
3014 587 3233 644 ultionis
3284 604 3395 652 sua:
3454 592 3617 645 relin-

352 658 498 711 niter
521 659 816 727 possideat,
866 662 1190 730 possidendo
1234 678 1568 732 quzccunquc
1606 664 1834 718 voluerit
1865 682 1929 718 ex

353 762 415 801 ea
441 748 489 802 ei
518 749 711 818 placet,
766 760 887 821 post
918 763 1146 805 mortem
1178 768 1329 806 suam
1374 756 1780 808 successoribus
1822 756 1933 809 suis

353 855 473 894 eam
505 842 799 912 relinquat;
835 844 1075 897 chartula
1123 844 1224 898 ista
1257 844 1407 898 ﬁrma
1440 856 1773 914 permaneat,
1806 849 1930 915 quia

353 930 623 984 veraciter
662 941 744 985 est
774 931 983 985 ﬁrmata
1011 948 1172 1002 supra
1220 932 1394 994 ﬁrma,
1430 935 1520 1003 qui
1551 943 1634 988 est
1662 934 1935 999 Christus,

352 1032 531 1089 petra.
576 1021 634 1077 Si
671 1024 795 1091 quis
842 1034 1029 1079 contra
1078 1026 1216 1080 hanc
1276 1026 1578 1081 chartulam
1633 1028 1935 1097 inquietare

353 1112 584 1167 voluerit
630 1124 684 1167 et
717 1114 1061 1172 adversarius
1098 1116 1216 1185 ejus
1244 1120 1558 1183 exstiterit,
1600 1120 1845 1188 inprimis
1868 1121 1935 1191 .in

356 1206 436 1257 ira
489 1208 579 1262 Dei
602 1208 831 1274 incidat,
882 1218 1045 1280 atque
1088 1213 1236 1266 omni
1283 1221 1525 1282 tempore
1574 1213 1936 1268 maledictioni

354 1298 652 1365 subjaceat,
682 1300 829 1370 lepra
867 1300 1109 1364 Naaman
1159 1304 1500 1368 succumbat,
1535 1304 1807 1359 ulceribus
1836 1303 1937 1359 Job

355 1385 683 1453 dominetur,
717 1399 892 1445 morte
919 1392 1128 1446 Anania
1157 1401 1213 1447 et
1244 1391 1473 1462 Saphira
1503 1394 1786 1459 moriatur,
1815 1410 1935 1449 cum

356 1472 526 1526 Datan
572 1483 626 1527 et
668 1477 870 1531 Abiron
913 1478 966 1531 in
1012 1478 1118 1532 ima
1148 1488 1353 1534 tartara
1391 1481 1760 1551 demergatur,
1815 1497 1935 1535 cum

356 1560 652 1618 Sodomitis
678 1574 733 1619 et
761 1567 1126 1622 Gomorrliitis
1161 1568 1212 1622 in
1252 1569 1429 1637 ignem
1463 1581 1782 1639 perpetuum
1818 1585 1935 1623 cre-

356 1662 553 1716 metur,
581 1666 633 1708 et
657 1669 778 1708 cum
808 1655 944 1710 Juda
977 1656 1278 1712 Scliariotis
1302 1700 1314 1721 ,
1361 1674 1483 1713 cum
1513 1660 1726 1713 diabolo
1751 1669 1804 1713 ct
1833 1676 1935 1712 an-

355 1742 492 1810 gelis
520 1743 637 1813 ejus
669 1745 786 1799 sine
822 1745 926 1799 line
951 1747 1245 1801 crucietur.
1272 1747 1339 1800 Et
1367 1747 1494 1817 quid
1526 1748 1717 1817 plura?
1746 1747 1937 1803 Omni-

2039 682 2186 741 quat.
2220 676 2409 727 Amen.

2112 764 2235 819 llzcc
2261 775 2387 819 sunt
2417 768 2635 821 nomina
2678 769 2979 839 principum
3023 784 3087 824 ac
3124 770 3317 826 ducum
3362 771 3453 840 qui
3480 772 3618 825 hanc

2043 856 2387 911 donationem
2443 859 2693 913 viderunt
2760 868 2815 915 et
2870 860 3243 915 ﬁrmaverunt.
3310 862 3619 917 Bcrnardus

2044 950 2211 1006 frater
2255 950 2390 1019 ejus.
2447 952 2762 1009 Remundus
2800 954 2969 1010 frater
3019 956 3157 1026 ejus.
3207 955 3401 1011 Garcia
3448 957 3621 1014 frater

2043 1044 2175 1113 ejus.
2206 1044 2566 1115 Agganricus,
2604 1055 2659 1102 et
2685 1058 2945 1119 cognatus
2980 1048 3116 1118 ejus.
3163 1050 3300 1106 Atus
3342 1050 3624 1109 Tolosanae

2042 1138 2343 1207 episcopus.
2378 1138 2685 1193 Ludovicus
2734 1138 3071 1197 Savanense.
3118 1140 3366 1197 Enardus
3395 1142 3621 1197 Moutal—

2044 1238 2211 1283 tense.
2242 1229 2509 1284 Arnaldus
2552 1229 2887 1287 Ouranense.
2922 1233 3191 1288 Arnaldus
3223 1233 3617 1303 Mojanaeensc.

2041 1318 2347 1375 Bernardus
2414 1320 2781 1377 Mauracense.
2841 1322 3109 1377 Arnaldus
3175 1322 3617 1379 Lomaniacensc.

2042 1414 2232 1469 Fortas
2279 1414 2663 1470 Ballicavense.
2712 1416 3029 1471 Guillelmus
3073 1416 3479 1473 Galbisanense.
3513 1416 3622 1470 lte-

2042 1506 2272 1559 mumlus
2297 1506 2362 1560 de
2382 1506 2709 1571 Furesacco,
2738 1517 2792 1561 et
2822 1508 3021 1564 fratres
3040 1510 3177 1579 ejus,
3208 1510 3293 1564 cui
3321 1510 3447 1563 licet
3472 1524 3623 1563 scru-

2044 1604 2183 1648 tetur
2213 1606 2339 1665 opto
2370 1604 2427 1650 ut
2455 1599 2768 1653 memineris
2799 1600 3019 1654 levitam
3059 1611 3206 1655 tuum
3237 1642 3250 1666 ,
3284 1600 3626 1656 sanctissime

2045 1685 2309 1754 pontifex.

356 1847 496 1901 gena
528 1836 903 1891 maledictione
935 1838 1129 1907 repleri
1161 1848 1454 1904 mereatur,
1504 1848 1664 1908 atque
1688 1839 1940 1893 omnibus
1973 1858 2017 1916 Β

364 2023 3622 2083 m

2404 2063 3588 2075 —————————-———

1492 2198 1661 2239 ANNO
1712 2199 1937 2241 DOMINI
1988 2198 2452 2242 DCCCCLXXXIII.

612 2378 1976 2517 BENEDICTUS
2178 2386 2378 2515 ΡΛ

1602 2378 1976 2517 l‘US
2178 2382 2747 2516 PAPA
2964 2382 3368 2525 νιι.

1722 2653 2336 2677 ﬂ

1474 2788 1912 2864 ROTITIA
1974 2788 2557 2867 HISTOBICA.

1284 2958 1461 3028 (Apud
1503 2958 1667 3028 Eggs,
1709 2958 2054 3012 Pontiﬁcium
2096 2958 2335 3021 doctum,
2378 2973 2501 3027 pag.
2544 2958 2697 3026 28!.)

1848 3112 2214 3123 ———._

440 3238 760 3292 Benedictus
787 3236 897 3299 VII,
937 3236 1210 3293 Romanus
1235 3251 1301 3290 ex
1328 3237 1617 3306 comitibus
1641 3236 1981 3306 Tusculanis,
2010 3236 2232 3290 Deodati
2249 3236 2479 3306 comitis
2525 3235 2685 3299 ﬁlius,
2719 3235 2777 3290 S.
2808 3236 2874 3290 Β.
2899 3236 2960 3290 Ε.
2989 3236 3312 3300 cardinalis,
3344 3246 3398 3291 et
3423 3237 3637 3306 cpiscoa

364 3325 465 3379 pus
491 3308 763 3379 Sutrinus,
791 3308 942 3379 puiso
972 3306 1253 3361 Francone
1302 3322 1397 3361 seu
1441 3305 1715 3379 Bonifacio
1750 3305 1877 3379 γη,
1926 3314 2127 3379 saucia:
2162 3304 2314 3379 sedis
2362 3305 2643 3368 invasore,
2686 3307 3120 3379 propinquorum
3129 3323 3306 3379 opera
3333 3304 3637 3379 ,legitimis

368 3374 625 3439 comitiis,
666 3374 1007 3447 renuntiatus
1040 3386 1123 3429 est
1160 3391 1402 3447 summus
1452 3374 2007 3447 pontifexjialendis
2053 3374 2216 3447 Junii,
2266 3389 2409 3428 anno
2460 3384 2657 3429 nostrae
2689 3374 3053 3447 salutis975.
3102 3374 3200 3432 llic
3250 3374 3639 3447 statim'atque

369 3450 571 3501 electus
598 3454 683 3500 est
712 3445 971 3516 pontifex,
1003 3446 1241 3500 animum
1292 3445 1359 3499 ad
1405 3444 1832 3516 componendum
1858 3445 2147 3516 Ecclesiae
2186 3453 2405 3509 statum,
2438 3459 2724 3516 moresque
2755 3446 3244 3500 ecclesiasticarum
3268 3487 3281 3510 ,
3337 3444 3638 3516 temporum

369 3462 571 3501 ctecrus
598 3462 683 3500 εει
712 3462 971 3516 pontuex,
1003 3462 1241 3500 animum
1292 3462 1359 3499 aa
1405 3462 1832 3514 componendum
1886 3462 2140 3500 nccnesnae
2186 3462 2405 3509 sratum,
2438 3462 2724 3513 moresque
2755 3462 3244 3500 ecetcswsucorum
3268 3487 3281 3510 ,
3337 3462 3635 3567 temporum

369 3517 651 3584 iniquitate
707 3516 844 3570 mire
877 3524 1183 3584 corruptos,
1212 3515 1514 3579 convertit;
1547 3515 1822 3569 celebrata
1854 3515 1905 3568 in
1938 3516 2080 3569 hunc
2124 3513 2283 3585 ﬁnem
2323 3514 2534 3585 synodo
2562 3513 2824 3576 Romana,
2872 3516 2925 3569 in
2959 3530 3062 3584 qua
3095 3518 3259 3571 etiam
3298 3516 3446 3569 Arnu
3471 3518 3635 3585 phum

365 3583 674 3655 episcopum
709 3583 1051 3650 Remensem,
1086 3586 1350 3639 seditione
1379 3585 1736 3655 quorumdam
1770 3600 1867 3639 sua
1899 3587 2026 3639 sede
2056 3584 2286 3655 pulsum,
2320 3583 2371 3637 in
2406 3584 2671 3655 integrum
2703 3586 2958 3655 restituit.

442 3657 577 3709 Tum
603 3655 669 3725 ad
702 3656 1000 3725 reparanda
1036 3656 1229 3723 templa
1280 3670 1343 3725 ac
1386 3653 1712 3709 monasteria
1769 3669 2098 3717 conversus,
2150 3654 2379 3725 plurima
2426 3653 2756 3725 horumhvel
2818 3669 2846 3725 a
2897 3655 3011 3709 solo
3050 3653 3280 3720 refecit,
3316 3655 3400 3709 vel
3449 3668 3637 3707 recens

365 3726 601 3780 excitata
640 3721 886 3778 fundavit
936 3721 1267 3791 dotavitque.
1300 3724 1447 3778 Inter
1472 3740 1592 3792 quae
1626 3724 2013 3777 monasterium
2044 3721 2245 3778 sancta!
2280 3723 2469 3777 Crucis
2514 3724 2567 3777 in
2600 3721 2931 3778 Hierusalem
2961 3741 3080 3779 cum
3114 3726 3334 3781 basilica
3372 3733 3637 3779 vetustate

370 3796 601 3877 coiiapsa
634 3794 903 3877 (adductis
931 3809 997 3849 eo
1022 3794 1319 3873 monachis)
1356 3809 1421 3847 ex
1450 3794 1657 3877 integro
1682 3794 1934 3875 restituit.

440 3862 1105 3935 Sergiuthamasccnum
1136 3862 1442 3935 episcolium
1474 3878 1504 3916 a
1556 3862 1871 3935 Sarraccnis
1920 3863 2148 3935 ejectum
2182 3862 2368 3935 Roma:
2413 3862 2646 3935 benigno
2684 3864 2983 3935 clementirc
3034 3864 3151 3919 sinu
3199 3864 3448 3935 excepit,
3480 3862 3639 3931 eique

369 3932 648 3991 ecclesiam
677 3933 860 3988 Sancti
887 3934 1058 3988 Alexii
1090 3933 1426 3987 incolcndam
1460 3933 1679 4003 tradidit
1710 3952 1722 3987 ε
1756 3934 1809 3987 in
1842 3949 1946 4003 qua
1992 3932 2106 4003 ipse
2138 3934 2431 3987 monachos
2476 3932 2691 4003 exsules
2725 3933 2971 4001 collegit,
2999 3945 3051 3990 et
3078 3932 3420 3990 observantia
3452 3946 3639 4003 mona-

370 4006 502 4057 stica
534 4004 797 4067 restituta,
827 4004 917 4057 ubi
955 4018 1125 4058 annos
1152 4012 1385 4071 quatuor
1423 4003 1532 4057 illic
1566 4002 1821 4072 degisset,
1850 4001 2039 4056 sancto
2066 4001 2172 4055 ﬁne
2215 4002 2416 4070 quievit
2445 4020 2456 4054 :
2493 4002 2561 4057 ad
2587 4001 2739 4071 cujus
2770 4003 3075 4072 sepulcrum
3102 4005 3154 4059 in
3189 4005 3376 4060 eadem
3408 4001 3638 4059 ecclesia

368 4073 559 4128 nobilis
592 4073 875 4143 inscriptio
904 4074 1150 4127 versibus
1189 4072 1358 4126 incisa
1389 4073 1684 4126 etiamnum
1726 4073 1934 4135 visitur,
1969 4086 2087 4140 quae
2120 4072 2306 4141 incipit
2335 4090 2346 4125 :

865 4165 1071 4227 Sergius
1113 4166 1190 4213 hic
1216 4164 1421 4227 recubat
1446 4162 1763 4227 metropolila
1796 4162 2038 4227 sepultus,

869 4224 1229 4287 Qui‘quondam
1255 4226 1416 4274 fuerat
1440 4224 1656 4274 Damasci
1693 4224 1915 4287 tempore
1935 4224 2099 4286 longo,

864 4286 1073 4336 Numine
1099 4287 1363 4347 perductus
1396 4288 1454 4333 ad
1479 4298 1615 4334 sacra
1640 4286 1805 4334 limina
1826 4286 1983 4335 Petri.

866 4348 1186 4410 Temporibus
1208 4350 1270 4410 pii
1298 4348 1549 4396 Benedicti
1574 4348 1794 4409 presulis
1812 4348 1944 4405 almi,
1968 4354 2067 4397 etc.

370 4436 594 4517 Recepit
642 4436 808 4517 etiam
861 4432 1561 4517 Bcnedietus__l:auibertum
1605 4434 1914 4517 episcopum
1959 4434 2373 4517 Cra‘cov‘tensem
2425 4433 2651 4517 Romam
2713 4434 2946 4517 legatum
3006 4447 3035 4487 a
3083 4432 3354 4517 diiecisiao
3402 4431 3635 4514 Poloniae

367 4502 629 4575 principe,
659 4516 717 4559 ut
740 4503 1404 4575 Romanumipontiﬁcem‘
1425 4503 1714 4575 certiorem
1770 4504 2020 4557 redderet
2033 4503 2123 4575 _de
2150 4502 2290 4557 felici
2329 4505 2713 4573 propagatione
2747 4502 3067 4558 Christiana:
3097 4504 3233 4575 ﬁdei
3263 4504 3314 4575 i_n
3361 4518 3459 4556 suo
3480 4504 3637 4575 prin-

370 4572 569 4643 cipatn',
598 4585 764 4643 utque
796 4574 1001 4643 regium
1029 4573 1273 4627 diadema
1306 4572 1407 4643 sibi
1440 4573 1694 4631 mitteret,
1730 4588 1793 4643 ac
1823 4588 2003 4641 regem
2033 4572 2355 4643 Polonorum
2384 4586 2461 4635 se,
2481 4572 2557 4643 Aet
2602 4583 2845 4641 posteros
2898 4588 3024 4643 suos
3065 4588 3185 4643 esse
3218 4572 3449 4643 juberet.
3478 4572 3637 4643 Lam-

368 4641 577 4709 iiertus,
609 4641 918 4707 re‘infecta,
944 4642 1415 4712 Romaidiscessit,
1448 4643 1531 4694 vel
1559 4643 1700 4711 quod
1744 4642 1808 4696 de
1839 4651 2011 4696 morte
2058 4642 2314 4697 Miecislai
2342 4641 2645 4712 nuntiatum
2671 4652 2836 4708 esset,
2870 4642 2951 4696 vel
2986 4644 3127 4712 quod
3158 4642 3375 4697 differre
3423 4642 3489 4696 ad
3522 4642 3643 4696 feli-

370 4714 513 4768 ciora
548 4723 789 4784 tempora
812 4730 937 4784 eain
969 4728 1081 4784 re_m
1110 4711 1873 4784 Romanuspontit‘endivino
1904 4722 2213 4784 moneretur
2238 4710 2479 4784 oraculo.

441 4784 600 4839 Initio
640 4781 986 4853 pontiﬁcatus
1015 4781 1291 4853 Benedicti
1331 4781 1744 4853 VII._Heraldus
1790 4796 1885 4834 rex
1922 4781 2191 4853 Danorum
2218 4822 2231 4845 ,
2261 4781 2351 4851 qui
2378 4781 2574 4853 populo
2618 4782 2719 4853 sibi
2759 4782 2973 4837 subdito
3024 4781 3229 4853 primus
3270 4781 3637 4853 Christianam

374 4853 527 4907 {idem
560 4850 851 4919 indixerat,
880 4863 934 4907 et
961 4852 1206 4906 ecclesiis
1243 4861 1411 4920 totum
1447 4850 1560 4905 fere
1585 4850 2021 4920 Septentrionem
2067 4850 2394 4920 repleverat,
2435 4850 2570 4906 Obiit
2603 4852 2913 4906 vulneratus
2954 4866 2984 4904 a
3016 4851 3147 4914 tilio,
3194 4862 3248 4906 et
3285 4868 3313 4903 a
3356 4851 3467 4904 suis
3494 4891 3508 4914 ,
3545 4852 3638 4920 qui

368 4923 643 4977 Christum
675 4933 836 4977 antea
886 4922 1295 4978 abdicaverant.
1327 4919 1445 4987 Quo
1479 4919 1719 4990 tempore
1748 4922 1911 4975 etiam
1957 4920 2014 4976 S.
2050 4921 2355 4988 Eduardus,
2378 4921 2583 4991 Anglice
2632 4936 2727 4975 rex
2753 4962 2766 4985 ,
2815 4921 3028 4976 insidiis
3076 4920 3350 4976 sceleratae
3399 4935 3645 4975 novercae

368 4996 579 5049 occisus
604 5001 951 5048 memoratur.
1150 4998 1155 5001 ‘

440 5063 596 5131 Anno
633 5061 835 5117 Christi
866 5063 993 5128 985,
1023 5062 1162 5117 Otho
1187 5061 1229 5116 Il
1278 5061 1571 5131 imperator
1599 5061 1809 5116 decimo
1843 5062 2051 5129 imperii
2074 5061 2154 5116 sui
2182 5077 2342 5123 anno,
2369 5068 2561 5131 octavo
2586 5062 2708 5119 ldus
2734 5060 3076 5125 Novembris,
3106 5059 3246 5114 tristi
3277 5058 3441 5131 animi
3468 5072 3615 5131 ωειξο
3635 5088 3647 5095 -

369 5130 574 5189 tatione
603 5132 789 5187 Romae
812 5132 1042 5188 decessit
1068 5147 1098 5187 e
1123 5133 1253 5197 vita,
1284 5129 1522 5200 sepultus
1556 5131 1608 5184 in
1632 5132 1899 5186 vestibulo
1927 5132 1985 5186 Β.
2016 5131 2185 5195 Petri,
2227 5131 2368 5200 quod
2396 5130 2713 5200 Paradisum
2739 5141 2955 5194 vocant,
2983 5129 3647 5200 Iabroqueporphyretico

373 5149 574 5189 ratione
604 5149 789 5187 uomat
812 5149 1042 5188 necessu
1068 5149 1098 5187 e
1123 5149 1253 5197 vna,
1284 5149 1522 5200 sepultus
1557 5149 1608 5184 In
1632 5149 1899 5186 vesuuuio
1927 5149 1985 5186 υ.
2018 5149 2185 5195 rem,
2267 5149 2368 5185 uou
2397 5149 2713 5188 raraoisum
2739 5149 2955 5194 vocant,
2984 5149 3237 5198 lauroque
3266 5149 3647 5197 porpnyreuco

373 5210 564 5278 tectus.
599 5203 791 5257 Dictus
822 5200 1228 5278 Sanguinariug,
1260 5202 1401 5278 quod
1428 5202 1765 5278 clarissimos
1791 5201 2158 5278 Romanorum
2189 5149 2261 5257 ag
2286 5199 2595 5278 convivium
2616 5210 2875 5278 vocatos,
2905 5201 2959 5254 in
3004 5203 3115 5271 ipsa
3145 5198 3423 5278 CPQIOP‘UIfI
3457 5197 3647 5278 laetitia

372 5272 529 5342 paulo
555 5281 685 5342 ante
712 5267 949 5327 mortem
979 5272 1161 5342 occidi
1176 5267 1419 5342 jusserit.
1460 5272 1578 5338 Quo
1602 5271 2042 5342 exstincto,cum
2085 5272 2151 5342 de
2178 5271 2415 5342 creando
2442 5285 2586 5327 novo
2615 5274 2937 5342 imperatore
2981 5267 3307 5342 consultatio
3329 5267 3646 5331 haberetur,

374 5336 431 5392 ξι
456 5341 543 5392 alii
573 5341 844 5418 Othonem
878 5342 940 5397 III
967 5336 1191 5398 secundi
1215 5340 1385 5418 ﬁlium
1414 5357 1428 5405 ;
1465 5336 1551 5418 alii
1584 5354 1712 5395 vero
1748 5341 2040 5418 iienricum
2085 5340 2328 5418 Bavariaz
2364 5336 2830 5418 du_cem,A0tlionis
2874 5339 3055 5413 Magni
3088 5354 3158 5418 ex
3197 5336 3365 5417 fratre
3402 5344 3653 5402 nepotem
