4472 5522
832 422 933 474 515

2032 417 2387 473 ΒΙΞΝΕΒΙΕῊ
2428 419 2623 474 ΡΑΡΑΞ
2672 422 2753 475 \'ll

3981 434 4087 487 3H3

832 530 1349 613 roruInIZitmsces,
1370 530 1452 610 vir
1478 528 1695 609 militari
1728 528 2483 613 gloria,[rutulisquevictoriis
2513 534 2710 613 clarus,
2742 536 2829 613 qui
2858 537 3061 613 primus
3093 537 3599 613 omniumnttmmos
3626 542 3853 613 imagiue
3878 546 4090 604 Chriin

831 600 1030 670 signari
1060 601 1159 653 hac
1189 601 1536 679 inscriptione
1562 599 1721 666 jussit
1748 598 1899 650 Jesus
1924 600 2163 681 Christus
2196 601 2305 655 Rex
2335 620 2509 673 regum
2542 623 2557 659 :
2589 598 3402 684 placuit.eitemplum_posteris,
3432 598 3991 684 Christiquevreguum

830 669 985 754 reges
1014 679 1300 754 assertum,
1338 669 1489 736 cujus
1521 678 1650 754 putu
1684 678 1955 748 ponuntur
1980 671 2199 754 imperia
2230 684 2297 752 et.
2316 669 2649 754 evertuntur.
2678 676 2859 754 Periit_
2888 669 3407 754 autitii_i_'l"ziini_s_ces
3439 669 3909 754 veneno'tabili‘c’o,
3940 669 4085 754 quod

830 740 1054 817 Basilius
1083 740 1374 817 eunuchus
1407 740 1731 817 praebuerat,
1762 738 2073 817 \'eri‘tus_ue
2100 743 2568 799 administratione
2598 746 2949 813 quarumdam
2982 748 3191 817 urbium
3221 748 3559 817 dejiceretur.
3603 738 3997 807 Successeruiit
4027 738 4083 809 iii

828 810 1052 877 imperio
1084 809 1309 861 Basilius
1334 807 1806 877 ll,Coustautinus
1836 807 1902 858 IX
1930 826 1943 871 ;
1981 810 2311 877 imperarunt
2340 830 2441 865 una
2472 807 2640 869 annos
2666 817 2759 877 49,
2792 831 3004 869 menses
3028 816 3080 868 4.

894 876 1049 956 Anno
1073 893 1197 956 vero
1225 879 1346 956 πλε,
1375 888 1569 956 quarto
1600 879 1720 931 Idus
1762 876 1899 956 Julii
1921 876 2147 956 moritur
2177 891 2232 935 et
2277 884 2387 956 ipse
2427 876 2770 947 Benedictus,
2817 898 3103 953 postquam
3136 886 3385 941 Eeclesim
3418 889 3628 943 clavum
3680 892 3835 946 annis
3865 908 4085 956 novem,

825 948 1099 1025 mensibus
1134 948 1340 1025 duobus
1384 951 1775 1025 gubernasset,
1833 949 1934 1025 piis
1975 954 2228 1019 operibus
2279 948 2485 1020 plenus.
2522 956 2651 1025 Ejus
2694 948 2889 1023 corpus
2939 948 3004 1009 ad
3060 968 3300 1009 sanctam
3350 959 3576 1013 Crucem
3638 960 3689 1013 in
3744 948 4086 1017 llierusaleui

824 1018 1166 1095 translatum,
1200 1017 1719 1074 ibidem'houorifice
1752 1017 2072 1073 tumulatuiu
2103 1031 2203 1086 est,
2254 1017 2377 1078 eum
2426 1017 2716 1095 epita'phio,
2747 1017 2887 1095 quod
2944 1026 3133 1080 recitat
3171 1026 3487 1083 \'ict0rcllus
3519 1030 3572 1083 in
3622 1032 3988 1089 additionibus
4015 1034 4091 1087 ad

821 1087 1155 1144 Ciaconium.

1436 1452 2425 1565 BENEDIGTI
2499 1456 3044 1567 PAPE
3127 1458 3403 1569 νιι

1339 1687 2142 1812 EPISTOL/E
2240 1688 2437 1808 ET
2538 1688 3503 1817 PRIVILEGIA.

840 2183 1119 2223 BENEDICTI
1184 2184 1327 2221 PAP£
1395 2184 1462 2220 VII
1535 2185 1789 2222 lil'lS'l’i)l.\

1456 2255 1757 2293 GERMANUS.

1419 2329 1595 2393 (Anno
1619 2330 1764 2394 974).

800 2437 1229 2500 erreacensem,
1275 2439 1371 2491 hoc
1422 2449 1498 2491 est
1554 2438 1935 2502 Pataviensem,
1977 2440 2245 2493 ecclesiam
2273 2458 2379 2495 me—

869 2508 1239 2579 tropolitanum
1289 2525 1398 2561 esse
1426 2509 1656 2579 decernit
1681 2523 1699 2560 :
1730 2512 1888 2579 Itujius
1931 2520 1977 2561 ct
2008 2509 2379 2579 Salisburgen-

868 2579 939 2628 sis
962 2577 1151 2631 limites
1189 2579 1494 2631 constituit:
1525 2577 1781 2645 Pilgrimo
1808 2578 2151 2633 Lauriacensi
2202 2577 2379 2633 are/ii-

866 2647 1101 2716 episcopo
1132 2648 1264 2700 vices
1289 2647 1601 2716 apostolicos
1628 2648 1852 2718 delegat.

1095 2756 1288 2827 [Mausi
1321 2757 1481 2813 Conc.
1520 2767 1650 2813 tom.
1678 2758 1819 2825 XIX,
1855 2761 1958 2815 col.
1981 2759 2098 2831 52.]

870 2870 1241 2924 Dilectissimis
1283 2871 1439 2923 nobis
1487 2871 1539 2923 in
1566 2870 1957 2938 Christoliliis,
1993 2872 2376 2938 Hnooeesaro,

795 2970 998 3015 sancta:
1059 2960 1385 3029 Moguntina:
1428 2960 1706 3025 Ecclesiae,
1758 2972 1814 3015 et
1851 2962 2133 3025 Dioralco,
2178 2974 2380 3018 sanctae

794 3052 1142 3105 Trevereusis
1176 3051 1426 3104 Ecclesia:
1448 3052 1977 3119 ;atquerALe£nro
2006 3060 2209 3106 saneta:
2234 3052 2381 3121 Mag-

792 3140 1143 3210 deburgensis
1174 3141 1467 3205 Ecclesia;
1524 3142 1752 3211 parique
1796 3143 1954 3197 modo
1983 3144 2223 3199 Gsasom
2248 3159 2375 3199 san-

791 3240 893 3284 ctae
918 3229 1254 3285 Coloniensis
1301 3231 1586 3297 Ecclesiae;
1636 3242 1799 3301 atque
1842 3232 2137 3291 FRIDERICO
2172 3246 2374 3291 sancta:

790 3319 1114 3374 Juvaueusis
1142 3320 1398 3375 Ecclesna:
1428 3339 1441 3385 ;
1476 3322 1567 3375 sed
1596 3330 1651 3376 et
1690 3323 1980 3379 Anumco
2006 3334 2207 3380 sanctae
2239 3326 2371 3381 Bre-

1893 2188 1950 2221 Η)
2010 2187 2209 2223 GALLUS
2278 2187 2343 2222 L'T

2410 2065 2455 2121 Α
2487 2070 2645 2113 aetate
2675 2061 3019 2129 poutilicatus
3044 2061 3185 2114 beati
3219 2060 3526 2130 Symmachi
3551 2062 3709 2131 hujus
3744 2064 3898 2119 aluuc
3928 2066 4075 2121 sedis

2491 2150 2767 2217 apostolici
2798 2151 3062 2217 przesulis,
3102 2149 3323 2219 prmfata
3353 2162 3539 2206 sancta
3568 2153 3943 2208 Lauriaccnsis
3973 2156 4071 2207 ha-

2490 2243 2647 2294 betur
2675 2242 2913 2295 Ecclesia
2946 2243 3257 2311 metropolis
3286 2254 3369 2296 :et
3393 2245 3443 2296 in
3463 2255 3723 2312 quantum
3756 2250 4073 2301 tamcxiude

2489 2345 2649 2397 quam
2701 2330 2865 2383 etiam
2911 2330 2977 2383 de
3020 2332 3364 2399 passionibus
3417 2332 3697 2388 beatorum
3748 2346 4071 2407 martyrum,

2488 2423 2576 2488 qui
2637 2422 2741 2475 illic
2794 2422 2974 2490 plures
3020 2423 3071 2476 in
3109 2432 3347 2493 tempore
3390 2427 3781 2493 persecutionis
3832 2444 3929 2495 pro
3964 2428 4074 2484 fide

2487 2512 2687 2566 Christi
2716 2514 2879 2567 variis
2908 2524 3034 2567 sunt
3066 2517 3347 2569 tormentis
3379 2517 3610 2580 multati,
3659 2518 3910 2586 colligere
3946 2535 4071 2587 pos-

2488 2616 2695 2665 sumus,
2726 2617 2790 2655 ex
2827 2603 3079 2656 omnibus
3102 2603 3455 2658 ecclesiarum
3487 2606 3813 2660 dimeesibus
3856 2606 4071 2661 Panno—

2487 2691 2612 2753 niae,
2661 2692 2774 2746 haec
2827 2692 3192 2761 antiquitate,
3249 2703 3303 2747 et
3351 2696 3762 2765 archiepiscopii
3811 2698 4073 2765 dignitate

2485 2793 2606 2833 esse
2634 2780 2908 2848 primitiva
2940 2782 3180 2834 creditur
3209 2801 3221 2833 :
3250 2798 3367 2849 quae
3400 2784 3507 2852 jam
3557 2785 3737 2838 multis
3785 2788 4073 2840 retroactis

2488 2870 2820 2939 temporibus
2843 2885 2909 2923 ex
2936 2871 3235 2925 vicinorum
3266 2870 3535 2940 frequenti
3565 2874 3909 2942 populatione
3937 2875 4066 2929 bar-

2484 2958 2741 3011 barorum
2764 2958 2977 3012 deserta
3008 2967 3058 3011 et
3106 2959 3157 3011 in
3210 2959 3553 3015 solitudinem
3591 2963 3833 3027 redacta,
3862 2964 4069 3018 nullum

2482 3046 2804 3102 Christiana:
2830 3049 3181 3115 professionis
3206 3051 3565 3106 habitatorem
3584 3054 3850 3117 meminit,
3874 3070 4071 3123 usque-

2483 3136 2607 3191 dum
2650 3137 3039 3191 invictissimus
3082 3138 3375 3207 Augustus,
3407 3150 3460 3193 et
3482 3150 3637 3210 pater
3668 3144 3879 3212 gratim,
3910 3145 4066 3213 geni-

2484 3235 2568 3281 tor
2593 3227 2792 3296 quippe
2833 3226 2906 3295 pii
2955 3227 3300 3297 imperatoris
3357 3231 3545 3295 nostri,
3590 3247 3748 3300 quem
3776 3233 3949 3287 adhuc
3976 3249 4071 3288 su-

2480 3331 2698 3385 peresse
2748 3326 2802 3370 et
2850 3317 2940 3370 diu
2990 3318 3259 3373 dominari
3310 3322 3541 3375 mundus
3596 3332 3841 3391 exoptat,
3872 3325 4070 3381 bellico

790 3411 995 3465 mensis
1018 3412 1288 3477 Ecclesiae,
1322 3414 1757 3483 archiepiscopis.
1810 3415 2124 3485 Pariterque
2156 3418 2374 3472 domino
2406 3410 2447 3468 Β
2481 3417 2680 3477 lmpr
2721 3424 2908 3462 eorum
2942 3410 3077 3465 Vires
3129 3413 3384 3466 PCllllltlil-
3425 3412 3578 3469 NUNC
3635 3425 3835 3480 amem.
3878 3433 4069 3485 fluam-

791 3504 1000 3557 ()rrom
1032 3503 1422 3571 gloriosissimo
1455 3504 1765 3573 imperatori
1796 3505 2056 3575 Augusto,
2090 3516 2251 3576 atque
2277 3524 2374 3561 ne-

791 3592 903 3660 poti
930 3606 1028 3645 suo
1050 3591 1288 3646 ﬂammeo
1313 3591 1810 3661 prmcelleutissimo
1832 3594 1950 3647 duci
1985 3595 2372 3660 Bawariorum,

791 3682 1112 3749 emterisque
1135 3684 1421 3737 comitibus
1448 3683 1637 3737 Galliae
1663 3693 1826 3752 atque
1856 3684 2180 3749 Germaniae,
2205 3686 2373 3740 BENE-

792 3788 984 3829 blCTUS
1016 3774 1193 3827 divina
1221 3776 1389 3843 gratia
1433 3776 1689 3845 prmditus
1736 3776 2063 3845 (praedictus.
2095 3777 2292 3849 Nempe
2324 3782 2374 3835 in

791 3866 1057 3932 superiore
1085 3864 1326 3936 epistola)
1369 3868 1675 3935 apostolicae
1721 3869 1863 3923 sedis
1899 3870 2159 3938 pontifex,
2185 3888 2375 3927 servus

792 3966 970 4009 autem
1000 3971 1281 4012 servorum
1311 3957 1425 4023 Dei,
1456 3958 1508 4013 in
1547 3958 1772 4013 Domino
1802 3960 2052 4015 salutem.

862 4047 1088 4119 Oportet
1133 4048 1297 4119 justis
1345 4052 1797 4122 supplicationum
1872 4053 2222 4122 petitionibus
2277 4070 2374 4109 nos

789 4154 1005 4209 semper
1060 4140 1246 4195 faciles
1294 4149 1351 4194 et
1400 4143 1629 4196 humiles
1681 4142 1979 4198 exhibere:
2012 4152 2067 4197 et
2106 4146 2375 4214 prarcipue

788 4248 909 4285 cum
939 4232 1194 4286 fraternis
1230 4231 1606 4302 religiosorum
1651 4235 2095 4287 consacerdotum
2126 4237 2375 4305 precibus

789 4321 1163 4385 sollicitamur,
1189 4321 1279 4389 qui
1307 4322 1509 4390 passim
1542 4323 1609 4376 ab
1629 4323 1777 4377 omni
1819 4324 2003 4377 mundi
2031 4326 2260 4379 termino
2293 4335 2373 4379 tc-

788 4429 977 4471 norem
1019 4423 1074 4466 et
1120 4412 1382 4483 regulam,
1410 4424 1573 4483 atque
1606 4414 1808 4484 proprii
1840 4411 1997 4469 ofﬁcii
2030 4416 2269 4485 vigorem
2307 4419 2374 4472 ab

787 4504 891 4563 hac
922 4503 1209 4557 universali
1236 4513 1421 4558 sancta
1439 4503 1681 4557 Romana
1712 4504 1975 4568 Ecclesia,
2003 4504 2226 4576 ejusque
2255 4522 2373 4560 sor-

787 4598 998 4655 tiuntur
1028 4596 1301 4661 ministro,
1336 4596 1541 4650 vicario
1571 4596 1780 4650 scilicet
1816 4597 1958 4651 beati
2002 4598 2142 4653 Petri
2175 4598 2373 4667 princi-

788 4689 871 4763 pis
902 4688 1268 4758 apostolorum
1318 4687 1516 4756 :cujus
1548 4689 1796 4757 quamvis
1851 4690 2073 4759 indigni,
2128 4690 2371 4759 ejusdem

788 4790 968 4834 tamen
999 4778 1173 4847 gratia
1192 4779 1418 4839 etdono,
1454 4779 2078 4847 potestatisucccssimus
2096 4789 2150 4833 et
2172 4780 2369 4845 ordini,

792 4870 875 4923 cui
897 4884 1026 4923 voce
1050 4870 1329 4924 Dominica
1344 4870 1574 4923 dicitur:
1597 4869 1673 4923 Tu
1696 4888 1748 4924 es
1775 4867 1984 4935 Petrus,
2000 4883 2046 4925 et
2068 4889 2225 4941 super
2238 4874 2371 4925 hanc

788 4971 987 5033 petram
1002 4962 1273 5029 azdiﬁcabo
1288 4961 1577 5015 Ecclesium
1594 4980 1783 5016 meam.
1801 4962 2137 5034 Quapropter
2151 4964 2370 5034 dignum

787 5053 1173 5108 restimavimus
1189 5069 1467 5109 assensum
1484 5056 1721 5124 pra-bere
1736 5056 1988 5126 congruis
2001 5057 2371 5125 postulationi-

790 5144 889 5198 bus
908 5144 1339 5201 reverendissimi
1371 5146 1787 5215 archiepiscopi,
1804 5162 1938 5215 quas
1954 5160 2049 5214 per
2066 5145 2370 5215 probabiles

790 5251 1049 5306 personas
1078 5236 1232 5289 nobis
1258 5236 1544 5300 intimavit,
1580 5237 1968 5304 responsalium
1998 5252 2215 5290 suorum
2244 5236 2374 5290 duo-

793 5344 908 5382 Ium
938 5329 1398 5399 presbyterorum,
1434 5339 1702 5398 quatenus
1732 5330 1831 5384 sibi
1852 5328 2070 5398 pallium
2097 5338 2150 5381 et
2174 5338 2371 5382 metro-

791 5423 1087 5489 politanum
1138 5422 1398 5475 honorem
1451 5424 1723 5475 cathedrae
1753 5437 1881 5483 suae,
1915 5430 2116 5474 sanctae
2146 5419 2370 5474 Lauria-

1894 5514 1917 5522 Α

2481 3502 2667 3554 obrem
2724 3503 2862 3555 votis
2890 3503 3286 3558 exsultantibus
3343 3506 3394 3558 in
3441 3506 3650 3560 laudem
3680 3509 4069 3577 omnipotentis

2480 3593 2575 3646 Dei
2606 3594 2956 3661 erutupimus,
2998 3611 3103 3648 non
3139 3596 3314 3649 solum
3361 3614 3500 3666 Stepe
3533 3598 3673 3651 dicta
3704 3609 3887 3652 sancta
3926 3599 4068 3652 Lau-

2480 3687 2741 3739 riaceusis
2793 3686 3057 3750 Ecclesia,
3094 3688 3329 3741 hostium
3371 3698 3620 3742 cessante
3674 3699 3906 3752 terrore,
3939 3706 4064 3744 cum

2480 3776 2678 3830 accolis
2717 3776 2829 3829 suis
2871 3792 3001 3845 pace
3052 3786 3104 3831 et
3136 3778 3529 3847 tranquillitate
3580 3781 3815 3847 potitur;
3876 3794 4064 3835 verum

2479 3869 2640 3922 etiam
2668 3868 2765 3935 ipsi
2801 3868 2999 3919 dudttm
3034 3868 3259 3931 inimici,
3287 3870 3433 3921 Ηιιιιιι
3459 3884 3616 3936 quem
3652 3870 3915 3937 persecuti
3940 3882 4068 3925 sunt

2478 3975 2627 4012 more
2650 3958 2854 4028 gentili,
2882 3958 3102 4027 jamjam
3122 3958 3398 4012 Christum
3431 3960 3687 4027 baptizati
3715 3961 4062 4028 profitentur,

2478 4061 2530 4104 et
2561 4052 2873 4104 sacerdotes
2904 4050 3065 4103 modo
3089 4050 3288 4103 habere
3320 4051 3648 4115 desiderant,
3684 4067 3745 4105 ac
3770 4062 3928 4121 prout
3959 4054 4066 4106 sci-

2478 4156 2536 4193 re
2565 4141 2727 4194 rudes
2750 4148 3025 4209 poterunt,
3046 4151 3373 4194 venerantur
3400 4156 3413 4197 :
3443 4150 3497 4193 et
3519 4141 3777 4195 ecclesias
3799 4144 4063 4210 quasdam

2477 4230 2530 4284 iu
2572 4246 2666 4285 sua
2696 4241 2863 4293 terra,
2898 4246 3032 4299 quas
3060 4240 3243 4299 patres
3269 4229 3519 4284 incendio
3544 4231 3826 4291 dederunt,
3856 4236 4061 4303 posteri

2478 4332 2785 4377 restaurare
2824 4322 3096 4376 videntur.
3151 4321 3264 4376 llac
3310 4338 3437 4391 ergo
3486 4325 3750 4377 suadente
3794 4327 4001 4380 ratione
4044 4346 4057 4380 :

2476 4415 2618 4483 quod
2673 4413 3046 4483 przenomiuati
3106 4422 3307 4466 sancta:
3370 4412 3750 4468 Lauriacensis
3802 4414 4062 4471 Ecclesia:

2478 4505 2870 4575 archiepisc0pi
2904 4504 3214 4574 postulatio,
3240 4505 3463 4574 antiqua
3490 4506 3786 4574 apostolica
3820 4510 4060 4561 auctori-

2478 4606 2588 4654 tate
2637 4598 3087 4660 commendatur;
3119 4606 3173 4651 et
3216 4606 3474 4665 praeterea
3517 4599 3658 4668 quod
3694 4614 3817 4654 cum
3848 4600 4059 4667 justum

2476 4698 2637 4752 esset,
2673 4690 2874 4756 pariter
2900 4689 3061 4741 etiam
3095 4687 3225 4741 utile
3272 4688 3444 4741 visum
3487 4698 3589 4751 est,
3622 4700 3681 4742 ut
3706 4691 3773 4745 ad
3820 4690 4059 4745 fructifi-

2401 4764 2443 4826 (ἶ
2477 4780 2675 4835 caudas
2700 4779 2806 4832 Deo
2828 4787 3015 4847 gentes
3039 4793 3103 4831 ex
3129 4779 3345 4833 novitiis
3370 4780 3666 4834 cultoribus
3687 4780 3807 4835 ﬁdei
3846 4781 4058 4852 Ungi-o-

2476 4888 2591 4927 rum
2608 4882 2768 4940 atque
2789 4869 3151 4935 Maravorum,
3170 4869 3282 4923 sive
3305 4870 3466 4923 etiam
3483 4870 3603 4924 aliis
3637 4869 3819 4925 multis
3835 4874 4057 4939 provin-

2475 4966 2572 5019 ciis
2588 4964 2904 5018 Sclavorum
2920 4978 3030 5016 suae
3047 4963 3319 5031 parochiae
3365 4962 3626 5025 finitimis,
3650 4963 3757 5017 illic
3789 4963 4059 5019 ordinatis

2472 5056 2739 5125 episcopis
2755 5054 3045 5109 secundum
3061 5055 3203 5121 quod
3219 5052 3751 5122 antiquitusdepositi
3769 5053 3987 5126 [forte,d
3996 5057 4041 5110 is

2471 5146 2650 5215 positi.
2686 5142 2883 5215 Hum]
2908 5151 3084 5209 erant,
3116 5144 3195 5197 eis
3220 5143 3841 5213 huiiqconstitueremus
3878 5148 4059 5200 archi-

2476 5237 2806 5305 episc0pum.
2840 5234 3101 5299 Quoniam
3131 5243 3312 5287 autem
3348 5232 3775 5303 Salisburgensus
3810 5234 4057 5295 Ecclesia

2477 5327 2791 5395 metropolis
2813 5324 2977 5379 abusa
2996 5334 3078 5378 est
3103 5322 3435 5390 subjectione
3464 5332 3662 5377 sancta:
3679 5322 4059 5380 Lauriacensis

2479 5418 2755 5480 Ecclesiae,
2782 5414 3020 5484 pontifici
3069 5414 3379 5469 oblitterata
3417 5422 3473 5466 et
3501 5422 3781 5468 attenuata
3828 5431 3924 5468 sua
3959 5418 4050 5471 di-

3014 5501 3527 5522 n'._._-L-_L-_-..--_._
3594 5518 3825 5522 ___-___-_
3870 5513 3945 5522 __‘.
