4472 5522
379 431 481 483 317

382 534 413 571 ι.
440 520 675 574 stimonii
706 521 866 574 etiam
914 520 1051 589 apud
1088 520 1363 574 saecularia
1415 520 1555 588 viget
1576 527 1630 571 et
1681 514 1951 585 prazvalet.
1987 519 2032 575 Α

381 608 494 663 Nos
523 623 651 662 vero
680 609 730 662 in
783 609 1087 671 huiusmodi
1118 611 1595 665 constitutionibus
1615 625 1827 664 omnem
1860 625 1952 665 ca-

382 702 641 754 lumniam
688 709 851 770 atque
902 702 1268 757 contentionis
1324 704 1681 764 occasionem,
1729 703 1957 757 Domino

381 791 691 860 adjuvante,
745 790 905 845 facile
953 792 1351 861 propulsamus,
1380 792 1643 847 ambabus
1690 793 1957 863 parocliiis

380 881 451 933 ab
477 880 704 934 invicem
759 881 923 935 certis
972 881 1232 938 limitibus
1277 886 1643 953 sequestratis,
1691 895 1744 939 et
1776 894 1955 939 tamen

381 970 690 1039 apostolicis
717 973 1087 1028 sanctionibus
1141 975 1339 1045 ubique
1389 976 1662 1041 stabilitis,
1694 993 1827 1047 quas
1858 992 1954 1031 no-

382 1069 555 1113 strum
611 1070 694 1115 est
732 1076 947 1130 semper
976 1062 1264 1119 defendere
1308 1076 1362 1119 et
1401 1068 1697 1121 secundum
1728 1083 1957 1133 evange-

382 1150 546 1205 licam
566 1152 889 1206 sententiam
926 1153 1060 1206 nihil
1091 1170 1155 1208 ex
1187 1155 1268 1210 eis
1298 1156 1525 1223 solvere,
1556 1158 1651 1211 sed
1700 1158 1956 1226 adimple-

383 1259 463 1298 re.
486 1242 637 1299 Unde
664 1260 794 1315 ergo
816 1247 1142 1301 auctoritate
1173 1256 1226 1302 et
1248 1256 1511 1317 potestate
1541 1249 1599 1302 Β.
1631 1248 1773 1303 Petri
1811 1250 1958 1318 prin—

382 1335 520 1404 cipis
545 1335 932 1405 aposwlorum,
981 1344 1143 1404 atque
1182 1338 1429 1407 exemplo
1456 1337 1739 1391 beatorum
1782 1338 1958 1406 ponti-

384 1426 545 1480 ficum
577 1427 785 1481 scilicet
831 1427 1290 1495 praedecessorum
1340 1438 1673 1492 nostrorum,
1713 1429 1957 1483 eamdem

381 1525 625 1569 sanctam
655 1514 1078 1569 Laurcacensem
1108 1516 1423 1583 Ecclesiam,
1475 1519 1698 1587 ejusque
1724 1527 1960 1571 rectores

375 1606 491 1674 jam
524 1606 975 1674 arehiepiscopos,
1013 1607 1205 1661 amodo
1245 1610 1510 1677 perpetim
1542 1608 1609 1661 ab
1648 1609 1959 1662 omniSalz-

383 1694 668 1764 burgensis
694 1695 945 1748 Ecclesia:
974 1695 1197 1765 ejusque
1222 1698 1508 1765 praesulum
1538 1698 1869 1765 subjectione
1899 1714 1961 1751 ae

380 1786 587 1839 ditioue
617 1787 967 1851 absolvimus,
999 1797 1053 1841 et
1091 1789 1295 1843 honore
1349 1789 1765 1857 metropolitano
1789 1788 1958 1843 subli-

1533 424 1887 480 tsrtsrom;
1930 423 2012 476 er
2056 424 2463 477 primum.
3529 430 3631 482 διε

2062 648 2335 685 Βεδευιενιδι
2384 647 2527 684 PAPL’
2588 647 2655 683 \ll
2704 650 2869 687 υυιιΑ
2918 649 3016 686 PRO
3073 649 3413 690 TREVIRENSIS
3453 649 3636 691 ARCBI'

2532 717 2886 758 EPISCOPA'I’US
2922 718 3155 759 JL‘BIBUS.

2665 814 2854 883 (Anno
2892 816 3052 885 975.)

2064 929 2382 984 Tltcodorico
2424 930 2811 996 archiepiscopo
2856 928 3146 998 Trevircnsi
3182 930 3394 998 ejusque
3426 945 3635 983 succes-

2131 1000 2332 1055 soribus
2360 1000 2545 1054 cellam
2590 999 2831 1065 Quatuor
2859 997 3242 1052 Coronatorum
3281 1000 3562 1052 condonet.

2436 1110 2663 1182 [Mansi,
2694 1110 2779 1163 ubi
2811 1126 2991 1178 supra,
3025 1109 3128 1164 col.
3162 1109 3287 1181 57.]

2132 1248 2469 1302 BENEDICTUS
2500 1246 2805 1315 episc0pus,
2841 1259 3028 1298 servus
3060 1259 3338 1299 servorum
3370 1244 3488 1307 Dei,
3518 1244 3644 1298 cha-

2064 1338 2293 1392 rissimis
2320 1338 2475 1391 nobis
2503 1337 2554 1390 in
2596 1335 2812 1390 Christo
2852 1335 3113 1389 fratribus
3143 1336 3409 1389 universis
3439 1336 3646 1405 episco-

2065 1430 2165 1497 pis,
2199 1443 2261 1481 ac
2314 1428 2480 1482 t0tius
2516 1426 2791 1496 dignitatis
2833 1436 2887 1479 et
2933 1426 3137 1481 ordinis
3164 1426 3445 1481 catholicis
3490 1425 3642 1489 viris,

2062 1519 2413 1587 prmsenlihus
2454 1517 2663 1571 scilicet
2700 1526 2752 1570 et
2791 1516 3007 1581 futuris,
3036 1526 3349 1586 perpetuam
3393 1514 3642 1569 salutem.

2131 1608 2266 1672 Quia
2291 1608 2415 1660 licet
2444 1608 2669 1676 indigni,
2694 1616 2797 1660 etc.
2834 1606 2984 1660 Unde
3014 1607 3252 1660 omnium
3282 1616 3386 1659 tam
3413 1620 3648 1673 prresen-

2065 1699 2192 1751 tium
2242 1712 2403 1766 quam
2459 1696 2762 1750 futurormn
2811 1696 3155 1750 sanctitatem
3202 1705 3256 1750 ct
3312 1695 3630 1749 industriam

2064 1802 2223 1841 nosse
2267 1787 2515 1839 volumus
2546 1787 2612 1840 de
2660 1794 2845 1839 saneta
2889 1785 3075 1839 fratris
3108 1787 3277 1839 nostri
3323 1785 3643 1853 Tlieotlorict

381 1892 609 1929 maums.
646 1877 709 1929 Et
751 1878 890 1931 sicut
935 1878 1208 1933 modernis
1247 1880 1576 1949 temporibus
1611 1889 1812 1934 sancta:
1842 1894 1955 1932 me-
1992 1867 2034 1925 Β
2064 1886 2259 1931 sancta?
2315 1877 2663 1931 Treverensis
2692 1876 2947 1931 Ecclesia:
2996 1876 3385 1945 archiepiscoiii
3436 1876 3639 1943 prima-

380 1964 565 2017 moria:
592 1966 864 2034 Agapetus
892 1982 1027 2036 papa
1055 1969 1311 2023 terminos
1336 1970 1647 2023 eorumdem
1673 1970 1961 2039 parochia-

378 2054 599 2109 ruarab
623 2057 854 2113 invicem
878 2058 1147 2123 distinxit,
1177 2061 1255 2114 sic
1288 2070 1340 2114 et
1369 2061 1467 2129 ipsi
1517 2061 1804 2115 definimus
1837 2080 1847 2114 :
1885 2062 1957 2115 ita

376 2159 593 2214 quoque
624 2154 681 2198 ut
723 2154 909 2201 sincta
944 2146 1355 2218 Salzburgensis
1384 2150 1621 2203 Ecclesia
1669 2151 1964 2219 superioris

377 2233 669 2287 Pannoniae
728 2236 1010 2305 episcopos
1063 2238 1260 2291 habeat
1309 2238 1707 2308 sulfraganeos,
1766 2240 1963 2308 quibus

377 2338 547 2391 usque
579 2324 683 2376 huc
711 2325 791 2378 sui
837 2324 1121 2393 pontifices
1162 2340 1394 2393 praeesse
1443 2328 1791 2390 videbantur,
1840 2342 1961 2381 cum

378 2419 529 2464 tanta
562 2412 762 2481 talique
810 2413 1054 2478 dioecesi,
1107 2415 1254 2483 quali
1313 2415 1574 2470 hactenus
1606 2417 1657 2469 iu
1716 2414 1959 2483 inferiori

377 2504 459 2560 usi
491 2514 617 2557 sunt
647 2504 959 2569 Pannonia;
1012 2517 1196 2561 sancta
1228 2519 1406 2562 autem
1464 2509 1853 2563 Laureaeensis
1877 2480 1958 2585 el-

376 2592 539 2647 clesia
572 2594 624 2647 in
644 2594 920 2649 inferioris
946 2596 1236 2651 Pannonia:
1273 2606 1435 2667 atque
1465 2597 1664 2652 Mmsiae
1691 2598 1961 2668 regiones,

377 2699 608 2751 quarum
637 2685 932 2753 provincia:
962 2694 1087 2740 sunt
1142 2686 1387 2741 Bawaria
1433 2699 1595 2758 atque
1624 2688 1878 2751 Maravia,
1914 2690 1963 2743 iu

381 2772 576 2839 quibus
617 2783 825 2842 septem
857 2775 1227 2843 episcoporum
1273 2777 1543 2846 parochiae
1564 2779 1800 2847 antiquis
1833 2788 1965 2832 tem-

378 2860 599 2930 poribus
648 2863 1097 2925 contiuebantur.
1142 2866 1334 2934 suique
1389 2867 1660 2921 antistites
1692 2868 1963 2937 archiepi-

380 2952 650 3019 scopalem
705 2953 955 3022 deinceps
1000 2954 1233 3008 habeant
1279 2965 1623 3025 potestatem,
1663 2974 1784 3012 cum
1816 2970 1963 3013 tanta

381 3041 583 3110 talique
632 3042 872 3107 dimcesi,
921 3046 1064 3113 quali
1144 3047 1405 3101 hactenus
1456 3048 1509 3101 in
1566 3051 1831 3119 superiori
1884 3051 1963 3104 usi

380 3141 503 3182 sunt
526 3129 819 3186 Pannonia.
853 3132 1058 3200 Quibus
1084 3137 1267 3205 utique
1293 3138 1344 3191 in
1371 3140 1589 3207 superni
1615 3137 1679 3210 [1⁸.
1716 3140 1957 3211 insuper]

2064 1971 2278 2036 lisque,
2345 1976 2530 2021 nostra
2593 1967 3160 2035 prmdeeessorumque
3223 1976 3527 2018 nostrorum
3581 1963 3648 2015 ab

2063 2060 2286 2113 exordio
2322 2058 2747 2113 Christianitatis
2782 2074 2879 2127 per
2920 2059 3136 2111 beatum
3179 2055 3394 2109 Petrum
3442 2055 3645 2109 consti—

2065 2154 2288 2213 tutionc,
2323 2152 2485 2205 totius
2507 2150 2694 2205 Gallia:
2729 2158 2782 2204 et
2813 2149 3122 2203 Germauim
3154 2148 3205 2200 iu
3246 2148 3493 2200 eumdem
3525 2162 3639 2214 apo.

2064 2244 2323 2295 stolorum
2355 2241 2651 2308 principem
2680 2240 2988 2297 devotione.
3023 2237 3113 2305 qui
3157 2238 3206 2289 in
3253 2252 3345 2289 sua
3388 2237 3512 2289 sede
3551 2236 3646 2287 lico

2064 2332 2281 2385 clesiam
2327 2328 2527 2382 Christi
2583 2328 2869 2394 gloriosius
2920 2326 3269 2396 gubernando
3320 2324 3489 2377 tnulta
3540 2339 3647 2376 mo-

2066 2411 2320 2481 uasieria,
2366 2432 2486 2487 qua:
2536 2431 2707 2485 usque
2752 2417 2819 2470 ad
2878 2432 2972 2469 sua
3020 2426 3262 2485 tempora
3336 2422 3653 2467 manserunt

2066 2514 2277 2570 «lacerta
2326 2507 2712 2571 restaurando,
2742 2508 3132 2576 beatorumque
3178 2505 3543 2576 apostolorum
3591 2505 3652 2557 li-

2068 2603 2209 2656 mina
2258 2600 2470 2654 czeteris
2510 2598 2726 2667 smpius,
2778 2596 2925 2650 nullo
2960 2595 3219 2665 longioris
3254 2595 3377 2647 vita:
3414 2594 3653 2663 periculo

2067 2709 2157 2748 seu
2185 2693 2366 2745 labore
2400 2690 2639 2749 territus,
2680 2687 3053 2742 liberalissime
3084 2685 3371 2747 visitando,
3402 2683 3557 2737 nobis
3587 2685 3652 2737 ad

2072 2785 2173 2839 hoc
2204 2796 2373 2850 usque
2403 2778 2749 2847 complacuit,
2778 2777 2919 2845 quod
2953 2776 3126 2831 eidem
3158 2790 3373 2843 sumque
3401 2773 3654 2828 Ecclesia:

2067 2872 2390 2942 possidenda
2424 2872 2473 2924 in
2503 2878 2821 2937 perpetuum
2848 2868 3023 2935 aliqua
3054 2866 3303 2921 conferre
3328 2864 3531 2933 justum
3557 2864 3654 2915 du-

2067 2979 2335 3018 ceremus.
2376 2961 2715 3029 Quapropter
2756 2967 2941 3011 notum
2983 2957 3054 3010 sit
3095 2956 3346 3009 omnibus
3392 2970 3489 3007 nos
3531 2968 3652 3006 cum

2070 3054 2389 3107 auctoritate
2421 3050 2479 3103 Β.
2523 3049 2665 3104 Petri
2716 3046 3081 3116 apostolorum
3122 3045 3401 3116 principis,
3445 3043 3652 3109 gratui-

2072 3153 2231 3210 teque
2268 3141 2609 3196 sacerdotum
2642 3138 3069 3205 elericorumque
3106 3136 3375 3203 totiusque
3401 3135 3655 3187 Romanae

381 3222 666 3289 praeceptis
717 3222 1069 3294 injungimus,
1126 3203 1361 3295 utijuxta
1407 3203 1549 3283 beati
1596 3203 1852 3299 (iregorii
1878 3203 1964 3285 de:
1991 3203 2036 3263 Ο
2068 3203 2239 3302 ple-bis
2263 3246 2509 3290 assensu,
2536 3230 2709 3283 eidem
2734 3228 2793 3280 S.
2829 3203 3148 3280 Treverensi
3181 3224 3437 3279 Ecclesiae
3461 3222 3652 3277 cellam

382 3326 614 3382 cretum,
669 3320 961 3389 Anglorum
1014 3322 1435 3394 archiepiscopis
1489 3327 1778 3389 directum,
1832 3326 1967 3379 alter

384 3409 597 3465 illorum
652 3412 743 3479 qui
800 3412 947 3479 prior
996 3414 1065 3467 sit
1116 3415 1168 3467 in
1214 3417 1553 3470 ordinatione
1601 3427 1879 3485 tempore,
1913 3426 1967 3470 et

382 3503 560 3569 quoad
593 3503 757 3566 vivat,
785 3504 1086 3571 prioratum
1121 3515 1302 3559 teneat
1336 3518 1391 3560 et
1420 3508 1472 3559 in
1504 3506 1711 3561 ordine.
1745 3506 1967 3561 Penitus

383 3591 527 3645 enim
563 3592 935 3648 determinatis
980 3594 1261 3663 utriusque
1316 3595 1567 3650 Ecclesia:
1617 3596 1965 3659 dimcesibus,

384 3682 640 3751 omnique
662 3683 882 3737 exclusa
916 3684 1213 3739 altercandi
1240 3687 1544 3751 oceasionc,
1575 3688 1836 3741 canonica
1868 3686 1968 3739 sub

386 3776 725 3829 distriCtione
752 3776 1123 3831 interdicimus
1146 3786 1203 3830 ut
1231 3787 1420 3832 neuter
1446 3777 1755 3831 earumdem
1784 3776 1968 3831 Eccle-

386 3870 590 3923 siarum
623 3870 1061 3939 archiepiscopus
1108 3871 1362 3925 invadere
1402 3872 1625 3926 alterius
1656 3872 1966 3941 parochiam

388 3969 699 4035 pmsumat,
762 3960 843 4013 vel
900 3959 1311 4029 quibuscunque
1344 3961 1539 4031 jurgiis
1580 3971 1667 4015 aut
1702 3963 1969 4033 discepta»

390 4050 627 4105 tionibus
654 4064 815 4117 super
865 4049 1102 4104 definitis
1158 4066 1187 4104 ει
1240 4052 1396 4105 nobis
1439 4052 1598 4105 modo
1643 4052 1803 4107 rebus
1833 4053 1970 4108 alter

387 4142 617 4196 alterum
642 4140 937 4196 sollicitare
976 4141 1191 4194 audeat.
1236 4140 1331 4195 llis
1360 4142 1524 4212 igitur
1552 4142 1775 4209 sedatis,
1803 4158 1968 4198 vene-

389 4232 614 4288 rabilem
664 4231 998 4287 confratrem
1053 4240 1298 4286 nostrum
1344 4231 1663 4302 Pilgrimum
1695 4234 1960 4303 archiepi-

389 4339 633 4394 scopum,
681 4322 958 4378 canonicis
1009 4322 1205 4377 litteris
1255 4324 1541 4389 munitum,
1608 4326 1721 4380 sedi
1768 4336 1969 4382 sancta

389 4414 784 4470 Laureacensis
805 4413 1061 4469 Ecclesia:
1094 4416 1603 4482 iuthromzavimus,
1644 4418 1972 4490 palliumque

389 4508 435 4557 ei
469 4504 764 4560 secundum
810 4505 1092 4573 antiquum
1133 4505 1370 4574 ejusdem
1424 4506 1680 4561 Ecclesiae
1702 4521 1859 4561 usum
1888 4508 1970 4561 di-

391 4600 628 4655 reximus
674 4612 688 4651 :
742 4606 908 4666 atque
954 4596 1007 4653 in
1064 4596 1356 4666 provinciis
1383 4595 1661 4662 Bawariae,
1691 4599 1970 4668 regionum

388 4704 602 4757 quoque
631 4686 909 4742 inferioris
937 4683 1228 4741 Pannonia:
1275 4687 1389 4741 sive
1424 4685 1644 4753 Moesiae,
1675 4697 1729 4742 et
1763 4688 1817 4742 in
1848 4704 1976 4743 con-

393 4781 551 4852 tzguis
586 4780 691 4835 sibi
724 4778 1043 4835 Sclavorum
1067 4779 1378 4833 nationibus
1402 4780 1831 4851 circumquaque
1858 4797 1971 4835 ma-

393 4874 656 4937 nentium,
685 4881 929 4928 nostram
956 4872 1304 4943 apostolicam
1324 4873 1697 4930 auctoritatem
1726 4884 1780 4929 et
1802 4875 1973 4930 vicem

394 4983 645 5024 exercere
681 4967 1074 5023 committimus
1127 4975 1289 5037 atque
1328 4966 1677 5037 delegamus:
1706 4977 1975 5037 quatenus

391 5061 520 5126 illic,
557 5075 709 5115 more
758 5068 1165 5115 anteeessorum
1214 5075 1431 5114 suorum
1486 5069 1688 5116 sanetae
1742 5060 1973 5115 Laurea-

393 5152 541 5209 censi
572 5148 835 5205 Ecclesia
859 5148 1409 5219 archiepiscoporum,
1444 5150 1973 5220 habeatpotestatem

389 5244 742 5315 presbyteros
778 5250 834 5295 et
865 5242 1143 5313 episeOpos
1170 5242 1425 5297 ordinare
1440 5250 1602 5311 atque
1625 5242 1974 5308 constituere,

390 5347 441 5389 et
479 5351 540 5389 ex
591 5332 870 5400 prmdictis
920 5333 1168 5402 gentibus
1212 5347 1308 5388 sua
1357 5342 1541 5389 sancta
1595 5334 1973 5403 praedicatione

2070 3323 2312 3388 Quatuor
2368 3320 2764 3373 Coronatorum
2824 3317 3161 3369 eondonasse
3218 3316 3269 3367 in
3334 3321 3652 3383 perpetuum

2071 3409 2474 3480 possidendam,
2508 3422 2628 3461 cum
2668 3406 2919 3459 omnibus
2962 3403 3285 3473 appenditiis
3329 3402 3457 3463 suis,
3502 3398 3657 3467 aquis

2071 3500 2274 3554 scilicet
2320 3511 2689 3563 aquarumque
2752 3495 3100 3557 decursibus,
3156 3494 3355 3562 pratis,
3415 3506 3653 3560 pascuis.

2070 3591 2264 3654 vineis,
2295 3588 2467 3652 silvis,
2498 3587 2659 3642 cultis
2709 3597 2762 3640 et
2796 3586 3031 3648 incultis,
3065 3585 3308 3639 curtibus
3338 3592 3391 3637 et
3422 3582 3660 3637 mansio-

2072 3684 2253 3737 nibus.
2300 3680 2432 3746 Quze
2470 3679 2651 3732 omnia
2681 3678 2857 3731 eidem
2892 3675 3047 3729 fratri
3091 3686 3280 3729 nostro
3322 3674 3657 3727 Theoderico

2072 3772 2130 3826 S.
2182 3770 2533 3823 Treverensis
2586 3767 2840 3821 Ecclesire
2896 3766 3303 3832 archiepiscopo
3349 3765 3659 3829 vicarioque

2072 3871 2257 3917 nostro
2286 3860 2607 3915 charissimo
2647 3858 2699 3911 in
2731 3857 2976 3927 partibus
3022 3856 3186 3910 totius
3224 3854 3411 3909 Gallia:
3441 3862 3495 3907 et
3520 3852 3655 3907 Ger-

2070 3954 2287 4018 maniaz,
2314 3968 2375 4007 ac
2399 3967 2493 4021 per
2522 3966 2643 4005 eum
2666 3951 2878 4004 cunctis
2920 3948 3347 4008 successoribus,
3380 3947 3431 4000 in
3460 3961 3657 4016 perpe-

2073 4051 2222 4096 tuum
2263 4040 2615 4110 possidenda,
2655 4039 2885 4093 tenenda
2934 4053 2996 4091 ac
3035 4037 3337 4092 ordinanda
3368 4052 3464 4106 per
3500 4034 3661 4102 hujus

2073 4141 2276 4185 nostra:
2325 4129 2634 4199 apostolica:
2681 4128 3059 4197 prmccptionis
3104 4127 3300 4181 seriem
3352 4126 3657 4187 tribuimus,

2072 4234 2409 4289 quaecunque
2457 4218 2645 4273 eadem
2692 4216 2828 4271 cella
2874 4232 2941 4270 ex
2998 4216 3230 4270 diversis
3280 4215 3661 4269 donationibus

2071 4304 2310 4359 fidelium
2341 4302 2655 4357 authentice
2684 4302 2979 4356 secundum
3010 4300 3184 4370 legem
3213 4298 3512 4354 Romanam
3545 4312 3662 4366 pos~

2072 4397 2212 4452 sidet
2240 4394 2324 4450 vel
2356 4396 2477 4465 jure
2517 4393 2794 4464 possidere
2821 4392 3002 4455 debet,
3036 4390 3161 4445 data
3202 4389 3454 4443 videlicet
3485 4398 3540 4441 et
3574 4403 3663 4441 us-

2075 4504 2179 4559 que
2220 4489 2273 4542 in
2315 4486 2477 4542 ﬁnem
2520 4484 2703 4541 δεουιί
2750 4497 2969 4554 quoquo
3000 4491 3159 4551 pacto
3198 4480 3395 4543 danda,
3438 4494 3529 4533 seu
3567 4493 3663 4548 per

2004 4548 2049 4607 ί)
2079 4578 2387 4633 violentiam
2422 4576 2765 4630 inimicorum
2802 4574 2976 4628 eidem
3012 4572 3161 4627 cellae
3200 4572 3402 4634 ablata,
3445 4584 3537 4623 seu
3568 4584 3663 4638 per

2081 4670 2345 4725 incuriam
2379 4666 2837 4723 commanentium
2873 4665 2926 4718 in
2964 4665 3149 4720 eadem
3190 4662 3324 4717 cella
3356 4661 3564 4731 perdita
3597 4677 3663 4719 ex

2078 4761 2285 4831 integro
2316 4768 2371 4812 et
2396 4760 2463 4812 ad
2501 4759 2768 4829 integrum
2802 4758 2977 4811 eidem
3016 4754 3169 4809 fratri
3209 4764 3397 4809 nostro
3422 4751 3665 4807 Theode-

2080 4854 2192 4907 rico
2216 4852 2273 4905 S.
2308 4852 2662 4905 Trevercnsis
2694 4850 2949 4903 Eeclesrae
2979 4848 3388 4917 archiepiscopo
3419 4845 3668 4914 dignissi-

2081 4957 2279 5010 moque
2329 4950 2514 4995 nostro
2564 4940 2771 4995 vicario
2803 4940 2855 4993 in
2910 4939 3158 5009 partibus
3206 4938 3374 4991 totius
3404 4936 3591 4990 Gallia:
3621 4946 3675 4990 et

2083 5034 2409 5096 Germanim,
2444 5032 2821 5100 universisque
2848 5032 3254 5085 successoribus
3291 5030 3405 5085 suis
3432 5042 3525 5096 per
3551 5043 3680 5081 eum

2086 5142 2113 5179 a
2156 5124 2408 5195 pnesenti
2456 5121 2751 5178 indictione
2794 5136 2878 5183 Ill,
2915 5120 3060 5176 beati
3110 5118 3254 5175 Petri
3313 5115 3683 5186 apostolorum

2087 5214 2349 5288 principis
2380 5221 2676 5285 nostraque
2706 5212 3072 5280 permittimus
3101 5209 3445 5264 auctoritate.
3481 5206 3685 5258 Contra

2091 5320 2251 5376 quam
2296 5303 2339 5359 si
2369 5301 2489 5372 quis
2517 5317 2679 5375 agere
2720 5300 3145 5372 praesumpserit,
3184 5305 3238 5351 ct
3280 5295 3421 5366 quod
3449 5292 3594 5361 juste
3634 5300 3689 5349 et
