  <div class='ocr_page' id='page_1' title='image "/cluster/home/n/w/nwhite01/storage/ocr_20150623/137/hvd.32044021286828/165.png"; bbox 0 0 4472 5522; ppageno 0'>
   <div class='ocr_carea' id='block_1_1' title="bbox 801 446 905 503">
    <p class='ocr_par' dir='ltr' id='par_1_1' title="bbox 801 446 905 503">
     <span class='ocr_line' id='line_1_1' title="bbox 801 446 905 503; baseline 0.019 -2"><span class='ocrx_word' id='word_1_1' title='bbox 801 446 905 503; x_wconf 76' lang='grc'><strong>319</strong></span> 
     </span>
    </p>
   </div>
   <div class='ocr_carea' id='block_1_2' title="bbox 2055 424 2780 499">
    <p class='ocr_par' dir='ltr' id='par_1_2' title="bbox 2055 424 2780 499">
     <span class='ocr_line' id='line_1_2' title="bbox 2055 424 2780 499; baseline 0.001 -2"><span class='ocrx_word' id='word_1_2' title='bbox 2055 445 2411 498; x_wconf 72' lang='lat' dir='ltr'><strong>BENEDICTI</strong></span> <span class='ocrx_word' id='word_1_3' title='bbox 2452 424 2652 499; x_wconf 65' lang='lat' dir='ltr'><strong>nam:</strong></span> <span class='ocrx_word' id='word_1_4' title='bbox 2696 445 2780 498; x_wconf 83' lang='lat' dir='ltr'><strong>vn</strong></span> 
     </span>
    </p>
   </div>
   <div class='ocr_carea' id='block_1_3' title="bbox 3961 447 4066 502">
    <p class='ocr_par' dir='ltr' id='par_1_3' title="bbox 3961 447 4066 502">
     <span class='ocr_line' id='line_1_3' title="bbox 3961 447 4066 502; baseline -0.029 0"><span class='ocrx_word' id='word_1_5' title='bbox 3961 447 4066 502; x_wconf 67' lang='grc'><strong>520</strong></span> 
     </span>
    </p>
   </div>
   <div class='ocr_carea' id='block_1_4' title="bbox 803 555 4059 630">
    <p class='ocr_par' dir='ltr' id='par_1_4' title="bbox 803 555 4059 630">
     <span class='ocr_line' id='line_1_4' title="bbox 803 555 4059 630; baseline -0.003 -13"><span class='ocrx_word' id='word_1_6' title='bbox 803 572 1003 617; x_wconf 77' lang='lat' dir='ltr'><strong>sancta:</strong></span> <span class='ocrx_word' id='word_1_7' title='bbox 1035 562 1176 616; x_wconf 81' lang='lat' dir='ltr'><strong>sedis</strong></span> <span class='ocrx_word' id='word_1_8' title='bbox 1211 561 1519 630; x_wconf 75' lang='lat' dir='ltr'><strong>apostolica:</strong></span> <span class='ocrx_word' id='word_1_9' title='bbox 1550 562 1600 614; x_wconf 94' lang='lat' dir='ltr'><strong>in</strong></span> <span class='ocrx_word' id='word_1_10' title='bbox 1645 575 1826 614; x_wconf 91' lang='lat' dir='ltr'><strong>mense</strong></span> <span class='ocrx_word' id='word_1_11' title='bbox 1869 559 2146 620; x_wconf 84' lang='lat' dir='ltr'><strong>Januario,</strong></span> <span class='ocrx_word' id='word_1_12' title='bbox 2191 558 2372 611; x_wconf 84' lang='lat' dir='ltr'><strong>indict.</strong></span> <span class='ocrx_word' id='word_1_13' title='bbox 2411 563 2450 616; x_wconf 79' lang='grc' dir='ltr'><strong>Λ</strong></span> <span class='ocrx_word' id='word_1_14' title='bbox 2483 557 3007 625; x_wconf 87' lang='lat' dir='ltr'><strong>archiepiscoporum</strong></span> <span class='ocrx_word' id='word_1_15' title='bbox 3040 571 3134 610; x_wconf 90' lang='lat' dir='ltr'><strong>seu</strong></span> <span class='ocrx_word' id='word_1_16' title='bbox 3181 570 3274 623; x_wconf 89' lang='lat' dir='ltr'><strong>per</strong></span> <span class='ocrx_word' id='word_1_17' title='bbox 3303 555 3530 625; x_wconf 81' lang='lat' dir='ltr'><strong>ancujus</strong></span> <span class='ocrx_word' id='word_1_18' title='bbox 3567 556 3765 609; x_wconf 92' lang='lat' dir='ltr'><strong>terreni</strong></span> <span class='ocrx_word' id='word_1_19' title='bbox 3816 565 4059 623; x_wconf 78' lang='lat' dir='ltr'><strong>potesta-</strong></span> 
     </span>
    </p>
   </div>
   <div class='ocr_carea' id='block_1_5' title="bbox 807 651 1276 708">
    <p class='ocr_par' dir='ltr' id='par_1_5' title="bbox 807 651 1276 708">
     <span class='ocr_line' id='line_1_5' title="bbox 807 651 1276 708; baseline -0.009 0"><span class='ocrx_word' id='word_1_20' title='bbox 807 671 888 708; x_wconf 92' lang='grc' dir='ltr'>ιιι.</span> <span class='ocrx_word' id='word_1_21' title='bbox 915 653 1055 706; x_wconf 84' lang='lat' dir='ltr'><strong>Bene</strong></span> <span class='ocrx_word' id='word_1_22' title='bbox 1085 651 1276 706; x_wconf 90' lang='lat' dir='ltr'><strong>valete.</strong></span> 
     </span>
    </p>
   </div>
   <div class='ocr_carea' id='block_1_6' title="bbox 877 741 2387 812">
    <p class='ocr_par' dir='ltr' id='par_1_6' title="bbox 877 741 2387 812">
     <span class='ocr_line' id='line_1_6' title="bbox 877 741 2387 812; baseline -0.002 -15"><span class='ocrx_word' id='word_1_23' title='bbox 877 747 1006 798; x_wconf 89' lang='lat' dir='ltr'><strong>Data</strong></span> <span class='ocrx_word' id='word_1_24' title='bbox 1047 759 1113 797; x_wconf 82' lang='lat' dir='ltr'><strong>xv</strong></span> <span class='ocrx_word' id='word_1_25' title='bbox 1153 743 1272 796; x_wconf 80' lang='lat' dir='ltr'><strong>Kal.</strong></span> <span class='ocrx_word' id='word_1_26' title='bbox 1308 743 1585 798; x_wconf 82' lang='lat' dir='ltr'><strong>Februarii</strong></span> <span class='ocrx_word' id='word_1_27' title='bbox 1619 759 1714 812; x_wconf 88' lang='lat' dir='ltr'><strong>per</strong></span> <span class='ocrx_word' id='word_1_28' title='bbox 1740 758 1958 796; x_wconf 90' lang='lat' dir='ltr'><strong>manum</strong></span> <span class='ocrx_word' id='word_1_29' title='bbox 1999 741 2246 796; x_wconf 81' lang='lat' dir='ltr'><strong>Widonis</strong></span> <span class='ocrx_word' id='word_1_30' title='bbox 2276 743 2387 810; x_wconf 89' lang='lat' dir='ltr'><strong>cpi-</strong></span> 
     </span>
    </p>
   </div>
   <div class='ocr_carea' id='block_1_7' title="bbox 804 831 2384 902">
    <p class='ocr_par' dir='ltr' id='par_1_7' title="bbox 804 831 2384 902">
     <span class='ocr_line' id='line_1_7' title="bbox 804 831 2384 902; baseline -0.001 -16"><span class='ocrx_word' id='word_1_31' title='bbox 804 833 953 902; x_wconf 88' lang='lat' dir='ltr'><strong>scopi</strong></span> <span class='ocrx_word' id='word_1_32' title='bbox 1007 841 1062 886; x_wconf 91' lang='lat' dir='ltr'><strong>et</strong></span> <span class='ocrx_word' id='word_1_33' title='bbox 1124 832 1530 888; x_wconf 87' lang='lat' dir='ltr'><strong>bibliothecarii</strong></span> <span class='ocrx_word' id='word_1_34' title='bbox 1592 842 1795 886; x_wconf 74' lang='lat' dir='ltr'><strong>sancta:</strong></span> <span class='ocrx_word' id='word_1_35' title='bbox 1846 831 1990 886; x_wconf 88' lang='lat' dir='ltr'><strong>sedis</strong></span> <span class='ocrx_word' id='word_1_36' title='bbox 2048 831 2384 902; x_wconf 73' lang='lat' dir='ltr'><strong>apostolicm,</strong></span> 
     </span>
    </p>
   </div>
   <div class='ocr_carea' id='block_1_8' title="bbox 803 924 2385 994">
    <p class='ocr_par' dir='ltr' id='par_1_8' title="bbox 803 924 2385 994">
     <span class='ocr_line' id='line_1_8' title="bbox 803 924 2385 994; baseline -0.003 -15"><span class='ocrx_word' id='word_1_37' title='bbox 803 941 977 986; x_wconf 87' lang='lat' dir='ltr'><strong>anno,</strong></span> <span class='ocrx_word' id='word_1_38' title='bbox 1027 924 1136 978; x_wconf 80' lang='lat' dir='ltr'><strong>Deo</strong></span> <span class='ocrx_word' id='word_1_39' title='bbox 1179 926 1441 993; x_wconf 89' lang='lat' dir='ltr'><strong>propitio,</strong></span> <span class='ocrx_word' id='word_1_40' title='bbox 1486 925 1837 994; x_wconf 87' lang='lat' dir='ltr'><strong>pontificatus</strong></span> <span class='ocrx_word' id='word_1_41' title='bbox 1884 924 2065 978; x_wconf 88' lang='lat' dir='ltr'><strong>domni</strong></span> <span class='ocrx_word' id='word_1_42' title='bbox 2113 924 2385 978; x_wconf 89' lang='lat' dir='ltr'><strong>Benedicti</strong></span> 
     </span>
    </p>
   </div>
   <div class='ocr_carea' id='block_1_9' title="bbox 805 1014 2389 1084">
    <p class='ocr_par' dir='ltr' id='par_1_9' title="bbox 805 1014 2389 1084">
     <span class='ocr_line' id='line_1_9' title="bbox 805 1014 2389 1084; baseline -0.003 -16"><span class='ocrx_word' id='word_1_43' title='bbox 805 1015 1018 1082; x_wconf 78' lang='lat' dir='ltr'><strong>septimi</strong></span> <span class='ocrx_word' id='word_1_44' title='bbox 1070 1029 1221 1084; x_wconf 78' lang='lat' dir='ltr'><strong>papa:</strong></span> <span class='ocrx_word' id='word_1_45' title='bbox 1274 1015 1478 1084; x_wconf 91' lang='lat' dir='ltr'><strong>primo,</strong></span> <span class='ocrx_word' id='word_1_46' title='bbox 1531 1015 1833 1084; x_wconf 89' lang='lat' dir='ltr'><strong>imperante</strong></span> <span class='ocrx_word' id='word_1_47' title='bbox 1894 1018 2090 1069; x_wconf 87' lang='lat' dir='ltr'><strong>domno</strong></span> <span class='ocrx_word' id='word_1_48' title='bbox 2148 1014 2389 1082; x_wconf 90' lang='lat' dir='ltr'><strong>piissimo</strong></span> 
     </span>
    </p>
   </div>
   <div class='ocr_carea' id='block_1_10' title="bbox 801 1104 2388 1175">
    <p class='ocr_par' dir='ltr' id='par_1_10' title="bbox 801 1104 2388 1175">
     <span class='ocr_line' id='line_1_10' title="bbox 801 1104 2388 1175; baseline 0 -18"><span class='ocrx_word' id='word_1_49' title='bbox 801 1106 1048 1175; x_wconf 89' lang='lat' dir='ltr'><strong>principe</strong></span> <span class='ocrx_word' id='word_1_50' title='bbox 1084 1115 1309 1175; x_wconf 87' lang='lat' dir='ltr'><strong>augusto</strong></span> <span class='ocrx_word' id='word_1_51' title='bbox 1336 1104 1534 1160; x_wconf 89' lang='lat' dir='ltr'><strong>Ottone</strong></span> <span class='ocrx_word' id='word_1_52' title='bbox 1561 1121 1588 1158; x_wconf 91' lang='lat' dir='ltr'><strong>a</strong></span> <span class='ocrx_word' id='word_1_53' title='bbox 1633 1107 1740 1160; x_wconf 87' lang='lat' dir='ltr'><strong>Deo</strong></span> <span class='ocrx_word' id='word_1_54' title='bbox 1773 1115 2031 1161; x_wconf 83' lang='lat' dir='ltr'><strong>coronato</strong></span> <span class='ocrx_word' id='word_1_55' title='bbox 2064 1120 2257 1175; x_wconf 84' lang='lat' dir='ltr'><strong>magno</strong></span> <span class='ocrx_word' id='word_1_56' title='bbox 2287 1105 2388 1159; x_wconf 91' lang='lat' dir='ltr'><strong>im-</strong></span> 
     </span>
    </p>
   </div>
   <div class='ocr_carea' id='block_1_11' title="bbox 803 1197 1718 1264">
    <p class='ocr_par' dir='ltr' id='par_1_11' title="bbox 803 1197 1718 1264">
     <span class='ocr_line' id='line_1_11' title="bbox 803 1197 1718 1264; baseline 0.002 -16"><span class='ocrx_word' id='word_1_57' title='bbox 803 1206 1078 1264; x_wconf 86' lang='lat' dir='ltr'><strong>peratore,</strong></span> <span class='ocrx_word' id='word_1_58' title='bbox 1103 1211 1244 1250; x_wconf 85' lang='lat' dir='ltr'><strong>anno</strong></span> <span class='ocrx_word' id='word_1_59' title='bbox 1267 1213 1386 1262; x_wconf 86' lang='lat' dir='ltr'><strong>vm,</strong></span> <span class='ocrx_word' id='word_1_60' title='bbox 1424 1197 1608 1251; x_wconf 91' lang='lat' dir='ltr'><strong>indict.</strong></span> <span class='ocrx_word' id='word_1_61' title='bbox 1640 1213 1718 1250; x_wconf 88' lang='grc' dir='ltr'>ιιι.</span> 
     </span>
    </p>
   </div>
   <div class='ocr_carea' id='block_1_12' title="bbox 948 1436 2248 1478">
    <p class='ocr_par' dir='ltr' id='par_1_12' title="bbox 948 1436 2248 1478">
     <span class='ocr_line' id='line_1_12' title="bbox 948 1436 2248 1478; baseline 0.002 -4"><span class='ocrx_word' id='word_1_62' title='bbox 948 1436 1230 1476; x_wconf 74' lang='lat' dir='ltr'><strong>BENEDICTI</strong></span> <span class='ocrx_word' id='word_1_63' title='bbox 1271 1437 1417 1475; x_wconf 73' lang='grc' dir='ltr'><strong>ΡΛΡᾸΞ</strong></span> <span class='ocrx_word' id='word_1_64' title='bbox 1450 1437 1522 1474; x_wconf 70' lang='lat' dir='ltr'><strong>VII</strong></span> <span class='ocrx_word' id='word_1_65' title='bbox 1564 1437 1732 1476; x_wconf 79' lang='lat' dir='ltr'><strong>BULLA</strong></span> <span class='ocrx_word' id='word_1_66' title='bbox 1780 1438 1879 1475; x_wconf 73' lang='lat' dir='ltr'><strong>PRO</strong></span> <span class='ocrx_word' id='word_1_67' title='bbox 1911 1437 2248 1478; x_wconf 71' lang='lat' dir='ltr'><strong>HONASTERIO</strong></span> 
     </span>
    </p>
   </div>
   <div class='ocr_carea' id='block_1_13' title="bbox 1222 1507 1979 1547">
    <p class='ocr_par' dir='ltr' id='par_1_13' title="bbox 1222 1507 1979 1547">
     <span class='ocr_line' id='line_1_13' title="bbox 1222 1507 1979 1547; baseline 0 -2"><span class='ocrx_word' id='word_1_68' title='bbox 1222 1507 1266 1545; x_wconf 88' lang='lat' dir='ltr'><strong>S.</strong></span> <span class='ocrx_word' id='word_1_69' title='bbox 1311 1507 1595 1546; x_wconf 81' lang='lat' dir='ltr'><strong>BENEDICTI</strong></span> <span class='ocrx_word' id='word_1_70' title='bbox 1641 1508 1979 1547; x_wconf 75' lang='lat' dir='ltr'><strong>TREVIRENSI.</strong></span> 
     </span>
    </p>
   </div>
   <div class='ocr_carea' id='block_1_14' title="bbox 1432 1581 1786 1651">
    <p class='ocr_par' dir='ltr' id='par_1_14' title="bbox 1432 1581 1786 1651">
     <span class='ocr_line' id='line_1_14' title="bbox 1432 1581 1786 1651; baseline 0 -17"><span class='ocrx_word' id='word_1_71' title='bbox 1432 1581 1610 1651; x_wconf 84' lang='lat' dir='ltr'><strong>(Anno</strong></span> <span class='ocrx_word' id='word_1_72' title='bbox 1637 1583 1786 1651; x_wconf 79' lang='lat'><strong>97-5.)</strong></span> 
     </span>
    </p>
   </div>
   <div class='ocr_carea' id='block_1_15' title="bbox 815 1691 2394 1818">
    <p class='ocr_par' dir='ltr' id='par_1_15' title="bbox 815 1691 2394 1818">
     <span class='ocr_line' id='line_1_15' title="bbox 815 1691 2394 1818; baseline 0.002 -73"><span class='ocrx_word' id='word_1_73' title='bbox 815 1691 1062 1748; x_wconf 81' lang='lat' dir='ltr'><strong>Monachi</strong></span> <span class='ocrx_word' id='word_1_74' title='bbox 1085 1692 1142 1746; x_wconf 91' lang='lat' dir='ltr'><strong>S.</strong></span> <span class='ocrx_word' id='word_1_75' title='bbox 1174 1692 1922 1818; x_wconf 50' lang='lat' dir='ltr'><strong>Benest!ngreintrogucuntnr</strong></span> <span class='ocrx_word' id='word_1_76' title='bbox 1943 1697 1996 1747; x_wconf 87' lang='lat' dir='ltr'><strong>in</strong></span> <span class='ocrx_word' id='word_1_77' title='bbox 2022 1697 2394 1749; x_wconf 85' lang='lat' dir='ltr'><strong>monasterium</strong></span> 
     </span>
     <span class='ocr_line' id='line_1_16' title="bbox 1343 1766 1899 1818; baseline 0.007 -4"><span class='ocrx_word' id='word_1_78' title='bbox 1343 1802 1354 1814; x_wconf 93' lang='lat'><strong>.</strong></span> <span class='ocrx_word' id='word_1_79' title='bbox 1456 1774 1613 1816; x_wconf 83' lang='lat' dir='ltr'><strong>artini</strong></span> <span class='ocrx_word' id='word_1_80' title='bbox 1694 1766 1899 1818; x_wconf 73' lang='lat' dir='ltr'><strong>ret&#39;eris.</strong></span> 
     </span>
    </p>
   </div>
   <div class='ocr_carea' id='block_1_16' title="bbox 1343 1766 1899 1818">
    <p class='ocr_par' dir='ltr' id='par_1_16' title="bbox 1343 1766 1899 1818">
     <span class='ocr_line' id='line_1_17' title="bbox 1343 1766 1899 1818; baseline 0.007 -4"><span class='ocrx_word' id='word_1_81' title='bbox 1343 1802 1354 1814; x_wconf 93' lang='lat'><strong>.</strong></span> <span class='ocrx_word' id='word_1_82' title='bbox 1394 1766 1615 1816; x_wconf 81' lang='lat' dir='ltr'><strong>Martini</strong></span> <span class='ocrx_word' id='word_1_83' title='bbox 1648 1766 1899 1818; x_wconf 80' lang='lat' dir='ltr'><strong>Treveris.</strong></span> 
     </span>
    </p>
   </div>
   <div class='ocr_carea' id='block_1_17' title="bbox 1098 1877 2096 1949">
    <p class='ocr_par' dir='ltr' id='par_1_17' title="bbox 1098 1877 2096 1949">
     <span class='ocr_line' id='line_1_18' title="bbox 1098 1877 2096 1949; baseline 0 -18"><span class='ocrx_word' id='word_1_84' title='bbox 1098 1877 1433 1948; x_wconf 85' lang='lat' dir='ltr'><strong>[llontheim,</strong></span> <span class='ocrx_word' id='word_1_85' title='bbox 1467 1877 1608 1931; x_wconf 82' lang='lat' dir='ltr'><strong>Hist.</strong></span> <span class='ocrx_word' id='word_1_86' title='bbox 1641 1877 1835 1932; x_wconf 78' lang='lat' dir='ltr'><strong>Trevir.</strong></span> <span class='ocrx_word' id='word_1_87' title='bbox 1869 1878 1911 1942; x_wconf 89' lang='grc' dir='ltr'><strong>Ι,</strong></span> <span class='ocrx_word' id='word_1_88' title='bbox 1946 1879 2096 1949; x_wconf 77' lang='grc'><strong>516.]</strong></span> 
     </span>
    </p>
   </div>
   <div class='ocr_carea' id='block_1_18' title="bbox 888 1989 2403 2053">
    <p class='ocr_par' dir='ltr' id='par_1_18' title="bbox 888 1989 2403 2053">
     <span class='ocr_line' id='line_1_19' title="bbox 888 1989 2403 2053; baseline 0.001 -9"><span class='ocrx_word' id='word_1_89' title='bbox 888 1992 943 2044; x_wconf 88' lang='lat' dir='ltr'><strong>In</strong></span> <span class='ocrx_word' id='word_1_90' title='bbox 991 1991 1206 2044; x_wconf 85' lang='lat' dir='ltr'><strong>nomine</strong></span> <span class='ocrx_word' id='word_1_91' title='bbox 1233 1999 1434 2044; x_wconf 65' lang='lat' dir='ltr'><strong>sancta:</strong></span> <span class='ocrx_word' id='word_1_92' title='bbox 1473 1999 1528 2043; x_wconf 92' lang='lat' dir='ltr'><strong>et</strong></span> <span class='ocrx_word' id='word_1_93' title='bbox 1553 1989 1843 2043; x_wconf 69' lang='lat' dir='ltr'><strong>individua:</strong></span> <span class='ocrx_word' id='word_1_94' title='bbox 1882 1991 2196 2053; x_wconf 82' lang='lat' dir='ltr'><strong>Trinitatis,</strong></span> <span class='ocrx_word' id='word_1_95' title='bbox 2232 1991 2403 2045; x_wconf 72' lang='lat' dir='ltr'><strong>BENE-</strong></span> 
     </span>
    </p>
   </div>
   <div class='ocr_carea' id='block_1_19' title="bbox 819 2080 2403 2149">
    <p class='ocr_par' dir='ltr' id='par_1_19' title="bbox 819 2080 2403 2149">
     <span class='ocr_line' id='line_1_20' title="bbox 819 2080 2403 2149; baseline 0.001 -17"><span class='ocrx_word' id='word_1_96' title='bbox 819 2094 1012 2135; x_wconf 82' lang='lat' dir='ltr'><strong>mcrus</strong></span> <span class='ocrx_word' id='word_1_97' title='bbox 1038 2080 1352 2149; x_wconf 85' lang='lat' dir='ltr'><strong>cpiscopus.</strong></span> <span class='ocrx_word' id='word_1_98' title='bbox 1385 2094 1574 2133; x_wconf 86' lang='lat' dir='ltr'><strong>servus</strong></span> <span class='ocrx_word' id='word_1_99' title='bbox 1603 2093 1883 2133; x_wconf 91' lang='lat' dir='ltr'><strong>servorum</strong></span> <span class='ocrx_word' id='word_1_100' title='bbox 1910 2081 2039 2143; x_wconf 91' lang='lat' dir='ltr'><strong>Dei,</strong></span> <span class='ocrx_word' id='word_1_101' title='bbox 2065 2080 2403 2134; x_wconf 86' lang='lat' dir='ltr'><strong>charissimis</strong></span> 
     </span>
    </p>
   </div>
   <div class='ocr_carea' id='block_1_20' title="bbox 821 2170 2399 2240">
    <p class='ocr_par' dir='ltr' id='par_1_20' title="bbox 821 2170 2399 2240">
     <span class='ocr_line' id='line_1_21' title="bbox 821 2170 2399 2240; baseline 0.001 -17"><span class='ocrx_word' id='word_1_102' title='bbox 821 2172 975 2224; x_wconf 89' lang='lat' dir='ltr'><strong>nobis</strong></span> <span class='ocrx_word' id='word_1_103' title='bbox 1006 2172 1056 2223; x_wconf 92' lang='lat' dir='ltr'><strong>in</strong></span> <span class='ocrx_word' id='word_1_104' title='bbox 1085 2171 1302 2224; x_wconf 77' lang='lat' dir='ltr'><strong>Christo</strong></span> <span class='ocrx_word' id='word_1_105' title='bbox 1329 2170 1612 2235; x_wconf 71' lang='lat' dir='ltr'><strong>fratribus,</strong></span> <span class='ocrx_word' id='word_1_106' title='bbox 1642 2171 1911 2225; x_wconf 83' lang='lat' dir='ltr'><strong>universis</strong></span> <span class='ocrx_word' id='word_1_107' title='bbox 1937 2172 2206 2240; x_wconf 88' lang='lat' dir='ltr'><strong>episcopis</strong></span> <span class='ocrx_word' id='word_1_108' title='bbox 2231 2187 2293 2224; x_wconf 91' lang='lat' dir='ltr'><strong>ac</strong></span> <span class='ocrx_word' id='word_1_109' title='bbox 2320 2181 2399 2225; x_wconf 93' lang='lat' dir='ltr'><strong>to-</strong></span> 
     </span>
    </p>
   </div>
   <div class='ocr_carea' id='block_1_21' title="bbox 821 2261 2406 2332">
    <p class='ocr_par' dir='ltr' id='par_1_21' title="bbox 821 2261 2406 2332">
     <span class='ocr_line' id='line_1_22' title="bbox 821 2261 2406 2332; baseline 0.002 -21"><span class='ocrx_word' id='word_1_110' title='bbox 821 2262 928 2313; x_wconf 86' lang='lat' dir='ltr'><strong>lius</strong></span> <span class='ocrx_word' id='word_1_111' title='bbox 957 2261 1237 2329; x_wconf 83' lang='lat' dir='ltr'><strong>dignitatis</strong></span> <span class='ocrx_word' id='word_1_112' title='bbox 1267 2270 1322 2314; x_wconf 90' lang='lat' dir='ltr'><strong>et</strong></span> <span class='ocrx_word' id='word_1_113' title='bbox 1368 2262 1578 2316; x_wconf 84' lang='lat' dir='ltr'><strong>ordinis</strong></span> <span class='ocrx_word' id='word_1_114' title='bbox 1612 2262 1894 2316; x_wconf 86' lang='lat' dir='ltr'><strong>catholicis</strong></span> <span class='ocrx_word' id='word_1_115' title='bbox 1925 2263 2078 2326; x_wconf 89' lang='lat' dir='ltr'><strong>viris,</strong></span> <span class='ocrx_word' id='word_1_116' title='bbox 2122 2263 2406 2332; x_wconf 60' lang='lat' dir='ltr'><strong>praesenti-</strong></span> 
     </span>
    </p>
   </div>
   <div class='ocr_carea' id='block_1_22' title="bbox 818 2350 2114 2419">
    <p class='ocr_par' dir='ltr' id='par_1_22' title="bbox 818 2350 2114 2419">
     <span class='ocr_line' id='line_1_23' title="bbox 818 2350 2114 2419; baseline 0.002 -17"><span class='ocrx_word' id='word_1_117' title='bbox 818 2350 919 2403; x_wconf 89' lang='lat' dir='ltr'><strong>bus</strong></span> <span class='ocrx_word' id='word_1_118' title='bbox 947 2351 1159 2404; x_wconf 77' lang='lat' dir='ltr'><strong>scilicet</strong></span> <span class='ocrx_word' id='word_1_119' title='bbox 1197 2359 1250 2403; x_wconf 91' lang='lat' dir='ltr'><strong>et</strong></span> <span class='ocrx_word' id='word_1_120' title='bbox 1274 2350 1491 2413; x_wconf 85' lang='lat' dir='ltr'><strong>futuris,</strong></span> <span class='ocrx_word' id='word_1_121' title='bbox 1519 2359 1835 2419; x_wconf 89' lang='lat' dir='ltr'><strong>perpetuam</strong></span> <span class='ocrx_word' id='word_1_122' title='bbox 1863 2352 2114 2405; x_wconf 88' lang='lat' dir='ltr'><strong>salutem.</strong></span> 
     </span>
    </p>
   </div>
   <div class='ocr_carea' id='block_1_23' title="bbox 890 2439 2404 2510">
    <p class='ocr_par' dir='ltr' id='par_1_23' title="bbox 890 2439 2404 2510">
     <span class='ocr_line' id='line_1_24' title="bbox 890 2439 2404 2510; baseline 0.002 -18"><span class='ocrx_word' id='word_1_123' title='bbox 890 2441 1023 2506; x_wconf 81' lang='lat' dir='ltr'><strong>Quia</strong></span> <span class='ocrx_word' id='word_1_124' title='bbox 1053 2441 1177 2494; x_wconf 84' lang='lat' dir='ltr'><strong>licet</strong></span> <span class='ocrx_word' id='word_1_125' title='bbox 1205 2439 1429 2508; x_wconf 82' lang='lat' dir='ltr'><strong>indigni,</strong></span> <span class='ocrx_word' id='word_1_126' title='bbox 1462 2441 1658 2494; x_wconf 71' lang='lat' dir='ltr'><strong>divinm</strong></span> <span class='ocrx_word' id='word_1_127' title='bbox 1684 2450 1860 2494; x_wconf 85' lang='lat' dir='ltr'><strong>tamen</strong></span> <span class='ocrx_word' id='word_1_128' title='bbox 1885 2442 2211 2510; x_wconf 79' lang='lat' dir='ltr'><strong>dignationis</strong></span> <span class='ocrx_word' id='word_1_129' title='bbox 2231 2443 2404 2510; x_wconf 86' lang='lat' dir='ltr'><strong>gratia</strong></span> 
     </span>
    </p>
   </div>
   <div class='ocr_carea' id='block_1_24' title="bbox 821 2531 2408 2601">
    <p class='ocr_par' dir='ltr' id='par_1_24' title="bbox 821 2531 2408 2601">
     <span class='ocr_line' id='line_1_25' title="bbox 821 2531 2408 2601; baseline 0.002 -16"><span class='ocrx_word' id='word_1_130' title='bbox 821 2533 1162 2601; x_wconf 79' lang='lat' dir='ltr'><strong>disponente,</strong></span> <span class='ocrx_word' id='word_1_131' title='bbox 1201 2531 1259 2583; x_wconf 87' lang='grc' dir='ltr'><strong>Β.</strong></span> <span class='ocrx_word' id='word_1_132' title='bbox 1290 2531 1433 2584; x_wconf 87' lang='lat' dir='ltr'><strong>Petri</strong></span> <span class='ocrx_word' id='word_1_133' title='bbox 1460 2532 1826 2600; x_wconf 89' lang='lat' dir='ltr'><strong>apostolorum</strong></span> <span class='ocrx_word' id='word_1_134' title='bbox 1860 2533 2120 2601; x_wconf 86' lang='lat' dir='ltr'><strong>principis</strong></span> <span class='ocrx_word' id='word_1_135' title='bbox 2149 2536 2408 2588; x_wconf 86' lang='lat' dir='ltr'><strong>sacratis-</strong></span> 
     </span>
    </p>
   </div>
   <div class='ocr_carea' id='block_1_25' title="bbox 827 2623 2405 2692">
    <p class='ocr_par' dir='ltr' id='par_1_25' title="bbox 827 2623 2405 2692">
     <span class='ocr_line' id='line_1_26' title="bbox 827 2623 2405 2692; baseline 0.001 -14"><span class='ocrx_word' id='word_1_136' title='bbox 827 2625 1018 2678; x_wconf 88' lang='lat' dir='ltr'><strong>simam</strong></span> <span class='ocrx_word' id='word_1_137' title='bbox 1091 2625 1275 2678; x_wconf 88' lang='lat' dir='ltr'><strong>sedem</strong></span> <span class='ocrx_word' id='word_1_138' title='bbox 1356 2623 1734 2692; x_wconf 66' lang='lat' dir='ltr'><strong>pastoraleque</strong></span> <span class='ocrx_word' id='word_1_139' title='bbox 1805 2625 1856 2676; x_wconf 92' lang='lat' dir='ltr'><strong>in</strong></span> <span class='ocrx_word' id='word_1_140' title='bbox 1907 2640 2090 2678; x_wconf 89' lang='lat' dir='ltr'><strong>curam</strong></span> <span class='ocrx_word' id='word_1_141' title='bbox 2143 2626 2405 2680; x_wconf 89' lang='lat' dir='ltr'><strong>Dominici</strong></span> 
     </span>
    </p>
   </div>
   <div class='ocr_carea' id='block_1_26' title="bbox 823 2721 2410 2792">
    <p class='ocr_par' dir='ltr' id='par_1_26' title="bbox 823 2721 2410 2792">
     <span class='ocr_line' id='line_1_27' title="bbox 823 2721 2410 2792; baseline 0.001 -17"><span class='ocrx_word' id='word_1_142' title='bbox 823 2723 1002 2792; x_wconf 82' lang='lat' dir='ltr'><strong>gregis</strong></span> <span class='ocrx_word' id='word_1_143' title='bbox 1040 2723 1398 2776; x_wconf 89' lang='lat' dir='ltr'><strong>ministerium</strong></span> <span class='ocrx_word' id='word_1_144' title='bbox 1431 2721 1806 2790; x_wconf 87' lang='lat' dir='ltr'><strong>suscepimus,</strong></span> <span class='ocrx_word' id='word_1_145' title='bbox 1858 2723 2226 2775; x_wconf 90' lang='lat' dir='ltr'><strong>necessarium</strong></span> <span class='ocrx_word' id='word_1_146' title='bbox 2256 2723 2410 2776; x_wconf 92' lang='lat' dir='ltr'><strong>nobis</strong></span> 
     </span>
    </p>
   </div>
   <div class='ocr_carea' id='block_1_27' title="bbox 820 2810 2411 2880">
    <p class='ocr_par' dir='ltr' id='par_1_27' title="bbox 820 2810 2411 2880">
     <span class='ocr_line' id='line_1_28' title="bbox 820 2810 2411 2880; baseline 0.001 -16"><span class='ocrx_word' id='word_1_147' title='bbox 820 2813 1146 2880; x_wconf 88' lang='lat' dir='ltr'><strong>salubreque</strong></span> <span class='ocrx_word' id='word_1_148' title='bbox 1188 2810 1544 2878; x_wconf 84' lang='lat' dir='ltr'><strong>perspicimus</strong></span> <span class='ocrx_word' id='word_1_149' title='bbox 1591 2811 1833 2864; x_wconf 92' lang='lat' dir='ltr'><strong>omnium</strong></span> <span class='ocrx_word' id='word_1_150' title='bbox 1889 2810 2239 2864; x_wconf 86' lang='lat' dir='ltr'><strong>ecclesiarum</strong></span> <span class='ocrx_word' id='word_1_151' title='bbox 2291 2812 2411 2866; x_wconf 86' lang='lat' dir='ltr'><strong>dili-</strong></span> 
     </span>
    </p>
   </div>
   <div class='ocr_carea' id='block_1_28' title="bbox 821 2899 2410 2968">
    <p class='ocr_par' dir='ltr' id='par_1_28' title="bbox 821 2899 2410 2968">
     <span class='ocr_line' id='line_1_29' title="bbox 821 2899 2410 2968; baseline -0.001 -14"><span class='ocrx_word' id='word_1_152' title='bbox 821 2901 1195 2968; x_wconf 80' lang='lat' dir='ltr'><strong>gentissimam</strong></span> <span class='ocrx_word' id='word_1_153' title='bbox 1233 2899 1657 2954; x_wconf 83' lang='lat' dir='ltr'><strong>sollicitudinem</strong></span> <span class='ocrx_word' id='word_1_154' title='bbox 1699 2899 1970 2952; x_wconf 85' lang='lat' dir='ltr'><strong>instanter</strong></span> <span class='ocrx_word' id='word_1_155' title='bbox 1996 2899 2232 2963; x_wconf 89' lang='lat' dir='ltr'><strong>habere,</strong></span> <span class='ocrx_word' id='word_1_156' title='bbox 2276 2914 2410 2968; x_wconf 88' lang='lat' dir='ltr'><strong>qua-</strong></span> 
     </span>
    </p>
   </div>
   <div class='ocr_carea' id='block_1_29' title="bbox 824 2987 2410 3058">
    <p class='ocr_par' dir='ltr' id='par_1_29' title="bbox 824 2987 2410 3058">
     <span class='ocr_line' id='line_1_30' title="bbox 824 2987 2410 3058; baseline 0 -16"><span class='ocrx_word' id='word_1_157' title='bbox 824 3000 986 3044; x_wconf 86' lang='lat' dir='ltr'><strong>tenus</strong></span> <span class='ocrx_word' id='word_1_158' title='bbox 1015 2999 1197 3044; x_wconf 90' lang='lat' dir='ltr'><strong>nostra</strong></span> <span class='ocrx_word' id='word_1_159' title='bbox 1228 2998 1554 3058; x_wconf 90' lang='lat' dir='ltr'><strong>procurante</strong></span> <span class='ocrx_word' id='word_1_160' title='bbox 1585 2988 1859 3058; x_wconf 78' lang='lat' dir='ltr'><strong>diligentia</strong></span> <span class='ocrx_word' id='word_1_161' title='bbox 1887 2987 1937 3041; x_wconf 91' lang='lat' dir='ltr'><strong>in</strong></span> <span class='ocrx_word' id='word_1_162' title='bbox 1969 2997 2172 3042; x_wconf 85' lang='lat' dir='ltr'><strong>sanctae</strong></span> <span class='ocrx_word' id='word_1_163' title='bbox 2199 2988 2410 3057; x_wconf 84' lang='lat' dir='ltr'><strong>religio—</strong></span> 
     </span>
    </p>
   </div>
   <div class='ocr_carea' id='block_1_30' title="bbox 827 3078 2407 3152">
    <p class='ocr_par' dir='ltr' id='par_1_30' title="bbox 827 3078 2407 3152">
     <span class='ocr_line' id='line_1_31' title="bbox 827 3078 2407 3152; baseline -0.001 -18"><span class='ocrx_word' id='word_1_164' title='bbox 827 3083 914 3135; x_wconf 90' lang='lat' dir='ltr'><strong>nis</strong></span> <span class='ocrx_word' id='word_1_165' title='bbox 939 3089 1229 3152; x_wconf 88' lang='lat' dir='ltr'><strong>augmento</strong></span> <span class='ocrx_word' id='word_1_166' title='bbox 1272 3096 1497 3150; x_wconf 84' lang='lat' dir='ltr'><strong>pacem,</strong></span> <span class='ocrx_word' id='word_1_167' title='bbox 1549 3080 1790 3148; x_wconf 82' lang='lat' dir='ltr'><strong>quietem</strong></span> <span class='ocrx_word' id='word_1_168' title='bbox 1839 3087 2000 3147; x_wconf 91' lang='lat' dir='ltr'><strong>atque</strong></span> <span class='ocrx_word' id='word_1_169' title='bbox 2039 3078 2407 3133; x_wconf 83' lang='lat' dir='ltr'><strong>defensionem</strong></span> 
     </span>
    </p>
   </div>
   <div class='ocr_carea' id='block_1_31' title="bbox 829 3168 2409 3226">
    <p class='ocr_par' dir='ltr' id='par_1_31' title="bbox 829 3168 2409 3226">
     <span class='ocr_line' id='line_1_32' title="bbox 829 3168 2409 3226; baseline -0.003 -2"><span class='ocrx_word' id='word_1_170' title='bbox 829 3172 1092 3225; x_wconf 86' lang='lat' dir='ltr'><strong>adversus</strong></span> <span class='ocrx_word' id='word_1_171' title='bbox 1116 3171 1358 3226; x_wconf 90' lang='lat' dir='ltr'><strong>omnium</strong></span> <span class='ocrx_word' id='word_1_172' title='bbox 1392 3169 1821 3222; x_wconf 85' lang='lat' dir='ltr'><strong>machinationes</strong></span> <span class='ocrx_word' id='word_1_173' title='bbox 1851 3177 2039 3223; x_wconf 92' lang='lat' dir='ltr'><strong>nostra</strong></span> <span class='ocrx_word' id='word_1_174' title='bbox 2082 3168 2409 3220; x_wconf 82' lang='lat' dir='ltr'><strong>auctoritate</strong></span> 
     </span>
    </p>
   </div>
   <div class='ocr_carea' id='block_1_32' title="bbox 828 3256 2408 3330">
    <p class='ocr_par' dir='ltr' id='par_1_32' title="bbox 828 3256 2408 3330">
     <span class='ocr_line' id='line_1_33' title="bbox 828 3256 2408 3330; baseline -0.004 -16"><span class='ocrx_word' id='word_1_175' title='bbox 828 3262 1097 3315; x_wconf 86' lang='lat' dir='ltr'><strong>tinetenns</strong></span> <span class='ocrx_word' id='word_1_176' title='bbox 1119 3260 1448 3330; x_wconf 89' lang='lat' dir='ltr'><strong>possideant.</strong></span> <span class='ocrx_word' id='word_1_177' title='bbox 1480 3257 1630 3312; x_wconf 88' lang='lat' dir='ltr'><strong>Unde</strong></span> <span class='ocrx_word' id='word_1_178' title='bbox 1647 3257 1906 3318; x_wconf 90' lang='lat' dir='ltr'><strong>omnium,</strong></span> <span class='ocrx_word' id='word_1_179' title='bbox 1936 3267 2041 3310; x_wconf 91' lang='lat' dir='ltr'><strong>tam</strong></span> <span class='ocrx_word' id='word_1_180' title='bbox 2064 3256 2408 3326; x_wconf 58' lang='lat' dir='ltr'><strong>praesentium</strong></span> 
     </span>
    </p>
   </div>
   <div class='ocr_carea' id='block_1_33' title="bbox 829 3347 2416 3421">
    <p class='ocr_par' dir='ltr' id='par_1_33' title="bbox 829 3347 2416 3421">
     <span class='ocr_line' id='line_1_34' title="bbox 829 3347 2416 3421; baseline -0.003 -17"><span class='ocrx_word' id='word_1_181' title='bbox 829 3368 992 3421; x_wconf 87' lang='lat' dir='ltr'><strong>quam</strong></span> <span class='ocrx_word' id='word_1_182' title='bbox 1024 3351 1351 3414; x_wconf 89' lang='lat' dir='ltr'><strong>futurorum,</strong></span> <span class='ocrx_word' id='word_1_183' title='bbox 1383 3364 1542 3404; x_wconf 88' lang='lat' dir='ltr'><strong>nosse</strong></span> <span class='ocrx_word' id='word_1_184' title='bbox 1570 3348 1820 3403; x_wconf 86' lang='lat' dir='ltr'><strong>volumus</strong></span> <span class='ocrx_word' id='word_1_185' title='bbox 1865 3348 2207 3401; x_wconf 90' lang='lat' dir='ltr'><strong>sanctitatem</strong></span> <span class='ocrx_word' id='word_1_186' title='bbox 2235 3355 2287 3400; x_wconf 90' lang='lat' dir='ltr'><strong>et</strong></span> <span class='ocrx_word' id='word_1_187' title='bbox 2332 3347 2416 3399; x_wconf 88' lang='lat' dir='ltr'><strong>in-</strong></span> 
     </span>
    </p>
   </div>
   <div class='ocr_carea' id='block_1_34' title="bbox 830 3435 2414 3510">
    <p class='ocr_par' dir='ltr' id='par_1_34' title="bbox 830 3435 2414 3510">
     <span class='ocr_line' id='line_1_35' title="bbox 830 3435 2414 3510; baseline -0.002 -19"><span class='ocrx_word' id='word_1_188' title='bbox 830 3440 1091 3494; x_wconf 87' lang='lat' dir='ltr'><strong>dustriam</strong></span> <span class='ocrx_word' id='word_1_189' title='bbox 1123 3439 1266 3510; x_wconf 91' lang='lat' dir='ltr'><strong>quod</strong></span> <span class='ocrx_word' id='word_1_190' title='bbox 1292 3437 1628 3492; x_wconf 86' lang='lat' dir='ltr'><strong>Theodorico</strong></span> <span class='ocrx_word' id='word_1_191' title='bbox 1655 3435 2012 3491; x_wconf 88' lang='lat' dir='ltr'><strong>dilectissimo</strong></span> <span class='ocrx_word' id='word_1_192' title='bbox 2044 3435 2210 3489; x_wconf 82' lang='lat' dir='ltr'><strong>fratre</strong></span> <span class='ocrx_word' id='word_1_193' title='bbox 2229 3444 2414 3488; x_wconf 91' lang='lat' dir='ltr'><strong>nostro</strong></span> 
     </span>
    </p>
   </div>
   <div class='ocr_carea' id='block_1_35' title="bbox 833 3525 2415 3595">
    <p class='ocr_par' dir='ltr' id='par_1_35' title="bbox 833 3525 2415 3595">
     <span class='ocr_line' id='line_1_36' title="bbox 833 3525 2415 3595; baseline -0.003 -12"><span class='ocrx_word' id='word_1_194' title='bbox 833 3539 1034 3583; x_wconf 72' lang='lat' dir='ltr'><strong>sancta:</strong></span> <span class='ocrx_word' id='word_1_195' title='bbox 1065 3528 1402 3583; x_wconf 70' lang='lat' dir='ltr'><strong>Trevirensis</strong></span> <span class='ocrx_word' id='word_1_196' title='bbox 1432 3527 1687 3581; x_wconf 61' lang='lat' dir='ltr'><strong>Ecclesia:</strong></span> <span class='ocrx_word' id='word_1_197' title='bbox 1729 3525 2139 3595; x_wconf 87' lang='lat' dir='ltr'><strong>archiepiscopo</strong></span> <span class='ocrx_word' id='word_1_198' title='bbox 2165 3525 2415 3579; x_wconf 85' lang='lat' dir='ltr'><strong>veniente</strong></span> 
     </span>
    </p>
   </div>
   <div class='ocr_carea' id='block_1_36' title="bbox 835 3617 2413 3686">
    <p class='ocr_par' dir='ltr' id='par_1_36' title="bbox 835 3617 2413 3686">
     <span class='ocr_line' id='line_1_37' title="bbox 835 3617 2413 3686; baseline -0.003 -11"><span class='ocrx_word' id='word_1_199' title='bbox 835 3623 1062 3676; x_wconf 66' lang='lat' dir='ltr'><strong>Bostram</strong></span> <span class='ocrx_word' id='word_1_200' title='bbox 1096 3636 1257 3675; x_wconf 91' lang='lat' dir='ltr'><strong>causa</strong></span> <span class='ocrx_word' id='word_1_201' title='bbox 1305 3619 1568 3674; x_wconf 89' lang='lat' dir='ltr'><strong>orationis</strong></span> <span class='ocrx_word' id='word_1_202' title='bbox 1609 3619 1673 3671; x_wconf 92' lang='lat' dir='ltr'><strong>ad</strong></span> <span class='ocrx_word' id='word_1_203' title='bbox 1721 3619 2002 3672; x_wconf 91' lang='lat' dir='ltr'><strong>beatorum</strong></span> <span class='ocrx_word' id='word_1_204' title='bbox 2050 3617 2413 3686; x_wconf 87' lang='lat' dir='ltr'><strong>apostolorum</strong></span> 
     </span>
    </p>
   </div>
   <div class='ocr_carea' id='block_1_37' title="bbox 834 3709 2414 3779">
    <p class='ocr_par' dir='ltr' id='par_1_37' title="bbox 834 3709 2414 3779">
     <span class='ocr_line' id='line_1_38' title="bbox 834 3709 2414 3779; baseline -0.004 -11"><span class='ocrx_word' id='word_1_205' title='bbox 834 3713 1047 3776; x_wconf 87' lang='lat' dir='ltr'><strong>limina,</strong></span> <span class='ocrx_word' id='word_1_206' title='bbox 1074 3713 1264 3767; x_wconf 89' lang='lat' dir='ltr'><strong>eodem</strong></span> <span class='ocrx_word' id='word_1_207' title='bbox 1313 3720 1570 3765; x_wconf 88' lang='lat' dir='ltr'><strong>narrante</strong></span> <span class='ocrx_word' id='word_1_208' title='bbox 1611 3710 1977 3779; x_wconf 87' lang='lat' dir='ltr'><strong>comperimus</strong></span> <span class='ocrx_word' id='word_1_209' title='bbox 2003 3709 2270 3778; x_wconf 89' lang='lat' dir='ltr'><strong>quoddam</strong></span> <span class='ocrx_word' id='word_1_210' title='bbox 2299 3723 2414 3761; x_wconf 89' lang='lat' dir='ltr'><strong>mo-</strong></span> 
     </span>
    </p>
   </div>
   <div class='ocr_carea' id='block_1_38' title="bbox 834 3797 2414 3870">
    <p class='ocr_par' dir='ltr' id='par_1_38' title="bbox 834 3797 2414 3870">
     <span class='ocr_line' id='line_1_39' title="bbox 834 3797 2414 3870; baseline -0.006 -12"><span class='ocrx_word' id='word_1_211' title='bbox 834 3805 1165 3868; x_wconf 84' lang='lat' dir='ltr'><strong>nasterium,</strong></span> <span class='ocrx_word' id='word_1_212' title='bbox 1217 3803 1304 3856; x_wconf 92' lang='lat' dir='ltr'><strong>nhi</strong></span> <span class='ocrx_word' id='word_1_213' title='bbox 1360 3801 1417 3855; x_wconf 91' lang='lat' dir='ltr'><strong>S.</strong></span> <span class='ocrx_word' id='word_1_214' title='bbox 1463 3800 1769 3870; x_wconf 80' lang='lat' dir='ltr'><strong>lllagncrius</strong></span> <span class='ocrx_word' id='word_1_215' title='bbox 1816 3813 2044 3868; x_wconf 80' lang='lat' dir='ltr'><strong>corpore</strong></span> <span class='ocrx_word' id='word_1_216' title='bbox 2095 3797 2414 3866; x_wconf 83' lang='lat' dir='ltr'><strong>requiescit,</strong></span> 
     </span>
    </p>
   </div>
   <div class='ocr_carea' id='block_1_39' title="bbox 836 3888 2417 3962">
    <p class='ocr_par' dir='ltr' id='par_1_39' title="bbox 836 3888 2417 3962">
     <span class='ocr_line' id='line_1_40' title="bbox 836 3888 2417 3962; baseline -0.005 -13"><span class='ocrx_word' id='word_1_217' title='bbox 836 3911 946 3950; x_wconf 69' lang='lat' dir='ltr'><strong>sum</strong></span> <span class='ocrx_word' id='word_1_218' title='bbox 975 3895 1120 3948; x_wconf 87' lang='lat' dir='ltr'><strong>sedis</strong></span> <span class='ocrx_word' id='word_1_219' title='bbox 1144 3934 1156 3956; x_wconf 95' lang='lat'><strong>,</strong></span> <span class='ocrx_word' id='word_1_220' title='bbox 1186 3895 1325 3946; x_wconf 84' lang='lat' dir='ltr'><strong>sicut</strong></span> <span class='ocrx_word' id='word_1_221' title='bbox 1354 3892 1612 3962; x_wconf 83' lang='lat' dir='ltr'><strong>religione</strong></span> <span class='ocrx_word' id='word_1_222' title='bbox 1653 3891 1724 3944; x_wconf 90' lang='lat' dir='ltr'><strong>ita</strong></span> <span class='ocrx_word' id='word_1_223' title='bbox 1758 3889 2078 3960; x_wconf 87' lang='lat' dir='ltr'><strong>quibusdam</strong></span> <span class='ocrx_word' id='word_1_224' title='bbox 2124 3888 2417 3958; x_wconf 87' lang='lat' dir='ltr'><strong>posscssio-</strong></span> 
     </span>
    </p>
   </div>
   <div class='ocr_carea' id='block_1_40' title="bbox 835 3977 2419 4050">
    <p class='ocr_par' dir='ltr' id='par_1_40' title="bbox 835 3977 2419 4050">
     <span class='ocr_line' id='line_1_41' title="bbox 835 3977 2419 4050; baseline -0.006 -11"><span class='ocrx_word' id='word_1_225' title='bbox 835 3985 994 4039; x_wconf 89' lang='lat' dir='ltr'><strong>nibus</strong></span> <span class='ocrx_word' id='word_1_226' title='bbox 1019 4027 1032 4049; x_wconf 95' lang='lat'><strong>,</strong></span> <span class='ocrx_word' id='word_1_227' title='bbox 1080 3999 1247 4050; x_wconf 88' lang='lat' dir='ltr'><strong>usque</strong></span> <span class='ocrx_word' id='word_1_228' title='bbox 1284 3985 1334 4036; x_wconf 91' lang='lat' dir='ltr'><strong>in</strong></span> <span class='ocrx_word' id='word_1_229' title='bbox 1366 3997 1462 4036; x_wconf 88' lang='lat' dir='ltr'><strong>sua</strong></span> <span class='ocrx_word' id='word_1_230' title='bbox 1501 3992 1742 4050; x_wconf 91' lang='lat' dir='ltr'><strong>tempora</strong></span> <span class='ocrx_word' id='word_1_231' title='bbox 1775 3979 1842 4032; x_wconf 92' lang='lat' dir='ltr'><strong>ab</strong></span> <span class='ocrx_word' id='word_1_232' title='bbox 1868 3979 2104 4034; x_wconf 88' lang='lat' dir='ltr'><strong>inimicis</strong></span> <span class='ocrx_word' id='word_1_233' title='bbox 2132 3978 2224 4030; x_wconf 89' lang='lat' dir='ltr'><strong>Dei</strong></span> <span class='ocrx_word' id='word_1_234' title='bbox 2255 3977 2419 4030; x_wconf 90' lang='lat' dir='ltr'><strong>fuisse</strong></span> 
     </span>
    </p>
   </div>
   <div class='ocr_carea' id='block_1_41' title="bbox 835 4066 2420 4139">
    <p class='ocr_par' dir='ltr' id='par_1_41' title="bbox 835 4066 2420 4139">
     <span class='ocr_line' id='line_1_42' title="bbox 835 4066 2420 4139; baseline -0.005 -13"><span class='ocrx_word' id='word_1_235' title='bbox 835 4074 1186 4135; x_wconf 90' lang='lat' dir='ltr'><strong>destitutum;</strong></span> <span class='ocrx_word' id='word_1_236' title='bbox 1219 4069 1360 4138; x_wconf 88' lang='lat' dir='ltr'><strong>quod</strong></span> <span class='ocrx_word' id='word_1_237' title='bbox 1388 4067 1824 4139; x_wconf 84' lang='lat' dir='ltr'><strong>possessionibus</strong></span> <span class='ocrx_word' id='word_1_238' title='bbox 1866 4066 2136 4134; x_wconf 88' lang='lat' dir='ltr'><strong>prioribus</strong></span> <span class='ocrx_word' id='word_1_239' title='bbox 2171 4079 2420 4120; x_wconf 89' lang='lat' dir='ltr'><strong>necessa-</strong></span> 
     </span>
    </p>
   </div>
   <div class='ocr_carea' id='block_1_42' title="bbox 834 4160 2422 4232">
    <p class='ocr_par' dir='ltr' id='par_1_42' title="bbox 834 4160 2422 4232">
     <span class='ocr_line' id='line_1_43' title="bbox 834 4160 2422 4232; baseline -0.005 -16"><span class='ocrx_word' id='word_1_240' title='bbox 834 4164 1039 4232; x_wconf 86' lang='lat' dir='ltr'><strong>riisque</strong></span> <span class='ocrx_word' id='word_1_241' title='bbox 1070 4160 1321 4215; x_wconf 91' lang='lat' dir='ltr'><strong>omnibus</strong></span> <span class='ocrx_word' id='word_1_242' title='bbox 1365 4173 1633 4212; x_wconf 89' lang='lat' dir='ltr'><strong>renovans</strong></span> <span class='ocrx_word' id='word_1_243' title='bbox 1653 4199 1667 4223; x_wconf 90' lang='lat'><strong>,</strong></span> <span class='ocrx_word' id='word_1_244' title='bbox 1700 4172 1764 4211; x_wconf 89' lang='lat' dir='ltr'><strong>ac</strong></span> <span class='ocrx_word' id='word_1_245' title='bbox 1811 4164 2128 4211; x_wconf 85' lang='lat' dir='ltr'><strong>renovatum</strong></span> <span class='ocrx_word' id='word_1_246' title='bbox 2160 4169 2270 4209; x_wconf 62' lang='lat' dir='ltr'><strong>sum</strong></span> <span class='ocrx_word' id='word_1_247' title='bbox 2297 4169 2422 4208; x_wconf 88' lang='lat' dir='ltr'><strong>suo—</strong></span> 
     </span>
    </p>
   </div>
   <div class='ocr_carea' id='block_1_43' title="bbox 836 4244 2426 4320">
    <p class='ocr_par' dir='ltr' id='par_1_43' title="bbox 836 4244 2426 4320">
     <span class='ocr_line' id='line_1_44' title="bbox 836 4244 2426 4320; baseline -0.007 -13"><span class='ocrx_word' id='word_1_248' title='bbox 836 4267 1063 4320; x_wconf 90' lang='lat' dir='ltr'><strong>rumque</strong></span> <span class='ocrx_word' id='word_1_249' title='bbox 1100 4248 1617 4318; x_wconf 88' lang='lat' dir='ltr'><strong>conprovincialium</strong></span> <span class='ocrx_word' id='word_1_250' title='bbox 1649 4247 2022 4317; x_wconf 88' lang='lat' dir='ltr'><strong>episcoporum</strong></span> <span class='ocrx_word' id='word_1_251' title='bbox 2049 4244 2426 4320; x_wconf 46' lang='lat' dir='ltr'><strong>excommuni:</strong></span> 
     </span>
    </p>
   </div>
   <div class='ocr_carea' id='block_1_44' title="bbox 834 4337 2420 4408">
    <p class='ocr_par' dir='ltr' id='par_1_44' title="bbox 834 4337 2420 4408">
     <span class='ocr_line' id='line_1_45' title="bbox 834 4337 2420 4408; baseline -0.006 -10"><span class='ocrx_word' id='word_1_252' title='bbox 834 4345 1049 4398; x_wconf 89' lang='lat' dir='ltr'><strong>catione</strong></span> <span class='ocrx_word' id='word_1_253' title='bbox 1093 4342 1454 4404; x_wconf 84' lang='lat' dir='ltr'><strong>confirmans,</strong></span> <span class='ocrx_word' id='word_1_254' title='bbox 1501 4355 1608 4408; x_wconf 89' lang='lat' dir='ltr'><strong>quo</strong></span> <span class='ocrx_word' id='word_1_255' title='bbox 1659 4347 1861 4393; x_wconf 80' lang='lat' dir='ltr'><strong>sancta:</strong></span> <span class='ocrx_word' id='word_1_256' title='bbox 1923 4337 2201 4406; x_wconf 81' lang='lat' dir='ltr'><strong>religionis</strong></span> <span class='ocrx_word' id='word_1_257' title='bbox 2247 4344 2420 4390; x_wconf 91' lang='lat' dir='ltr'><strong>status</strong></span> 
     </span>
    </p>
   </div>
   <div class='ocr_carea' id='block_1_45' title="bbox 837 4427 2422 4503">
    <p class='ocr_par' dir='ltr' id='par_1_45' title="bbox 837 4427 2422 4503">
     <span class='ocr_line' id='line_1_46' title="bbox 837 4427 2422 4503; baseline -0.008 -13"><span class='ocrx_word' id='word_1_258' title='bbox 837 4435 1012 4503; x_wconf 84' lang='lat' dir='ltr'><strong>major</strong></span> <span class='ocrx_word' id='word_1_259' title='bbox 1042 4433 1356 4500; x_wconf 87' lang='lat' dir='ltr'><strong>firmiorque</strong></span> <span class='ocrx_word' id='word_1_260' title='bbox 1402 4431 1597 4494; x_wconf 87' lang='lat' dir='ltr'><strong>fieret,</strong></span> <span class='ocrx_word' id='word_1_261' title='bbox 1649 4429 1700 4483; x_wconf 90' lang='lat' dir='ltr'><strong>in</strong></span> <span class='ocrx_word' id='word_1_262' title='bbox 1745 4429 1933 4483; x_wconf 90' lang='lat' dir='ltr'><strong>eodem</strong></span> <span class='ocrx_word' id='word_1_263' title='bbox 1980 4427 2315 4492; x_wconf 87' lang='lat' dir='ltr'><strong>monachos,</strong></span> <span class='ocrx_word' id='word_1_264' title='bbox 2362 4434 2422 4479; x_wconf 89' lang='grc' dir='ltr'><strong>ιιι</strong></span> 
     </span>
    </p>
   </div>
   <div class='ocr_carea' id='block_1_46' title="bbox 833 4516 2419 4594">
    <p class='ocr_par' dir='ltr' id='par_1_46' title="bbox 833 4516 2419 4594">
     <span class='ocr_line' id='line_1_47' title="bbox 833 4516 2419 4594; baseline -0.005 -17"><span class='ocrx_word' id='word_1_265' title='bbox 833 4524 987 4594; x_wconf 87' lang='lat' dir='ltr'><strong>prius</strong></span> <span class='ocrx_word' id='word_1_266' title='bbox 1015 4523 1126 4577; x_wconf 90' lang='lat' dir='ltr'><strong>Deo</strong></span> <span class='ocrx_word' id='word_1_267' title='bbox 1167 4521 1493 4575; x_wconf 78' lang='lat' dir='ltr'><strong>famulantes</strong></span> <span class='ocrx_word' id='word_1_268' title='bbox 1534 4517 1851 4582; x_wconf 85' lang='lat' dir='ltr'><strong>collocavit,</strong></span> <span class='ocrx_word' id='word_1_269' title='bbox 1892 4516 2195 4587; x_wconf 68' lang='lat' dir='ltr'><strong>praztieiens</strong></span> <span class='ocrx_word' id='word_1_270' title='bbox 2244 4516 2419 4571; x_wconf 88' lang='lat' dir='ltr'><strong>eidem</strong></span> 
     </span>
    </p>
   </div>
   <div class='ocr_carea' id='block_1_47' title="bbox 836 4596 2496 4681">
    <p class='ocr_par' dir='ltr' id='par_1_47' title="bbox 836 4596 2496 4681">
     <span class='ocr_line' id='line_1_48' title="bbox 836 4596 2496 4681; baseline -0.005 -13"><span class='ocrx_word' id='word_1_271' title='bbox 836 4616 956 4668; x_wconf 91' lang='lat' dir='ltr'><strong>loco</strong></span> <span class='ocrx_word' id='word_1_272' title='bbox 983 4615 1232 4668; x_wconf 88' lang='lat' dir='ltr'><strong>abbatem</strong></span> <span class='ocrx_word' id='word_1_273' title='bbox 1261 4611 1671 4681; x_wconf 85' lang='lat' dir='ltr'><strong>Engelbertum,</strong></span> <span class='ocrx_word' id='word_1_274' title='bbox 1697 4610 1851 4678; x_wconf 88' lang='lat' dir='ltr'><strong>cujus</strong></span> <span class='ocrx_word' id='word_1_275' title='bbox 1885 4608 2164 4679; x_wconf 80' lang='lat' dir='ltr'><strong>diligentia</strong></span> <span class='ocrx_word' id='word_1_276' title='bbox 2192 4623 2296 4662; x_wconf 92' lang='lat' dir='ltr'><strong>non</strong></span> <span class='ocrx_word' id='word_1_277' title='bbox 2325 4621 2415 4661; x_wconf 84' lang='lat' dir='ltr'><strong>so—</strong></span> <span class='ocrx_word' id='word_1_278' title='bbox 2452 4596 2496 4654; x_wconf 84' lang='lat' dir='ltr'><strong>D</strong></span> 
     </span>
    </p>
   </div>
   <div class='ocr_carea' id='block_1_48' title="bbox 791 4705 2416 4779">
    <p class='ocr_par' dir='ltr' id='par_1_48' title="bbox 791 4705 2416 4779">
     <span class='ocr_line' id='line_1_49' title="bbox 791 4705 2416 4779; baseline -0.001 -19"><span class='ocrx_word' id='word_1_279' title='bbox 791 4753 794 4759; x_wconf 97' lang='lat'><strong>.</strong></span> <span class='ocrx_word' id='word_1_280' title='bbox 836 4710 947 4763; x_wconf 92' lang='lat' dir='ltr'><strong>lum</strong></span> <span class='ocrx_word' id='word_1_281' title='bbox 977 4709 1128 4764; x_wconf 87' lang='lat' dir='ltr'><strong>locus</strong></span> <span class='ocrx_word' id='word_1_282' title='bbox 1150 4709 1322 4779; x_wconf 89' lang='lat' dir='ltr'><strong>possit</strong></span> <span class='ocrx_word' id='word_1_283' title='bbox 1345 4709 1397 4762; x_wconf 90' lang='lat' dir='ltr'><strong>in</strong></span> <span class='ocrx_word' id='word_1_284' title='bbox 1428 4706 1618 4761; x_wconf 90' lang='lat' dir='ltr'><strong>melius</strong></span> <span class='ocrx_word' id='word_1_285' title='bbox 1647 4706 1909 4774; x_wconf 86' lang='lat' dir='ltr'><strong>reparari,</strong></span> <span class='ocrx_word' id='word_1_286' title='bbox 1930 4721 2113 4759; x_wconf 89' lang='lat' dir='ltr'><strong>verum</strong></span> <span class='ocrx_word' id='word_1_287' title='bbox 2145 4705 2332 4774; x_wconf 82' lang='lat' dir='ltr'><strong>religio</strong></span> <span class='ocrx_word' id='word_1_288' title='bbox 2365 4705 2416 4758; x_wconf 92' lang='lat' dir='ltr'><strong>in</strong></span> 
     </span>
    </p>
   </div>
   <div class='ocr_carea' id='block_1_49' title="bbox 835 4797 2415 4872">
    <p class='ocr_par' dir='ltr' id='par_1_49' title="bbox 835 4797 2415 4872">
     <span class='ocr_line' id='line_1_50' title="bbox 835 4797 2415 4872; baseline -0.004 -13"><span class='ocrx_word' id='word_1_289' title='bbox 835 4806 954 4860; x_wconf 85' lang='lat' dir='ltr'><strong>dies</strong></span> <span class='ocrx_word' id='word_1_290' title='bbox 981 4803 1188 4859; x_wconf 89' lang='lat' dir='ltr'><strong>felicius</strong></span> <span class='ocrx_word' id='word_1_291' title='bbox 1214 4801 1611 4872; x_wconf 88' lang='lat' dir='ltr'><strong>perfectiusque</strong></span> <span class='ocrx_word' id='word_1_292' title='bbox 1634 4806 2094 4869; x_wconf 88' lang='lat' dir='ltr'><strong>augmentaretur.</strong></span> <span class='ocrx_word' id='word_1_293' title='bbox 2119 4797 2271 4852; x_wconf 91' lang='lat' dir='ltr'><strong>Unde</strong></span> <span class='ocrx_word' id='word_1_294' title='bbox 2291 4799 2415 4867; x_wconf 88' lang='lat' dir='ltr'><strong>quia</strong></span> 
     </span>
    </p>
   </div>
   <div class='ocr_carea' id='block_1_50' title="bbox 837 4890 2419 4960">
    <p class='ocr_par' dir='ltr' id='par_1_50' title="bbox 837 4890 2419 4960">
     <span class='ocr_line' id='line_1_51' title="bbox 837 4890 2419 4960; baseline -0.003 -9"><span class='ocrx_word' id='word_1_295' title='bbox 837 4898 892 4951; x_wconf 90' lang='lat' dir='ltr'><strong>in</strong></span> <span class='ocrx_word' id='word_1_296' title='bbox 926 4895 1116 4950; x_wconf 88' lang='lat' dir='ltr'><strong>eodem</strong></span> <span class='ocrx_word' id='word_1_297' title='bbox 1162 4895 1282 4949; x_wconf 89' lang='lat' dir='ltr'><strong>loco</strong></span> <span class='ocrx_word' id='word_1_298' title='bbox 1324 4893 1609 4948; x_wconf 87' lang='lat' dir='ltr'><strong>laudabilis</strong></span> <span class='ocrx_word' id='word_1_299' title='bbox 1639 4893 1899 4960; x_wconf 91' lang='lat' dir='ltr'><strong>probatur</strong></span> <span class='ocrx_word' id='word_1_300' title='bbox 1939 4890 2254 4946; x_wconf 90' lang='lat' dir='ltr'><strong>monachica</strong></span> <span class='ocrx_word' id='word_1_301' title='bbox 2291 4906 2419 4946; x_wconf 92' lang='lat' dir='ltr'><strong>con-</strong></span> 
     </span>
    </p>
   </div>
   <div class='ocr_carea' id='block_1_51' title="bbox 838 4981 2420 5053">
    <p class='ocr_par' dir='ltr' id='par_1_51' title="bbox 838 4981 2420 5053">
     <span class='ocr_line' id='line_1_52' title="bbox 838 4981 2420 5053; baseline -0.001 -16"><span class='ocrx_word' id='word_1_302' title='bbox 838 4985 1108 5048; x_wconf 86' lang='lat' dir='ltr'><strong>versatio,</strong></span> <span class='ocrx_word' id='word_1_303' title='bbox 1139 4999 1205 5039; x_wconf 91' lang='lat' dir='ltr'><strong>ne</strong></span> <span class='ocrx_word' id='word_1_304' title='bbox 1232 4985 1283 5038; x_wconf 90' lang='lat' dir='ltr'><strong>id</strong></span> <span class='ocrx_word' id='word_1_305' title='bbox 1309 4984 1453 5053; x_wconf 93' lang='lat' dir='ltr'><strong>quod</strong></span> <span class='ocrx_word' id='word_1_306' title='bbox 1477 4981 1801 5037; x_wconf 83' lang='lat' dir='ltr'><strong>venerabilis</strong></span> <span class='ocrx_word' id='word_1_307' title='bbox 1835 4981 2004 5035; x_wconf 90' lang='lat' dir='ltr'><strong>frater</strong></span> <span class='ocrx_word' id='word_1_308' title='bbox 2033 4989 2217 5035; x_wconf 89' lang='lat' dir='ltr'><strong>noster</strong></span> <span class='ocrx_word' id='word_1_309' title='bbox 2243 4985 2420 5050; x_wconf 87' lang='lat' dir='ltr'><strong>coepi—</strong></span> 
     </span>
    </p>
   </div>
   <div class='ocr_carea' id='block_1_52' title="bbox 839 5072 2422 5149">
    <p class='ocr_par' dir='ltr' id='par_1_52' title="bbox 839 5072 2422 5149">
     <span class='ocr_line' id='line_1_53' title="bbox 839 5072 2422 5149; baseline -0.004 -15"><span class='ocrx_word' id='word_1_310' title='bbox 839 5094 1038 5149; x_wconf 89' lang='lat' dir='ltr'><strong>scopus</strong></span> <span class='ocrx_word' id='word_1_311' title='bbox 1061 5077 1434 5132; x_wconf 91' lang='lat' dir='ltr'><strong>Theodoricus</strong></span> <span class='ocrx_word' id='word_1_312' title='bbox 1471 5089 1634 5130; x_wconf 90' lang='lat' dir='ltr'><strong>causa</strong></span> <span class='ocrx_word' id='word_1_313' title='bbox 1667 5083 1870 5129; x_wconf 69' lang='lat' dir='ltr'><strong>sancta:</strong></span> <span class='ocrx_word' id='word_1_314' title='bbox 1893 5072 2169 5143; x_wconf 87' lang='lat' dir='ltr'><strong>religionis</strong></span> <span class='ocrx_word' id='word_1_315' title='bbox 2203 5088 2422 5143; x_wconf 64' lang='lat' dir='ltr'><strong>suaeque</strong></span> 
     </span>
    </p>
   </div>
   <div class='ocr_carea' id='block_1_53' title="bbox 841 5165 2422 5240">
    <p class='ocr_par' dir='ltr' id='par_1_53' title="bbox 841 5165 2422 5240">
     <span class='ocr_line' id='line_1_54' title="bbox 841 5165 2422 5240; baseline -0.004 -12"><span class='ocrx_word' id='word_1_316' title='bbox 841 5172 1033 5228; x_wconf 90' lang='lat' dir='ltr'><strong>salutis</strong></span> <span class='ocrx_word' id='word_1_317' title='bbox 1062 5171 1423 5234; x_wconf 88' lang='lat' dir='ltr'><strong>restauravit,</strong></span> <span class='ocrx_word' id='word_1_318' title='bbox 1457 5184 1555 5240; x_wconf 90' lang='lat' dir='ltr'><strong>per</strong></span> <span class='ocrx_word' id='word_1_319' title='bbox 1599 5168 1834 5238; x_wconf 89' lang='lat' dir='ltr'><strong>aliquam</strong></span> <span class='ocrx_word' id='word_1_320' title='bbox 1877 5165 1978 5220; x_wconf 91' lang='lat' dir='ltr'><strong>sibi</strong></span> <span class='ocrx_word' id='word_1_321' title='bbox 2016 5165 2422 5222; x_wconf 90' lang='lat' dir='ltr'><strong>succedentium</strong></span> 
     </span>
    </p>
   </div>
   <div class='ocr_carea' id='block_1_54' title="bbox 909 5275 2426 5354">
    <p class='ocr_par' dir='ltr' id='par_1_54' title="bbox 909 5275 2426 5354">
     <span class='ocr_line' id='line_1_55' title="bbox 909 5275 2426 5354; baseline -0.006 -15"><span class='ocrx_word' id='word_1_322' title='bbox 909 5284 986 5354; x_wconf 89' lang='lat' dir='ltr'><strong>(l)</strong></span> <span class='ocrx_word' id='word_1_323' title='bbox 1023 5284 1352 5352; x_wconf 88' lang='lat' dir='ltr'><strong>Perantiqna</strong></span> <span class='ocrx_word' id='word_1_324' title='bbox 1384 5291 1480 5354; x_wconf 22' lang='lat' dir='ltr'><strong>est;</strong></span> <span class='ocrx_word' id='word_1_325' title='bbox 1512 5289 1566 5354; x_wconf 83' lang='lat' dir='ltr'><strong>et</strong></span> <span class='ocrx_word' id='word_1_326' title='bbox 1596 5279 1974 5354; x_wconf 68' lang='lat' dir='ltr'><strong>utut_obscura</strong></span> <span class='ocrx_word' id='word_1_327' title='bbox 2026 5275 2183 5345; x_wconf 86' lang='lat' dir='ltr'><strong>hujus</strong></span> <span class='ocrx_word' id='word_1_328' title='bbox 2239 5292 2426 5354; x_wconf 77' lang='lat' dir='ltr'><strong>mona-</strong></span> 
     </span>
    </p>
   </div>
   <div class='ocr_carea' id='block_1_55' title="bbox 839 5346 2427 5412">
    <p class='ocr_par' dir='ltr' id='par_1_55' title="bbox 839 5346 2427 5412">
     <span class='ocr_line' id='line_1_56' title="bbox 839 5346 2427 5412; baseline -0.006 -2"><span class='ocrx_word' id='word_1_329' title='bbox 839 5346 991 5411; x_wconf 79' lang='lat' dir='ltr'><strong>sterii</strong></span> <span class='ocrx_word' id='word_1_330' title='bbox 1040 5356 1096 5409; x_wconf 92' lang='lat' dir='ltr'><strong>S.</strong></span> <span class='ocrx_word' id='word_1_331' title='bbox 1124 5346 1338 5408; x_wconf 80' lang='lat' dir='ltr'><strong>Martini</strong></span> <span class='ocrx_word' id='word_1_332' title='bbox 1370 5353 1434 5407; x_wconf 90' lang='lat' dir='ltr'><strong>ad</strong></span> <span class='ocrx_word' id='word_1_333' title='bbox 1462 5352 1638 5406; x_wconf 91' lang='lat' dir='ltr'><strong>Littus</strong></span> <span class='ocrx_word' id='word_1_334' title='bbox 1663 5349 1834 5412; x_wconf 75' lang='lat' dir='ltr'><strong>origo.</strong></span> <span class='ocrx_word' id='word_1_335' title='bbox 1881 5347 2013 5401; x_wconf 91' lang='lat' dir='ltr'><strong>Cum</strong></span> <span class='ocrx_word' id='word_1_336' title='bbox 2055 5356 2233 5400; x_wconf 87' lang='lat' dir='ltr'><strong>autem</strong></span> <span class='ocrx_word' id='word_1_337' title='bbox 2264 5346 2427 5412; x_wconf 88' lang='lat' dir='ltr'><strong>lapsis</strong></span> 
     </span>
    </p>
   </div>
   <div class='ocr_carea' id='block_1_56' title="bbox 2491 645 4066 715">
    <p class='ocr_par' dir='ltr' id='par_1_56' title="bbox 2491 645 4066 715">
     <span class='ocr_line' id='line_1_57' title="bbox 2491 645 4066 715; baseline -0.001 -15"><span class='ocrx_word' id='word_1_338' title='bbox 2491 657 2594 701; x_wconf 82' lang='lat' dir='ltr'><strong>tem</strong></span> <span class='ocrx_word' id='word_1_339' title='bbox 2640 648 2862 701; x_wconf 90' lang='lat' dir='ltr'><strong>dominii</strong></span> <span class='ocrx_word' id='word_1_340' title='bbox 2920 648 3091 715; x_wconf 89' lang='lat' dir='ltr'><strong>possit</strong></span> <span class='ocrx_word' id='word_1_341' title='bbox 3139 647 3382 712; x_wconf 90' lang='lat' dir='ltr'><strong>destrui,</strong></span> <span class='ocrx_word' id='word_1_342' title='bbox 3437 661 3533 715; x_wconf 91' lang='lat' dir='ltr'><strong>per</strong></span> <span class='ocrx_word' id='word_1_343' title='bbox 3585 645 3740 713; x_wconf 89' lang='lat' dir='ltr'><strong>hujus</strong></span> <span class='ocrx_word' id='word_1_344' title='bbox 3787 647 4066 714; x_wconf 76' lang='lat' dir='ltr'><strong>apostolici</strong></span> 
     </span>
    </p>
   </div>
   <div class='ocr_carea' id='block_1_57' title="bbox 2489 737 4085 810">
    <p class='ocr_par' dir='ltr' id='par_1_57' title="bbox 2489 737 4085 810">
     <span class='ocr_line' id='line_1_58' title="bbox 2489 737 4085 810; baseline -0.004 -16"><span class='ocrx_word' id='word_1_345' title='bbox 2489 741 2658 794; x_wconf 90' lang='lat' dir='ltr'><strong>nostri</strong></span> <span class='ocrx_word' id='word_1_346' title='bbox 2689 740 2952 810; x_wconf 88' lang='lat' dir='ltr'><strong>privilegii</strong></span> <span class='ocrx_word' id='word_1_347' title='bbox 2986 750 3148 808; x_wconf 89' lang='lat' dir='ltr'><strong>atque</strong></span> <span class='ocrx_word' id='word_1_348' title='bbox 3192 748 3392 793; x_wconf 78' lang='lat' dir='ltr'><strong>sancta:</strong></span> <span class='ocrx_word' id='word_1_349' title='bbox 3421 738 3678 792; x_wconf 80' lang='lat' dir='ltr'><strong>Romana:</strong></span> <span class='ocrx_word' id='word_1_350' title='bbox 3720 737 3908 807; x_wconf 82' lang='lat' dir='ltr'><strong>synodi</strong></span> <span class='ocrx_word' id='word_1_351' title='bbox 3942 737 4085 800; x_wconf 59' lang='grc' dir='ltr'><strong>γρῦ-ι</strong></span> 
     </span>
    </p>
   </div>
   <div class='ocr_carea' id='block_1_58' title="bbox 2490 830 4068 900">
    <p class='ocr_par' dir='ltr' id='par_1_58' title="bbox 2490 830 4068 900">
     <span class='ocr_line' id='line_1_59' title="bbox 2490 830 4068 900; baseline -0.004 -14"><span class='ocrx_word' id='word_1_352' title='bbox 2490 833 2767 887; x_wconf 89' lang='lat' dir='ltr'><strong>dissimam</strong></span> <span class='ocrx_word' id='word_1_353' title='bbox 2796 833 3240 888; x_wconf 88' lang='lat' dir='ltr'><strong>constitutionem</strong></span> <span class='ocrx_word' id='word_1_354' title='bbox 3266 831 3468 900; x_wconf 91' lang='lat' dir='ltr'><strong>placuit</strong></span> <span class='ocrx_word' id='word_1_355' title='bbox 3497 839 3736 884; x_wconf 90' lang='lat' dir='ltr'><strong>statuere</strong></span> <span class='ocrx_word' id='word_1_356' title='bbox 3766 830 4068 892; x_wconf 86' lang='lat' dir='ltr'><strong>decretum,</strong></span> 
     </span>
    </p>
   </div>
   <div class='ocr_carea' id='block_1_59' title="bbox 2490 923 4072 994">
    <p class='ocr_par' dir='ltr' id='par_1_59' title="bbox 2490 923 4072 994">
     <span class='ocr_line' id='line_1_60' title="bbox 2490 923 4072 994; baseline -0.003 -16"><span class='ocrx_word' id='word_1_357' title='bbox 2490 934 2756 994; x_wconf 90' lang='lat' dir='ltr'><strong>quatenus</strong></span> <span class='ocrx_word' id='word_1_358' title='bbox 2801 925 2942 980; x_wconf 88' lang='lat' dir='ltr'><strong>idem</strong></span> <span class='ocrx_word' id='word_1_359' title='bbox 2969 926 3137 980; x_wconf 89' lang='lat' dir='ltr'><strong>abbas</strong></span> <span class='ocrx_word' id='word_1_360' title='bbox 3161 925 3451 993; x_wconf 88' lang='lat' dir='ltr'><strong>cunctique</strong></span> <span class='ocrx_word' id='word_1_361' title='bbox 3479 924 3597 994; x_wconf 87' lang='lat' dir='ltr'><strong>ejus</strong></span> <span class='ocrx_word' id='word_1_362' title='bbox 3645 937 3984 977; x_wconf 79' lang='lat' dir='ltr'><strong>successores</strong></span> <span class='ocrx_word' id='word_1_363' title='bbox 4014 923 4072 974; x_wconf 88' lang='lat' dir='ltr'><strong>in</strong></span> 
     </span>
    </p>
   </div>
   <div class='ocr_carea' id='block_1_60' title="bbox 2492 1014 4075 1084">
    <p class='ocr_par' dir='ltr' id='par_1_60' title="bbox 2492 1014 4075 1084">
     <span class='ocr_line' id='line_1_61' title="bbox 2492 1014 4075 1084; baseline -0.003 -13"><span class='ocrx_word' id='word_1_364' title='bbox 2492 1017 2809 1071; x_wconf 90' lang='lat' dir='ltr'><strong>monachica</strong></span> <span class='ocrx_word' id='word_1_365' title='bbox 2841 1019 3256 1072; x_wconf 86' lang='lat' dir='ltr'><strong>conversatione</strong></span> <span class='ocrx_word' id='word_1_366' title='bbox 3296 1017 3426 1072; x_wconf 92' lang='lat' dir='ltr'><strong>inibi</strong></span> <span class='ocrx_word' id='word_1_367' title='bbox 3457 1015 3568 1070; x_wconf 89' lang='lat' dir='ltr'><strong>Deo</strong></span> <span class='ocrx_word' id='word_1_368' title='bbox 3599 1015 3877 1069; x_wconf 88' lang='lat' dir='ltr'><strong>militaturi</strong></span> <span class='ocrx_word' id='word_1_369' title='bbox 3906 1014 4075 1084; x_wconf 85' lang='lat' dir='ltr'><strong>privi—</strong></span> 
     </span>
    </p>
   </div>
   <div class='ocr_carea' id='block_1_61' title="bbox 2492 1105 4076 1177">
    <p class='ocr_par' dir='ltr' id='par_1_61' title="bbox 2492 1105 4076 1177">
     <span class='ocr_line' id='line_1_62' title="bbox 2492 1105 4076 1177; baseline -0.001 -18"><span class='ocrx_word' id='word_1_370' title='bbox 2492 1107 2688 1177; x_wconf 84' lang='lat' dir='ltr'><strong>legium</strong></span> <span class='ocrx_word' id='word_1_371' title='bbox 2720 1107 3012 1162; x_wconf 86' lang='lat' dir='ltr'><strong>infularum</strong></span> <span class='ocrx_word' id='word_1_372' title='bbox 3035 1110 3102 1164; x_wconf 92' lang='lat' dir='ltr'><strong>ad</strong></span> <span class='ocrx_word' id='word_1_373' title='bbox 3130 1110 3303 1164; x_wconf 88' lang='lat' dir='ltr'><strong>vicem</strong></span> <span class='ocrx_word' id='word_1_374' title='bbox 3335 1107 3596 1176; x_wconf 88' lang='lat' dir='ltr'><strong>episc0pi,</strong></span> <span class='ocrx_word' id='word_1_375' title='bbox 3629 1107 3772 1175; x_wconf 89' lang='lat' dir='ltr'><strong>quod</strong></span> <span class='ocrx_word' id='word_1_376' title='bbox 3817 1120 3882 1158; x_wconf 82' lang='lat' dir='ltr'><strong>ex</strong></span> <span class='ocrx_word' id='word_1_377' title='bbox 3909 1105 4076 1158; x_wconf 91' lang='lat' dir='ltr'><strong>tradi-</strong></span> 
     </span>
    </p>
   </div>
   <div class='ocr_carea' id='block_1_62' title="bbox 2495 1197 4074 1271">
    <p class='ocr_par' dir='ltr' id='par_1_62' title="bbox 2495 1197 4074 1271">
     <span class='ocr_line' id='line_1_63' title="bbox 2495 1197 4074 1271; baseline 0.001 -19"><span class='ocrx_word' id='word_1_378' title='bbox 2495 1199 2640 1252; x_wconf 88' lang='lat' dir='ltr'><strong>tione</strong></span> <span class='ocrx_word' id='word_1_379' title='bbox 2673 1197 2730 1252; x_wconf 77' lang='grc' dir='ltr'><strong>ε.</strong></span> <span class='ocrx_word' id='word_1_380' title='bbox 2765 1198 3081 1267; x_wconf 86' lang='lat' dir='ltr'><strong>Magnerici,</strong></span> <span class='ocrx_word' id='word_1_381' title='bbox 3118 1209 3177 1253; x_wconf 93' lang='lat' dir='ltr'><strong>ut</strong></span> <span class='ocrx_word' id='word_1_382' title='bbox 3210 1200 3261 1252; x_wconf 93' lang='lat' dir='ltr'><strong>in</strong></span> <span class='ocrx_word' id='word_1_383' title='bbox 3299 1200 3468 1270; x_wconf 87' lang='lat' dir='ltr'><strong>ipsius</strong></span> <span class='ocrx_word' id='word_1_384' title='bbox 3491 1199 3612 1254; x_wconf 80' lang='lat' dir='ltr'><strong>Vita</strong></span> <span class='ocrx_word' id='word_1_385' title='bbox 3641 1200 3855 1271; x_wconf 86' lang='lat' dir='ltr'><strong>legitur,</strong></span> <span class='ocrx_word' id='word_1_386' title='bbox 3906 1199 4074 1254; x_wconf 85' lang='lat' dir='ltr'><strong>abba-</strong></span> 
     </span>
    </p>
   </div>
   <div class='ocr_carea' id='block_1_63' title="bbox 2497 1289 4078 1360">
    <p class='ocr_par' dir='ltr' id='par_1_63' title="bbox 2497 1289 4078 1360">
     <span class='ocr_line' id='line_1_64' title="bbox 2497 1289 4078 1360; baseline 0.001 -19"><span class='ocrx_word' id='word_1_387' title='bbox 2497 1289 2642 1342; x_wconf 91' lang='lat' dir='ltr'><strong>tibus</strong></span> <span class='ocrx_word' id='word_1_388' title='bbox 2682 1296 2894 1342; x_wconf 80' lang='lat' dir='ltr'><strong>constat</strong></span> <span class='ocrx_word' id='word_1_389' title='bbox 2939 1289 3283 1354; x_wconf 90' lang='lat' dir='ltr'><strong>institutum,</strong></span> <span class='ocrx_word' id='word_1_390' title='bbox 3341 1300 3602 1360; x_wconf 90' lang='lat' dir='ltr'><strong>perpetuo</strong></span> <span class='ocrx_word' id='word_1_391' title='bbox 3658 1292 3970 1355; x_wconf 89' lang='lat' dir='ltr'><strong>obtineant;</strong></span> <span class='ocrx_word' id='word_1_392' title='bbox 4021 1299 4078 1344; x_wconf 89' lang='lat' dir='ltr'><strong>et</strong></span> 
     </span>
    </p>
   </div>
   <div class='ocr_carea' id='block_1_64' title="bbox 2494 1380 4075 1452">
    <p class='ocr_par' dir='ltr' id='par_1_64' title="bbox 2494 1380 4075 1452">
     <span class='ocr_line' id='line_1_65' title="bbox 2494 1380 4075 1452; baseline -0.001 -18"><span class='ocrx_word' id='word_1_393' title='bbox 2494 1380 2745 1434; x_wconf 89' lang='lat' dir='ltr'><strong>eumdem</strong></span> <span class='ocrx_word' id='word_1_394' title='bbox 2800 1380 2974 1434; x_wconf 91' lang='lat' dir='ltr'><strong>locum</strong></span> <span class='ocrx_word' id='word_1_395' title='bbox 3029 1397 3151 1435; x_wconf 92' lang='lat' dir='ltr'><strong>cum</strong></span> <span class='ocrx_word' id='word_1_396' title='bbox 3197 1382 3446 1436; x_wconf 90' lang='lat' dir='ltr'><strong>omnibus</strong></span> <span class='ocrx_word' id='word_1_397' title='bbox 3491 1382 3597 1436; x_wconf 89' lang='lat' dir='ltr'><strong>illic</strong></span> <span class='ocrx_word' id='word_1_398' title='bbox 3642 1382 4075 1452; x_wconf 80' lang='lat' dir='ltr'><strong>pertinentibus,</strong></span> 
     </span>
    </p>
   </div>
   <div class='ocr_carea' id='block_1_65' title="bbox 2495 1468 4083 1541">
    <p class='ocr_par' dir='ltr' id='par_1_65' title="bbox 2495 1468 4083 1541">
     <span class='ocr_line' id='line_1_66' title="bbox 2495 1468 4083 1541; baseline 0.003 -21"><span class='ocrx_word' id='word_1_399' title='bbox 2495 1468 2743 1522; x_wconf 83' lang='lat' dir='ltr'><strong>videlicet</strong></span> <span class='ocrx_word' id='word_1_400' title='bbox 2771 1469 3046 1532; x_wconf 89' lang='lat' dir='ltr'><strong>ecclesiis,</strong></span> <span class='ocrx_word' id='word_1_401' title='bbox 3078 1470 3218 1524; x_wconf 87' lang='lat' dir='ltr'><strong>villis</strong></span> <span class='ocrx_word' id='word_1_402' title='bbox 3234 1472 3551 1540; x_wconf 88' lang='lat' dir='ltr'><strong>cunctisque</strong></span> <span class='ocrx_word' id='word_1_403' title='bbox 3584 1471 3923 1541; x_wconf 89' lang='lat' dir='ltr'><strong>appenditiis,</strong></span> <span class='ocrx_word' id='word_1_404' title='bbox 3954 1472 4083 1524; x_wconf 83' lang='lat' dir='ltr'><strong>abs-</strong></span> 
     </span>
    </p>
   </div>
   <div class='ocr_carea' id='block_1_66' title="bbox 2498 1561 4080 1631">
    <p class='ocr_par' dir='ltr' id='par_1_66' title="bbox 2498 1561 4080 1631">
     <span class='ocr_line' id='line_1_67' title="bbox 2498 1561 4080 1631; baseline -0.001 -17"><span class='ocrx_word' id='word_1_405' title='bbox 2498 1576 2602 1631; x_wconf 90' lang='lat' dir='ltr'><strong>que</strong></span> <span class='ocrx_word' id='word_1_406' title='bbox 2660 1561 2819 1616; x_wconf 90' lang='lat' dir='ltr'><strong>ullius</strong></span> <span class='ocrx_word' id='word_1_407' title='bbox 2885 1561 3317 1616; x_wconf 87' lang='lat' dir='ltr'><strong>contradictione</strong></span> <span class='ocrx_word' id='word_1_408' title='bbox 3372 1577 3464 1616; x_wconf 83' lang='lat' dir='ltr'><strong>seu</strong></span> <span class='ocrx_word' id='word_1_409' title='bbox 3530 1561 3900 1630; x_wconf 87' lang='lat' dir='ltr'><strong>inquietudine</strong></span> <span class='ocrx_word' id='word_1_410' title='bbox 3953 1576 4080 1616; x_wconf 90' lang='lat' dir='ltr'><strong>cum</strong></span> 
     </span>
    </p>
   </div>
   <div class='ocr_carea' id='block_1_67' title="bbox 2499 1650 4080 1720">
    <p class='ocr_par' dir='ltr' id='par_1_67' title="bbox 2499 1650 4080 1720">
     <span class='ocr_line' id='line_1_68' title="bbox 2499 1650 4080 1720; baseline -0.002 -15"><span class='ocrx_word' id='word_1_411' title='bbox 2499 1651 2642 1705; x_wconf 91' lang='lat' dir='ltr'><strong>omni</strong></span> <span class='ocrx_word' id='word_1_412' title='bbox 2667 1666 2799 1720; x_wconf 89' lang='lat' dir='ltr'><strong>pace</strong></span> <span class='ocrx_word' id='word_1_413' title='bbox 2817 1651 3145 1720; x_wconf 88' lang='lat' dir='ltr'><strong>possideant.</strong></span> <span class='ocrx_word' id='word_1_414' title='bbox 3169 1650 3245 1705; x_wconf 88' lang='lat' dir='ltr'><strong>Eo</strong></span> <span class='ocrx_word' id='word_1_415' title='bbox 3268 1665 3392 1705; x_wconf 90' lang='lat' dir='ltr'><strong>vero</strong></span> <span class='ocrx_word' id='word_1_416' title='bbox 3417 1666 3484 1705; x_wconf 81' lang='lat' dir='ltr'><strong>ex</strong></span> <span class='ocrx_word' id='word_1_417' title='bbox 3513 1651 3615 1705; x_wconf 91' lang='lat' dir='ltr'><strong>hac</strong></span> <span class='ocrx_word' id='word_1_418' title='bbox 3635 1650 3927 1705; x_wconf 88' lang='lat' dir='ltr'><strong>decedente</strong></span> <span class='ocrx_word' id='word_1_419' title='bbox 3948 1651 4080 1712; x_wconf 88' lang='lat' dir='ltr'><strong>vita,</strong></span> 
     </span>
    </p>
   </div>
   <div class='ocr_carea' id='block_1_68' title="bbox 2500 1741 4083 1812">
    <p class='ocr_par' dir='ltr' id='par_1_68' title="bbox 2500 1741 4083 1812">
     <span class='ocr_line' id='line_1_69' title="bbox 2500 1741 4083 1812; baseline 0 -16"><span class='ocrx_word' id='word_1_420' title='bbox 2500 1751 2766 1812; x_wconf 91' lang='lat' dir='ltr'><strong>quatenus</strong></span> <span class='ocrx_word' id='word_1_421' title='bbox 2793 1741 3122 1796; x_wconf 90' lang='lat' dir='ltr'><strong>monasterio</strong></span> <span class='ocrx_word' id='word_1_422' title='bbox 3151 1757 3217 1795; x_wconf 87' lang='lat' dir='ltr'><strong>ex</strong></span> <span class='ocrx_word' id='word_1_423' title='bbox 3245 1743 3430 1795; x_wconf 89' lang='lat' dir='ltr'><strong>eadem</strong></span> <span class='ocrx_word' id='word_1_424' title='bbox 3467 1743 3885 1812; x_wconf 86' lang='lat' dir='ltr'><strong>congregatione</strong></span> <span class='ocrx_word' id='word_1_425' title='bbox 3915 1742 4083 1796; x_wconf 89' lang='lat' dir='ltr'><strong>abbas</strong></span> 
     </span>
    </p>
   </div>
   <div class='ocr_carea' id='block_1_69' title="bbox 2496 1831 4082 1902">
    <p class='ocr_par' dir='ltr' id='par_1_69' title="bbox 2496 1831 4082 1902">
     <span class='ocr_line' id='line_1_70' title="bbox 2496 1831 4082 1902; baseline -0.001 -16"><span class='ocrx_word' id='word_1_426' title='bbox 2496 1833 2649 1901; x_wconf 83' lang='lat' dir='ltr'><strong>juxta</strong></span> <span class='ocrx_word' id='word_1_427' title='bbox 2694 1832 2961 1902; x_wconf 88' lang='lat' dir='ltr'><strong>regularia</strong></span> <span class='ocrx_word' id='word_1_428' title='bbox 3015 1831 3073 1886; x_wconf 89' lang='lat' dir='ltr'><strong>S.</strong></span> <span class='ocrx_word' id='word_1_429' title='bbox 3123 1832 3398 1886; x_wconf 89' lang='lat' dir='ltr'><strong>Benedicti</strong></span> <span class='ocrx_word' id='word_1_430' title='bbox 3448 1833 3652 1886; x_wconf 86' lang='lat' dir='ltr'><strong>monita</strong></span> <span class='ocrx_word' id='word_1_431' title='bbox 3688 1833 4082 1896; x_wconf 83' lang='lat' dir='ltr'><strong>constituatur,</strong></span> 
     </span>
    </p>
   </div>
   <div class='ocr_carea' id='block_1_70' title="bbox 2424 1905 4085 1993">
    <p class='ocr_par' dir='ltr' id='par_1_70' title="bbox 2424 1905 4085 1993">
     <span class='ocr_line' id='line_1_71' title="bbox 2424 1905 4085 1993; baseline -0.002 -16"><span class='ocrx_word' id='word_1_432' title='bbox 2424 1905 2470 1964; x_wconf 71' lang='grc' dir='ltr'><strong>Β</strong></span> <span class='ocrx_word' id='word_1_433' title='bbox 2504 1923 2707 1993; x_wconf 88' lang='lat' dir='ltr'><strong>placuit</strong></span> <span class='ocrx_word' id='word_1_434' title='bbox 2738 1932 2938 1976; x_wconf 75' lang='lat' dir='ltr'><strong>nostra:</strong></span> <span class='ocrx_word' id='word_1_435' title='bbox 2981 1921 3287 1992; x_wconf 78' lang='lat' dir='ltr'><strong>apostolica:</strong></span> <span class='ocrx_word' id='word_1_436' title='bbox 3328 1921 3625 1976; x_wconf 90' lang='lat' dir='ltr'><strong>sanctionis</strong></span> <span class='ocrx_word' id='word_1_437' title='bbox 3662 1936 3863 1990; x_wconf 91' lang='lat' dir='ltr'><strong>ponere</strong></span> <span class='ocrx_word' id='word_1_438' title='bbox 3893 1922 4085 1974; x_wconf 86' lang='lat' dir='ltr'><strong>decre-</strong></span> 
     </span>
    </p>
   </div>
   <div class='ocr_carea' id='block_1_71' title="bbox 2507 2013 4077 2082">
    <p class='ocr_par' dir='ltr' id='par_1_71' title="bbox 2507 2013 4077 2082">
     <span class='ocr_line' id='line_1_72' title="bbox 2507 2013 4077 2082; baseline -0.004 -13"><span class='ocrx_word' id='word_1_439' title='bbox 2507 2026 2638 2069; x_wconf 94' lang='lat' dir='ltr'><strong>tum.</strong></span> <span class='ocrx_word' id='word_1_440' title='bbox 2689 2013 2839 2080; x_wconf 89' lang='lat' dir='ltr'><strong>Quod</strong></span> <span class='ocrx_word' id='word_1_441' title='bbox 2864 2015 2906 2067; x_wconf 89' lang='lat' dir='ltr'><strong>si</strong></span> <span class='ocrx_word' id='word_1_442' title='bbox 2951 2027 3014 2066; x_wconf 83' lang='lat' dir='ltr'><strong>ex</strong></span> <span class='ocrx_word' id='word_1_443' title='bbox 3047 2014 3234 2068; x_wconf 86' lang='lat' dir='ltr'><strong>eadem</strong></span> <span class='ocrx_word' id='word_1_444' title='bbox 3263 2013 3696 2082; x_wconf 81' lang='lat' dir='ltr'><strong>congregatione,</strong></span> <span class='ocrx_word' id='word_1_445' title='bbox 3729 2013 3870 2080; x_wconf 85' lang='lat' dir='ltr'><strong>quod</strong></span> <span class='ocrx_word' id='word_1_446' title='bbox 3898 2013 4036 2064; x_wconf 87' lang='lat' dir='ltr'><strong>absit</strong></span> <span class='ocrx_word' id='word_1_447' title='bbox 4063 2052 4077 2074; x_wconf 90' lang='lat'><strong>,</strong></span> 
     </span>
    </p>
   </div>
   <div class='ocr_carea' id='block_1_72' title="bbox 2505 2102 4090 2174">
    <p class='ocr_par' dir='ltr' id='par_1_72' title="bbox 2505 2102 4090 2174">
     <span class='ocr_line' id='line_1_73' title="bbox 2505 2102 4090 2174; baseline -0.002 -18"><span class='ocrx_word' id='word_1_448' title='bbox 2505 2119 2732 2174; x_wconf 84' lang='lat' dir='ltr'><strong>persona</strong></span> <span class='ocrx_word' id='word_1_449' title='bbox 2787 2103 3117 2156; x_wconf 89' lang='lat' dir='ltr'><strong>conveniens</strong></span> <span class='ocrx_word' id='word_1_450' title='bbox 3164 2103 3496 2156; x_wconf 90' lang='lat' dir='ltr'><strong>monachicis</strong></span> <span class='ocrx_word' id='word_1_451' title='bbox 3556 2102 3816 2155; x_wconf 91' lang='lat' dir='ltr'><strong>institutis</strong></span> <span class='ocrx_word' id='word_1_452' title='bbox 3864 2103 4090 2154; x_wconf 85' lang='lat' dir='ltr'><strong>minime</strong></span> 
     </span>
    </p>
   </div>
   <div class='ocr_carea' id='block_1_73' title="bbox 2507 2193 4089 2264">
    <p class='ocr_par' dir='ltr' id='par_1_73' title="bbox 2507 2193 4089 2264">
     <span class='ocr_line' id='line_1_74' title="bbox 2507 2193 4089 2264; baseline -0.003 -15"><span class='ocrx_word' id='word_1_453' title='bbox 2507 2195 2812 2264; x_wconf 90' lang='lat' dir='ltr'><strong>reperitur,</strong></span> <span class='ocrx_word' id='word_1_454' title='bbox 2865 2210 2985 2247; x_wconf 90' lang='lat' dir='ltr'><strong>cum</strong></span> <span class='ocrx_word' id='word_1_455' title='bbox 3031 2208 3296 2247; x_wconf 87' lang='lat' dir='ltr'><strong>consensu</strong></span> <span class='ocrx_word' id='word_1_456' title='bbox 3351 2193 3740 2262; x_wconf 90' lang='lat' dir='ltr'><strong>archiepiscopi</strong></span> <span class='ocrx_word' id='word_1_457' title='bbox 3791 2209 3856 2247; x_wconf 81' lang='lat' dir='ltr'><strong>ex</strong></span> <span class='ocrx_word' id='word_1_458' title='bbox 3899 2193 4089 2247; x_wconf 82' lang='lat' dir='ltr'><strong>eadem</strong></span> 
     </span>
    </p>
   </div>
   <div class='ocr_carea' id='block_1_74' title="bbox 2507 2283 4094 2350">
    <p class='ocr_par' dir='ltr' id='par_1_74' title="bbox 2507 2283 4094 2350">
     <span class='ocr_line' id='line_1_75' title="bbox 2507 2283 4094 2350; baseline -0.001 -12"><span class='ocrx_word' id='word_1_459' title='bbox 2507 2285 2723 2338; x_wconf 84' lang='lat' dir='ltr'><strong>dioecesi</strong></span> <span class='ocrx_word' id='word_1_460' title='bbox 2771 2284 2939 2338; x_wconf 88' lang='lat' dir='ltr'><strong>abbas</strong></span> <span class='ocrx_word' id='word_1_461' title='bbox 2969 2283 3300 2337; x_wconf 87' lang='lat' dir='ltr'><strong>monasterio</strong></span> <span class='ocrx_word' id='word_1_462' title='bbox 3330 2283 3666 2350; x_wconf 85' lang='lat' dir='ltr'><strong>proficiatur.</strong></span> <span class='ocrx_word' id='word_1_463' title='bbox 3719 2283 3917 2338; x_wconf 88' lang='lat' dir='ltr'><strong>Contra</strong></span> <span class='ocrx_word' id='word_1_464' title='bbox 3949 2284 4094 2336; x_wconf 90' lang='lat' dir='ltr'><strong>hanc</strong></span> 
     </span>
    </p>
   </div>
   <div class='ocr_carea' id='block_1_75' title="bbox 2507 2374 4094 2445">
    <p class='ocr_par' dir='ltr' id='par_1_75' title="bbox 2507 2374 4094 2445">
     <span class='ocr_line' id='line_1_76' title="bbox 2507 2374 4094 2445; baseline -0.001 -16"><span class='ocrx_word' id='word_1_465' title='bbox 2507 2389 2635 2445; x_wconf 88' lang='lat' dir='ltr'><strong>ergo</strong></span> <span class='ocrx_word' id='word_1_466' title='bbox 2661 2374 3030 2444; x_wconf 81' lang='lat' dir='ltr'><strong>apostolerum</strong></span> <span class='ocrx_word' id='word_1_467' title='bbox 3063 2375 3506 2429; x_wconf 88' lang='lat' dir='ltr'><strong>constitutionem</strong></span> <span class='ocrx_word' id='word_1_468' title='bbox 3527 2416 3541 2439; x_wconf 90' lang='lat'><strong>,</strong></span> <span class='ocrx_word' id='word_1_469' title='bbox 3571 2392 3731 2445; x_wconf 88' lang='lat' dir='ltr'><strong>quam</strong></span> <span class='ocrx_word' id='word_1_470' title='bbox 3757 2377 3932 2430; x_wconf 88' lang='lat' dir='ltr'><strong>abbati</strong></span> <span class='ocrx_word' id='word_1_471' title='bbox 3977 2391 4094 2428; x_wconf 90' lang='lat' dir='ltr'><strong>mo—</strong></span> 
     </span>
    </p>
   </div>
   <div class='ocr_carea' id='block_1_76' title="bbox 2509 2467 4096 2538">
    <p class='ocr_par' dir='ltr' id='par_1_76' title="bbox 2509 2467 4096 2538">
     <span class='ocr_line' id='line_1_77' title="bbox 2509 2467 4096 2538; baseline 0.001 -18"><span class='ocrx_word' id='word_1_472' title='bbox 2509 2467 2856 2536; x_wconf 81' lang='lat' dir='ltr'><strong>nasterioque</strong></span> <span class='ocrx_word' id='word_1_473' title='bbox 2906 2468 3229 2531; x_wconf 87' lang='lat' dir='ltr'><strong>statuimus,</strong></span> <span class='ocrx_word' id='word_1_474' title='bbox 3281 2468 3324 2522; x_wconf 87' lang='lat' dir='ltr'><strong>si</strong></span> <span class='ocrx_word' id='word_1_475' title='bbox 3373 2469 3493 2537; x_wconf 88' lang='lat' dir='ltr'><strong>quis</strong></span> <span class='ocrx_word' id='word_1_476' title='bbox 3535 2470 3809 2523; x_wconf 90' lang='lat' dir='ltr'><strong>hominum</strong></span> <span class='ocrx_word' id='word_1_477' title='bbox 3854 2469 4096 2538; x_wconf 84' lang='lat' dir='ltr'><strong>quolibet</strong></span> 
     </span>
    </p>
   </div>
   <div class='ocr_carea' id='block_1_77' title="bbox 2511 2559 4092 2630">
    <p class='ocr_par' dir='ltr' id='par_1_77' title="bbox 2511 2559 4092 2630">
     <span class='ocr_line' id='line_1_78' title="bbox 2511 2559 4092 2630; baseline 0.001 -19"><span class='ocrx_word' id='word_1_478' title='bbox 2511 2559 2667 2612; x_wconf 89' lang='lat' dir='ltr'><strong>modo</strong></span> <span class='ocrx_word' id='word_1_479' title='bbox 2697 2573 2856 2628; x_wconf 83' lang='lat' dir='ltr'><strong>agere</strong></span> <span class='ocrx_word' id='word_1_480' title='bbox 2881 2560 3304 2628; x_wconf 83' lang='lat' dir='ltr'><strong>praesumpserit,</strong></span> <span class='ocrx_word' id='word_1_481' title='bbox 3328 2570 3381 2614; x_wconf 88' lang='lat' dir='ltr'><strong>et</strong></span> <span class='ocrx_word' id='word_1_482' title='bbox 3409 2562 3549 2630; x_wconf 85' lang='lat' dir='ltr'><strong>quod</strong></span> <span class='ocrx_word' id='word_1_483' title='bbox 3569 2561 3714 2629; x_wconf 89' lang='lat' dir='ltr'><strong>juste</strong></span> <span class='ocrx_word' id='word_1_484' title='bbox 3741 2572 3794 2616; x_wconf 89' lang='lat' dir='ltr'><strong>et</strong></span> <span class='ocrx_word' id='word_1_485' title='bbox 3827 2562 4092 2615; x_wconf 84' lang='lat' dir='ltr'><strong>canonice</strong></span> 
     </span>
    </p>
   </div>
   <div class='ocr_carea' id='block_1_78' title="bbox 2512 2648 4096 2720">
    <p class='ocr_par' dir='ltr' id='par_1_78' title="bbox 2512 2648 4096 2720">
     <span class='ocr_line' id='line_1_79' title="bbox 2512 2648 4096 2720; baseline 0.001 -19"><span class='ocrx_word' id='word_1_486' title='bbox 2512 2665 2539 2701; x_wconf 88' lang='lat' dir='ltr'><strong>a</strong></span> <span class='ocrx_word' id='word_1_487' title='bbox 2572 2650 2730 2703; x_wconf 91' lang='lat' dir='ltr'><strong>nobis</strong></span> <span class='ocrx_word' id='word_1_488' title='bbox 2768 2649 2819 2702; x_wconf 93' lang='lat' dir='ltr'><strong>in</strong></span> <span class='ocrx_word' id='word_1_489' title='bbox 2865 2648 3020 2718; x_wconf 90' lang='lat' dir='ltr'><strong>plena</strong></span> <span class='ocrx_word' id='word_1_490' title='bbox 3070 2650 3280 2720; x_wconf 77' lang='lat' dir='ltr'><strong>sy‘nodo</strong></span> <span class='ocrx_word' id='word_1_491' title='bbox 3331 2651 3608 2706; x_wconf 85' lang='lat' dir='ltr'><strong>decretum</strong></span> <span class='ocrx_word' id='word_1_492' title='bbox 3641 2662 3764 2716; x_wconf 91' lang='lat' dir='ltr'><strong>est,</strong></span> <span class='ocrx_word' id='word_1_493' title='bbox 3810 2652 3860 2705; x_wconf 90' lang='lat' dir='ltr'><strong>in</strong></span> <span class='ocrx_word' id='word_1_494' title='bbox 3911 2652 4096 2720; x_wconf 89' lang='lat' dir='ltr'><strong>aliquo</strong></span> 
     </span>
    </p>
   </div>
   <div class='ocr_carea' id='block_1_79' title="bbox 2511 2737 4097 2810">
    <p class='ocr_par' dir='ltr' id='par_1_79' title="bbox 2511 2737 4097 2810">
     <span class='ocr_line' id='line_1_80' title="bbox 2511 2737 4097 2810; baseline 0.003 -20"><span class='ocrx_word' id='word_1_495' title='bbox 2511 2739 2670 2791; x_wconf 91' lang='lat' dir='ltr'><strong>modo</strong></span> <span class='ocrx_word' id='word_1_496' title='bbox 2697 2737 2992 2807; x_wconf 88' lang='lat' dir='ltr'><strong>infringere</strong></span> <span class='ocrx_word' id='word_1_497' title='bbox 3010 2739 3318 2805; x_wconf 88' lang='lat' dir='ltr'><strong>tentaverit,</strong></span> <span class='ocrx_word' id='word_1_498' title='bbox 3351 2742 3483 2794; x_wconf 88' lang='lat' dir='ltr'><strong>sciat</strong></span> <span class='ocrx_word' id='word_1_499' title='bbox 3507 2757 3562 2795; x_wconf 89' lang='lat' dir='ltr'><strong>se</strong></span> <span class='ocrx_word' id='word_1_500' title='bbox 3587 2741 3677 2794; x_wconf 82' lang='lat' dir='ltr'><strong>Dei</strong></span> <span class='ocrx_word' id='word_1_501' title='bbox 3708 2741 4097 2810; x_wconf 90' lang='lat' dir='ltr'><strong>omnipotentis</strong></span> 
     </span>
    </p>
   </div>
   <div class='ocr_carea' id='block_1_80' title="bbox 2510 2825 4094 2898">
    <p class='ocr_par' dir='ltr' id='par_1_80' title="bbox 2510 2825 4094 2898">
     <span class='ocr_line' id='line_1_81' title="bbox 2510 2825 4094 2898; baseline 0.001 -18"><span class='ocrx_word' id='word_1_502' title='bbox 2510 2833 2562 2880; x_wconf 89' lang='lat' dir='ltr'><strong>et</strong></span> <span class='ocrx_word' id='word_1_503' title='bbox 2592 2825 2831 2895; x_wconf 63' lang='lat' dir='ltr'><strong>prmdicti</strong></span> <span class='ocrx_word' id='word_1_504' title='bbox 2865 2825 2923 2877; x_wconf 88' lang='lat' dir='ltr'><strong>B.</strong></span> <span class='ocrx_word' id='word_1_505' title='bbox 2950 2825 3096 2879; x_wconf 90' lang='lat' dir='ltr'><strong>Petri</strong></span> <span class='ocrx_word' id='word_1_506' title='bbox 3131 2828 3496 2896; x_wconf 89' lang='lat' dir='ltr'><strong>apostolorum</strong></span> <span class='ocrx_word' id='word_1_507' title='bbox 3532 2830 3796 2898; x_wconf 84' lang='lat' dir='ltr'><strong>principis</strong></span> <span class='ocrx_word' id='word_1_508' title='bbox 3819 2830 4094 2884; x_wconf 90' lang='lat' dir='ltr'><strong>omnium-</strong></span> 
     </span>
    </p>
   </div>
   <div class='ocr_carea' id='block_1_81' title="bbox 2511 2916 4096 2983">
    <p class='ocr_par' dir='ltr' id='par_1_81' title="bbox 2511 2916 4096 2983">
     <span class='ocr_line' id='line_1_82' title="bbox 2511 2916 4096 2983; baseline 0.003 -16"><span class='ocrx_word' id='word_1_509' title='bbox 2511 2928 2616 2983; x_wconf 88' lang='lat' dir='ltr'><strong>que</strong></span> <span class='ocrx_word' id='word_1_510' title='bbox 2647 2923 2956 2968; x_wconf 88' lang='lat' dir='ltr'><strong>sanctorum</strong></span> <span class='ocrx_word' id='word_1_511' title='bbox 2981 2957 2995 2977; x_wconf 93' lang='lat'><strong>,</strong></span> <span class='ocrx_word' id='word_1_512' title='bbox 3045 2929 3109 2968; x_wconf 91' lang='lat' dir='ltr'><strong>ac</strong></span> <span class='ocrx_word' id='word_1_513' title='bbox 3136 2916 3329 2969; x_wconf 88' lang='lat' dir='ltr'><strong>deinde</strong></span> <span class='ocrx_word' id='word_1_514' title='bbox 3372 2926 3558 2971; x_wconf 91' lang='lat' dir='ltr'><strong>nostra</strong></span> <span class='ocrx_word' id='word_1_515' title='bbox 3587 2920 3909 2973; x_wconf 88' lang='lat' dir='ltr'><strong>auctoritate</strong></span> <span class='ocrx_word' id='word_1_516' title='bbox 3940 2920 4096 2973; x_wconf 82' lang='lat' dir='ltr'><strong>dam-</strong></span> 
     </span>
    </p>
   </div>
   <div class='ocr_carea' id='block_1_82' title="bbox 2516 3002 4099 3078">
    <p class='ocr_par' dir='ltr' id='par_1_82' title="bbox 2516 3002 4099 3078">
     <span class='ocr_line' id='line_1_83' title="bbox 2516 3002 4099 3078; baseline 0.005 -25"><span class='ocrx_word' id='word_1_517' title='bbox 2516 3009 2699 3054; x_wconf 91' lang='lat' dir='ltr'><strong>natum</strong></span> <span class='ocrx_word' id='word_1_518' title='bbox 2732 3009 2785 3054; x_wconf 90' lang='lat' dir='ltr'><strong>et</strong></span> <span class='ocrx_word' id='word_1_519' title='bbox 2809 3002 3358 3066; x_wconf 86' lang='lat' dir='ltr'><strong>anathematizatum,</strong></span> <span class='ocrx_word' id='word_1_520' title='bbox 3391 3012 3552 3072; x_wconf 88' lang='lat' dir='ltr'><strong>atque</strong></span> <span class='ocrx_word' id='word_1_521' title='bbox 3584 3006 3778 3060; x_wconf 82' lang='lat' dir='ltr'><strong>divinae</strong></span> <span class='ocrx_word' id='word_1_522' title='bbox 3801 3009 3891 3061; x_wconf 76' lang='lat' dir='ltr'><strong>irae</strong></span> <span class='ocrx_word' id='word_1_523' title='bbox 3915 3009 4099 3078; x_wconf 87' lang='lat' dir='ltr'><strong>jaculo</strong></span> 
     </span>
    </p>
   </div>
   <div class='ocr_carea' id='block_1_83' title="bbox 2513 3098 4088 3169">
    <p class='ocr_par' dir='ltr' id='par_1_83' title="bbox 2513 3098 4088 3169">
     <span class='ocr_line' id='line_1_84' title="bbox 2513 3098 4088 3169; baseline 0 -17"><span class='ocrx_word' id='word_1_524' title='bbox 2513 3100 2902 3168; x_wconf 89' lang='lat' dir='ltr'><strong>perpetualiter</strong></span> <span class='ocrx_word' id='word_1_525' title='bbox 2928 3098 3262 3164; x_wconf 51' lang='lat' dir='ltr'><strong>confossum,</strong></span> <span class='ocrx_word' id='word_1_526' title='bbox 3288 3113 3409 3152; x_wconf 93' lang='lat' dir='ltr'><strong>cum</strong></span> <span class='ocrx_word' id='word_1_527' title='bbox 3441 3100 3692 3154; x_wconf 92' lang='lat' dir='ltr'><strong>omnibus</strong></span> <span class='ocrx_word' id='word_1_528' title='bbox 3724 3101 3903 3169; x_wconf 90' lang='lat' dir='ltr'><strong>impiis</strong></span> <span class='ocrx_word' id='word_1_529' title='bbox 3923 3108 4088 3154; x_wconf 84' lang='lat' dir='ltr'><strong>aeter-</strong></span> 
     </span>
    </p>
   </div>
   <div class='ocr_carea' id='block_1_84' title="bbox 2516 3187 4096 3260">
    <p class='ocr_par' dir='ltr' id='par_1_84' title="bbox 2516 3187 4096 3260">
     <span class='ocr_line' id='line_1_85' title="bbox 2516 3187 4096 3260; baseline 0 -19"><span class='ocrx_word' id='word_1_530' title='bbox 2516 3204 2585 3242; x_wconf 94' lang='lat' dir='ltr'><strong>no</strong></span> <span class='ocrx_word' id='word_1_531' title='bbox 2610 3189 2873 3260; x_wconf 89' lang='lat' dir='ltr'><strong>supplicio</strong></span> <span class='ocrx_word' id='word_1_532' title='bbox 2899 3189 3232 3258; x_wconf 89' lang='lat' dir='ltr'><strong>deputatum.</strong></span> <span class='ocrx_word' id='word_1_533' title='bbox 3252 3187 3352 3253; x_wconf 89' lang='lat' dir='ltr'><strong>Qui</strong></span> <span class='ocrx_word' id='word_1_534' title='bbox 3380 3205 3508 3242; x_wconf 87' lang='lat' dir='ltr'><strong>vero</strong></span> <span class='ocrx_word' id='word_1_535' title='bbox 3535 3189 3825 3258; x_wconf 87' lang='lat' dir='ltr'><strong>hocipsum</strong></span> <span class='ocrx_word' id='word_1_536' title='bbox 3853 3199 4096 3243; x_wconf 89' lang='lat' dir='ltr'><strong>nostrum</strong></span> 
     </span>
    </p>
   </div>
   <div class='ocr_carea' id='block_1_85' title="bbox 2518 3278 4102 3349">
    <p class='ocr_par' dir='ltr' id='par_1_85' title="bbox 2518 3278 4102 3349">
     <span class='ocr_line' id='line_1_86' title="bbox 2518 3278 4102 3349; baseline 0.003 -21"><span class='ocrx_word' id='word_1_537' title='bbox 2518 3279 2854 3348; x_wconf 86' lang='lat' dir='ltr'><strong>privilegium</strong></span> <span class='ocrx_word' id='word_1_538' title='bbox 2880 3278 3193 3341; x_wconf 87' lang='lat' dir='ltr'><strong>observare,</strong></span> <span class='ocrx_word' id='word_1_539' title='bbox 3221 3279 3517 3341; x_wconf 86' lang='lat' dir='ltr'><strong>custodire,</strong></span> <span class='ocrx_word' id='word_1_540' title='bbox 3552 3280 3846 3349; x_wconf 87' lang='lat' dir='ltr'><strong>adimplere</strong></span> <span class='ocrx_word' id='word_1_541' title='bbox 3873 3279 4102 3333; x_wconf 88' lang='lat' dir='ltr'><strong>fideliter</strong></span> 
     </span>
    </p>
   </div>
   <div class='ocr_carea' id='block_1_86' title="bbox 2518 3367 4102 3437">
    <p class='ocr_par' dir='ltr' id='par_1_86' title="bbox 2518 3367 4102 3437">
     <span class='ocr_line' id='line_1_87' title="bbox 2518 3367 4102 3437; baseline -0.003 -13"><span class='ocrx_word' id='word_1_542' title='bbox 2518 3370 2826 3433; x_wconf 89' lang='lat' dir='ltr'><strong>studuerit,</strong></span> <span class='ocrx_word' id='word_1_543' title='bbox 2883 3367 3278 3423; x_wconf 87' lang='lat' dir='ltr'><strong>benedictionis</strong></span> <span class='ocrx_word' id='word_1_544' title='bbox 3328 3369 3556 3437; x_wconf 84' lang='lat' dir='ltr'><strong>gratiam</strong></span> <span class='ocrx_word' id='word_1_545' title='bbox 3615 3378 3668 3423; x_wconf 90' lang='lat' dir='ltr'><strong>et</strong></span> <span class='ocrx_word' id='word_1_546' title='bbox 3716 3370 4102 3423; x_wconf 71' lang='lat' dir='ltr'><strong>misericordia:</strong></span> 
     </span>
    </p>
   </div>
   <div class='ocr_carea' id='block_1_87' title="bbox 2518 3456 4098 3529">
    <p class='ocr_par' dir='ltr' id='par_1_87' title="bbox 2518 3456 4098 3529">
     <span class='ocr_line' id='line_1_88' title="bbox 2518 3456 4098 3529; baseline -0.003 -17"><span class='ocrx_word' id='word_1_547' title='bbox 2518 3458 2906 3529; x_wconf 88' lang='lat' dir='ltr'><strong>plenitudinem</strong></span> <span class='ocrx_word' id='word_1_548' title='bbox 2949 3458 3002 3511; x_wconf 91' lang='lat' dir='ltr'><strong>in</strong></span> <span class='ocrx_word' id='word_1_549' title='bbox 3033 3456 3348 3511; x_wconf 73' lang='lat' dir='ltr'><strong>cmlestibus</strong></span> <span class='ocrx_word' id='word_1_550' title='bbox 3393 3458 3588 3511; x_wconf 90' lang='lat' dir='ltr'><strong>castris</strong></span> <span class='ocrx_word' id='word_1_551' title='bbox 3623 3458 3766 3511; x_wconf 90' lang='lat' dir='ltr'><strong>inter</strong></span> <span class='ocrx_word' id='word_1_552' title='bbox 3803 3457 4098 3511; x_wconf 90' lang='lat' dir='ltr'><strong>electorum</strong></span> 
     </span>
    </p>
   </div>
   <div class='ocr_carea' id='block_1_88' title="bbox 2520 3546 4096 3616">
    <p class='ocr_par' dir='ltr' id='par_1_88' title="bbox 2520 3546 4096 3616">
     <span class='ocr_line' id='line_1_89' title="bbox 2520 3546 4096 3616; baseline -0.003 -14"><span class='ocrx_word' id='word_1_553' title='bbox 2520 3564 2803 3602; x_wconf 88' lang='lat' dir='ltr'><strong>numerum</strong></span> <span class='ocrx_word' id='word_1_554' title='bbox 2835 3548 3128 3602; x_wconf 76' lang='lat' dir='ltr'><strong>efﬁcaciter</strong></span> <span class='ocrx_word' id='word_1_555' title='bbox 3154 3562 3182 3600; x_wconf 89' lang='lat' dir='ltr'><strong>a</strong></span> <span class='ocrx_word' id='word_1_556' title='bbox 3223 3546 3450 3601; x_wconf 91' lang='lat' dir='ltr'><strong>Domino</strong></span> <span class='ocrx_word' id='word_1_557' title='bbox 3496 3548 3752 3616; x_wconf 89' lang='lat' dir='ltr'><strong>consequi</strong></span> <span class='ocrx_word' id='word_1_558' title='bbox 3802 3558 4096 3601; x_wconf 87' lang='lat' dir='ltr'><strong>mereatur.</strong></span> 
     </span>
    </p>
   </div>
   <div class='ocr_carea' id='block_1_89' title="bbox 2520 3637 4097 3708">
    <p class='ocr_par' dir='ltr' id='par_1_89' title="bbox 2520 3637 4097 3708">
     <span class='ocr_line' id='line_1_90' title="bbox 2520 3637 4097 3708; baseline -0.003 -14"><span class='ocrx_word' id='word_1_559' title='bbox 2520 3639 2792 3708; x_wconf 89' lang='lat' dir='ltr'><strong>Scriptum</strong></span> <span class='ocrx_word' id='word_1_560' title='bbox 2824 3653 2919 3708; x_wconf 92' lang='lat' dir='ltr'><strong>per</strong></span> <span class='ocrx_word' id='word_1_561' title='bbox 2945 3654 3134 3692; x_wconf 90' lang='lat' dir='ltr'><strong>manus</strong></span> <span class='ocrx_word' id='word_1_562' title='bbox 3165 3637 3444 3706; x_wconf 64' lang='lat' dir='ltr'><strong>Stephani&#39;</strong></span> <span class='ocrx_word' id='word_1_563' title='bbox 3474 3638 3670 3691; x_wconf 91' lang='lat' dir='ltr'><strong>notarii</strong></span> <span class='ocrx_word' id='word_1_564' title='bbox 3703 3647 3757 3691; x_wconf 90' lang='lat' dir='ltr'><strong>et</strong></span> <span class='ocrx_word' id='word_1_565' title='bbox 3786 3638 4097 3707; x_wconf 87' lang='lat' dir='ltr'><strong>regionarii,</strong></span> 
     </span>
    </p>
   </div>
   <div class='ocr_carea' id='block_1_90' title="bbox 2519 3726 4102 3797">
    <p class='ocr_par' dir='ltr' id='par_1_90' title="bbox 2519 3726 4102 3797">
     <span class='ocr_line' id='line_1_91' title="bbox 2519 3726 4102 3797; baseline -0.004 -12"><span class='ocrx_word' id='word_1_566' title='bbox 2519 3740 2572 3785; x_wconf 87' lang='lat' dir='ltr'><strong>et</strong></span> <span class='ocrx_word' id='word_1_567' title='bbox 2610 3729 2885 3784; x_wconf 89' lang='lat' dir='ltr'><strong>scriniarii</strong></span> <span class='ocrx_word' id='word_1_568' title='bbox 2920 3736 3123 3783; x_wconf 72' lang='lat' dir='ltr'><strong>sancta:</strong></span> <span class='ocrx_word' id='word_1_569' title='bbox 3161 3728 3306 3782; x_wconf 87' lang='lat' dir='ltr'><strong>sedis</strong></span> <span class='ocrx_word' id='word_1_570' title='bbox 3355 3728 3662 3797; x_wconf 79' lang='lat' dir='ltr'><strong>apostolij</strong></span> <span class='ocrx_word' id='word_1_571' title='bbox 3705 3728 3758 3781; x_wconf 91' lang='lat' dir='ltr'><strong>in</strong></span> <span class='ocrx_word' id='word_1_572' title='bbox 3789 3743 3972 3782; x_wconf 88' lang='lat' dir='ltr'><strong>mense</strong></span> <span class='ocrx_word' id='word_1_573' title='bbox 4014 3726 4102 3781; x_wconf 84' lang='lat' dir='ltr'><strong>Ja-</strong></span> 
     </span>
    </p>
   </div>
   <div class='ocr_carea' id='block_1_91' title="bbox 2518 3817 3460 3883">
    <p class='ocr_par' dir='ltr' id='par_1_91' title="bbox 2518 3817 3460 3883">
     <span class='ocr_line' id='line_1_92' title="bbox 2518 3817 3460 3883; baseline -0.004 -8"><span class='ocrx_word' id='word_1_574' title='bbox 2518 3821 2740 3883; x_wconf 90' lang='lat' dir='ltr'><strong>nuario,</strong></span> <span class='ocrx_word' id='word_1_575' title='bbox 2767 3818 2952 3871; x_wconf 76' lang='lat' dir='ltr'><strong>indici.</strong></span> <span class='ocrx_word' id='word_1_576' title='bbox 2987 3833 3068 3872; x_wconf 91' lang='grc' dir='ltr'>ιιι.</span> <span class='ocrx_word' id='word_1_577' title='bbox 3097 3817 3244 3872; x_wconf 88' lang='lat' dir='ltr'><strong>Bene</strong></span> <span class='ocrx_word' id='word_1_578' title='bbox 3268 3817 3460 3871; x_wconf 89' lang='lat' dir='ltr'><strong>valete.</strong></span> 
     </span>
    </p>
   </div>
   <div class='ocr_carea' id='block_1_92' title="bbox 2593 3905 4104 3976">
    <p class='ocr_par' dir='ltr' id='par_1_92' title="bbox 2593 3905 4104 3976">
     <span class='ocr_line' id='line_1_93' title="bbox 2593 3905 4104 3976; baseline 0 -15"><span class='ocrx_word' id='word_1_579' title='bbox 2593 3908 2724 3961; x_wconf 88' lang='lat' dir='ltr'><strong>Data</strong></span> <span class='ocrx_word' id='word_1_580' title='bbox 2785 3923 2851 3960; x_wconf 82' lang='lat' dir='ltr'><strong>xv</strong></span> <span class='ocrx_word' id='word_1_581' title='bbox 2895 3906 3122 3960; x_wconf 85' lang='lat' dir='ltr'><strong>Kalend.</strong></span> <span class='ocrx_word' id='word_1_582' title='bbox 3155 3905 3434 3960; x_wconf 88' lang='lat' dir='ltr'><strong>Februarii</strong></span> <span class='ocrx_word' id='word_1_583' title='bbox 3473 3921 3569 3976; x_wconf 90' lang='lat' dir='ltr'><strong>per</strong></span> <span class='ocrx_word' id='word_1_584' title='bbox 3604 3921 3822 3960; x_wconf 89' lang='lat' dir='ltr'><strong>manum</strong></span> <span class='ocrx_word' id='word_1_585' title='bbox 3855 3906 4104 3974; x_wconf 85' lang='lat' dir='ltr'><strong>Widonis</strong></span> 
     </span>
    </p>
   </div>
   <div class='ocr_carea' id='block_1_93' title="bbox 2519 3994 4100 4066">
    <p class='ocr_par' dir='ltr' id='par_1_93' title="bbox 2519 3994 4100 4066">
     <span class='ocr_line' id='line_1_94' title="bbox 2519 3994 4100 4066; baseline -0.002 -17"><span class='ocrx_word' id='word_1_586' title='bbox 2519 3996 2756 4066; x_wconf 89' lang='lat' dir='ltr'><strong>episc0pi</strong></span> <span class='ocrx_word' id='word_1_587' title='bbox 2797 4007 2846 4049; x_wconf 90' lang='lat' dir='ltr'><strong>et</strong></span> <span class='ocrx_word' id='word_1_588' title='bbox 2881 3995 3277 4050; x_wconf 89' lang='lat' dir='ltr'><strong>bibliothecarii</strong></span> <span class='ocrx_word' id='word_1_589' title='bbox 3323 4004 3522 4049; x_wconf 71' lang='lat' dir='ltr'><strong>sancta:</strong></span> <span class='ocrx_word' id='word_1_590' title='bbox 3573 3995 3716 4048; x_wconf 90' lang='lat' dir='ltr'><strong>sedis</strong></span> <span class='ocrx_word' id='word_1_591' title='bbox 3771 3994 4100 4063; x_wconf 61' lang='lat' dir='ltr'><strong>apostolicae.</strong></span> 
     </span>
    </p>
   </div>
   <div class='ocr_carea' id='block_1_94' title="bbox 2518 4084 4102 4155">
    <p class='ocr_par' dir='ltr' id='par_1_94' title="bbox 2518 4084 4102 4155">
     <span class='ocr_line' id='line_1_95' title="bbox 2518 4084 4102 4155; baseline 0 -16"><span class='ocrx_word' id='word_1_592' title='bbox 2518 4087 2696 4150; x_wconf 85' lang='lat' dir='ltr'><strong>Anno,</strong></span> <span class='ocrx_word' id='word_1_593' title='bbox 2752 4087 2862 4140; x_wconf 89' lang='lat' dir='ltr'><strong>Deo</strong></span> <span class='ocrx_word' id='word_1_594' title='bbox 2894 4087 3151 4155; x_wconf 92' lang='lat' dir='ltr'><strong>propitio,</strong></span> <span class='ocrx_word' id='word_1_595' title='bbox 3202 4086 3545 4155; x_wconf 84' lang='lat' dir='ltr'><strong>pontificatus</strong></span> <span class='ocrx_word' id='word_1_596' title='bbox 3577 4085 3779 4138; x_wconf 86' lang='lat' dir='ltr'><strong>domini</strong></span> <span class='ocrx_word' id='word_1_597' title='bbox 3828 4084 4102 4139; x_wconf 87' lang='lat' dir='ltr'><strong>Benedicti</strong></span> 
     </span>
    </p>
   </div>
   <div class='ocr_carea' id='block_1_95' title="bbox 2521 4173 4096 4244">
    <p class='ocr_par' dir='ltr' id='par_1_95' title="bbox 2521 4173 4096 4244">
     <span class='ocr_line' id='line_1_96' title="bbox 2521 4173 4096 4244; baseline -0.003 -15"><span class='ocrx_word' id='word_1_598' title='bbox 2521 4175 2849 4229; x_wconf 86' lang='lat' dir='ltr'><strong>sanctissimi</strong></span> <span class='ocrx_word' id='word_1_599' title='bbox 2878 4190 3050 4244; x_wconf 64' lang='lat' dir='ltr'><strong>papae,</strong></span> <span class='ocrx_word' id='word_1_600' title='bbox 3092 4176 3390 4243; x_wconf 87' lang='lat' dir='ltr'><strong>imperante</strong></span> <span class='ocrx_word' id='word_1_601' title='bbox 3431 4173 3651 4227; x_wconf 90' lang='lat' dir='ltr'><strong>domino</strong></span> <span class='ocrx_word' id='word_1_602' title='bbox 3680 4174 3923 4243; x_wconf 89' lang='lat' dir='ltr'><strong>piissimo</strong></span> <span class='ocrx_word' id='word_1_603' title='bbox 3965 4190 4096 4228; x_wconf 84' lang='lat' dir='ltr'><strong>sem-</strong></span> 
     </span>
    </p>
   </div>
   <div class='ocr_carea' id='block_1_96' title="bbox 2523 4264 4103 4335">
    <p class='ocr_par' dir='ltr' id='par_1_96' title="bbox 2523 4264 4103 4335">
     <span class='ocr_line' id='line_1_97' title="bbox 2523 4264 4103 4335; baseline 0.001 -17"><span class='ocrx_word' id='word_1_604' title='bbox 2523 4281 2619 4335; x_wconf 88' lang='lat' dir='ltr'><strong>per</strong></span> <span class='ocrx_word' id='word_1_605' title='bbox 2646 4267 2886 4334; x_wconf 80' lang='lat' dir='ltr'><strong>Augusto</strong></span> <span class='ocrx_word' id='word_1_606' title='bbox 2918 4265 3115 4320; x_wconf 89' lang='lat' dir='ltr'><strong>Ottone</strong></span> <span class='ocrx_word' id='word_1_607' title='bbox 3146 4279 3174 4316; x_wconf 91' lang='lat' dir='ltr'><strong>a</strong></span> <span class='ocrx_word' id='word_1_608' title='bbox 3212 4264 3320 4318; x_wconf 91' lang='lat' dir='ltr'><strong>Deo</strong></span> <span class='ocrx_word' id='word_1_609' title='bbox 3345 4275 3605 4318; x_wconf 90' lang='lat' dir='ltr'><strong>coronato</strong></span> <span class='ocrx_word' id='word_1_610' title='bbox 3638 4279 3835 4335; x_wconf 85' lang='lat' dir='ltr'><strong>magno</strong></span> <span class='ocrx_word' id='word_1_611' title='bbox 3868 4265 4103 4335; x_wconf 86' lang='lat' dir='ltr'><strong>impera-</strong></span> 
     </span>
    </p>
   </div>
   <div class='ocr_carea' id='block_1_97' title="bbox 2527 4355 3495 4425">
    <p class='ocr_par' dir='ltr' id='par_1_97' title="bbox 2527 4355 3495 4425">
     <span class='ocr_line' id='line_1_98' title="bbox 2527 4355 3495 4425; baseline -0.003 -16"><span class='ocrx_word' id='word_1_612' title='bbox 2527 4365 2640 4409; x_wconf 89' lang='lat' dir='ltr'><strong>tore</strong></span> <span class='ocrx_word' id='word_1_613' title='bbox 2674 4369 2818 4408; x_wconf 92' lang='lat' dir='ltr'><strong>anno</strong></span> <span class='ocrx_word' id='word_1_614' title='bbox 2841 4370 2938 4418; x_wconf 87' lang='lat' dir='ltr'><strong>vn,</strong></span> <span class='ocrx_word' id='word_1_615' title='bbox 2973 4355 3268 4408; x_wconf 88' lang='lat' dir='ltr'><strong>indictione</strong></span> <span class='ocrx_word' id='word_1_616' title='bbox 3305 4370 3364 4406; x_wconf 85' lang='grc' dir='ltr'><strong>ιιι</strong></span> <span class='ocrx_word' id='word_1_617' title='bbox 3399 4355 3495 4425; x_wconf 91' lang='grc' dir='ltr'>(Ι).</span> 
     </span>
    </p>
   </div>
   <div class='ocr_carea' id='block_1_98' title="bbox 3264 4466 3349 4520">
    <p class='ocr_par' dir='ltr' id='par_1_98' title="bbox 3264 4466 3349 4520">
     <span class='ocr_line' id='line_1_99' title="bbox 3264 4466 3349 4520; baseline 0 0"><span class='ocrx_word' id='word_1_618' title='bbox 3264 4466 3349 4520; x_wconf 79' lang='grc' dir='ltr'>ιν.</span> 
     </span>
    </p>
   </div>
   <div class='ocr_carea' id='block_1_99' title="bbox 2615 4571 4013 4612">
    <p class='ocr_par' dir='ltr' id='par_1_99' title="bbox 2615 4571 4013 4612">
     <span class='ocr_line' id='line_1_100' title="bbox 2615 4571 4013 4612; baseline 0.001 -2"><span class='ocrx_word' id='word_1_619' title='bbox 2615 4571 2894 4611; x_wconf 76' lang='lat' dir='ltr'><strong>BENEDICTI</strong></span> <span class='ocrx_word' id='word_1_620' title='bbox 2938 4573 3083 4611; x_wconf 65' lang='lat' dir='ltr'><strong>PAPJE</strong></span> <span class='ocrx_word' id='word_1_621' title='bbox 3123 4573 3194 4610; x_wconf 76' lang='lat' dir='ltr'><strong>VII</strong></span> <span class='ocrx_word' id='word_1_622' title='bbox 3237 4571 3578 4612; x_wconf 70' lang='lat' dir='ltr'><strong>PRIVILEGIUM</strong></span> <span class='ocrx_word' id='word_1_623' title='bbox 3623 4572 3722 4611; x_wconf 70' lang='grc' dir='ltr'>ιδιιο</span> <span class='ocrx_word' id='word_1_624' title='bbox 3762 4571 4013 4611; x_wconf 65' lang='grc' dir='ltr'>Εῦειεςιιι</span> 
     </span>
    </p>
   </div>
   <div class='ocr_carea' id='block_1_100' title="bbox 3146 4643 3480 4682">
    <p class='ocr_par' dir='ltr' id='par_1_100' title="bbox 3146 4643 3480 4682">
     <span class='ocr_line' id='line_1_101' title="bbox 3146 4643 3480 4682; baseline -0.003 -1"><span class='ocrx_word' id='word_1_625' title='bbox 3146 4643 3480 4682; x_wconf 76' lang='lat' dir='ltr'><strong>TREVIBENSI.</strong></span> 
     </span>
    </p>
   </div>
   <div class='ocr_carea' id='block_1_101' title="bbox 3135 4716 3522 4787">
    <p class='ocr_par' dir='ltr' id='par_1_101' title="bbox 3135 4716 3522 4787">
     <span class='ocr_line' id='line_1_102' title="bbox 3135 4716 3522 4787; baseline 0.003 -18"><span class='ocrx_word' id='word_1_626' title='bbox 3135 4716 3320 4787; x_wconf 85' lang='lat' dir='ltr'><strong>(Anno</strong></span> <span class='ocrx_word' id='word_1_627' title='bbox 3358 4717 3522 4787; x_wconf 80' lang='lat'><strong>975.)</strong></span> 
     </span>
    </p>
   </div>
   <div class='ocr_carea' id='block_1_102' title="bbox 2528 4808 4111 4880">
    <p class='ocr_par' dir='ltr' id='par_1_102' title="bbox 2528 4808 4111 4880">
     <span class='ocr_line' id='line_1_103' title="bbox 2528 4808 4111 4880; baseline -0.003 -14"><span class='ocrx_word' id='word_1_628' title='bbox 2528 4812 2816 4880; x_wconf 81' lang='lat' dir='ltr'><strong>Conﬁrmat</strong></span> <span class='ocrx_word' id='word_1_629' title='bbox 2869 4810 3257 4880; x_wconf 79' lang='lat' dir='ltr'><strong>archiepiscopo</strong></span> <span class='ocrx_word' id='word_1_630' title='bbox 3307 4819 3373 4880; x_wconf 16' lang='lat' dir='ltr'><strong>et”</strong></span> <span class='ocrx_word' id='word_1_631' title='bbox 3405 4808 3633 4864; x_wconf 75' lang='lat' dir='ltr'><strong>ecclesia:</strong></span> <span class='ocrx_word' id='word_1_632' title='bbox 3681 4809 3970 4863; x_wconf 61' lang='lat' dir='ltr'><strong>Treivirensi</strong></span> <span class='ocrx_word' id='word_1_633' title='bbox 4014 4810 4111 4877; x_wconf 85' lang='lat' dir='ltr'><strong>jus</strong></span> 
     </span>
    </p>
   </div>
   <div class='ocr_carea' id='block_1_103' title="bbox 2599 4879 4111 4952">
    <p class='ocr_par' dir='ltr' id='par_1_103' title="bbox 2599 4879 4111 4952">
     <span class='ocr_line' id='line_1_104' title="bbox 2599 4879 4111 4952; baseline -0.002 -18"><span class='ocrx_word' id='word_1_634' title='bbox 2599 4879 2871 4952; x_wconf 79' lang='lat' dir='ltr'><strong>legationis</strong></span> <span class='ocrx_word' id='word_1_635' title='bbox 2894 4879 3202 4950; x_wconf 75' lang='lat' dir='ltr'><strong>pontiﬁciw,</strong></span> <span class='ocrx_word' id='word_1_636' title='bbox 3224 4879 3490 4950; x_wconf 72' lang='lat' dir='ltr'><strong>privilegia</strong></span> <span class='ocrx_word' id='word_1_637' title='bbox 3511 4881 3777 4949; x_wconf 80' lang='lat' dir='ltr'><strong>equitandi</strong></span> <span class='ocrx_word' id='word_1_638' title='bbox 3805 4896 3922 4933; x_wconf 84' lang='lat' dir='ltr'><strong>cum</strong></span> <span class='ocrx_word' id='word_1_639' title='bbox 3948 4895 4111 4932; x_wconf 83' lang='lat' dir='ltr'><strong>nacco</strong></span> 
     </span>
    </p>
   </div>
   <div class='ocr_carea' id='block_1_104' title="bbox 2597 4960 2975 5016">
    <p class='ocr_par' dir='ltr' id='par_1_104' title="bbox 2597 4960 2975 5016">
     <span class='ocr_line' id='line_1_105' title="bbox 2597 4960 2975 5016; baseline -0.005 -9"><span class='ocrx_word' id='word_1_640' title='bbox 2597 4964 2644 5007; x_wconf 89' lang='lat' dir='ltr'><strong>et</strong></span> <span class='ocrx_word' id='word_1_641' title='bbox 2675 4969 2845 5016; x_wconf 84' lang='lat' dir='ltr'><strong>cruce,</strong></span> <span class='ocrx_word' id='word_1_642' title='bbox 2877 4960 2975 5005; x_wconf 87' lang='lat' dir='ltr'><strong>etc.</strong></span> 
     </span>
    </p>
   </div>
   <div class='ocr_carea' id='block_1_105' title="bbox 2818 5039 3818 5114">
    <p class='ocr_par' dir='ltr' id='par_1_105' title="bbox 2818 5039 3818 5114">
     <span class='ocr_line' id='line_1_106' title="bbox 2818 5039 3818 5114; baseline -0.002 -19"><span class='ocrx_word' id='word_1_643' title='bbox 2818 5040 3131 5114; x_wconf 82' lang='lat' dir='ltr'><strong>[Hontheim</strong></span> <span class='ocrx_word' id='word_1_644' title='bbox 3171 5041 3259 5093; x_wconf 83' lang='lat' dir='ltr'><strong>ubi</strong></span> <span class='ocrx_word' id='word_1_645' title='bbox 3297 5057 3479 5110; x_wconf 75' lang='lat' dir='ltr'><strong>supra,</strong></span> <span class='ocrx_word' id='word_1_646' title='bbox 3515 5056 3637 5112; x_wconf 85' lang='lat' dir='ltr'><strong>pag.</strong></span> <span class='ocrx_word' id='word_1_647' title='bbox 3671 5039 3818 5112; x_wconf 69' lang='lat' dir='ltr'><strong>3l2.]</strong></span> 
     </span>
    </p>
   </div>
   <div class='ocr_carea' id='block_1_106' title="bbox 2604 5152 4111 5223">
    <p class='ocr_par' dir='ltr' id='par_1_106' title="bbox 2604 5152 4111 5223">
     <span class='ocr_line' id='line_1_107' title="bbox 2604 5152 4111 5223; baseline -0.005 -11"><span class='ocrx_word' id='word_1_648' title='bbox 2604 5158 2942 5212; x_wconf 73' lang='lat' dir='ltr'><strong>BENEDICTUS</strong></span> <span class='ocrx_word' id='word_1_649' title='bbox 2967 5153 3274 5223; x_wconf 88' lang='lat' dir='ltr'><strong>episcopus,</strong></span> <span class='ocrx_word' id='word_1_650' title='bbox 3301 5168 3488 5208; x_wconf 90' lang='lat' dir='ltr'><strong>servus</strong></span> <span class='ocrx_word' id='word_1_651' title='bbox 3514 5168 3792 5208; x_wconf 88' lang='lat' dir='ltr'><strong>servorum</strong></span> <span class='ocrx_word' id='word_1_652' title='bbox 3830 5152 3949 5218; x_wconf 87' lang='lat' dir='ltr'><strong>Dei,</strong></span> <span class='ocrx_word' id='word_1_653' title='bbox 3974 5152 4111 5206; x_wconf 87' lang='lat' dir='ltr'><strong>cha-</strong></span> 
     </span>
    </p>
   </div>
   <div class='ocr_carea' id='block_1_107' title="bbox 2535 5264 4116 5334">
    <p class='ocr_par' dir='ltr' id='par_1_107' title="bbox 2535 5264 4116 5334">
     <span class='ocr_line' id='line_1_108' title="bbox 2535 5264 4116 5334; baseline -0.004 -8"><span class='ocrx_word' id='word_1_654' title='bbox 2535 5285 2652 5328; x_wconf 84' lang='lat' dir='ltr'><strong>sese</strong></span> <span class='ocrx_word' id='word_1_655' title='bbox 2683 5280 3070 5334; x_wconf 88' lang='lat' dir='ltr'><strong>nonnunquam</strong></span> <span class='ocrx_word' id='word_1_656' title='bbox 3105 5264 3430 5334; x_wconf 86' lang='lat' dir='ltr'><strong>reciperent,</strong></span> <span class='ocrx_word' id='word_1_657' title='bbox 3470 5264 3558 5333; x_wconf 87' lang='lat' dir='ltr'><strong>pie</strong></span> <span class='ocrx_word' id='word_1_658' title='bbox 3579 5264 3835 5327; x_wconf 84' lang='lat' dir='ltr'><strong>excoluit,</strong></span> <span class='ocrx_word' id='word_1_659' title='bbox 3857 5265 4116 5332; x_wconf 89' lang='lat' dir='ltr'><strong>beatique</strong></span> 
     </span>
    </p>
   </div>
   <div class='ocr_carea' id='block_1_108' title="bbox 2535 5332 4115 5412">
    <p class='ocr_par' dir='ltr' id='par_1_108' title="bbox 2535 5332 4115 5412">
     <span class='ocr_line' id='line_1_109' title="bbox 2535 5332 4115 5412; baseline -0.003 -18"><span class='ocrx_word' id='word_1_660' title='bbox 2535 5340 2749 5394; x_wconf 84' lang='lat' dir='ltr'><strong>Martini</strong></span> <span class='ocrx_word' id='word_1_661' title='bbox 2782 5332 3164 5412; x_wconf 60' lang='lat' dir='ltr'><strong>mirabulorum</strong></span> <span class='ocrx_word' id='word_1_662' title='bbox 3190 5332 3439 5412; x_wconf 28' lang='lat' dir='ltr'><strong>j‘ampost</strong></span> <span class='ocrx_word' id='word_1_663' title='bbox 3463 5332 3690 5389; x_wconf 87' lang='lat' dir='ltr'><strong>mortem</strong></span> <span class='ocrx_word' id='word_1_664' title='bbox 3717 5334 3884 5412; x_wconf 79' lang='lat' dir='ltr'><strong>gloria</strong></span> <span class='ocrx_word' id='word_1_665' title='bbox 3914 5335 4115 5412; x_wconf 79' lang='lat' dir='ltr'><strong>ubique</strong></span> 
     </span>
    </p>
   </div>
  </div>
