4472 5522
361 464 456 518 521

1508 459 1862 515 ΕΡΙΞΤΟΜΞ
1906 459 1989 513 ΕΤ
2028 459 2433 514 PRIVILEGIA.

3483 468 3589 522 529.

364 574 591 629 rissimis
622 576 775 630 nobis
801 576 851 629 in
876 575 1090 630 Christo
1116 573 1395 636 fratribus,
1427 574 1696 626 universis
1721 574 1926 640 episco-
1957 575 2001 629 Λ
2030 569 2440 623 Cerinauiann‘e
2466 570 2763 625 destinatus
2792 571 2950 626 fuerit
2980 574 3077 642 (ἑ),
3106 575 3438 632 Trevircnsis
3464 596 3596 648 prie-

360 668 443 734 pis
490 680 552 718 ac
598 665 761 719 totius
809 666 1088 735 dignitatis
1130 674 1181 718 et
1226 664 1430 717 ordinis
1467 664 1743 717 catholicis
1780 664 1926 727 viris,

359 758 715 827 prmsentibus
744 758 948 811 scilicet
995 766 1049 813 et
1094 756 1307 818 futuris,
1335 765 1646 825 perpetuam
1678 754 1925 809 salutem.

433 849 568 915 Quia
601 848 725 902 licet
762 848 983 918 indigni,
1021 848 1213 901 divina:
1242 856 1417 900 tamen
1450 847 1771 917 dignationis
1810 861 1930 916 gra-

361 940 432 992 tia
468 939 801 1007 disponente,
833 939 972 992 beati
1006 937 1150 992 Petri
1185 938 1545 1007 apostolorum
1570 938 1827 1006 principis
1850 954 1931 991 sa-

358 1030 721 1085 cratissimam
753 1030 955 1095 sedem,
995 1029 1403 1098 universaleque
1436 1029 1486 1082 in
1522 1038 1633 1082 toto
1660 1030 1789 1083 orhe
1820 1038 1928 1083 ter-

362 1137 419 1175 ra
430 1136 547 1175 rum
567 1120 933 1189 magisterium
953 1120 1306 1188 suscepimus,
1331 1135 1547 1174 necesse
1570 1129 1670 1182 est,
1694 1120 1929 1175 omnium

360 1211 713 1265 ecclesiarum
768 1219 827 1264 ut
879 1210 1339 1282 diligentissimam
1396 1211 1808 1267 sollicitudinem
1860 1214 1930 1266 ita

364 1304 629 1356 instanter
653 1302 967 1365 habeamus,
997 1316 1063 1355 ne
1089 1300 1209 1367 jura
1237 1315 1422 1355 eorum
1452 1302 1769 1357 auctoritate
1792 1302 1934 1371 ejus-

362 1392 486 1444 dem
516 1391 879 1459 apostolorum
913 1390 1188 1461 principis,
1218 1398 1646 1461 cmterorumque
1669 1393 1768 1447 sibi
1801 1394 1933 1447 sub-

363 1482 704 1551 sequentium
737 1480 1120 1536 venerabiliqu
1152 1482 1393 1547 Patrum,
1424 1482 1804 1539 inviolabiliter
1825 1496 1933 1539 sta-

364 1583 481 1626 tuta
509 1582 561 1627 et
597 1573 935 1637 conﬁrmata,
976 1583 1161 1629 nostro
1212 1575 1598 1630 imminuantur
1626 1585 1678 1630 et
1714 1586 1934 1645 pereant

364 1675 626 1733 tempore,
658 1665 750 1718 sed
782 1665 959 1733 potius
992 1664 1397 1719 recorroborata
1424 1666 1680 1720 decenter
1702 1681 1933 1736 augean-

364 1762 451 1806 tur
493 1763 652 1822 atque
680 1754 982 1822 proliciant.
1008 1753 1233 1823 Ideoque
1254 1754 1493 1807 omnium
1518 1763 1754 1808 vestrum
1778 1770 1935 1809 nosse

362 1840 607 1895 volumus
624 1842 963 1895 sanctitatem
987 1851 1042 1895 et
1066 1842 1409 1904 industriam,
1431 1843 1573 1911 quod
1598 1842 1932 1897 Theodorico

2032 659 2111 713 sul
2146 668 2262 728 post
2292 660 2539 713 eumdem
2578 663 2929 729 apostolicum
2967 666 3218 735 legatum,
3255 670 3482 737 primum
3514 672 3595 727 in-

2032 758 2113 801 ter
2147 748 2280 803 alios
2306 749 2588 817 pontitices
2610 750 2784 805 locum
2808 753 3073 821 obtineat,
3100 768 3155 811 ct
3184 760 3226 812 si
3261 761 3453 815 missus
3488 762 3598 819 Ro-

2032 852 2206 891 mana:
2236 837 2490 893 Ecclesiae
2519 840 2769 906 defuerit,
2801 843 3047 899 similiter
3075 857 3193 916 post
3223 848 3596 918 imperatorem

2031 927 2143 982 sive
2165 943 2342 997 regem
2366 930 2608 996 sedendi,
2632 935 2949 989 sententiam
2972 938 3239 1005 edicendi,
3267 952 3321 996 et
3344 946 3599 1013 synodale

2024 1015 2283 1085 judicium
2304 1020 2561 1077 canonice
2582 1022 2953 1095 promulgandi
2976 1026 3051 1096 ('5)
3068 1029 3357 1097 primatum
3382 1033 3598 1099 habeat,

2032 1120 2213 1180 utpote
2250 1113 2302 1168 in
2336 1114 2439 1169 illis
2468 1117 2713 1183 partibus
2738 1118 2969 1172 vicarius
2994 1130 3191 1177 nostra:
3218 1125 3359 1179 sedis
3387 1135 3604 1195 aposto-

2032 1200 2147 1257 licze
2177 1207 2367 1258 merito
2392 1207 2732 1261 constitutus.
2777 1207 2957 1279 Neque
2987 1212 3149 1266 etiam
3180 1213 3395 1284 dignum
3430 1227 3512 1271 est
3547 1229 3605 1272 ut

2033 1294 2175 1350 illius
2218 1294 2469 1350 Ecclesiae
2516 1297 2710 1366 przrsul
2749 1298 2928 1368 aliquo
2958 1310 3195 1373 tempore
3243 1307 3450 1360 caneris
3495 1323 3600 1362 non

2034 1386 2295 1440 habeatur
2327 1387 2599 1456 pnelatus,
2627 1389 2779 1457 cujus
2812 1391 2983 1446 honor
3023 1392 3074 1445 in
3102 1393 3205 1448 illis
3234 1398 3477 1464 partibus
3503 1400 3604 1451 sub

2036 1477 2153 1544 ipso
2213 1477 2577 1546 apostolorum
2626 1480 2864 1548 principe
2912 1483 3120 1536 exstitit
3176 1485 3495 1552 primitivus.
3542 1486 3610 1542 Et

2034 1581 2157 1633 qum
2189 1568 2426 1635 ejusdem
2463 1569 2714 1624 Ecclesia!
2752 1572 3212 1641 archiprmsulem,
3259 1576 3472 1630 beatum
3502 1576 3610 1631 Eu-

2035 1654 2279 1707 cliarium
2308 1656 2574 1718 videlicet,
2618 1672 2648 1711 a
2695 1658 2753 1710 Β.
2779 1658 2940 1713 Petro
2974 1662 3334 1730 apostolorum
3368 1666 3608 1735 principe

2037 1744 2282 1798 novimus
2314 1747 2645 1810 ordinatum,
2696 1748 2835 1802 sicut
2884 1759 2936 1803 et
2980 1752 3195 1805 beatum
3244 1753 3606 1823 Apollinarem

2039 1835 2305 1890 Ravennae
2332 1838 2586 1903 civitatis,
2620 1839 2821 1908 placuit
2844 1843 2997 1896 nobis
3022 1844 3197 1898 eidem
3240 1846 3390 1900 fratri
3423 1857 3607 1903 nostro

362 1930 531 1985 fratre
582 1939 767 1985 nostro
821 1931 1187 1995 dilectissimo,
1226 1931 1282 1986 S.
1316 1906 1650 1987 Trevirensis
1680 1933 1931 1987 Ecclesiae
1964 1906 2006 1964 Β
2038 1927 2128 1979 ἸἸιε

1841 1935 1931 1987 sia;
1964 1906 2006 1964 Β
2038 1927 2369 1982 'l‘hcodorico
2396 1927 2453 1982 S.
2486 1928 2820 1985 Trevirensis
2867 1933 3121 1989 Ecclesia:
3168 1937 3569 2007 archiepiscopo
3589 1982 3601 2003 ,

362 2023 789 2092 archiepiscopo,
813 2025 1061 2079 veniente
1107 2024 1356 2089 Romam,
1386 2039 1595 2079 oratum
1626 2028 1692 2080 ad
1724 2037 1934 2081 sancto-

363 2130 481 2167 rum
519 2114 885 2184 apostolorum
910 2116 1091 2168 limina
1124 2116 1447 2179 audivimus,
1480 2117 1801 2171 sicutetiam
1827 2120 1935 2185 pri-

364 2202 485 2256 dem
512 2204 780 2257 audiendo
807 2205 913 2258 imo
940 2215 991 2258 et
1018 2205 1241 2274 legendo
1271 2214 1604 2274 compertum
1630 2207 1932 2270 habuimus,

366 2294 610 2345 eamdem
637 2295 805 2362 ipsam
830 2310 937 2363 pra:
966 2296 1173 2348 ca-tcris
1186 2294 1479 2348 Galliarum
1506 2296 1756 2351 Ecclesiis
1779 2298 1936 2351 Chri-

361 2387 534 2441 stiane
563 2388 839 2458 religionis
861 2390 1162 2453 exordium,
1188 2390 1558 2460 catholiceque
1600 2390 1721 2445 fidei
1762 2393 1933 2461 prima

364 2478 668 2532 rudimenta
717 2481 1021 2550 percepisse
1058 2496 1155 2550 per
1191 2481 1654 2537 sanctissimorum
1696 2484 1932 2537 virorum

364 2566 635 2631 Eucharii,
654 2567 871 2633 Valerii,
893 2568 1119 2623 Materni
1141 2580 1195 2624 et
1214 2579 1552 2635 cancrorum,
1572 2572 1931 2641 evangelicam

362 2656 687 2723 doctrinam,
719 2674 853 2727 quos
886 2669 1122 2729 tempore
1148 2674 1245 2714 suo
1280 2662 1569 2729 prmdictus
1592 2661 1782 2716 Petrus
1807 2678 1938 2731 apo-

364 2749 531 2804 stolus
570 2752 842 2806 ordinavit
887 2762 941 2807 et
980 2754 1253 2818 instruxit,
1302 2770 1400 2810 nec
1424 2771 1531 2809 non
1558 2756 1681 2809 illuc
1708 2755 1772 2808 ad
1801 2771 1936 2825 pra:-

364 2842 648 2896 dicandum
679 2844 894 2897 direxit.
942 2842 1090 2899 Unde
1124 2846 1289 2899 totius
1319 2846 1524 2899 ordinis
1565 2853 1763 2899 nostra:
1794 2846 1935 2899 sedis

367 2933 675 2999 apostolicae
704 2935 975 2995 consultu,
1006 2936 1346 3004 gratuitoque
1369 2949 1611 2998 assensu,
1631 2936 1753 3003 jura
1779 2935 1937 3003 privi-

365 3021 647 3087 legiorum,
676 3039 794 3091 quae
816 3039 844 3076 a
877 3034 1060 3079 sancta
1082 3024 1322 3079 Romana
1348 3035 1520 3079 matre
1542 3025 1783 3080 Ecclesia
1810 3041 1940 3094 prce-

366 3110 489 3165 latis
529 3114 730 3168 sauctis
756 3129 1050 3182 eorumque
1077 3114 1295 3182 reliquis
1319 3115 1741 3180 successoribus,
1773 3115 1822 3167 id
1855 3124 1940 3169 est

364 3202 593 3270 Agritio,
616 3201 929 3265 Maximino,
958 3202 1200 3267 Paulino,
1227 3202 1445 3267 Severo,
1472 3202 1718 3256 almilicis
1738 3210 1793 3256 et
1812 3217 1938 3270 apo-

2034 2015 2344 2083 cunctisque
2398 2032 2491 2086 per
2516 2033 2637 2072 eum
2683 2023 3082 2077 successoribus
3119 2026 3231 2079 suis
3267 2029 3602 2093 permittere,

2034 2114 2320 2173 quatenus,
2354 2107 2495 2161 sicut
2518 2109 2569 2161 in
2607 2110 2763 2164 unius
2792 2110 2934 2165 beati
2968 2112 3111 2168 Petri
3142 2116 3346 2171 scilicet
3380 2122 3604 2188 apostoli

2035 2196 2389 2260 ordinatione,
2438 2197 2830 2263 benedictione,
2879 2202 3196 2269 directione,
3248 2209 3494 2276 gentibus
3540 2213 3608 2262 ait

2035 2286 2430 2352 prmdieandum
2461 2287 2659 2341 Christi
2705 2289 3076 2359 Evangelium,
3118 2294 3393 2349 ambarum
3422 2298 3609 2351 civita-

2039 2387 2147 2429 tum
2180 2378 2561 2446 prardicatores
2589 2380 2824 2442 aequales
2853 2384 3193 2448 exstiterant,
3220 2397 3278 2440 ut
3322 2390 3607 2444 missarum

2037 2468 2310 2523 solcmuiis
2353 2469 2708 2535 celebrandis,
2738 2482 2792 2525 et
2822 2474 2896 2542 (4)
2930 2476 3225 2544 equitando
3271 2492 3395 2532 cum
3440 2496 3609 2536 nacco

2036 2574 2131 2627 per
2160 2559 2439 2624 stationes,
2483 2562 2612 2614 etin
2648 2565 2791 2617 omni
2826 2565 3030 2620 honore
3077 2568 3312 2636 mquales
3339 2572 3603 2639 existant;

2037 2662 2167 2702 crux
2200 2656 2323 2702 ante
2352 2650 2621 2713 eumdem,
2651 2651 2788 2705 sicut
2814 2662 2867 2706 et
2893 2663 3018 2708 ante
3042 2657 3403 2713 Ravennatem
3433 2663 3609 2716 archi-

2037 2738 2339 2808 prazsulem,
2381 2741 2469 2794 ubi
2510 2740 2595 2794 ubi
2627 2752 2844 2809 geratur
2896 2744 2993 2813 (5).
3045 2745 3357 2802 Cardinales
3398 2764 3609 2820 quoque

2038 2829 2357 2897 presbyteri,
2390 2830 2557 2882 fratre
2586 2841 2773 2886 nostro
2820 2833 3155 2890 Theodorico
3203 2840 3609 2911 archiepiscopo

2042 2918 2258 2971 missam
2298 2919 2623 2979 celebrante,
2657 2921 2980 2987 dalmaticis,
3028 2933 3083 2979 et
3109 2926 3319 2981 diaconi
3354 2946 3456 2983 una
3486 2947 3607 2985 cuni

2040 3008 2370 3076 presbyteris
2401 3007 2475 3076 (6)
2514 3009 2839 3065 schandaliis
2881 3022 3131 3082 utantur;
3173 3019 3609 3078 hebdomadariis

2041 3110 2253 3163 quoque
2280 3095 2609 3165 presbyteris
2638 3098 2703 3150 ad
2730 3112 2976 3154 sanctum
3008 3102 3226 3159 Petrum
3271 3108 3486 3163 missam
3519 3127 3609 3165 ce-

2044 3187 2374 3241 lebrantibus
2427 3203 2535 3242 suze
2584 3190 2886 3246 dilectionis
2936 3194 3136 3249 intuitu
3183 3198 3487 3256 dahnaticis
3534 3206 3608 3258 uti

367 3292 572 3346 stolicis
604 3294 733 3347 viris
759 3309 788 3347 a
821 3293 1144 3362 primordio,
1175 3302 1228 3346 et
1258 3308 1427 3362 usque
1458 3307 1599 3346 nunc
1628 3293 1938 3347 authentice
1966 3265 2010 3326 Ο
2042 3292 2133 3345 [δεῖ

1844 3265 1938 3347 [ξοδ
1966 3265 2010 3326 C
2042 3277 2421 3345 permittimus.
2459 3276 2583 3331 Pari
2623 3294 2855 3350 namque
2897 3284 3057 3338 modo
3102 3288 3394 3355 sancimus,
3423 3306 3610 3349 omnes

367 3398 623 3437 concessa
651 3391 798 3450 sunt,
830 3399 1053 3453 quceque
1075 3383 1235 3438 etiam
1262 3384 1427 3452 ipsius
1451 3384 1683 3437 civitatis
1706 3384 1936 3448 excidio,

369 3474 635 3537 incendio,
653 3490 826 3544 quove
852 3490 977 3529 casu
1004 3484 1322 3544 consumpta
1359 3475 1740 3543 approbantur,
1766 3474 1938 3528 eidem

369 3572 569 3615 sanctae
605 3563 908 3617 Trevirensi
943 3563 1218 3628 Ecclesiae,
1246 3565 1612 3633 prmdictoque
1648 3562 1799 3617 fratri
1840 3578 1940 3617 no-

370 3661 484 3706 stro
513 3652 867 3721 Theodorico,
920 3662 975 3708 et
1003 3668 1098 3722 per
1124 3669 1247 3708 eum
1301 3655 1512 3709 cunctis
1541 3655 1943 3709 successoribus

371 3744 483 3796 suis
512 3744 917 3808 reconﬁrmare,
948 3745 1384 3810 recorroborare,
1406 3754 1461 3798 et
1484 3746 1629 3799 omni
1661 3744 1819 3799 modo
1860 3758 1947 3797 ie-

371 3835 597 3890 stituere
620 3836 837 3903 dignum
861 3836 1141 3902 duximus;
1170 3853 1265 3907 per
1286 3838 1441 3907 hujus
1473 3840 1638 3893 nostri
1670 3838 1945 3908 apostolici

371 3927 639 3997 privilegii
672 3928 1057 3983 validissimam
1105 3929 1544 3983 constitutionem
1576 3929 1945 3994 decernentes,

373 4028 432 4072 ut
469 4018 897 4088 quandocunque
941 4033 971 4071 a
1019 4031 1203 4073 nostra
1243 4018 1526 4088 principali
1558 4028 1612 4073 et
1654 4019 1949 4089 apostolica

375 4109 501 4164 sede
530 4110 832 4179 cpiscopus,
880 4107 1178 4177 presbyter,
1222 4109 1507 4172 diaconus,
1560 4108 1642 4163 vel
1673 4108 1951 4163 subdiaco-

374 4217 492 4263 nus,
529 4201 639 4253 sive
668 4199 893 4268 quilibet
921 4198 1226 4252 ordinarius
1247 4198 1472 4267 legatus,
1504 4214 1601 4268 pro
1630 4200 1953 4254 ecclesiasti-

374 4306 450 4345 εκ
465 4290 713 4345 utilitatis
732 4303 918 4353 causa,
936 4304 1029 4343 seu
1054 4304 1151 4359 pro
1174 4289 1375 4359 agenda
1401 4290 1602 4359 synodo
1626 4292 1676 4343 in
1701 4290 1950 4350 Galliam.

442 4463 518 4533 (2)
562 4462 883 4533 Treviremis
907 4462 1099 4533 prwsul
1122 4471 1237 4531 post
1263 4463 1497 4533 eumdem
1526 4464 1864 4531 apostolicum
1885 4465 1955 4518 le-

370 4531 551 4602 gatum
582 4534 807 4601 primum
838 4532 973 4602 inter
1010 4531 1140 4585 alios
1175 4532 1460 4602 pontiﬁces
1484 4532 1652 4584 locum
1697 4533 1946 4586 obtineat.

371 4599 624 4656 Attamen
657 4618 761 4656 non
795 4600 1137 4670 patiebantur
1157 4601 1411 4656 Germani
1451 4601 1653 4669 legatos
1678 4604 1948 4669 pontilicis
1977 4599 2026 4657 D

372 4671 617 4726 conciliis
664 4670 970 4723 Germanite
1022 4672 1389 4738 praesidentes.
1430 4671 1645 4738 Experti
1696 4672 1746 4724 id
1798 4682 1944 4735 sunt,

373 4756 517 4810 anno
544 4739 701 4810 l_074,
730 4739 892 4810 legati
914 4738 1158 4809 Gregorii
1186 4739 1288 4793 PP.
1315 4740 1425 4810 \fll,
1447 4739 1512 4793 de
1539 4741 1731 4807 quibus
1754 4740 1948 4810 Fleury

375 4756 517 4794 anno
544 4756 701 4802 ‘IUM,
731 4756 778 4792 ie
818 4756 892 4793 au
914 4756 1158 4809 uregorn
1186 4756 1288 4793 l’t’.
1322 4756 1425 4804 vn,
1447 4756 1512 4793 ae
1539 4756 1731 4807 quibus
1754 4756 1782 4793 ιε
1801 4756 1948 4810 ieury

375 4809 519 4863 Hist.
549 4806 749 4862 Ecclés.
782 4756 875 4861 Εἴ).
911 4825 1053 4871 Lxu,
1086 4826 1139 4862 n.
1171 4809 1254 4863 ll.
1293 4829 1309 4859 i
1341 4809 1442 4864 Les
1469 4810 1635 4877 légats
1661 4809 1948 4864 demande-

371 4888 494 4959 reint
522 4878 587 4931 de
700 4886 822 4945 part
868 4878 935 4931 du
974 4877 1133 4959 Papej
1154 4877 1200 4931 la
1242 4878 1527 4959 libertéde
1555 4880 1692 4959 teui_r
1718 4895 1786 4932 un
1817 4895 1944 4959 cou-

372 4950 475 5003 cile
506 4963 572 5017 en
599 4947 934 5016 Allemagne,
961 4947 1097 5002 niais
1123 4956 1240 5002 tous
1262 4948 1339 5002 les
1370 4948 1602 5016 évéques
1629 4950 1705 5017 s‘y
1729 4948 1954 5017 oppose-

373 5025 501 5071 rent
528 5014 839 5079 fortement,
892 5017 1214 5084 prétendant
1262 5032 1366 5086 que
1421 5014 1602 5071 c’étoit
1648 5014 1954 5086 u'ne'chose

374 5085 777 5155 sansgexemple
814 5093 869 5139 et
897 5086 1166 5141 contraire
1199 5088 1229 5140 ἐι
1257 5085 1400 5141 leurs
1425 5086 1624 5151 droits;
1657 5094 1711 5140 et
1756 5085 1821 5140 ils
1858 5086 1951 5140 dé-

376 5153 651 5208 clarérent
692 5153 866 5223 'qu‘ils
903 5155 1365 5210 n'accorderoient
1402 5156 1599 5224 jamais
1625 5157 1671 5208 la
1701 5155 1951 5223 préroga~

377 5224 489 5277 tive
523 5224 588 5277 de
617 5238 673 5277 se
699 5224 893 5295 laisser
919 5225 1158 5295 présider
1186 5241 1251 5280 en
1281 5225 1510 5288 concile,
1540 5226 1695 5295 qu'au
1721 5224 1864 5295 Pape
1888 5240 1951 5279 en

378 5306 663 5362 personae.
698 5312 728 5364 ι⁸
762 5292 867 5364 Sed
907 5292 1038 5347 nihil
1065 5294 1164 5349 hoc
1194 5295 1258 5347 ad
1280 5292 1738 5364 archiepiscopum
1770 5294 1953 5364 Trevi-

378 5360 614 5425 i'ensem,
645 5360 803 5428 cujus
836 5360 923 5426 jus
953 5364 1270 5428 praesidendi
1313 5360 1552 5417 conciliis
1594 5360 1952 5417 nationalibus

2041 3365 2093 3419 in
2124 3365 2393 3433 parochiis
2414 3366 2528 3435 ejus
2556 3368 2834 3437 degentes,
2859 3370 2971 3424 sive
3001 3374 3393 3432 ordinationem
3417 3390 3470 3434 ct
3494 3398 3613 3450 pro-

2042 3456 2330 3510 motionem
2360 3456 2642 3524 cujuslibet
2683 3459 3033 3516 ecclesiastici
3066 3464 3260 3532 gradus
3299 3482 3328 3520 a
3361 3471 3613 3536 pontifice

2043 3546 2209 3615 ipsius
2244 3548 2623 3615 percipientes,
2654 3549 2827 3604 eidem
2854 3551 2951 3619 ipsi
2977 3555 3189 3609 matrici
3229 3556 3481 3614 Ecclesia:
3502 3563 3615 3631 epi-

2044 3652 2311 3707 sc0poque
2342 3638 2483 3692 illius
2524 3637 2725 3694 debere
2754 3643 3012 3698 canonice
3046 3643 3278 3712 placere,
3310 3648 3532 3719 obsequi
3562 3662 3617 3707 et

2040 3731 2160 3800 jure
2178 3731 2417 3796 obedire;
2450 3732 2713 3800 siquidem
2740 3734 2956 3791 decreto
2980 3738 3121 3791 beati
3150 3739 3440 3795 Clementis
3470 3758 3617 3812 papa:

2045 3836 2205 3890 super
2233 3822 2335 3875 hoc
2364 3823 2439 3876 ita
2468 3832 2685 3878 cautum
2717 3826 2963 3881 videatur
2989 3847 2999 3880 :
3040 3847 3057 3879 ‹
3094 3826 3149 3882 Si
3181 3831 3332 3885 vobis
3354 3833 3620 3901 episcopis

2047 3928 2151 3967 non
2183 3914 2487 3968 obedierint
2533 3931 2723 3971 omnes
2770 3920 3089 3989 presbyteri,
3136 3922 3367 3989 diaconi,
3399 3924 3621 3979 subdia

2048 4004 2169 4057 coni
2200 4018 2263 4057 ac
2288 4004 2469 4059 clerici
2497 4006 2698 4071 cuncti,
2729 4022 3020 4078 omnesque
3052 4012 3342 4081 principes,
3370 4023 3476 4069 tam
3509 4032 3620 4072 ma-

2042 4093 2179 4162 joris
2209 4111 2368 4165 quam
2398 4096 2669 4151 inferioris
2706 4100 2942 4165 ordinis,
2992 4111 3154 4172 atque
3196 4106 3383 4176 reliqui
3418 4110 3619 4177 populi,

2052 4187 2223 4240 tribus
2275 4196 2329 4241 et
2364 4186 2555 4255 lingua:
2604 4204 2708 4242 non
2758 4189 3222 4262 obtemperariut,
3272 4213 3301 4251 a
3348 4199 3624 4256 liminibus

2053 4284 2250 4330 sancta:
2282 4276 2372 4330 Dei
2402 4277 2654 4334 Ecclesiae
2683 4279 2841 4334 alieni
2870 4293 3050 4350 erunt,
3096 4287 3307 4343 dicente
3344 4289 3571 4347 Domino
3606 4312 3618 4347 :

2054 4468 2193 4507 rum.
2225 4452 2358 4536 Vide
2388 4453 2610 4536 interim
2624 4454 2821 4536 bullam
2848 4456 3070 4536 Joannis
3094 4460 3226 4527 XIII,
3252 4464 3317 4518 de
3338 4481 3476 4523 anno
3496 4470 3620 4536 969,

2058 4538 2154 4576 nec
2182 4537 2283 4576 non
2316 4521 2513 4576 Leonis
2551 4523 2641 4587 IX,
2673 4527 2738 4578 de
2761 4540 2902 4579 anno
2934 4528 3089 4583 1049.

2125 4592 2199 4661 (4)
2243 4592 2537 4667 Equitando
2573 4610 2688 4667 cum
2712 4611 2898 4667 Δηαεσρ.
2944 4596 3180 4652 Naccum
3208 4641 3223 4663 ,
3254 4613 3477 4667 nultum,
3530 4626 3625 4661 ua-

2052 4673 2179 4736 turn,
2200 4662 2279 4714 vel
2302 4672 2504 4736 nactus,
2528 4663 2830 4733 estinsignc
2846 4664 3021 4719 festivi
3050 4670 3189 4736 equi.
3212 4662 3625 4732 ilusternebatur

2054 4733 2196 4813 cnim
2234 4730 2637 4813 stragulototus
2669 4730 2837 4813 equus
2869 4736 2920 4787 in
2960 4730 3250 4813 festivitate
3283 4743 3362 4795 vel
3394 4730 3622 4813 pompa;

2054 4811 2214 4869 atque
2242 4800 2381 4879 inter
2410 4801 2607 4882 eximia
2639 4802 2972 4885 refeneb‘atur
2994 4808 3369 4885 privilegia,_si
3394 4800 3481 4866 cui
3506 4800 3625 4885 cpi:

2055 4884 2240 4941 scopo‘
2270 4870 2319 4921 in
2352 4872 2717 4941 iprocessione
2764 4870 3095 4938 Palinurum,
3126 4870 3347 4933 et'feria
3388 4870 3625 4941 secun'da

2057 4948 2177 5009 post
2210 4937 2437 5001 Pascha,
2471 4953 2610 5011 equo
2656 4941 2795 5003 albo,
2828 4944 2917 5011 qui
2950 4945 3126 5001 udone
3176 4963 3266 5001 seu
3324 4967 3482 5003 nucco
3534 4937 3631 5007 co“-

2058 5008 2277 5078 opertus
2323 5016 2458 5080 erat,
2508 5008 2742 5080 insidere
2785 5008 2857 5063 et'
2887 5018 3181 5080 procedere
3228 5016 3460 5074 facultas
3501 5024 3631 5080 data

2056 5077 2263 5155 fuerat;
2298 5079 2437 5155 quod
2451 5077 2596 5155 pulli
2622 5077 3001 5155 planeAl-icebat
3027 5087 3230 5155 al.sque
3257 5088 3471 5155 Speciali
3497 5077 3637 5147 con:

2054 5147 2323 5225 cessione.
2348 5146 2425 5225 bu
2451 5145 3010 5225 Eresnejnnﬁlossar.
3040 5145 3172 5210 voce
3204 5145 3382 5225 Equus
3411 5165 3465 5210 et
3512 5145 3639 5217 Na-

2054 5228 2215 5272 ctum.
2246 5212 2539 5286 Addainfr.
2574 5215 2701 5270 bull.
2736 5216 2932 5272 Calixti
2968 5222 3027 5286 ll,
3062 5226 3125 5277 de
3152 5212 3293 5278 anno
3321 5226 3473 5280 llﬁtt.

2127 5283 2549 5365 (5)_tjardipal£s
2594 5302 2799 5365 quoque
2843 5283 3150 5361 presbyteri.
3204 5293 3292 5349 Sic
3323 5302 3648 5365 metropoli-

2056 5354 2198 5412 lauari
2222 5354 2471 5409 Ecclesiae
2488 5354 2826 5428 Trevirensis
2846 5354 3149 5418 'canonicos
3177 5374 3331 5417 voc:it
3354 5354 3643 5428 ponti'l'ex';
