4472 5522
883 385 987 439 5‘25

2118 376 2472 431 BENEDICTI
2516 373 2714 427 ΡΑΡᾸΞ
2760 374 2845 427 V’Il

4032 378 4137 437 32H

896 498 999 565 Qui
1030 515 1114 551 vos
1144 497 1315 559 audit,
1346 512 1425 548 me
1450 495 1631 553 audit;
1663 506 1707 547 et
1737 496 1823 562 qui
1857 511 1939 546 ros
1968 494 2183 562 spernit,
2218 510 2295 544 me
2323 508 2462 559 sper-
2494 494 2537 551 Α
2638 491 2859 557 Quoties
2901 493 2983 545 illa
3020 493 3175 545 tribui
3217 510 3244 547 a
3281 494 3433 549 nobis
3460 504 3737 564 optantur,
3784 511 3902 567 quae
3934 498 4129 554 rationi

884 592 979 643 nit.
1011 607 1029 639 ›
1070 588 1205 640 lutei
1243 588 1353 639 lure
1382 601 1595 655 quoque
1639 586 1818 638 omnia
1850 600 1969 654 qua:
2008 588 2074 640 ad
2117 586 2456 654 smpedictam

878 678 1256 733 Trevirensem
1288 677 1585 731 Ecclesiam
1612 678 1749 731 intra
1782 686 1834 730 et
1861 686 2013 731 extra
2042 678 2312 732 civitatem
2340 694 2458 747 per-

880 782 1053 824 tinere
1084 769 1353 829 videntur,
1384 768 1432 821 id
1460 776 1543 821 est
1574 768 1829 822 ecclesias
1860 784 1979 822 cum
2009 769 2273 822 universis
2300 769 2457 824 rebus

879 857 983 911 sibi
1016 856 1388 918 attinentibus,
1421 871 1512 910 seu
1552 857 1903 920 monasteria,
1935 865 2041 910 tam
2068 858 2455 912 monachorum

879 962 1042 1015 quam
1072 946 1364 1015 virginum,
1408 961 1527 1014 qua:
1568 962 1628 1000 ex
1678 948 1959 1016 prazceptis
1982 948 2094 1001 sive
2123 950 2336 1017 scriptis
2376 964 2458 1002 rc-

878 1053 1003 1107 gutn
1044 1052 1137 1091 seu
1169 1038 1574 1106 imperatorum,
1620 1038 1733 1091 sive
1760 1039 2071 1092 eorumdem
2114 1038 2455 1092 fnndatorum

878 1129 1208 1183 auctoritate
1248 1128 1313 1181 ad
1355 1144 1411 1181 se
1439 1130 1707 1196 pertinent
1756 1138 1810 1181 et
1849 1130 2117 1197 pertinere
2156 1131 2372 1193 debent,
2404 1139 2457 1183 et

876 1218 1138 1287 quidquid
1178 1218 1398 1270 omnino
1425 1218 1511 1271 illa
1544 1218 1653 1286 ipsa
1680 1218 1904 1271 ceclesia
1929 1219 2015 1271 ubi
2045 1218 2129 1271 tibi
2161 1227 2212 1271 et
2242 1235 2457 1288 quoquo

872 1311 1074 1368 merito
1116 1311 1351 1381 poSsidct
1404 1319 1458 1363 et
1506 1311 1781 1378 possidere
1823 1310 2003 1374 debet,
2055 1311 2375 1379 generaliter
2404 1319 2458 1363 et

869 1399 1188 1470 specialiter
1236 1398 1583 1452 concedimus
1630 1408 1684 1452 et
1735 1398 2186 1476 reconﬁrmamus
2231 1398 2456 1467 praefato

871 1491 1219 1547 Theoderico
1260 1489 1410 1542 fratri
1441 1498 1495 1543 et
1532 1492 1848 1560 coepiscopo
1878 1502 2060 1544 nostro
2085 1494 2299 1561 suisque
2330 1510 2453 1547 suc.-

870 1582 1204 1643 t-essoribus,
1237 1581 1302 1633 ad
1334 1590 1647 1650 perpetuam
1678 1591 1879 1635 sant-ue
1903 1582 2238 1636 Trevireusis
2271 1584 2457 1638 Eccle-

868 1673 961 1726 sia:
997 1672 1417 1725 dominationem
1451 1680 1613 1741 atque
1638 1673 1917 1734 ditionem,
1949 1690 2043 1743 per
2069 1674 2227 1744 hujus
2256 1685 2453 1729 nostra:

868 1762 1183 1831 apostolicae
1210 1762 1589 1831 prtrceptiouis
1616 1762 1833 1825 seriem,
1859 1778 1885 1813 a
1918 1764 2166 1831 praesenti
2194 1764 2350 1818 tertia
2372 1765 2451 1818 in-

2565 584 2943 637 incunctanter
2981 585 3327 649 conveniunt,
3362 586 3542 639 animo
3598 601 3696 641 nos
3732 587 3891 641 debet
3948 588 4133 645 libenti

2561 676 2888 737 ciincedere,
2926 685 2979 729 et
3036 677 3332 749 petentium
3372 678 3652 732 desideriis
3681 694 3978 749 congruum
4035 684 4140 738 im-

2561 763 2749 830 pertiri
2781 762 3115 833 suffragium.
3145 763 3318 830 Atque
3350 765 3467 819 ideo
3495 767 3619 835 quia
3651 768 3933 835 postulasti
3979 786 4009 823 a
4039 787 4134 825 tio-

2559 853 2642 906 bis
2670 863 2935 922 quatenus
2974 854 3309 924 privilegium
3341 857 3484 910 sedis
3518 859 3829 927 apostolica:
3858 872 4133 916 monaste-

2561 946 2640 998 rio
2667 944 2949 1007 Vizeliaco,
3002 947 3084 1001 cui
3122 963 3351 1016 praeesse
3405 948 3759 1018 dignosceris,
3816 953 3957 1020 quod
4008 969 4135 1007 con-

2560 1045 2666 1089 stat
2701 1036 2828 1091 olim
2870 1053 2897 1090 a
2930 1036 3172 1092 Gerardo
3200 1039 3533 1094 nobilissimo
3574 1050 3629 1094 et
3656 1041 4125 1098 Cliristianissimo

2559 1126 2691 1186 viro,
2723 1140 2925 1179 necnon
2958 1128 3199 1181 et-Berta
3230 1144 3397 1184 uxore
3428 1129 3565 1196 ejus,
3597 1131 3648 1184 in
3665 1133 3869 1187 honore
3908 1133 4119 1188 Domini

2558 1224 2611 1268 et
2641 1216 2934 1271 Salvatoris
2971 1220 3140 1272 nostri
3164 1217 3289 1273 Iesu
3316 1220 3519 1274 Christi
3550 1231 3605 1275 et
3638 1224 3987 1279 veneratione
4003 1224 4131 1279 bea-

2560 1306 2782 1359 tissima:
2825 1322 3038 1376 semper
3086 1310 3310 1379 virginis
3358 1309 3539 1365 Maria:
3568 1312 3847 1380 genitricis
3892 1312 4132 1381 ejusdem

2560 1396 2767 1450 Domini
2804 1398 2971 1451 nostri
3000 1398 3123 1452 Jesu
3165 1398 3366 1453 Christi
3406 1409 3825 1464 constructum;
3879 1402 3933 1455 in
3967 1418 4133 1472 regno

2557 1488 2763 1541 scilicet
2810 1487 3149 1559 Burgundize,
3208 1490 3261 1544 in
3293 1505 3431 1561 pago
3475 1490 3751 1555 Avalensi,
3815 1493 4064 1563 quodque
4098 1510 4128 1546 a

2556 1577 2795 1646 priel'atis
2822 1580 3199 1634 fundatoribus
3223 1582 3379 1635 beato
3404 1580 3563 1635 Petro
3585 1581 3955 1651 apostolorum
3981 1585 4129 1654 prin-

2529 1733 2532 1737 ,
2555 1671 2658 1739 cipi
2693 1672 2777 1739 pia
2808 1671 3097 1726 devotione
3120 1681 3173 1726 et
3197 1674 3505 1727 testamenti
3529 1674 3724 1743 pagina
3746 1673 3999 1728 collatum
4022 1686 4127 1736 est.

2557 1762 2734 1816 facere
2777 1764 3094 1818 deberemus
3132 1783 3143 1816 :
3195 1764 3439 1818 inclinati
3490 1766 3745 1833 precibus
3771 1767 3875 1820 tuis
3902 1767 4131 1822 libenter

868 1854 1111 1906 dictione
1139 1861 1193 1905 et
1231 1866 1397 1920 usque
1429 1852 1481 1904 in
1514 1851 1673 1906 ﬁnem
1706 1853 1886 1905 saeculi
1915 1853 2215 1906 valituram.
2254 1854 2449 1907 Contra
2489 1860 2527 1917 υ
2557 1852 2670 1904 ﬁeri
2702 1853 3056 1907 decrevimus.
3088 1852 3240 1907 Unde
3266 1862 3320 1908 et
3344 1855 3725 1909 constituimus
3751 1863 3807 1909 et
3832 1857 4125 1926 apostolica

868 1959 1032 2010 quam
1070 1944 1115 1997 si
1146 1944 1267 2012 quis
1298 1944 1576 1997 hominum
1616 1944 1854 2012 quolibet
1904 1944 2061 1998 modo
2109 1960 2269 2013 agere
2313 1961 2453 2014 prm—

869 2036 1185 2104 sumpserit,
1212 2044 1264 2089 et
1302 2036 1444 2104 quod
1464 2037 1610 2104 juste
1639 2046 1693 2089 et
1731 2039 1991 2089 canonice
2023 2052 2050 2088 a
2082 2036 2239 2091 nobis
2267 2037 2453 2091 decre-

872 2134 982 2177 tum
1015 2135 1118 2188 est,
1153 2126 1203 2178 in
1234 2126 1415 2193 aliquo
1456 2124 1751 2194 infringere
1788 2126 2095 2187 tentavcrit,
2130 2127 2265 2179 sciat
2291 2141 2348 2179 se
2386 2141 2449 2179 ex

870 2218 1257 2285 omnipotentis
1292 2217 1382 2270 Dei
1416 2226 1469 2269 et
1496 2216 1735 2283 praedicti
1766 2217 2059 2269 beatissimi
2088 2216 2450 2284 apostolorum

876 2307 1161 2374 principis,
1191 2306 1540 2374 omniumque
1577 2316 1905 2368 sanctorum,
1944 2321 2005 2359 ac
2044 2305 2235 2358 deinde
2266 2314 2449 2358 nostra

871 2398 1191 2451 auctoritate
1240 2396 1602 2449 damnandum
1654 2404 1707 2449 et
1756 2395 2358 2458 anathematizandum,
2398 2404 2451 2449 et

869 2504 991 2541 cum
1022 2488 1275 2539 omnibus
1323 2487 1500 2556 impiis
1526 2495 1731 2540 aeterno
1762 2485 2023 2555 supplicio
2063 2485 2447 2555 deputandum.

871 2578 971 2645 Qui
999 2592 1128 2631 vero
1164 2579 1264 2631 hoc
1291 2578 1462 2645 ipsum
1497 2587 1741 2631 nostrum
1772 2577 2109 2646 privilegium
2137 2579 2445 2641 observare,

868 2666 1161 2728 custodire,
1196 2666 1491 2733 adimplere
1521 2665 1752 2720 ﬁdeliter
1794 2666 2083 2729 studuerit,
2114 2665 2446 2719 benedictio-

867 2757 952 2811 nis
978 2757 1206 2826 gratiam
1237 2766 1288 2809 et
1316 2756 1701 2810 misericordiie
1730 2756 2115 2825 plenitudinem
2145 2757 2194 2809 in
2218 2756 2449 2809 C(Blesli-

865 2848 968 2902 bus
1002 2848 1198 2901 castris
1244 2847 1385 2901 inter
1425 2846 1721 2900 electorum
1765 2862 2047 2898 numerum
2099 2844 2388 2899 eﬁicaciter
2415 2860 2444 2898 a

868 2939 1093 2992 Domino
1122 2940 1229 2992 Deo
1266 2938 1522 3006 consequi
1554 2946 1844 2991 mereatur.

938 3030 1208 3097 Scriptum
1240 3043 1337 3097 per
1365 3042 1582 3080 manum
1618 3026 1873 3095 Stephani
1898 3027 2093 3080 notarii
2120 3036 2173 3080 et
2197 3026 2443 3095 regiona-

866 3125 929 3178 rii
984 3133 1037 3176 et
1069 3122 1339 3177 scriniarii
1377 3131 1579 3175 sanctae
1610 3120 1753 3175 sedis
1798 3120 2106 3189 apostolicae
2129 3159 2142 3182 ,
2176 3119 2227 3172 in
2260 3133 2442 3173 mense

863 3213 1144 3276 Januario,
1179 3211 1363 3265 indict.
1408 3211 1771 3280 suprascripta
1804 3224 1884 3263 III.
1928 3209 2071 3262 Bene
2098 3206 2291 3261 valete.

934 3304 1129 3355 Datum
1160 3316 1247 3353 xv.
1267 3298 1679 3354 Kal.Februarii
1703 3313 1799 3368 per
1824 3312 2039 3351 manum
2069 3297 2308 3351 Widonis
2333 3298 2442 3366 epiv

864 3394 1010 3461 scopi
1034 3403 1088 3446 et
1106 3390 1504 3446 bibliothecarii
1534 3398 1735 3444 sancta:
1756 3389 1898 3444 sedis
1918 3388 2244 3458 apostolicae.
2266 3387 2439 3451 Anno,

864 3488 973 3540 Deo
1003 3485 1251 3555 prepitio,
1305 3483 1650 3554 pontiﬁcatus
1692 3481 1901 3536 Domini
1950 3481 2120 3535 nostri
2166 3478 2442 3534 Benedicti

862 3578 1187 3633 sanctissimi
1215 3577 1302 3630 VII
1332 3592 1483 3646 papa:
1509 3575 1704 3645 primo,
1729 3574 2030 3645 imperante
2056 3574 2273 3628 domino
2312 3572 2444 3642 piis-

860 3671 1000 3723 simo
1038 3677 1192 3736 patre
1227 3668 1413 3736 patrize
1444 3674 1672 3735 angusto
1703 3665 1896 3720 Ottone
1943 3681 1973 3718 a
2024 3666 2131 3718 Deo
2183 3672 2441 3717 coronato

863 3776 1054 3828 magno
1085 3761 1213 3828 Imp.
1251 3774 1391 3813 anno
1418 3774 1512 3823 vit,
1543 3758 1831 3812 indictione
1860 3773 1937 3811 nt.

1623 3869 1663 3921 Υ
1674 3910 1686 3923 .

859 4000 1143 4040 BENEDICTI
1190 3999 1336 4038 PAF/5
1386 3999 1459 4035 VII
1518 3996 1771 4034 EPISTOIA
1813 3998 1878 4033 AD
1932 3997 2303 4036 'IIIEODOBICUM
2349 4000 2439 4034 AR-

1239 4067 1625 4108 CIIIEPISCOPUJI
1671 4067 2056 4104 TREVIRENSEM.

1467 4170 1644 4239 (Anno
1692 4169 1838 4235 975.)

860 4285 1241 4339 Slonasterium
1294 4283 1351 4337 S.
1410 4281 1631 4334 Martini
1682 4279 1999 4342 Trevirense,
2050 4297 2080 4331 a
2119 4277 2438 4330 Theoderico

930 4356 1318 4421 archiepiscopo
1367 4352 1640 4419 refectum,
1672 4368 1690 4399 ι
1725 4366 1816 4421 per
1842 4350 2000 4417 hujus
2038 4348 2437 4421 apostolici‘no-

931 4427 1025 4476 stri
1054 4416 1307 4492 privilegii
1344 4416 1497 4490 atque
1518 4430 1711 4472 sancta
1726 4416 1984 4492 Vliontauw
2013 4418 2205 4492 synodi
2226 4416 2438 4492 validis-

926 4487 1114 4547 simam
1158 4487 1578 4545 constitutionem
1663 4509 1681 4541 ι
1731 4489 2004 4555 conﬁrmat
2052 4487 2515 4582 prirt’legiisqueD

928 4574 1099 4633 auget.

1110 4674 1368 4747 [Gudeni
1402 4714 1416 4736 ,
1479 4673 1629 4726 (ἔσάν
1685 4670 1900 4741 diplom.
1954 4670 2012 4733 I,
2075 4668 2180 4739 9.]

932 4788 989 4842 Si
1022 4794 1267 4856 pastores
1309 4786 1509 4850 ovium,
1538 4792 1645 4837 etc.
1676 4781 1893 4850 Reliqua
1936 4782 2038 4835 vid.
2083 4782 2222 4850 apud
2258 4790 2437 4831 aucto-

856 4898 964 4934 rem
990 4878 1284 4933 laudatum.

1604 4965 1688 5019 Vl.

854 5095 1139 5135 BBNEDIC'II
1196 5094 1341 5133 ΡΑΡᾹ
1400 5094 1473 5131 VII
1538 5091 1878 5131 PBIYILEGIUI
1939 5090 2038 5130 PRO
2098 5088 2435 5130 ιιοΝΑετεηιο

1455 5162 1841 5203 νιῑειιιΔοεΝδι.

1475 5259 1633 5313 Anno
1698 5257 1802 5313 975
1818 5297 1830 5311 .
1862 5258 1880 5328 )

1142 5374 1322 5447 [Apud
1352 5372 1665 5438 Aeberium,
1700 5370 1886 5440 Spicil.
1915 5368 1978 5423 Il.
2005 5366 2154 5438 504.]

930 5473 1264 5522 annnmme
1292 5477 1594 5522 eniemmis-
1639 5490 1830 5522 servus
1873 5488 2152 5522 servorum
2178 5476 2300 5522 Dei-
2337 5476 2437 5522 Er-

2556 1945 2875 1998 auctoritate
2898 1960 3205 2009 censemus,
3236 1954 3398 2014 atque
3427 1960 3524 2015 per
3568 1946 3671 2000 hoc
3715 1956 3962 2000 nostrum
3993 1962 4123 2015 apo.

2555 2036 2802 2089 stolicum
2825 2035 3161 2104 privilegium
3190 2036 3593 2101 conﬁrmamus,
3626 2045 3683 2089 ut
3709 2036 3886 2090 nullus
3917 2052 4007 2091 rex
4036 2047 4128 2089 aut

2555 2128 2814 2195 pontifex,
2872 2127 2953 2181 vel
3005 2128 3173 2182 abbas
3218 2136 3313 2181 aut
3365 2143 3569 2191 comes,
3606 2128 3691 2182 vel
3737 2129 4129 2198 qualiscunque

2554 2233 2744 2286 magna
2775 2217 2857 2270 vel
2898 2232 3063 2286 parva
3113 2233 3364 2287 persona,
3413 2218 3655 2272 avaritia:
3685 2220 3981 2287 cupiditate
4003 2236 4127 2274 cor-

2554 2318 2736 2375 rcptus
2784 2316 2876 2360 aut
2934 2306 3195 2360 diabolica
3234 2309 3578 2378 suggestione
3622 2309 3896 2378 deceptus,
3929 2310 4128 2364 audeat

2554 2398 2634 2452 vel
2679 2407 2970 2467 prazsumat
3008 2407 3195 2452 contra
3241 2408 3391 2453 tuum
3418 2400 3697 2463 honorem,
3730 2415 3763 2453 ο
3804 2400 4128 2455 venerabilis

2554 2487 2711 2541 Wido
2740 2488 2895 2551 abba,
2922 2488 3283 2558 qualicunque
3312 2490 3471 2543 modo
3496 2490 3779 2559 insurgere
3808 2491 3859 2543 in
3896 2500 3984 2544 tua
4015 2492 4125 2545 vita

2552 2590 2642 2632 aut
2671 2580 2735 2634 de
2763 2588 2854 2633 tuo
2880 2580 3081 2635 honore
3106 2581 3199 2634 tibi
3232 2580 3508 2635 molestias
3542 2582 3764 2645 inferre,
3791 2581 3870 2636 vel
3908 2584 3973 2635 de
4010 2598 4126 2635 om—

2551 2670 2708 2722 nibus
2748 2670 2907 2723 rebus
2949 2671 3258 2724 monasterii
3290 2685 3408 2738 quae
3454 2671 3548 2725 tibi
3584 2672 3797 2739 tuisque
3826 2672 4125 2740 praedeces-

2550 2758 2764 2811 soribus
2792 2773 2821 2809 a
2850 2756 3005 2810 nobis
3032 2758 3337 2826 nostrisque
3389 2758 3824 2813 antecessoribus
3854 2774 3948 2827 per
3975 2760 4125 2828 pagi-

2550 2860 2673 2898 nam
2704 2845 2966 2914 privilegii
2991 2860 3248 2900 concessa
3293 2856 3455 2914 atque
3484 2846 3698 2901 ﬁrmata
3734 2858 3876 2911 sunt,
3911 2848 4126 2917 aliquas

2551 2935 2861 2988 invasiones
2893 2936 2972 2989 vel
3001 2935 3219 3003 rapinas
3244 2935 3355 2988 sive
3388 2935 3673 2989 violentias
3697 2934 3918 2999 inferre,
3950 2938 3993 2990 si
4017 2952 4122 2989 non

2550 3028 2683 3089 vult,
2709 3029 3030 3081 auctoritate
3059 3027 3150 3081 Dei
3200 3037 3254 3081 et
3302 3027 3474 3080 sancti
3518 3027 3664 3081 Petri
3696 3037 3750 3081 et
3780 3037 3965 3081 nostra
3996 3042 4123 3097 apo-

2549 3116 2741 3170 stolica
2789 3115 3369 3180 excommunicatione,
3422 3131 3450 3167 a
3498 3130 3727 3185 corpore
3768 3124 3821 3170 et
3857 3118 4120 3185 sanguine

2472 3191 2517 3251 C
2550 3209 2758 3263 Domini
2789 3208 2914 3262 Iesu
2941 3207 3142 3262 Christi
3173 3216 3227 3260 et
3256 3207 3324 3260 ab
3351 3207 3595 3274 ingressu
3634 3205 3878 3262 ecclesiae
3918 3208 4124 3278 disjun-

2548 3311 2693 3355 ctum
2724 3315 2861 3355 esse.
2897 3298 3009 3353 Hoc
3052 3313 3265 3368 quoque
3293 3298 3527 3367 capitulo
3557 3300 3807 3368 praesenti
3851 3298 4125 3369 subjungi-

2548 3404 2689 3452 mus,
2714 3396 2772 3441 ut
2802 3388 2974 3443 locum
3007 3387 3249 3441 avaritia:
3297 3386 3657 3452 secludamus,
3694 3387 3899 3441 nullum
3929 3386 3996 3441 de
4040 3402 4123 3442 re-

2546 3480 2719 3549 gibus,
2751 3478 2953 3531 nullum
3010 3479 3074 3532 de
3100 3478 3365 3546 episc0pis
3389 3477 3471 3530 vel
3511 3478 3904 3541 sacerdotibus,
3936 3477 4021 3532 vel
4057 3478 4123 3533 de

2546 3568 2956 3639 quibuscunque
2988 3565 3251 3629 fidelibus,
3289 3581 3386 3635 per
3409 3582 3489 3631 se;
3514 3566 3913 3635 suppositamve
3937 3582 4124 3636 perso-

2544 3674 2693 3721 nam,
2750 3656 2813 3710 de
2845 3655 3183 3709 ordinatione
3230 3654 3468 3724 ejusdem
3520 3654 3756 3717 abbatis,
3791 3654 3875 3710 vel
3900 3654 4123 3710 clerico.

2543 3767 2684 3814 rum,
2714 3757 2806 3801 aut
2844 3748 3300 3816 presbyterorum,
3333 3746 3414 3801 vel
3444 3747 3511 3800 de
3550 3746 3835 3816 largitione
3862 3747 4124 3801 chrisma-

2545 3842 2633 3905 tis,
2667 3850 2759 3894 aut
2788 3839 3199 3893 consecratione
3230 3837 3488 3903 basilicte,
3513 3838 3594 3892 vel
3620 3838 3687 3893 de
3711 3840 4121 3909 quibuscunque

2545 3931 2722 3985 causis
2744 3931 2811 3983 ad
2861 3930 3001 3984 idem
3029 3929 3417 3981 monasterium
3462 3930 3885 3997 pertinentibus,
3920 3932 4123 4002 audere

2546 4022 2597 4074 in
2646 4020 2886 4090 qualibet
2917 4019 3095 4087 specie
3137 4018 3311 4072 exenii
3353 4018 3468 4073 loco
3499 4020 3791 4089 quidquam
3839 4021 4113 4090 accipere,

2544 4124 2716 4180 neque
2738 4109 2982 4164 eumdem
3010 4108 3256 4162 abbatem
3285 4122 3383 4176 pro
3406 4109 3744 4163 ordinatione
3769 4125 3864 4162 sua
3896 4110 4117 4178 aliquid,

2545 4203 2672 4255 dare
2695 4215 3039 4271 praisumere,
3066 4215 3131 4253 ne
3155 4199 3255 4252 hac
3267 4198 3571 4262 occasione,
3596 4214 3659 4253 ea
3678 4214 3798 4267 qua:
3818 4214 3847 4252 a
3871 4198 4119 4253 ﬁdelibus

2544 4292 2631 4359 pio
2658 4292 2774 4345 loco
2806 4292 3126 4352 oﬂ‘eruntur,
3174 4299 3582 4343 consumantur.
3611 4288 3795 4358 Neque
3832 4291 4118 4360 episc0pus

2544 4382 2779 4436 civitatis
2811 4383 2979 4451 ipsius
3024 4382 3294 4451 parochite
3335 4383 3437 4437 nisi
3481 4382 3550 4435 ab
3576 4382 3772 4436 abbate
3810 4383 3979 4451 ipsius
4004 4399 4119 4437 mo-

2544 4476 2764 4529 nasterii
2797 4475 3074 4538 invitatus,
3109 4476 3304 4529 ibidem
3346 4474 3588 4543 publicas
3614 4474 3808 4526 missas
3842 4483 3988 4544 agat,
4019 4491 4114 4528 ne-

2542 4583 2645 4636 que
2666 4567 2923 4621 stationes
2944 4569 2996 4620 in
3021 4567 3206 4621 eodem
3230 4568 3473 4621 cmnobio
3498 4567 3722 4631 indicat,
3747 4582 3811 4620 ne
3834 4582 4114 4623 servorum

2545 4660 2637 4713 Dei
2666 4660 2819 4728 quies
2842 4657 3222 4727 quoquomodo
3250 4657 3488 4727 pepulari
3512 4664 3779 4710 conventu
3806 4659 4118 4725 perturbari

2543 4752 2735 4817 valeat,
2781 4766 2955 4820 neque
3005 4759 3239 4820 paratas,
3294 4758 3385 4803 aut
3440 4749 3858 4804 mansionaticos
3921 4749 4127 4805 exinde

2545 4848 2837 4911 praasumat
2864 4839 3097 4909 exigere.
3132 4838 3542 4906 Susceptionem
3584 4846 3765 4892 autem
3796 4836 4037 4894 ﬁdelium
4071 4851 4126 4894 et

2545 4933 2914 5002 religiosorum
2963 4930 3200 4984 virorum
3252 4938 3412 4998 atque
3452 4930 3899 4994 beneﬁcentiam,
3951 4947 4123 5002 quam

2538 5025 2691 5094 jubet
2716 5022 3002 5093 Apostolus
3026 5023 3233 5075 cunctis
3253 5020 3609 5075 exhibendam
3635 5038 3734 5093 pro
3754 5022 3997 5093 possibili
4012 5034 4123 5078 tate

2541 5114 2640 5169 loci
2668 5122 2721 5167 et
2748 5112 3082 5175 facultatum,
3123 5124 3226 5164 non
3256 5110 3413 5163 modo
3456 5110 3652 5165 ibidem
3691 5112 3806 5166 ﬁeri
3841 5112 3996 5185 [non]
4032 5115 4120 5166 de-

2540 5220 2822 5276 negamus,
2852 5217 3037 5256 verum
3060 5202 3222 5255 etiam
3262 5202 3555 5256 suademus
3585 5219 3596 5255 :
3627 5203 3721 5256 sed
3750 5212 3804 5256 et
3830 5204 4026 5259 modus
4061 5204 4113 5256 in

2540 5308 2767 5349 numero
2803 5292 3239 5362 congregationis
3290 5290 3424 5344 adeo
3478 5302 3869 5359 conservetur,
3903 5303 3965 5347 ut
4012 5308 4113 5347 nec

2540 5384 2819 5455 piuralitas
2867 5382 3168 5452 penuriam,
3219 5396 3317 5434 nec
3385 5382 3628 5448 paucitas
3692 5382 4108 5437 inhabitantium

2537 5474 2941 5522 destitutionem
2967 5471 3068 5522 loci
3098 5471 3349 5522 inducere
3374 5472 3567 5522 valeat.
3596 5473 3665 5522 De
3687 5482 3885 5522 caetero
3917 5483 4107 5522 notum
