  <div class='ocr_page' id='page_1' title='image "/cluster/home/n/w/nwhite01/storage/ocr_20150623/137/hvd.32044021286828/168.png"; bbox 0 0 4472 5522; ppageno 0'>
   <div class='ocr_carea' id='block_1_1' title="bbox 348 417 450 470">
    <p class='ocr_par' dir='ltr' id='par_1_1' title="bbox 348 417 450 470">
     <span class='ocr_line' id='line_1_1' title="bbox 348 417 450 470; baseline 0.01 -2"><span class='ocrx_word' id='word_1_1' title='bbox 348 417 450 470; x_wconf 71' lang='lat'><strong>3‘23</strong></span> 
     </span>
    </p>
   </div>
   <div class='ocr_carea' id='block_1_2' title="bbox 1554 429 2482 492">
    <p class='ocr_par' dir='ltr' id='par_1_2' title="bbox 1554 429 2482 492">
     <span class='ocr_line' id='line_1_2' title="bbox 1554 429 2482 492; baseline 0.012 -11"><span class='ocrx_word' id='word_1_2' title='bbox 1554 429 1907 484; x_wconf 69' lang='lat' dir='ltr'><strong>EFISTOLAZ</strong></span> <span class='ocrx_word' id='word_1_3' title='bbox 1948 433 2033 486; x_wconf 84' lang='lat' dir='ltr'><strong>ET</strong></span> <span class='ocrx_word' id='word_1_4' title='bbox 2075 433 2482 492; x_wconf 74' lang='lat' dir='ltr'><strong>f‘RlVlLEGlA.</strong></span> 
     </span>
    </p>
   </div>
   <div class='ocr_carea' id='block_1_3' title="bbox 3476 491 3541 508">
    <p class='ocr_par' dir='ltr' id='par_1_3' title="bbox 3476 491 3541 508">
     <span class='ocr_line' id='line_1_3' title="bbox 3476 491 3541 508; baseline 0.031 -2"><span class='ocrx_word' id='word_1_5' title='bbox 3476 491 3541 508; x_wconf 63' lang='grc' dir='ltr'><strong>ιλ-</strong></span> 
     </span>
    </p>
   </div>
   <div class='ocr_carea' id='block_1_4' title="bbox 345 528 3576 631">
    <p class='ocr_par' dir='ltr' id='par_1_4' title="bbox 345 528 3576 631">
     <span class='ocr_line' id='line_1_4' title="bbox 345 528 3576 631; baseline 0.012 -51"><span class='ocrx_word' id='word_1_6' title='bbox 345 528 508 592; x_wconf 86' lang='lat' dir='ltr'><strong>Petri,</strong></span> <span class='ocrx_word' id='word_1_7' title='bbox 565 538 619 582; x_wconf 91' lang='lat' dir='ltr'><strong>et</strong></span> <span class='ocrx_word' id='word_1_8' title='bbox 666 533 833 585; x_wconf 88' lang='lat' dir='ltr'><strong>sancti</strong></span> <span class='ocrx_word' id='word_1_9' title='bbox 864 531 1252 605; x_wconf 85' lang='lat' dir='ltr'><strong>Christophori,</strong></span> <span class='ocrx_word' id='word_1_10' title='bbox 1295 540 1570 608; x_wconf 89' lang='lat' dir='ltr'><strong>sanctique</strong></span> <span class='ocrx_word' id='word_1_11' title='bbox 1626 540 1904 607; x_wconf 79' lang='lat' dir='ltr'><strong>Germani,</strong></span> <span class='ocrx_word' id='word_1_12' title='bbox 1937 551 1978 606; x_wconf 82' lang='grc' dir='ltr'><strong>Α</strong></span> <span class='ocrx_word' id='word_1_13' title='bbox 2011 546 2272 612; x_wconf 73' lang='lat' dir='ltr'><strong>condigno</strong></span> <span class='ocrx_word' id='word_1_14' title='bbox 2300 549 2565 603; x_wconf 89' lang='lat' dir='ltr'><strong>sincerum</strong></span> <span class='ocrx_word' id='word_1_15' title='bbox 2597 567 2874 608; x_wconf 79' lang='lat' dir='ltr'><strong>assensum</strong></span> <span class='ocrx_word' id='word_1_16' title='bbox 2913 560 3206 624; x_wconf 75' lang='lat' dir='ltr'><strong>przehentes</strong></span> <span class='ocrx_word' id='word_1_17' title='bbox 3240 602 3252 623; x_wconf 92' lang='lat'><strong>,</strong></span> <span class='ocrx_word' id='word_1_18' title='bbox 3286 565 3576 631; x_wconf 86' lang='lat' dir='ltr'><strong>apostolica</strong></span> 
     </span>
    </p>
   </div>
   <div class='ocr_carea' id='block_1_5' title="bbox 344 621 1905 697">
    <p class='ocr_par' dir='ltr' id='par_1_5' title="bbox 344 621 1905 697">
     <span class='ocr_line' id='line_1_5' title="bbox 344 621 1905 697; baseline 0.01 -27"><span class='ocrx_word' id='word_1_19' title='bbox 344 633 552 672; x_wconf 79' lang='lat' dir='ltr'><strong>necnon</strong></span> <span class='ocrx_word' id='word_1_20' title='bbox 603 623 772 675; x_wconf 89' lang='lat' dir='ltr'><strong>sancti</strong></span> <span class='ocrx_word' id='word_1_21' title='bbox 821 621 1153 694; x_wconf 77' lang='lat' dir='ltr'><strong>Leodegarii,</strong></span> <span class='ocrx_word' id='word_1_22' title='bbox 1185 643 1320 695; x_wconf 88' lang='lat' dir='ltr'><strong>quas</strong></span> <span class='ocrx_word' id='word_1_23' title='bbox 1348 628 1460 697; x_wconf 90' lang='lat' dir='ltr'><strong>ipse</strong></span> <span class='ocrx_word' id='word_1_24' title='bbox 1490 630 1778 697; x_wconf 71' lang='lat' dir='ltr'><strong>prmdictus</strong></span> <span class='ocrx_word' id='word_1_25' title='bbox 1813 635 1905 686; x_wconf 83' lang='lat' dir='ltr'><strong>ab-</strong></span> 
     </span>
    </p>
   </div>
   <div class='ocr_carea' id='block_1_6' title="bbox 341 709 1906 786">
    <p class='ocr_par' dir='ltr' id='par_1_6' title="bbox 341 709 1906 786">
     <span class='ocr_line' id='line_1_6' title="bbox 341 709 1906 786; baseline 0.01 -24"><span class='ocrx_word' id='word_1_26' title='bbox 341 710 437 762; x_wconf 88' lang='lat' dir='ltr'><strong>bas</strong></span> <span class='ocrx_word' id='word_1_27' title='bbox 477 709 544 763; x_wconf 90' lang='lat' dir='ltr'><strong>ab</strong></span> <span class='ocrx_word' id='word_1_28' title='bbox 575 710 762 765; x_wconf 89' lang='lat' dir='ltr'><strong>eodem</strong></span> <span class='ocrx_word' id='word_1_29' title='bbox 798 715 1050 785; x_wconf 90' lang='lat' dir='ltr'><strong>episcopo</strong></span> <span class='ocrx_word' id='word_1_30' title='bbox 1095 717 1493 786; x_wconf 85' lang='lat' dir='ltr'><strong>impetraverat,</strong></span> <span class='ocrx_word' id='word_1_31' title='bbox 1547 723 1701 775; x_wconf 80' lang='lat' dir='ltr'><strong>sicuti</strong></span> <span class='ocrx_word' id='word_1_32' title='bbox 1757 733 1906 777; x_wconf 85' lang='lat' dir='ltr'><strong>antc-</strong></span> 
     </span>
    </p>
   </div>
   <div class='ocr_carea' id='block_1_7' title="bbox 340 803 1902 882">
    <p class='ocr_par' dir='ltr' id='par_1_7' title="bbox 340 803 1902 882">
     <span class='ocr_line' id='line_1_7' title="bbox 340 803 1902 882; baseline 0.011 -30"><span class='ocrx_word' id='word_1_33' title='bbox 340 815 588 856; x_wconf 85' lang='lat' dir='ltr'><strong>cessores</strong></span> <span class='ocrx_word' id='word_1_34' title='bbox 618 803 733 873; x_wconf 87' lang='lat' dir='ltr'><strong>ejus</strong></span> <span class='ocrx_word' id='word_1_35' title='bbox 768 805 834 859; x_wconf 90' lang='lat' dir='ltr'><strong>ab</strong></span> <span class='ocrx_word' id='word_1_36' title='bbox 860 806 1125 876; x_wconf 86' lang='lat' dir='ltr'><strong>episcopis</strong></span> <span class='ocrx_word' id='word_1_37' title='bbox 1170 810 1342 878; x_wconf 86' lang='lat' dir='ltr'><strong>ipsius</strong></span> <span class='ocrx_word' id='word_1_38' title='bbox 1381 812 1522 866; x_wconf 87' lang='lat' dir='ltr'><strong>sedis</strong></span> <span class='ocrx_word' id='word_1_39' title='bbox 1575 829 1669 882; x_wconf 91' lang='lat' dir='ltr'><strong>per</strong></span> <span class='ocrx_word' id='word_1_40' title='bbox 1713 829 1902 869; x_wconf 89' lang='lat' dir='ltr'><strong>succe-</strong></span> 
     </span>
    </p>
   </div>
   <div class='ocr_carea' id='block_1_8' title="bbox 337 888 1904 966">
    <p class='ocr_par' dir='ltr' id='par_1_8' title="bbox 337 888 1904 966">
     <span class='ocr_line' id='line_1_8' title="bbox 337 888 1904 966; baseline 0.01 -25"><span class='ocrx_word' id='word_1_41' title='bbox 337 888 516 942; x_wconf 86' lang='lat' dir='ltr'><strong>dentia</strong></span> <span class='ocrx_word' id='word_1_42' title='bbox 551 899 789 962; x_wconf 90' lang='lat' dir='ltr'><strong>tempora</strong></span> <span class='ocrx_word' id='word_1_43' title='bbox 827 894 1087 949; x_wconf 79' lang='lat' dir='ltr'><strong>ordinatis</strong></span> <span class='ocrx_word' id='word_1_44' title='bbox 1124 897 1315 952; x_wconf 90' lang='lat' dir='ltr'><strong>fecisse</strong></span> <span class='ocrx_word' id='word_1_45' title='bbox 1361 909 1687 966; x_wconf 89' lang='lat' dir='ltr'><strong>noscuntur,</strong></span> <span class='ocrx_word' id='word_1_46' title='bbox 1719 913 1774 955; x_wconf 90' lang='lat' dir='ltr'><strong>ut</strong></span> <span class='ocrx_word' id='word_1_47' title='bbox 1804 904 1904 958; x_wconf 91' lang='lat' dir='ltr'><strong>sub</strong></span> 
     </span>
    </p>
   </div>
   <div class='ocr_carea' id='block_1_9' title="bbox 335 978 1902 1060">
    <p class='ocr_par' dir='ltr' id='par_1_9' title="bbox 335 978 1902 1060">
     <span class='ocr_line' id='line_1_9' title="bbox 335 978 1902 1060; baseline 0.012 -33"><span class='ocrx_word' id='word_1_48' title='bbox 335 978 471 1030; x_wconf 86' lang='lat' dir='ltr'><strong>con-ti</strong></span> <span class='ocrx_word' id='word_1_49' title='bbox 483 979 742 1034; x_wconf 90' lang='lat' dir='ltr'><strong>rmatione</strong></span> <span class='ocrx_word' id='word_1_50' title='bbox 766 984 928 1035; x_wconf 95' lang='lat' dir='ltr'><strong>nostri</strong></span> <span class='ocrx_word' id='word_1_51' title='bbox 951 985 1212 1056; x_wconf 75' lang='lat' dir='ltr'><strong>privilegii</strong></span> <span class='ocrx_word' id='word_1_52' title='bbox 1236 989 1733 1054; x_wconf 89' lang='lat' dir='ltr'><strong>corroboraremus,</strong></span> <span class='ocrx_word' id='word_1_53' title='bbox 1759 993 1902 1060; x_wconf 90' lang='lat' dir='ltr'><strong>quod</strong></span> 
     </span>
    </p>
   </div>
   <div class='ocr_carea' id='block_1_10' title="bbox 334 1067 1902 1152">
    <p class='ocr_par' dir='ltr' id='par_1_10' title="bbox 334 1067 1902 1152">
     <span class='ocr_line' id='line_1_10' title="bbox 334 1067 1902 1152; baseline 0.011 -32"><span class='ocrx_word' id='word_1_54' title='bbox 334 1077 387 1121; x_wconf 88' lang='lat' dir='ltr'><strong>et</strong></span> <span class='ocrx_word' id='word_1_55' title='bbox 413 1067 659 1134; x_wconf 80' lang='lat' dir='ltr'><strong>fecimus,</strong></span> <span class='ocrx_word' id='word_1_56' title='bbox 686 1076 1238 1141; x_wconf 82' lang='lat' dir='ltr'><strong>excommunicantes,</strong></span> <span class='ocrx_word' id='word_1_57' title='bbox 1272 1089 1329 1133; x_wconf 93' lang='lat' dir='ltr'><strong>ut</strong></span> <span class='ocrx_word' id='word_1_58' title='bbox 1358 1080 1537 1135; x_wconf 88' lang='lat' dir='ltr'><strong>nullus</strong></span> <span class='ocrx_word' id='word_1_59' title='bbox 1560 1082 1902 1152; x_wconf 75' lang='lat' dir='ltr'><strong>Augustodu-</strong></span> 
     </span>
    </p>
   </div>
   <div class='ocr_carea' id='block_1_11' title="bbox 331 1160 1899 1237">
    <p class='ocr_par' dir='ltr' id='par_1_11' title="bbox 331 1160 1899 1237">
     <span class='ocr_line' id='line_1_11' title="bbox 331 1160 1899 1237; baseline 0.013 -28"><span class='ocrx_word' id='word_1_60' title='bbox 331 1160 514 1213; x_wconf 84' lang='lat' dir='ltr'><strong>nensis</strong></span> <span class='ocrx_word' id='word_1_61' title='bbox 538 1161 788 1217; x_wconf 73' lang='lat' dir='ltr'><strong>Ecclesia:</strong></span> <span class='ocrx_word' id='word_1_62' title='bbox 811 1166 1092 1235; x_wconf 88' lang='lat' dir='ltr'><strong>episcopus</strong></span> <span class='ocrx_word' id='word_1_63' title='bbox 1111 1169 1344 1237; x_wconf 81' lang='lat' dir='ltr'><strong>aliquam</strong></span> <span class='ocrx_word' id='word_1_64' title='bbox 1371 1172 1693 1226; x_wconf 84' lang='lat' dir='ltr'><strong>calumniam</strong></span> <span class='ocrx_word' id='word_1_65' title='bbox 1719 1175 1899 1230; x_wconf 91' lang='lat' dir='ltr'><strong>abbati</strong></span> 
     </span>
    </p>
   </div>
   <div class='ocr_carea' id='block_1_12' title="bbox 329 1248 1894 1330">
    <p class='ocr_par' dir='ltr' id='par_1_12' title="bbox 329 1248 1894 1330">
     <span class='ocr_line' id='line_1_12' title="bbox 329 1248 1894 1330; baseline 0.014 -30"><span class='ocrx_word' id='word_1_66' title='bbox 329 1248 571 1314; x_wconf 77' lang='lat' dir='ltr'><strong>ejusdem</strong></span> <span class='ocrx_word' id='word_1_67' title='bbox 597 1251 696 1306; x_wconf 90' lang='lat' dir='ltr'><strong>loci</strong></span> <span class='ocrx_word' id='word_1_68' title='bbox 722 1254 832 1308; x_wconf 90' lang='lat' dir='ltr'><strong>sive</strong></span> <span class='ocrx_word' id='word_1_69' title='bbox 862 1258 1136 1312; x_wconf 84' lang='lat' dir='ltr'><strong>monachis</strong></span> <span class='ocrx_word' id='word_1_70' title='bbox 1159 1260 1224 1314; x_wconf 90' lang='lat' dir='ltr'><strong>de</strong></span> <span class='ocrx_word' id='word_1_71' title='bbox 1250 1261 1380 1330; x_wconf 88' lang='lat' dir='ltr'><strong>ipsis</strong></span> <span class='ocrx_word' id='word_1_72' title='bbox 1406 1262 1600 1318; x_wconf 75' lang='lat' dir='ltr'><strong>inferat</strong></span> <span class='ocrx_word' id='word_1_73' title='bbox 1627 1265 1894 1330; x_wconf 88' lang='lat' dir='ltr'><strong>ecclesiis,</strong></span> 
     </span>
    </p>
   </div>
   <div class='ocr_carea' id='block_1_13' title="bbox 328 1341 1899 1426">
    <p class='ocr_par' dir='ltr' id='par_1_13' title="bbox 328 1341 1899 1426">
     <span class='ocr_line' id='line_1_13' title="bbox 328 1341 1899 1426; baseline 0.013 -36"><span class='ocrx_word' id='word_1_74' title='bbox 328 1341 439 1393; x_wconf 84' lang='lat' dir='ltr'><strong>sive</strong></span> <span class='ocrx_word' id='word_1_75' title='bbox 480 1342 543 1394; x_wconf 88' lang='lat' dir='ltr'><strong>de</strong></span> <span class='ocrx_word' id='word_1_76' title='bbox 575 1345 817 1408; x_wconf 84' lang='lat' dir='ltr'><strong>decimis,</strong></span> <span class='ocrx_word' id='word_1_77' title='bbox 865 1354 969 1399; x_wconf 89' lang='lat' dir='ltr'><strong>tam</strong></span> <span class='ocrx_word' id='word_1_78' title='bbox 1001 1349 1113 1418; x_wconf 88' lang='lat' dir='ltr'><strong>ipse</strong></span> <span class='ocrx_word' id='word_1_79' title='bbox 1152 1367 1312 1419; x_wconf 85' lang='lat' dir='ltr'><strong>quam</strong></span> <span class='ocrx_word' id='word_1_80' title='bbox 1345 1353 1519 1422; x_wconf 90' lang='lat' dir='ltr'><strong>aliqua</strong></span> <span class='ocrx_word' id='word_1_81' title='bbox 1549 1357 1744 1409; x_wconf 88' lang='lat' dir='ltr'><strong>emissa</strong></span> <span class='ocrx_word' id='word_1_82' title='bbox 1775 1371 1899 1426; x_wconf 86' lang='lat' dir='ltr'><strong>per-</strong></span> 
     </span>
    </p>
   </div>
   <div class='ocr_carea' id='block_1_14' title="bbox 326 1435 1900 1517">
    <p class='ocr_par' dir='ltr' id='par_1_14' title="bbox 326 1435 1900 1517">
     <span class='ocr_line' id='line_1_14' title="bbox 326 1435 1900 1517; baseline 0.013 -35"><span class='ocrx_word' id='word_1_83' title='bbox 326 1448 457 1486; x_wconf 83' lang='lat' dir='ltr'><strong>sona</strong></span> <span class='ocrx_word' id='word_1_84' title='bbox 514 1435 688 1488; x_wconf 87' lang='lat' dir='ltr'><strong>valeat</strong></span> <span class='ocrx_word' id='word_1_85' title='bbox 721 1437 960 1493; x_wconf 89' lang='lat' dir='ltr'><strong>minuere</strong></span> <span class='ocrx_word' id='word_1_86' title='bbox 1006 1451 1096 1495; x_wconf 89' lang='lat' dir='ltr'><strong>aut</strong></span> <span class='ocrx_word' id='word_1_87' title='bbox 1128 1443 1176 1496; x_wconf 91' lang='lat' dir='ltr'><strong>iu</strong></span> <span class='ocrx_word' id='word_1_88' title='bbox 1225 1445 1383 1497; x_wconf 91' lang='lat' dir='ltr'><strong>aliam</strong></span> <span class='ocrx_word' id='word_1_89' title='bbox 1420 1446 1712 1501; x_wconf 83' lang='lat' dir='ltr'><strong>transferre</strong></span> <span class='ocrx_word' id='word_1_90' title='bbox 1741 1463 1900 1517; x_wconf 78' lang='lat' dir='ltr'><strong>paro-</strong></span> 
     </span>
    </p>
   </div>
   <div class='ocr_carea' id='block_1_15' title="bbox 323 1523 1892 1605">
    <p class='ocr_par' dir='ltr' id='par_1_15' title="bbox 323 1523 1892 1605">
     <span class='ocr_line' id='line_1_15' title="bbox 323 1523 1892 1605; baseline 0.014 -33"><span class='ocrx_word' id='word_1_91' title='bbox 323 1523 520 1575; x_wconf 77' lang='lat' dir='ltr'><strong>cliiam.</strong></span> <span class='ocrx_word' id='word_1_92' title='bbox 554 1524 607 1578; x_wconf 84' lang='lat' dir='ltr'><strong>Si</strong></span> <span class='ocrx_word' id='word_1_93' title='bbox 647 1529 766 1594; x_wconf 83' lang='lat' dir='ltr'><strong>quis</strong></span> <span class='ocrx_word' id='word_1_94' title='bbox 807 1544 932 1582; x_wconf 89' lang='lat' dir='ltr'><strong>vero</strong></span> <span class='ocrx_word' id='word_1_95' title='bbox 966 1546 1170 1601; x_wconf 80' lang='lat' dir='ltr'><strong>regum,</strong></span> <span class='ocrx_word' id='word_1_96' title='bbox 1203 1537 1599 1605; x_wconf 89' lang='lat' dir='ltr'><strong>episcoporum,</strong></span> <span class='ocrx_word' id='word_1_97' title='bbox 1638 1541 1892 1594; x_wconf 87' lang='lat' dir='ltr'><strong>sacerdo-</strong></span> 
     </span>
    </p>
   </div>
   <div class='ocr_carea' id='block_1_16' title="bbox 325 1614 1891 1688">
    <p class='ocr_par' dir='ltr' id='par_1_16' title="bbox 325 1614 1891 1688">
     <span class='ocr_line' id='line_1_16' title="bbox 325 1614 1891 1688; baseline 0.015 -28"><span class='ocrx_word' id='word_1_98' title='bbox 325 1621 458 1672; x_wconf 88' lang='lat' dir='ltr'><strong>tum,</strong></span> <span class='ocrx_word' id='word_1_99' title='bbox 491 1614 766 1677; x_wconf 76' lang='lat' dir='ltr'><strong>abbatum,</strong></span> <span class='ocrx_word' id='word_1_100' title='bbox 792 1618 1053 1685; x_wconf 89' lang='lat' dir='ltr'><strong>judicnm,</strong></span> <span class='ocrx_word' id='word_1_101' title='bbox 1106 1626 1387 1688; x_wconf 90' lang='lat' dir='ltr'><strong>comitum,</strong></span> <span class='ocrx_word' id='word_1_102' title='bbox 1419 1638 1506 1680; x_wconf 87' lang='lat' dir='ltr'><strong>aut</strong></span> <span class='ocrx_word' id='word_1_103' title='bbox 1552 1630 1891 1684; x_wconf 61' lang='lat' dir='ltr'><strong>smcularium</strong></span> 
     </span>
    </p>
   </div>
   <div class='ocr_carea' id='block_1_17' title="bbox 320 1710 1887 1786">
    <p class='ocr_par' dir='ltr' id='par_1_17' title="bbox 320 1710 1887 1786">
     <span class='ocr_line' id='line_1_17' title="bbox 320 1710 1887 1786; baseline 0.013 -35"><span class='ocrx_word' id='word_1_104' title='bbox 320 1716 692 1768; x_wconf 83' lang='lat' dir='ltr'><strong>personarum,</strong></span> <span class='ocrx_word' id='word_1_105' title='bbox 722 1717 909 1760; x_wconf 90' lang='lat' dir='ltr'><strong>contra</strong></span> <span class='ocrx_word' id='word_1_106' title='bbox 945 1710 1082 1762; x_wconf 92' lang='lat' dir='ltr'><strong>hanc</strong></span> <span class='ocrx_word' id='word_1_107' title='bbox 1115 1722 1312 1765; x_wconf 69' lang='lat' dir='ltr'><strong>nostra:</strong></span> <span class='ocrx_word' id='word_1_108' title='bbox 1358 1715 1710 1771; x_wconf 88' lang='lat' dir='ltr'><strong>institutionis</strong></span> <span class='ocrx_word' id='word_1_109' title='bbox 1742 1719 1887 1786; x_wconf 82' lang='lat' dir='ltr'><strong>pagi-</strong></span> 
     </span>
    </p>
   </div>
   <div class='ocr_carea' id='block_1_18' title="bbox 319 1795 1889 1873">
    <p class='ocr_par' dir='ltr' id='par_1_18' title="bbox 319 1795 1889 1873">
     <span class='ocr_line' id='line_1_18' title="bbox 319 1795 1889 1873; baseline 0.013 -31"><span class='ocrx_word' id='word_1_110' title='bbox 319 1807 441 1843; x_wconf 82' lang='lat' dir='ltr'><strong>nam</strong></span> <span class='ocrx_word' id='word_1_111' title='bbox 471 1795 655 1848; x_wconf 89' lang='lat' dir='ltr'><strong>venire</strong></span> <span class='ocrx_word' id='word_1_112' title='bbox 685 1800 994 1861; x_wconf 86' lang='lat' dir='ltr'><strong>tentaverit,</strong></span> <span class='ocrx_word' id='word_1_113' title='bbox 1034 1816 1322 1867; x_wconf 86' lang='lat' dir='ltr'><strong>percussus</strong></span> <span class='ocrx_word' id='word_1_114' title='bbox 1350 1809 1644 1873; x_wconf 89' lang='lat' dir='ltr'><strong>apostolico</strong></span> <span class='ocrx_word' id='word_1_115' title='bbox 1672 1811 1889 1862; x_wconf 89' lang='lat' dir='ltr'><strong>anathe-</strong></span> 
     </span>
    </p>
   </div>
   <div class='ocr_carea' id='block_1_19' title="bbox 316 1887 1965 1964">
    <p class='ocr_par' dir='ltr' id='par_1_19' title="bbox 316 1887 1965 1964">
     <span class='ocr_line' id='line_1_19' title="bbox 316 1887 1965 1964; baseline 0.016 -35"><span class='ocrx_word' id='word_1_116' title='bbox 316 1889 478 1940; x_wconf 84' lang='lat' dir='ltr'><strong>mate,</strong></span> <span class='ocrx_word' id='word_1_117' title='bbox 531 1887 812 1948; x_wconf 81' lang='lat' dir='ltr'><strong>potestatis</strong></span> <span class='ocrx_word' id='word_1_118' title='bbox 865 1887 1152 1944; x_wconf 73' lang='lat' dir='ltr'><strong>honorisve</strong></span> <span class='ocrx_word' id='word_1_119' title='bbox 1214 1894 1305 1960; x_wconf 85' lang='lat' dir='ltr'><strong>qui</strong></span> <span class='ocrx_word' id='word_1_120' title='bbox 1358 1894 1615 1964; x_wconf 79' lang='lat' dir='ltr'><strong>dignitate</strong></span> <span class='ocrx_word' id='word_1_121' title='bbox 1664 1906 1885 1958; x_wconf 84' lang='lat' dir='ltr'><strong>careat,</strong></span> <span class='ocrx_word' id='word_1_122' title='bbox 1923 1896 1965 1955; x_wconf 89' lang='grc' dir='ltr'><strong><em>Β</em></strong></span> 
     </span>
    </p>
   </div>
   <div class='ocr_carea' id='block_1_20' title="bbox 316 1975 1884 2052">
    <p class='ocr_par' dir='ltr' id='par_1_20' title="bbox 316 1975 1884 2052">
     <span class='ocr_line' id='line_1_20' title="bbox 316 1975 1884 2052; baseline 0.013 -34"><span class='ocrx_word' id='word_1_123' title='bbox 316 1982 573 2036; x_wconf 89' lang='lat' dir='ltr'><strong>renmque</strong></span> <span class='ocrx_word' id='word_1_124' title='bbox 605 1987 662 2025; x_wconf 91' lang='lat' dir='ltr'><strong>se</strong></span> <span class='ocrx_word' id='word_1_125' title='bbox 706 1988 885 2026; x_wconf 89' lang='lat' dir='ltr'><strong>coram</strong></span> <span class='ocrx_word' id='word_1_126' title='bbox 913 1975 1093 2031; x_wconf 88' lang='lat' dir='ltr'><strong>divino</strong></span> <span class='ocrx_word' id='word_1_127' title='bbox 1117 1980 1320 2046; x_wconf 85' lang='lat' dir='ltr'><strong>judicio</strong></span> <span class='ocrx_word' id='word_1_128' title='bbox 1363 1995 1670 2052; x_wconf 61' lang='lat' dir='ltr'><strong>cognoscat,</strong></span> <span class='ocrx_word' id='word_1_129' title='bbox 1701 1994 1750 2038; x_wconf 88' lang='lat' dir='ltr'><strong>et</strong></span> <span class='ocrx_word' id='word_1_130' title='bbox 1783 1986 1884 2038; x_wconf 84' lang='lat' dir='ltr'><strong>nisi</strong></span> 
     </span>
    </p>
   </div>
   <div class='ocr_carea' id='block_1_21' title="bbox 313 2065 1874 2135">
    <p class='ocr_par' dir='ltr' id='par_1_21' title="bbox 313 2065 1874 2135">
     <span class='ocr_line' id='line_1_21' title="bbox 313 2065 1874 2135; baseline 0.013 -27"><span class='ocrx_word' id='word_1_131' title='bbox 313 2073 372 2109; x_wconf 88' lang='lat' dir='ltr'><strong>ea</strong></span> <span class='ocrx_word' id='word_1_132' title='bbox 400 2073 518 2125; x_wconf 71' lang='lat' dir='ltr'><strong>qum</strong></span> <span class='ocrx_word' id='word_1_133' title='bbox 547 2077 573 2112; x_wconf 89' lang='lat' dir='ltr'><strong>a</strong></span> <span class='ocrx_word' id='word_1_134' title='bbox 604 2076 661 2114; x_wconf 92' lang='lat' dir='ltr'><strong>se</strong></span> <span class='ocrx_word' id='word_1_135' title='bbox 712 2065 848 2118; x_wconf 90' lang='lat' dir='ltr'><strong>male</strong></span> <span class='ocrx_word' id='word_1_136' title='bbox 879 2075 1000 2119; x_wconf 86' lang='lat' dir='ltr'><strong>acta</strong></span> <span class='ocrx_word' id='word_1_137' title='bbox 1047 2080 1170 2122; x_wconf 92' lang='lat' dir='ltr'><strong>sunt</strong></span> <span class='ocrx_word' id='word_1_138' title='bbox 1202 2071 1478 2135; x_wconf 67' lang='lat' dir='ltr'><strong>tiClCVtPl‘il,</strong></span> <span class='ocrx_word' id='word_1_139' title='bbox 1533 2090 1560 2126; x_wconf 86' lang='lat' dir='ltr'><strong>a</strong></span> <span class='ocrx_word' id='word_1_140' title='bbox 1617 2078 1874 2128; x_wconf 86' lang='lat' dir='ltr'><strong>sacratis-</strong></span> 
     </span>
    </p>
   </div>
   <div class='ocr_carea' id='block_1_22' title="bbox 312 2149 1884 2221">
    <p class='ocr_par' dir='ltr' id='par_1_22' title="bbox 312 2149 1884 2221">
     <span class='ocr_line' id='line_1_22' title="bbox 312 2149 1884 2221; baseline 0.015 -23"><span class='ocrx_word' id='word_1_141' title='bbox 312 2149 449 2201; x_wconf 76' lang='lat' dir='ltr'><strong>simo</strong></span> <span class='ocrx_word' id='word_1_142' title='bbox 501 2166 729 2218; x_wconf 79' lang='lat' dir='ltr'><strong>corpore</strong></span> <span class='ocrx_word' id='word_1_143' title='bbox 781 2155 987 2208; x_wconf 88' lang='lat' dir='ltr'><strong>Domini</strong></span> <span class='ocrx_word' id='word_1_144' title='bbox 1044 2161 1211 2212; x_wconf 85' lang='lat' dir='ltr'><strong>nostri</strong></span> <span class='ocrx_word' id='word_1_145' title='bbox 1256 2159 1379 2213; x_wconf 78' lang='lat' dir='ltr'><strong>Jcsu</strong></span> <span class='ocrx_word' id='word_1_146' title='bbox 1429 2163 1629 2217; x_wconf 86' lang='lat' dir='ltr'><strong>Christi</strong></span> <span class='ocrx_word' id='word_1_147' title='bbox 1679 2167 1884 2221; x_wconf 87' lang='lat' dir='ltr'><strong>alienus</strong></span> 
     </span>
    </p>
   </div>
   <div class='ocr_carea' id='block_1_23' title="bbox 311 2240 1882 2325">
    <p class='ocr_par' dir='ltr' id='par_1_23' title="bbox 311 2240 1882 2325">
     <span class='ocr_line' id='line_1_23' title="bbox 311 2240 1882 2325; baseline 0.014 -36"><span class='ocrx_word' id='word_1_148' title='bbox 311 2240 422 2301; x_wconf 85' lang='lat' dir='ltr'><strong>fiat,</strong></span> <span class='ocrx_word' id='word_1_149' title='bbox 447 2252 608 2308; x_wconf 86' lang='lat' dir='ltr'><strong>atque</strong></span> <span class='ocrx_word' id='word_1_150' title='bbox 637 2256 840 2299; x_wconf 69' lang='lat' dir='ltr'><strong>aatcrno</strong></span> <span class='ocrx_word' id='word_1_151' title='bbox 883 2251 1115 2303; x_wconf 75' lang='lat' dir='ltr'><strong>examini</strong></span> <span class='ocrx_word' id='word_1_152' title='bbox 1150 2253 1407 2306; x_wconf 58' lang='lat' dir='ltr'><strong>districta:</strong></span> <span class='ocrx_word' id='word_1_153' title='bbox 1459 2256 1679 2309; x_wconf 72' lang='lat' dir='ltr'><strong>ultionis</strong></span> <span class='ocrx_word' id='word_1_154' title='bbox 1706 2259 1882 2325; x_wconf 84' lang='lat' dir='ltr'><strong>suhja-</strong></span> 
     </span>
    </p>
   </div>
   <div class='ocr_carea' id='block_1_24' title="bbox 307 2332 1881 2413">
    <p class='ocr_par' dir='ltr' id='par_1_24' title="bbox 307 2332 1881 2413">
     <span class='ocr_line' id='line_1_24' title="bbox 307 2332 1881 2413; baseline 0.013 -31"><span class='ocrx_word' id='word_1_155' title='bbox 307 2341 443 2383; x_wconf 84' lang='lat' dir='ltr'><strong>ccat.</strong></span> <span class='ocrx_word' id='word_1_156' title='bbox 493 2332 714 2389; x_wconf 87' lang='lat' dir='ltr'><strong>Cunctis</strong></span> <span class='ocrx_word' id='word_1_157' title='bbox 767 2347 944 2390; x_wconf 90' lang='lat' dir='ltr'><strong>autem</strong></span> <span class='ocrx_word' id='word_1_158' title='bbox 979 2341 1152 2394; x_wconf 84' lang='lat' dir='ltr'><strong>eidem</strong></span> <span class='ocrx_word' id='word_1_159' title='bbox 1211 2343 1503 2413; x_wconf 76' lang='lat' dir='ltr'><strong>locojuxta</strong></span> <span class='ocrx_word' id='word_1_160' title='bbox 1537 2351 1881 2403; x_wconf 80' lang='lat' dir='ltr'><strong>servantibus</strong></span> 
     </span>
    </p>
   </div>
   <div class='ocr_carea' id='block_1_25' title="bbox 305 2423 1880 2504">
    <p class='ocr_par' dir='ltr' id='par_1_25' title="bbox 305 2423 1880 2504">
     <span class='ocr_line' id='line_1_25' title="bbox 305 2423 1880 2504; baseline 0.015 -33"><span class='ocrx_word' id='word_1_161' title='bbox 305 2423 373 2473; x_wconf 90' lang='lat' dir='ltr'><strong>sit</strong></span> <span class='ocrx_word' id='word_1_162' title='bbox 404 2440 505 2490; x_wconf 80' lang='lat' dir='ltr'><strong>pax</strong></span> <span class='ocrx_word' id='word_1_163' title='bbox 539 2425 745 2480; x_wconf 79' lang='lat' dir='ltr'><strong>Domini</strong></span> <span class='ocrx_word' id='word_1_164' title='bbox 788 2430 952 2481; x_wconf 89' lang='lat' dir='ltr'><strong>nostri</strong></span> <span class='ocrx_word' id='word_1_165' title='bbox 984 2429 1108 2484; x_wconf 83' lang='lat' dir='ltr'><strong>Jesu</strong></span> <span class='ocrx_word' id='word_1_166' title='bbox 1159 2433 1384 2498; x_wconf 81' lang='lat' dir='ltr'><strong>Christi,</strong></span> <span class='ocrx_word' id='word_1_167' title='bbox 1417 2446 1681 2504; x_wconf 82' lang='lat' dir='ltr'><strong>quatenus</strong></span> <span class='ocrx_word' id='word_1_168' title='bbox 1706 2449 1759 2492; x_wconf 91' lang='lat' dir='ltr'><strong>et</strong></span> <span class='ocrx_word' id='word_1_169' title='bbox 1794 2441 1880 2495; x_wconf 92' lang='lat' dir='ltr'><strong>hic</strong></span> 
     </span>
    </p>
   </div>
   <div class='ocr_carea' id='block_1_26' title="bbox 304 2513 1876 2595">
    <p class='ocr_par' dir='ltr' id='par_1_26' title="bbox 304 2513 1876 2595">
     <span class='ocr_line' id='line_1_26' title="bbox 304 2513 1876 2595; baseline 0.013 -31"><span class='ocrx_word' id='word_1_170' title='bbox 304 2513 535 2568; x_wconf 83' lang='lat' dir='ltr'><strong>fructum</strong></span> <span class='ocrx_word' id='word_1_171' title='bbox 563 2517 712 2570; x_wconf 77' lang='lat' dir='ltr'><strong>bona:</strong></span> <span class='ocrx_word' id='word_1_172' title='bbox 735 2520 962 2573; x_wconf 78' lang='lat' dir='ltr'><strong>actionis</strong></span> <span class='ocrx_word' id='word_1_173' title='bbox 999 2523 1285 2590; x_wconf 72' lang='lat' dir='ltr'><strong>recipiant,</strong></span> <span class='ocrx_word' id='word_1_174' title='bbox 1311 2535 1362 2577; x_wconf 90' lang='lat' dir='ltr'><strong>et</strong></span> <span class='ocrx_word' id='word_1_175' title='bbox 1401 2528 1538 2595; x_wconf 84' lang='lat' dir='ltr'><strong>apud</strong></span> <span class='ocrx_word' id='word_1_176' title='bbox 1572 2529 1876 2585; x_wconf 85' lang='lat' dir='ltr'><strong>districtum</strong></span> 
     </span>
    </p>
   </div>
   <div class='ocr_carea' id='block_1_27' title="bbox 301 2603 1538 2682">
    <p class='ocr_par' dir='ltr' id='par_1_27' title="bbox 301 2603 1538 2682">
     <span class='ocr_line' id='line_1_27' title="bbox 301 2603 1538 2682; baseline 0.012 -26"><span class='ocrx_word' id='word_1_177' title='bbox 301 2603 543 2658; x_wconf 68' lang='lat' dir='ltr'><strong>Juilicem</strong></span> <span class='ocrx_word' id='word_1_178' title='bbox 581 2610 797 2676; x_wconf 63' lang='lat' dir='ltr'><strong>pratmia</strong></span> <span class='ocrx_word' id='word_1_179' title='bbox 833 2622 1046 2666; x_wconf 65' lang='lat' dir='ltr'><strong>mterna:</strong></span> <span class='ocrx_word' id='word_1_180' title='bbox 1069 2616 1216 2682; x_wconf 88' lang='lat' dir='ltr'><strong>pacis</strong></span> <span class='ocrx_word' id='word_1_181' title='bbox 1242 2617 1538 2673; x_wconf 83' lang='lat' dir='ltr'><strong>inveniant.</strong></span> 
     </span>
    </p>
   </div>
   <div class='ocr_carea' id='block_1_28' title="bbox 383 2694 1873 2780">
    <p class='ocr_par' dir='ltr' id='par_1_28' title="bbox 383 2694 1873 2780">
     <span class='ocr_line' id='line_1_28' title="bbox 383 2694 1873 2780; baseline 0.015 -35"><span class='ocrx_word' id='word_1_182' title='bbox 383 2694 655 2763; x_wconf 88' lang='lat' dir='ltr'><strong>Scriptum</strong></span> <span class='ocrx_word' id='word_1_183' title='bbox 683 2713 780 2765; x_wconf 90' lang='lat' dir='ltr'><strong>per</strong></span> <span class='ocrx_word' id='word_1_184' title='bbox 811 2716 1025 2755; x_wconf 90' lang='lat' dir='ltr'><strong>manum</strong></span> <span class='ocrx_word' id='word_1_185' title='bbox 1054 2703 1311 2759; x_wconf 80' lang='lat' dir='ltr'><strong>Bouilacii</strong></span> <span class='ocrx_word' id='word_1_186' title='bbox 1347 2711 1539 2762; x_wconf 84' lang='lat' dir='ltr'><strong>notarii</strong></span> <span class='ocrx_word' id='word_1_187' title='bbox 1587 2713 1873 2780; x_wconf 81' lang='lat' dir='ltr'><strong>regionarii</strong></span> 
     </span>
    </p>
   </div>
   <div class='ocr_carea' id='block_1_29' title="bbox 300 2789 1870 2860">
    <p class='ocr_par' dir='ltr' id='par_1_29' title="bbox 300 2789 1870 2860">
     <span class='ocr_line' id='line_1_29' title="bbox 300 2789 1870 2860; baseline 0.015 -24"><span class='ocrx_word' id='word_1_188' title='bbox 300 2796 461 2854; x_wconf 88' lang='lat' dir='ltr'><strong>atque</strong></span> <span class='ocrx_word' id='word_1_189' title='bbox 486 2789 758 2843; x_wconf 88' lang='lat' dir='ltr'><strong>scriniarii</strong></span> <span class='ocrx_word' id='word_1_190' title='bbox 794 2804 993 2848; x_wconf 77' lang='lat' dir='ltr'><strong>sancta:</strong></span> <span class='ocrx_word' id='word_1_191' title='bbox 1019 2796 1275 2853; x_wconf 76' lang='lat' dir='ltr'><strong>Romana:</strong></span> <span class='ocrx_word' id='word_1_192' title='bbox 1307 2800 1582 2857; x_wconf 73' lang='lat' dir='ltr'><strong>Ecclesim.</strong></span> <span class='ocrx_word' id='word_1_193' title='bbox 1617 2806 1806 2859; x_wconf 88' lang='lat' dir='ltr'><strong>Datum</strong></span> <span class='ocrx_word' id='word_1_194' title='bbox 1836 2824 1870 2860; x_wconf 94' lang='grc' dir='ltr'><strong>ιι</strong></span> 
     </span>
    </p>
   </div>
   <div class='ocr_carea' id='block_1_30' title="bbox 299 2877 1874 2966">
    <p class='ocr_par' dir='ltr' id='par_1_30' title="bbox 299 2877 1874 2966">
     <span class='ocr_line' id='line_1_30' title="bbox 299 2877 1874 2966; baseline 0.015 -38"><span class='ocrx_word' id='word_1_195' title='bbox 299 2877 441 2938; x_wconf 72' lang='grc' dir='ltr'><strong>ΙτΙιιε,</strong></span> <span class='ocrx_word' id='word_1_196' title='bbox 470 2895 653 2933; x_wconf 84' lang='lat' dir='ltr'><strong>mense</strong></span> <span class='ocrx_word' id='word_1_197' title='bbox 695 2881 1032 2950; x_wconf 83' lang='lat' dir='ltr'><strong>Decembrio,</strong></span> <span class='ocrx_word' id='word_1_198' title='bbox 1085 2904 1180 2957; x_wconf 87' lang='lat' dir='ltr'><strong>per</strong></span> <span class='ocrx_word' id='word_1_199' title='bbox 1235 2908 1450 2945; x_wconf 89' lang='lat' dir='ltr'><strong>manum</strong></span> <span class='ocrx_word' id='word_1_200' title='bbox 1499 2893 1722 2950; x_wconf 85' lang='lat' dir='ltr'><strong>Joannis</strong></span> <span class='ocrx_word' id='word_1_201' title='bbox 1761 2900 1874 2966; x_wconf 83' lang='lat' dir='ltr'><strong>epi-</strong></span> 
     </span>
    </p>
   </div>
   <div class='ocr_carea' id='block_1_31' title="bbox 295 2967 1871 3053">
    <p class='ocr_par' dir='ltr' id='par_1_31' title="bbox 295 2967 1871 3053">
     <span class='ocr_line' id='line_1_31' title="bbox 295 2967 1871 3053; baseline 0.016 -36"><span class='ocrx_word' id='word_1_202' title='bbox 295 2968 464 3034; x_wconf 84' lang='lat' dir='ltr'><strong>scopi,</strong></span> <span class='ocrx_word' id='word_1_203' title='bbox 498 2967 605 3021; x_wconf 91' lang='lat' dir='ltr'><strong>Deo</strong></span> <span class='ocrx_word' id='word_1_204' title='bbox 634 2973 889 3040; x_wconf 89' lang='lat' dir='ltr'><strong>propitio,</strong></span> <span class='ocrx_word' id='word_1_205' title='bbox 919 2975 1216 3044; x_wconf 89' lang='lat' dir='ltr'><strong>imperante</strong></span> <span class='ocrx_word' id='word_1_206' title='bbox 1261 2982 1459 3037; x_wconf 92' lang='lat' dir='ltr'><strong>domno</strong></span> <span class='ocrx_word' id='word_1_207' title='bbox 1489 2985 1732 3053; x_wconf 92' lang='lat' dir='ltr'><strong>piissimo</strong></span> <span class='ocrx_word' id='word_1_208' title='bbox 1763 2990 1871 3041; x_wconf 85' lang='lat' dir='ltr'><strong>Au-</strong></span> 
     </span>
    </p>
   </div>
   <div class='ocr_carea' id='block_1_32' title="bbox 293 3058 1870 3144">
    <p class='ocr_par' dir='ltr' id='par_1_32' title="bbox 293 3058 1870 3144">
     <span class='ocr_line' id='line_1_32' title="bbox 293 3058 1870 3144; baseline 0.018 -40"><span class='ocrx_word' id='word_1_209' title='bbox 293 3067 450 3123; x_wconf 80' lang='lat' dir='ltr'><strong>gusto</strong></span> <span class='ocrx_word' id='word_1_210' title='bbox 501 3058 695 3114; x_wconf 83' lang='lat' dir='ltr'><strong>Ottonc</strong></span> <span class='ocrx_word' id='word_1_211' title='bbox 739 3078 767 3115; x_wconf 89' lang='lat' dir='ltr'><strong>a</strong></span> <span class='ocrx_word' id='word_1_212' title='bbox 821 3064 928 3117; x_wconf 89' lang='lat' dir='ltr'><strong>Deo</strong></span> <span class='ocrx_word' id='word_1_213' title='bbox 990 3079 1245 3121; x_wconf 91' lang='lat' dir='ltr'><strong>coronato</strong></span> <span class='ocrx_word' id='word_1_214' title='bbox 1302 3088 1494 3141; x_wconf 83' lang='lat' dir='ltr'><strong>magno</strong></span> <span class='ocrx_word' id='word_1_215' title='bbox 1545 3076 1870 3144; x_wconf 80' lang='lat' dir='ltr'><strong>imperatore</strong></span> 
     </span>
    </p>
   </div>
   <div class='ocr_carea' id='block_1_33' title="bbox 292 3151 1685 3219">
    <p class='ocr_par' dir='ltr' id='par_1_33' title="bbox 292 3151 1685 3219">
     <span class='ocr_line' id='line_1_33' title="bbox 292 3151 1685 3219; baseline 0.016 -23"><span class='ocrx_word' id='word_1_216' title='bbox 292 3164 433 3199; x_wconf 87' lang='lat' dir='ltr'><strong>anno</strong></span> <span class='ocrx_word' id='word_1_217' title='bbox 468 3163 584 3212; x_wconf 79' lang='lat' dir='ltr'><strong>viil,</strong></span> <span class='ocrx_word' id='word_1_218' title='bbox 606 3151 658 3202; x_wconf 92' lang='lat' dir='ltr'><strong>in</strong></span> <span class='ocrx_word' id='word_1_219' title='bbox 688 3168 870 3206; x_wconf 79' lang='lat' dir='ltr'><strong>mense</strong></span> <span class='ocrx_word' id='word_1_220' title='bbox 895 3155 1275 3214; x_wconf 80' lang='lat' dir='ltr'><strong>Deccmbrioct</strong></span> <span class='ocrx_word' id='word_1_221' title='bbox 1301 3163 1588 3218; x_wconf 79' lang='lat' dir='ltr'><strong>indictione</strong></span> <span class='ocrx_word' id='word_1_222' title='bbox 1616 3182 1685 3219; x_wconf 85' lang='lat' dir='ltr'><strong>tv.</strong></span> 
     </span>
    </p>
   </div>
   <div class='ocr_carea' id='block_1_34' title="bbox 1023 3269 1125 3322">
    <p class='ocr_par' dir='ltr' id='par_1_34' title="bbox 1023 3269 1125 3322">
     <span class='ocr_line' id='line_1_34' title="bbox 1023 3269 1125 3322; baseline 0.01 -1"><span class='ocrx_word' id='word_1_223' title='bbox 1023 3269 1125 3322; x_wconf 62' lang='grc' dir='ltr'><strong>ΥΠ.</strong></span> 
     </span>
    </p>
   </div>
   <div class='ocr_carea' id='block_1_35' title="bbox 288 3362 1855 3422">
    <p class='ocr_par' dir='ltr' id='par_1_35' title="bbox 288 3362 1855 3422">
     <span class='ocr_line' id='line_1_35' title="bbox 288 3362 1855 3422; baseline 0.015 -24"><span class='ocrx_word' id='word_1_224' title='bbox 288 3362 563 3402; x_wconf 68' lang='lat' dir='ltr'><strong>BENEDICTI</strong></span> <span class='ocrx_word' id='word_1_225' title='bbox 595 3368 663 3405; x_wconf 77' lang='lat' dir='ltr'><strong>&quot;ll</strong></span> <span class='ocrx_word' id='word_1_226' title='bbox 691 3369 831 3407; x_wconf 71' lang='grc' dir='ltr'><strong>ΡΑΡᾹΞ</strong></span> <span class='ocrx_word' id='word_1_227' title='bbox 859 3373 1021 3410; x_wconf 69' lang='grc' dir='ltr'>[ιυιιΑ</span> <span class='ocrx_word' id='word_1_228' title='bbox 1062 3375 1159 3413; x_wconf 75' lang='lat' dir='ltr'><strong>PRO</strong></span> <span class='ocrx_word' id='word_1_229' title='bbox 1196 3377 1440 3417; x_wconf 68' lang='grc' dir='ltr'>εοειιῐδιι</span> <span class='ocrx_word' id='word_1_230' title='bbox 1478 3381 1553 3417; x_wconf 78' lang='lat' dir='ltr'><strong>SS.</strong></span> <span class='ocrx_word' id='word_1_231' title='bbox 1595 3383 1855 3422; x_wconf 70' lang='lat' dir='ltr'><strong>APOLLINII</strong></span> 
     </span>
    </p>
   </div>
   <div class='ocr_carea' id='block_1_36' title="bbox 725 3439 1413 3485">
    <p class='ocr_par' dir='ltr' id='par_1_36' title="bbox 725 3439 1413 3485">
     <span class='ocr_line' id='line_1_36' title="bbox 725 3439 1413 3485; baseline 0.015 -11"><span class='ocrx_word' id='word_1_232' title='bbox 725 3439 791 3478; x_wconf 78' lang='grc' dir='ltr'><strong>ΕΤ</strong></span> <span class='ocrx_word' id='word_1_233' title='bbox 836 3442 1059 3480; x_wconf 65' lang='lat' dir='ltr'><strong>URSICINI</strong></span> <span class='ocrx_word' id='word_1_234' title='bbox 1101 3446 1413 3485; x_wconf 64' lang='lat' dir='ltr'><strong>CANOSSANA.</strong></span> 
     </span>
    </p>
   </div>
   <div class='ocr_carea' id='block_1_37' title="bbox 895 3538 1259 3610">
    <p class='ocr_par' dir='ltr' id='par_1_37' title="bbox 895 3538 1259 3610">
     <span class='ocr_line' id='line_1_37' title="bbox 895 3538 1259 3610; baseline 0.005 -22"><span class='ocrx_word' id='word_1_235' title='bbox 895 3538 1073 3605; x_wconf 69' lang='lat' dir='ltr'><strong>(Anno</strong></span> <span class='ocrx_word' id='word_1_236' title='bbox 1113 3539 1259 3610; x_wconf 80' lang='lat'><strong>975.)</strong></span> 
     </span>
    </p>
   </div>
   <div class='ocr_carea' id='block_1_38' title="bbox 282 3640 1855 3720">
    <p class='ocr_par' dir='ltr' id='par_1_38' title="bbox 282 3640 1855 3720">
     <span class='ocr_line' id='line_1_38' title="bbox 282 3640 1855 3720; baseline 0.013 -26"><span class='ocrx_word' id='word_1_237' title='bbox 282 3640 672 3697; x_wconf 74' lang='lat' dir='ltr'><strong>Fundationent</strong></span> <span class='ocrx_word' id='word_1_238' title='bbox 695 3647 922 3702; x_wconf 72' lang='lat' dir='ltr'><strong>ecclesia’</strong></span> <span class='ocrx_word' id='word_1_239' title='bbox 945 3653 1108 3704; x_wconf 80' lang='lat' dir='ltr'><strong>sancti</strong></span> <span class='ocrx_word' id='word_1_240' title='bbox 1132 3653 1392 3720; x_wconf 76' lang='lat' dir='ltr'><strong>Apollonii</strong></span> <span class='ocrx_word' id='word_1_241' title='bbox 1420 3667 1464 3708; x_wconf 85' lang='lat' dir='ltr'><strong>et</strong></span> <span class='ocrx_word' id='word_1_242' title='bbox 1484 3658 1855 3715; x_wconf 70' lang='lat' dir='ltr'><strong>institutionem</strong></span> 
     </span>
    </p>
   </div>
   <div class='ocr_carea' id='block_1_39' title="bbox 349 3716 1856 3789">
    <p class='ocr_par' dir='ltr' id='par_1_39' title="bbox 349 3716 1856 3789">
     <span class='ocr_line' id='line_1_39' title="bbox 349 3716 1856 3789; baseline 0.013 -24"><span class='ocrx_word' id='word_1_243' title='bbox 349 3716 623 3789; x_wconf 78' lang='lat' dir='ltr'><strong>duodecim</strong></span> <span class='ocrx_word' id='word_1_244' title='bbox 660 3720 1025 3789; x_wconf 80' lang='lat' dir='ltr'><strong>cuuonieorum</strong></span> <span class='ocrx_word' id='word_1_245' title='bbox 1055 3761 1068 3783; x_wconf 96' lang='lat'><strong>,</strong></span> <span class='ocrx_word' id='word_1_246' title='bbox 1128 3716 1195 3774; x_wconf 86' lang='lat' dir='ltr'><strong>ibi</strong></span> <span class='ocrx_word' id='word_1_247' title='bbox 1248 3724 1441 3789; x_wconf 79' lang='lat' dir='ltr'><strong>factam</strong></span> <span class='ocrx_word' id='word_1_248' title='bbox 1489 3736 1552 3779; x_wconf 87' lang='lat' dir='ltr'><strong>ab</strong></span> <span class='ocrx_word' id='word_1_249' title='bbox 1587 3731 1856 3785; x_wconf 78' lang='lat' dir='ltr'><strong>Adelberto</strong></span> 
     </span>
    </p>
   </div>
   <div class='ocr_carea' id='block_1_40' title="bbox 351 3786 1855 3867">
    <p class='ocr_par' dir='ltr' id='par_1_40' title="bbox 351 3786 1855 3867">
     <span class='ocr_line' id='line_1_40' title="bbox 351 3786 1855 3867; baseline 0.014 -34"><span class='ocrx_word' id='word_1_250' title='bbox 351 3786 610 3867; x_wconf 41' lang='lat' dir='ltr'><strong>fountain</strong></span> <span class='ocrx_word' id='word_1_251' title='bbox 633 3787 844 3866; x_wconf 68' lang='lat' dir='ltr'><strong>castello</strong></span> <span class='ocrx_word' id='word_1_252' title='bbox 869 3788 1131 3867; x_wconf 73' lang='lat' dir='ltr'><strong>Canusina</strong></span> <span class='ocrx_word' id='word_1_253' title='bbox 1157 3786 1426 3860; x_wconf 81' lang='lat' dir='ltr'><strong>conﬁrmat</strong></span> <span class='ocrx_word' id='word_1_254' title='bbox 1469 3800 1536 3851; x_wconf 83' lang='lat' dir='ltr'><strong>ad</strong></span> <span class='ocrx_word' id='word_1_255' title='bbox 1559 3801 1855 3867; x_wconf 83' lang='lat' dir='ltr'><strong>petitionem</strong></span> 
     </span>
    </p>
   </div>
   <div class='ocr_carea' id='block_1_41' title="bbox 351 3852 1152 3926">
    <p class='ocr_par' dir='ltr' id='par_1_41' title="bbox 351 3852 1152 3926">
     <span class='ocr_line' id='line_1_41' title="bbox 351 3852 1152 3926; baseline 0.01 -22"><span class='ocrx_word' id='word_1_256' title='bbox 351 3852 607 3905; x_wconf 78' lang='lat' dir='ltr'><strong>&#39;l&#39;euduldi</strong></span> <span class='ocrx_word' id='word_1_257' title='bbox 636 3857 860 3920; x_wconf 81' lang='lat' dir='ltr'><strong>comitis,</strong></span> <span class='ocrx_word' id='word_1_258' title='bbox 890 3858 1004 3926; x_wconf 81' lang='lat' dir='ltr'><strong>ejus</strong></span> <span class='ocrx_word' id='word_1_259' title='bbox 1033 3861 1152 3926; x_wconf 84' lang='lat' dir='ltr'><strong>lilii.</strong></span> 
     </span>
    </p>
   </div>
   <div class='ocr_carea' id='block_1_42' title="bbox 594 3961 1538 4047">
    <p class='ocr_par' dir='ltr' id='par_1_42' title="bbox 594 3961 1538 4047">
     <span class='ocr_line' id='line_1_42' title="bbox 594 3961 1538 4047; baseline 0.014 -33"><span class='ocrx_word' id='word_1_260' title='bbox 594 3961 902 4033; x_wconf 78' lang='lat' dir='ltr'><strong>[Murator.,</strong></span> <span class='ocrx_word' id='word_1_261' title='bbox 937 3970 1108 4036; x_wconf 78' lang='lat' dir='ltr'><strong>Antiq.</strong></span> <span class='ocrx_word' id='word_1_262' title='bbox 1138 3969 1263 4025; x_wconf 82' lang='lat' dir='ltr'><strong>Ital.</strong></span> <span class='ocrx_word' id='word_1_263' title='bbox 1299 3974 1360 4040; x_wconf 88' lang='lat' dir='ltr'><strong>V,</strong></span> <span class='ocrx_word' id='word_1_264' title='bbox 1389 3975 1538 4047; x_wconf 77' lang='lat'><strong>207.]</strong></span> 
     </span>
    </p>
   </div>
   <div class='ocr_carea' id='block_1_43' title="bbox 343 4072 1708 4148">
    <p class='ocr_par' dir='ltr' id='par_1_43' title="bbox 343 4072 1708 4148">
     <span class='ocr_line' id='line_1_43' title="bbox 343 4072 1708 4148; baseline 0.016 -24"><span class='ocrx_word' id='word_1_265' title='bbox 343 4072 686 4128; x_wconf 78' lang='lat' dir='ltr'><strong>BENEDICTUS</strong></span> <span class='ocrx_word' id='word_1_266' title='bbox 724 4078 1032 4148; x_wconf 84' lang='lat' dir='ltr'><strong>episcopus,</strong></span> <span class='ocrx_word' id='word_1_267' title='bbox 1065 4097 1256 4138; x_wconf 87' lang='lat' dir='ltr'><strong>servus</strong></span> <span class='ocrx_word' id='word_1_268' title='bbox 1290 4101 1568 4143; x_wconf 89' lang='lat' dir='ltr'><strong>servorum</strong></span> <span class='ocrx_word' id='word_1_269' title='bbox 1597 4092 1708 4146; x_wconf 90' lang='lat' dir='ltr'><strong>Dei.</strong></span> 
     </span>
    </p>
   </div>
   <div class='ocr_carea' id='block_1_44' title="bbox 343 4184 1852 4278">
    <p class='ocr_par' dir='ltr' id='par_1_44' title="bbox 343 4184 1852 4278">
     <span class='ocr_line' id='line_1_44' title="bbox 343 4184 1852 4278; baseline 0.017 -41"><span class='ocrx_word' id='word_1_270' title='bbox 343 4184 607 4239; x_wconf 90' lang='lat' dir='ltr'><strong>Omnibus</strong></span> <span class='ocrx_word' id='word_1_271' title='bbox 637 4197 835 4243; x_wconf 75' lang='lat' dir='ltr'><strong>sanetze</strong></span> <span class='ocrx_word' id='word_1_272' title='bbox 858 4191 948 4245; x_wconf 89' lang='lat' dir='ltr'><strong>Dei</strong></span> <span class='ocrx_word' id='word_1_273' title='bbox 980 4193 1230 4249; x_wconf 66' lang='lat' dir='ltr'><strong>Ecclesiw</strong></span> <span class='ocrx_word' id='word_1_274' title='bbox 1261 4198 1697 4271; x_wconf 83' lang='lat' dir='ltr'><strong>ﬁdelibuspateat</strong></span> <span class='ocrx_word' id='word_1_275' title='bbox 1723 4226 1852 4278; x_wconf 85' lang='lat' dir='ltr'><strong>qua-</strong></span> 
     </span>
    </p>
   </div>
   <div class='ocr_carea' id='block_1_45' title="bbox 273 4274 1846 4366">
    <p class='ocr_par' dir='ltr' id='par_1_45' title="bbox 273 4274 1846 4366">
     <span class='ocr_line' id='line_1_45' title="bbox 273 4274 1846 4366; baseline 0.018 -40"><span class='ocrx_word' id='word_1_276' title='bbox 273 4274 396 4328; x_wconf 89' lang='lat' dir='ltr'><strong>liter</strong></span> <span class='ocrx_word' id='word_1_277' title='bbox 431 4275 740 4332; x_wconf 85' lang='lat' dir='ltr'><strong>Teudaldus</strong></span> <span class='ocrx_word' id='word_1_278' title='bbox 764 4295 963 4346; x_wconf 88' lang='lat' dir='ltr'><strong>comes,</strong></span> <span class='ocrx_word' id='word_1_279' title='bbox 996 4283 1134 4338; x_wconf 82' lang='lat' dir='ltr'><strong>filius</strong></span> <span class='ocrx_word' id='word_1_280' title='bbox 1156 4287 1428 4344; x_wconf 85' lang='lat' dir='ltr'><strong>Adelberti</strong></span> <span class='ocrx_word' id='word_1_281' title='bbox 1453 4291 1563 4359; x_wconf 87' lang='lat' dir='ltr'><strong>jam</strong></span> <span class='ocrx_word' id='word_1_282' title='bbox 1595 4274 1846 4366; x_wconf 81' lang='lat' dir='ltr'><strong>comitis,</strong></span> 
     </span>
    </p>
   </div>
   <div class='ocr_carea' id='block_1_46' title="bbox 272 4368 1847 4453">
    <p class='ocr_par' dir='ltr' id='par_1_46' title="bbox 272 4368 1847 4453">
     <span class='ocr_line' id='line_1_46' title="bbox 272 4368 1847 4453; baseline 0.019 -35"><span class='ocrx_word' id='word_1_283' title='bbox 272 4368 458 4420; x_wconf 87' lang='lat' dir='ltr'><strong>limina</strong></span> <span class='ocrx_word' id='word_1_284' title='bbox 515 4370 877 4438; x_wconf 89' lang='lat' dir='ltr'><strong>apostolorum</strong></span> <span class='ocrx_word' id='word_1_285' title='bbox 930 4373 1088 4445; x_wconf 72' lang='lat' dir='ltr'><strong>digna</strong></span> <span class='ocrx_word' id='word_1_286' title='bbox 1140 4381 1424 4438; x_wconf 82' lang='lat' dir='ltr'><strong>devotione</strong></span> <span class='ocrx_word' id='word_1_287' title='bbox 1477 4388 1733 4453; x_wconf 87' lang='lat' dir='ltr'><strong>visitans,</strong></span> <span class='ocrx_word' id='word_1_288' title='bbox 1783 4409 1847 4447; x_wconf 79' lang='lat' dir='ltr'><strong>ex</strong></span> 
     </span>
    </p>
   </div>
   <div class='ocr_carea' id='block_1_47' title="bbox 270 4461 1848 4544">
    <p class='ocr_par' dir='ltr' id='par_1_47' title="bbox 270 4461 1848 4544">
     <span class='ocr_line' id='line_1_47' title="bbox 270 4461 1848 4544; baseline 0.018 -35"><span class='ocrx_word' id='word_1_289' title='bbox 270 4467 423 4525; x_wconf 86' lang='lat' dir='ltr'><strong>parte</strong></span> <span class='ocrx_word' id='word_1_290' title='bbox 452 4461 533 4512; x_wconf 89' lang='lat' dir='ltr'><strong>sui</strong></span> <span class='ocrx_word' id='word_1_291' title='bbox 567 4462 736 4528; x_wconf 84' lang='lat' dir='ltr'><strong>patris</strong></span> <span class='ocrx_word' id='word_1_292' title='bbox 761 4461 1059 4530; x_wconf 86' lang='lat' dir='ltr'><strong>lmjusmodi</strong></span> <span class='ocrx_word' id='word_1_293' title='bbox 1089 4484 1116 4520; x_wconf 93' lang='lat' dir='ltr'><strong>a</strong></span> <span class='ocrx_word' id='word_1_294' title='bbox 1138 4481 1317 4524; x_wconf 92' lang='lat' dir='ltr'><strong>nostra</strong></span> <span class='ocrx_word' id='word_1_295' title='bbox 1345 4477 1636 4544; x_wconf 87' lang='lat' dir='ltr'><strong>apostolica</strong></span> <span class='ocrx_word' id='word_1_296' title='bbox 1661 4493 1848 4538; x_wconf 88' lang='lat' dir='ltr'><strong>aucto-</strong></span> 
     </span>
    </p>
   </div>
   <div class='ocr_carea' id='block_1_48' title="bbox 271 4548 1923 4631">
    <p class='ocr_par' dir='ltr' id='par_1_48' title="bbox 271 4548 1923 4631">
     <span class='ocr_line' id='line_1_48' title="bbox 271 4548 1923 4631; baseline 0.021 -32"><span class='ocrx_word' id='word_1_297' title='bbox 271 4548 427 4601; x_wconf 87' lang='lat' dir='ltr'><strong>ritate</strong></span> <span class='ocrx_word' id='word_1_298' title='bbox 465 4550 660 4618; x_wconf 91' lang='lat' dir='ltr'><strong>petiit,</strong></span> <span class='ocrx_word' id='word_1_299' title='bbox 715 4562 772 4605; x_wconf 92' lang='lat' dir='ltr'><strong>ut</strong></span> <span class='ocrx_word' id='word_1_300' title='bbox 823 4555 1104 4611; x_wconf 85' lang='lat' dir='ltr'><strong>ecclesiam</strong></span> <span class='ocrx_word' id='word_1_301' title='bbox 1148 4559 1197 4612; x_wconf 94' lang='lat' dir='ltr'><strong>in</strong></span> <span class='ocrx_word' id='word_1_302' title='bbox 1230 4561 1487 4620; x_wconf 90' lang='lat' dir='ltr'><strong>honorem</strong></span> <span class='ocrx_word' id='word_1_303' title='bbox 1537 4583 1843 4630; x_wconf 89' lang='lat' dir='ltr'><strong>sanctorum</strong></span> <span class='ocrx_word' id='word_1_304' title='bbox 1877 4575 1923 4631; x_wconf 86' lang='grc' dir='ltr'>υ</span> 
     </span>
    </p>
   </div>
   <div class='ocr_carea' id='block_1_49' title="bbox 268 4639 1846 4738">
    <p class='ocr_par' dir='ltr' id='par_1_49' title="bbox 268 4639 1846 4738">
     <span class='ocr_line' id='line_1_49' title="bbox 268 4639 1846 4738; baseline 0.022 -46"><span class='ocrx_word' id='word_1_305' title='bbox 268 4639 638 4696; x_wconf 89' lang='lat' dir='ltr'><strong>confessornm</strong></span> <span class='ocrx_word' id='word_1_306' title='bbox 662 4642 772 4706; x_wconf 89' lang='lat' dir='ltr'><strong>Dei,</strong></span> <span class='ocrx_word' id='word_1_307' title='bbox 805 4645 1065 4714; x_wconf 83' lang='lat' dir='ltr'><strong>Apollonii</strong></span> <span class='ocrx_word' id='word_1_308' title='bbox 1099 4652 1366 4721; x_wconf 84' lang='lat' dir='ltr'><strong>videlicet,</strong></span> <span class='ocrx_word' id='word_1_309' title='bbox 1401 4657 1656 4731; x_wconf 90' lang='lat' dir='ltr'><strong>Ursicini,</strong></span> <span class='ocrx_word' id='word_1_310' title='bbox 1686 4677 1846 4738; x_wconf 92' lang='lat' dir='ltr'><strong>atque</strong></span> 
     </span>
    </p>
   </div>
   <div class='ocr_carea' id='block_1_50' title="bbox 266 4726 1844 4816">
    <p class='ocr_par' dir='ltr' id='par_1_50' title="bbox 266 4726 1844 4816">
     <span class='ocr_line' id='line_1_50' title="bbox 266 4726 1844 4816; baseline 0.022 -34"><span class='ocrx_word' id='word_1_311' title='bbox 266 4726 588 4798; x_wconf 85' lang='lat' dir='ltr'><strong>Rusticiani,</strong></span> <span class='ocrx_word' id='word_1_312' title='bbox 621 4745 917 4805; x_wconf 80' lang='lat' dir='ltr'><strong>martyrum</strong></span> <span class='ocrx_word' id='word_1_313' title='bbox 940 4754 1152 4810; x_wconf 90' lang='lat' dir='ltr'><strong>quoque</strong></span> <span class='ocrx_word' id='word_1_314' title='bbox 1179 4743 1444 4814; x_wconf 79' lang='lat' dir='ltr'><strong>Mauricii,</strong></span> <span class='ocrx_word' id='word_1_315' title='bbox 1475 4726 1774 4813; x_wconf 75' lang='lat' dir='ltr'><strong>Alexandri</strong></span> <span class='ocrx_word' id='word_1_316' title='bbox 1791 4773 1844 4816; x_wconf 91' lang='lat' dir='ltr'><strong>et</strong></span> 
     </span>
    </p>
   </div>
   <div class='ocr_carea' id='block_1_51' title="bbox 267 4823 1844 4908">
    <p class='ocr_par' dir='ltr' id='par_1_51' title="bbox 267 4823 1844 4908">
     <span class='ocr_line' id='line_1_51' title="bbox 267 4823 1844 4908; baseline 0.022 -33"><span class='ocrx_word' id='word_1_317' title='bbox 267 4823 498 4878; x_wconf 82' lang='lat' dir='ltr'><strong>Victoris</strong></span> <span class='ocrx_word' id='word_1_318' title='bbox 529 4835 922 4891; x_wconf 88' lang='lat' dir='ltr'><strong>consecratam,</strong></span> <span class='ocrx_word' id='word_1_319' title='bbox 958 4845 1118 4900; x_wconf 88' lang='lat' dir='ltr'><strong>quam</strong></span> <span class='ocrx_word' id='word_1_320' title='bbox 1151 4834 1265 4903; x_wconf 83' lang='lat' dir='ltr'><strong>ipso</strong></span> <span class='ocrx_word' id='word_1_321' title='bbox 1291 4839 1613 4902; x_wconf 82' lang='lat' dir='ltr'><strong>Adelbertus</strong></span> <span class='ocrx_word' id='word_1_322' title='bbox 1651 4849 1701 4904; x_wconf 93' lang='lat' dir='ltr'><strong>in</strong></span> <span class='ocrx_word' id='word_1_323' title='bbox 1734 4854 1844 4908; x_wconf 86' lang='lat' dir='ltr'><strong>suis</strong></span> 
     </span>
    </p>
   </div>
   <div class='ocr_carea' id='block_1_52' title="bbox 266 4914 1840 4999">
    <p class='ocr_par' dir='ltr' id='par_1_52' title="bbox 266 4914 1840 4999">
     <span class='ocr_line' id='line_1_52' title="bbox 266 4914 1840 4999; baseline 0.023 -35"><span class='ocrx_word' id='word_1_324' title='bbox 266 4914 494 4982; x_wconf 85' lang='lat' dir='ltr'><strong>propriis</strong></span> <span class='ocrx_word' id='word_1_325' title='bbox 522 4915 707 4982; x_wconf 88' lang='lat' dir='ltr'><strong>rebus,</strong></span> <span class='ocrx_word' id='word_1_326' title='bbox 743 4919 988 4975; x_wconf 89' lang='lat' dir='ltr'><strong>videlicet</strong></span> <span class='ocrx_word' id='word_1_327' title='bbox 1017 4923 1070 4976; x_wconf 88' lang='lat' dir='ltr'><strong>in</strong></span> <span class='ocrx_word' id='word_1_328' title='bbox 1103 4941 1231 4994; x_wconf 89' lang='lat' dir='ltr'><strong>rupe</strong></span> <span class='ocrx_word' id='word_1_329' title='bbox 1258 4944 1376 4996; x_wconf 73' lang='lat' dir='ltr'><strong>qua:</strong></span> <span class='ocrx_word' id='word_1_330' title='bbox 1405 4932 1649 4994; x_wconf 75' lang='lat' dir='ltr'><strong>Canuxia</strong></span> <span class='ocrx_word' id='word_1_331' title='bbox 1681 4958 1840 4999; x_wconf 86' lang='lat' dir='ltr'><strong>voca-</strong></span> 
     </span>
    </p>
   </div>
   <div class='ocr_carea' id='block_1_53' title="bbox 268 5006 1839 5091">
    <p class='ocr_par' dir='ltr' id='par_1_53' title="bbox 268 5006 1839 5091">
     <span class='ocr_line' id='line_1_53' title="bbox 268 5006 1839 5091; baseline 0.022 -35"><span class='ocrx_word' id='word_1_332' title='bbox 268 5013 367 5066; x_wconf 88' lang='lat' dir='ltr'><strong>tur,</strong></span> <span class='ocrx_word' id='word_1_333' title='bbox 404 5006 471 5059; x_wconf 88' lang='lat' dir='ltr'><strong>ab</strong></span> <span class='ocrx_word' id='word_1_334' title='bbox 509 5007 634 5062; x_wconf 89' lang='lat' dir='ltr'><strong>imis</strong></span> <span class='ocrx_word' id='word_1_335' title='bbox 659 5007 1025 5068; x_wconf 87' lang='lat' dir='ltr'><strong>fundamentis</strong></span> <span class='ocrx_word' id='word_1_336' title='bbox 1053 5028 1434 5079; x_wconf 82' lang='lat' dir='ltr'><strong>construxerat</strong></span> <span class='ocrx_word' id='word_1_337' title='bbox 1462 5067 1476 5090; x_wconf 95' lang='lat'><strong>,</strong></span> <span class='ocrx_word' id='word_1_338' title='bbox 1506 5037 1560 5082; x_wconf 91' lang='lat' dir='ltr'><strong>et</strong></span> <span class='ocrx_word' id='word_1_339' title='bbox 1605 5033 1672 5087; x_wconf 91' lang='lat' dir='ltr'><strong>ad</strong></span> <span class='ocrx_word' id='word_1_340' title='bbox 1701 5035 1839 5091; x_wconf 85' lang='lat' dir='ltr'><strong>divi-</strong></span> 
     </span>
    </p>
   </div>
   <div class='ocr_carea' id='block_1_54' title="bbox 267 5097 1842 5190">
    <p class='ocr_par' dir='ltr' id='par_1_54' title="bbox 267 5097 1842 5190">
     <span class='ocr_line' id='line_1_54' title="bbox 267 5097 1842 5190; baseline 0.02 -42"><span class='ocrx_word' id='word_1_341' title='bbox 267 5111 390 5150; x_wconf 90' lang='lat' dir='ltr'><strong>num</strong></span> <span class='ocrx_word' id='word_1_342' title='bbox 421 5097 625 5153; x_wconf 90' lang='lat' dir='ltr'><strong>cultum</strong></span> <span class='ocrx_word' id='word_1_343' title='bbox 662 5102 804 5155; x_wconf 88' lang='lat' dir='ltr'><strong>varia</strong></span> <span class='ocrx_word' id='word_1_344' title='bbox 829 5106 1011 5173; x_wconf 88' lang='lat' dir='ltr'><strong>specie</strong></span> <span class='ocrx_word' id='word_1_345' title='bbox 1039 5107 1398 5179; x_wconf 80' lang='lat' dir='ltr'><strong>dedicaverat,</strong></span> <span class='ocrx_word' id='word_1_346' title='bbox 1424 5117 1705 5190; x_wconf 83' lang='lat' dir='ltr'><strong>eidemque</strong></span> <span class='ocrx_word' id='word_1_347' title='bbox 1732 5125 1842 5182; x_wconf 87' lang='lat' dir='ltr'><strong>Deo</strong></span> 
     </span>
    </p>
   </div>
   <div class='ocr_carea' id='block_1_55' title="bbox 265 5188 1837 5270">
    <p class='ocr_par' dir='ltr' id='par_1_55' title="bbox 265 5188 1837 5270">
     <span class='ocr_line' id='line_1_55' title="bbox 265 5188 1837 5270; baseline 0.022 -34"><span class='ocrx_word' id='word_1_348' title='bbox 265 5193 315 5237; x_wconf 79' lang='lat' dir='ltr'><strong>et</strong></span> <span class='ocrx_word' id='word_1_349' title='bbox 339 5188 543 5242; x_wconf 80' lang='lat' dir='ltr'><strong>sanctis</strong></span> <span class='ocrx_word' id='word_1_350' title='bbox 577 5189 776 5243; x_wconf 89' lang='lat' dir='ltr'><strong>obtulit</strong></span> <span class='ocrx_word' id='word_1_351' title='bbox 810 5196 1165 5263; x_wconf 89' lang='lat' dir='ltr'><strong>proprietario</strong></span> <span class='ocrx_word' id='word_1_352' title='bbox 1207 5199 1330 5268; x_wconf 89' lang='lat' dir='ltr'><strong>jure</strong></span> <span class='ocrx_word' id='word_1_353' title='bbox 1374 5208 1550 5264; x_wconf 91' lang='lat' dir='ltr'><strong>omnis</strong></span> <span class='ocrx_word' id='word_1_354' title='bbox 1581 5188 1837 5270; x_wconf 78' lang='lat' dir='ltr'><strong>territorii</strong></span> 
     </span>
    </p>
   </div>
   <div class='ocr_carea' id='block_1_56' title="bbox 270 5278 1833 5362">
    <p class='ocr_par' dir='ltr' id='par_1_56' title="bbox 270 5278 1833 5362">
     <span class='ocr_line' id='line_1_56' title="bbox 270 5278 1833 5362; baseline 0.022 -35"><span class='ocrx_word' id='word_1_355' title='bbox 270 5278 372 5331; x_wconf 89' lang='lat' dir='ltr'><strong>sive</strong></span> <span class='ocrx_word' id='word_1_356' title='bbox 403 5279 590 5348; x_wconf 69' lang='lat' dir='ltr'><strong>praedii</strong></span> <span class='ocrx_word' id='word_1_357' title='bbox 620 5281 704 5335; x_wconf 93' lang='lat' dir='ltr'><strong>sui</strong></span> <span class='ocrx_word' id='word_1_358' title='bbox 736 5282 996 5340; x_wconf 88' lang='lat' dir='ltr'><strong>decimam</strong></span> <span class='ocrx_word' id='word_1_359' title='bbox 1030 5289 1094 5343; x_wconf 90' lang='lat' dir='ltr'><strong>ad</strong></span> <span class='ocrx_word' id='word_1_360' title='bbox 1125 5307 1280 5346; x_wconf 88' lang='lat' dir='ltr'><strong>usum</strong></span> <span class='ocrx_word' id='word_1_361' title='bbox 1315 5293 1525 5354; x_wconf 89' lang='lat' dir='ltr'><strong>fruendi</strong></span> <span class='ocrx_word' id='word_1_362' title='bbox 1555 5303 1833 5362; x_wconf 90' lang='lat' dir='ltr'><strong>duodecim</strong></span> 
     </span>
    </p>
   </div>
   <div class='ocr_carea' id='block_1_57' title="bbox 268 5370 1353 5407">
    <p class='ocr_par' dir='ltr' id='par_1_57' title="bbox 268 5370 1353 5407">
     <span class='ocr_line' id='line_1_57' title="bbox 268 5370 1353 5407; baseline 0 0"><span class='ocrx_word' id='word_1_363' title='bbox 268 5370 641 5407; x_wconf 63' lang='lat' dir='ltr'><strong>rannninnrnna</strong></span> <span class='ocrx_word' id='word_1_364' title='bbox 700 5373 785 5407; x_wconf 76' lang='lat' dir='ltr'><strong>nni</strong></span> <span class='ocrx_word' id='word_1_365' title='bbox 822 5375 1014 5407; x_wconf 70' lang='lat' dir='ltr'><strong>“\:.lnm</strong></span> <span class='ocrx_word' id='word_1_366' title='bbox 1042 5395 1132 5407; x_wconf 67' lang='grc' dir='ltr'><strong>..-Α</strong></span> <span class='ocrx_word' id='word_1_367' title='bbox 1164 5379 1353 5407; x_wconf 58' lang='grc' dir='ltr'><strong>θυι-..-2-</strong></span> 
     </span>
    </p>
   </div>
   <div class='ocr_carea' id='block_1_58' title="bbox 2011 634 3570 706">
    <p class='ocr_par' dir='ltr' id='par_1_58' title="bbox 2011 634 3570 706">
     <span class='ocr_line' id='line_1_58' title="bbox 2011 634 3570 706; baseline 0.013 -20"><span class='ocrx_word' id='word_1_368' title='bbox 2011 634 2110 687; x_wconf 91' lang='lat' dir='ltr'><strong>hoc</strong></span> <span class='ocrx_word' id='word_1_369' title='bbox 2138 637 2471 704; x_wconf 81' lang='lat' dir='ltr'><strong>privilegium</strong></span> <span class='ocrx_word' id='word_1_370' title='bbox 2504 644 2820 698; x_wconf 88' lang='lat' dir='ltr'><strong>auctoritate</strong></span> <span class='ocrx_word' id='word_1_371' title='bbox 2855 646 3092 700; x_wconf 85' lang='lat' dir='ltr'><strong>fulcitum</strong></span> <span class='ocrx_word' id='word_1_372' title='bbox 3119 650 3164 703; x_wconf 93' lang='lat' dir='ltr'><strong>ei</strong></span> <span class='ocrx_word' id='word_1_373' title='bbox 3191 652 3302 704; x_wconf 90' lang='lat' dir='ltr'><strong>lieri</strong></span> <span class='ocrx_word' id='word_1_374' title='bbox 3334 651 3570 706; x_wconf 85' lang='lat' dir='ltr'><strong>decrevi-</strong></span> 
     </span>
    </p>
   </div>
   <div class='ocr_carea' id='block_1_59' title="bbox 2009 733 3575 804">
    <p class='ocr_par' dir='ltr' id='par_1_59' title="bbox 2009 733 3575 804">
     <span class='ocr_line' id='line_1_59' title="bbox 2009 733 3575 804; baseline 0.012 -29"><span class='ocrx_word' id='word_1_375' title='bbox 2009 733 2492 793; x_wconf 85' lang='lat' dir='ltr'><strong>mus,etqnatenus</strong></span> <span class='ocrx_word' id='word_1_376' title='bbox 2519 733 2809 785; x_wconf 88' lang='lat' dir='ltr'><strong>secumlum</strong></span> <span class='ocrx_word' id='word_1_377' title='bbox 2839 736 3149 802; x_wconf 85' lang='lat' dir='ltr'><strong>petitionem</strong></span> <span class='ocrx_word' id='word_1_378' title='bbox 3179 738 3412 804; x_wconf 83' lang='lat' dir='ltr'><strong>ejusdem</strong></span> <span class='ocrx_word' id='word_1_379' title='bbox 3437 741 3575 797; x_wconf 88' lang='lat' dir='ltr'><strong>Teu-</strong></span> 
     </span>
    </p>
   </div>
   <div class='ocr_carea' id='block_1_60' title="bbox 2008 810 3579 887">
    <p class='ocr_par' dir='ltr' id='par_1_60' title="bbox 2008 810 3579 887">
     <span class='ocr_line' id='line_1_60' title="bbox 2008 810 3579 887; baseline 0.011 -24"><span class='ocrx_word' id='word_1_380' title='bbox 2008 810 2146 864; x_wconf 88' lang='lat' dir='ltr'><strong>daldi</strong></span> <span class='ocrx_word' id='word_1_381' title='bbox 2179 813 2394 868; x_wconf 90' lang='lat' dir='ltr'><strong>comitis</strong></span> <span class='ocrx_word' id='word_1_382' title='bbox 2421 817 2610 884; x_wconf 88' lang='lat' dir='ltr'><strong>suique</strong></span> <span class='ocrx_word' id='word_1_383' title='bbox 2639 819 2807 887; x_wconf 87' lang='lat' dir='ltr'><strong>patris</strong></span> <span class='ocrx_word' id='word_1_384' title='bbox 2841 821 3226 878; x_wconf 86' lang='lat' dir='ltr'><strong>institutionem</strong></span> <span class='ocrx_word' id='word_1_385' title='bbox 3258 837 3308 880; x_wconf 91' lang='lat' dir='ltr'><strong>et</strong></span> <span class='ocrx_word' id='word_1_386' title='bbox 3334 828 3579 883; x_wconf 85' lang='lat' dir='ltr'><strong>donatiu-</strong></span> 
     </span>
    </p>
   </div>
   <div class='ocr_carea' id='block_1_61' title="bbox 2007 903 3573 975">
    <p class='ocr_par' dir='ltr' id='par_1_61' title="bbox 2007 903 3573 975">
     <span class='ocr_line' id='line_1_61' title="bbox 2007 903 3573 975; baseline 0.014 -22"><span class='ocrx_word' id='word_1_387' title='bbox 2007 914 2127 954; x_wconf 89' lang='lat' dir='ltr'><strong>ncm</strong></span> <span class='ocrx_word' id='word_1_388' title='bbox 2154 903 2264 971; x_wconf 88' lang='lat' dir='ltr'><strong>jam</strong></span> <span class='ocrx_word' id='word_1_389' title='bbox 2307 903 2448 959; x_wconf 85' lang='lat' dir='ltr'><strong>dicta</strong></span> <span class='ocrx_word' id='word_1_390' title='bbox 2483 909 2710 964; x_wconf 89' lang='lat' dir='ltr'><strong>ecclesia</strong></span> <span class='ocrx_word' id='word_1_391' title='bbox 2741 925 2769 963; x_wconf 93' lang='lat' dir='ltr'><strong>a</strong></span> <span class='ocrx_word' id='word_1_392' title='bbox 2801 913 2954 968; x_wconf 91' lang='lat' dir='ltr'><strong>nobis</strong></span> <span class='ocrx_word' id='word_1_393' title='bbox 3000 917 3350 971; x_wconf 89' lang='lat' dir='ltr'><strong>corroborata</strong></span> <span class='ocrx_word' id='word_1_394' title='bbox 3398 922 3573 975; x_wconf 92' lang='lat' dir='ltr'><strong>modis</strong></span> 
     </span>
    </p>
   </div>
   <div class='ocr_carea' id='block_1_62' title="bbox 2006 995 3498 1066">
    <p class='ocr_par' dir='ltr' id='par_1_62' title="bbox 2006 995 3498 1066">
     <span class='ocr_line' id='line_1_62' title="bbox 2006 995 3498 1066; baseline 0.013 -21"><span class='ocrx_word' id='word_1_395' title='bbox 2006 995 2265 1049; x_wconf 89' lang='lat' dir='ltr'><strong>omnibus</strong></span> <span class='ocrx_word' id='word_1_396' title='bbox 2295 998 2569 1066; x_wconf 90' lang='lat' dir='ltr'><strong>persistat.</strong></span> <span class='ocrx_word' id='word_1_397' title='bbox 2647 1038 2662 1053; x_wconf 94' lang='lat'><strong><em>.</em></strong></span> <span class='ocrx_word' id='word_1_398' title='bbox 2739 1040 2753 1056; x_wconf 94' lang='lat'><strong>.</strong></span> <span class='ocrx_word' id='word_1_399' title='bbox 2831 1043 2844 1056; x_wconf 91' lang='lat'><strong><em>.</em></strong></span> <span class='ocrx_word' id='word_1_400' title='bbox 2926 1043 2939 1056; x_wconf 92' lang='lat'><strong>.</strong></span> <span class='ocrx_word' id='word_1_401' title='bbox 3018 1044 3032 1059; x_wconf 93' lang='lat'><strong>.</strong></span> <span class='ocrx_word' id='word_1_402' title='bbox 3111 1047 3124 1060; x_wconf 94' lang='lat'><strong><em>.</em></strong></span> <span class='ocrx_word' id='word_1_403' title='bbox 3205 1047 3218 1060; x_wconf 93' lang='lat'><em>.</em></span> <span class='ocrx_word' id='word_1_404' title='bbox 3299 1050 3310 1060; x_wconf 90' lang='lat'><strong><em>.</em></strong></span> <span class='ocrx_word' id='word_1_405' title='bbox 3387 1047 3403 1064; x_wconf 94' lang='lat'><strong>.</strong></span> <span class='ocrx_word' id='word_1_406' title='bbox 3483 1050 3498 1064; x_wconf 93' lang='lat'><strong><em>.</em></strong></span> 
     </span>
    </p>
   </div>
   <div class='ocr_carea' id='block_1_63' title="bbox 2473 1087 3103 1159">
    <p class='ocr_par' dir='ltr' id='par_1_63' title="bbox 2473 1087 3103 1159">
     <span class='ocr_line' id='line_1_63' title="bbox 2473 1087 3103 1159; baseline 0.013 -17"><span class='ocrx_word' id='word_1_407' title='bbox 2473 1087 2688 1159; x_wconf 78' lang='lat' dir='ltr'><strong>Reliqua</strong></span> <span class='ocrx_word' id='word_1_408' title='bbox 2717 1093 3103 1151; x_wconf 79' lang='lat' dir='ltr'><strong>desiderantur.</strong></span> 
     </span>
    </p>
   </div>
   <div class='ocr_carea' id='block_1_64' title="bbox 2074 1173 3574 1254">
    <p class='ocr_par' dir='ltr' id='par_1_64' title="bbox 2074 1173 3574 1254">
     <span class='ocr_line' id='line_1_64' title="bbox 2074 1173 3574 1254; baseline 0.015 -28"><span class='ocrx_word' id='word_1_409' title='bbox 2074 1173 2344 1244; x_wconf 92' lang='lat' dir='ltr'><strong>Scriptum</strong></span> <span class='ocrx_word' id='word_1_410' title='bbox 2369 1193 2466 1248; x_wconf 91' lang='lat' dir='ltr'><strong>per</strong></span> <span class='ocrx_word' id='word_1_411' title='bbox 2489 1196 2705 1234; x_wconf 90' lang='lat' dir='ltr'><strong>manum</strong></span> <span class='ocrx_word' id='word_1_412' title='bbox 2731 1182 2982 1254; x_wconf 89' lang='lat' dir='ltr'><strong>Stephani</strong></span> <span class='ocrx_word' id='word_1_413' title='bbox 2999 1189 3193 1243; x_wconf 89' lang='lat' dir='ltr'><strong>notarii</strong></span> <span class='ocrx_word' id='word_1_414' title='bbox 3218 1192 3354 1245; x_wconf 88' lang='lat' dir='ltr'><strong>sacri</strong></span> <span class='ocrx_word' id='word_1_415' title='bbox 3380 1194 3574 1247; x_wconf 91' lang='lat' dir='ltr'><strong>scrinei</strong></span> 
     </span>
    </p>
   </div>
   <div class='ocr_carea' id='block_1_65' title="bbox 2009 1266 3572 1351">
    <p class='ocr_par' dir='ltr' id='par_1_65' title="bbox 2009 1266 3572 1351">
     <span class='ocr_line' id='line_1_65' title="bbox 2009 1266 3572 1351; baseline 0.012 -35"><span class='ocrx_word' id='word_1_416' title='bbox 2009 1275 2212 1320; x_wconf 67' lang='lat' dir='ltr'><strong>sanctie</strong></span> <span class='ocrx_word' id='word_1_417' title='bbox 2242 1266 2493 1322; x_wconf 56' lang='lat' dir='ltr'><strong>Romana</strong></span> <span class='ocrx_word' id='word_1_418' title='bbox 2518 1271 2789 1326; x_wconf 68' lang='lat' dir='ltr'><strong>Ecclesiae.</strong></span> <span class='ocrx_word' id='word_1_419' title='bbox 2821 1314 2835 1329; x_wconf 92' lang='lat'><strong><em>.</em></strong></span> <span class='ocrx_word' id='word_1_420' title='bbox 2873 1315 2885 1326; x_wconf 93' lang='lat'>.</span> <span class='ocrx_word' id='word_1_421' title='bbox 2917 1316 2928 1328; x_wconf 94' lang='lat'><strong>.</strong></span> <span class='ocrx_word' id='word_1_422' title='bbox 2967 1315 2980 1328; x_wconf 94' lang='lat'><strong><em>.</em></strong></span> <span class='ocrx_word' id='word_1_423' title='bbox 3017 1277 3308 1334; x_wconf 91' lang='lat' dir='ltr'><strong>lndictione</strong></span> <span class='ocrx_word' id='word_1_424' title='bbox 3355 1291 3572 1351; x_wconf 86' lang='lat' dir='ltr'><strong>quarta.</strong></span> 
     </span>
    </p>
   </div>
   <div class='ocr_carea' id='block_1_66' title="bbox 2073 1354 3572 1436">
    <p class='ocr_par' dir='ltr' id='par_1_66' title="bbox 2073 1354 3572 1436">
     <span class='ocr_line' id='line_1_66' title="bbox 2073 1354 3572 1436; baseline 0.013 -30"><span class='ocrx_word' id='word_1_425' title='bbox 2073 1354 2261 1409; x_wconf 91' lang='lat' dir='ltr'><strong>Datum</strong></span> <span class='ocrx_word' id='word_1_426' title='bbox 2295 1373 2345 1411; x_wconf 86' lang='lat' dir='ltr'><strong>tv</strong></span> <span class='ocrx_word' id='word_1_427' title='bbox 2375 1358 2636 1416; x_wconf 86' lang='lat' dir='ltr'><strong>Kalendas</strong></span> <span class='ocrx_word' id='word_1_428' title='bbox 2674 1361 2910 1418; x_wconf 83' lang='lat' dir='ltr'><strong>Januarii</strong></span> <span class='ocrx_word' id='word_1_429' title='bbox 2965 1383 3060 1436; x_wconf 88' lang='lat' dir='ltr'><strong>per</strong></span> <span class='ocrx_word' id='word_1_430' title='bbox 3087 1385 3275 1424; x_wconf 89' lang='lat' dir='ltr'><strong>manus</strong></span> <span class='ocrx_word' id='word_1_431' title='bbox 3309 1369 3572 1426; x_wconf 84' lang='lat' dir='ltr'><strong>Cuidonis</strong></span> 
     </span>
    </p>
   </div>
   <div class='ocr_carea' id='block_1_67' title="bbox 2000 1442 3562 1529">
    <p class='ocr_par' dir='ltr' id='par_1_67' title="bbox 2000 1442 3562 1529">
     <span class='ocr_line' id='line_1_67' title="bbox 2000 1442 3562 1529; baseline 0.017 -37"><span class='ocrx_word' id='word_1_432' title='bbox 2000 1442 2235 1512; x_wconf 88' lang='lat' dir='ltr'><strong>episcopi</strong></span> <span class='ocrx_word' id='word_1_433' title='bbox 2267 1454 2322 1500; x_wconf 93' lang='lat' dir='ltr'><strong>et</strong></span> <span class='ocrx_word' id='word_1_434' title='bbox 2359 1447 2751 1506; x_wconf 80' lang='lat' dir='ltr'><strong>bibliotliecarii</strong></span> <span class='ocrx_word' id='word_1_435' title='bbox 2798 1464 2998 1510; x_wconf 65' lang='lat' dir='ltr'><strong>sancta:</strong></span> <span class='ocrx_word' id='word_1_436' title='bbox 3039 1458 3184 1513; x_wconf 87' lang='lat' dir='ltr'><strong>sedis</strong></span> <span class='ocrx_word' id='word_1_437' title='bbox 3217 1462 3521 1529; x_wconf 73' lang='lat' dir='ltr'><strong>apostoliezc</strong></span> <span class='ocrx_word' id='word_1_438' title='bbox 3548 1503 3562 1524; x_wconf 89' lang='lat'><strong><em>.</em></strong></span> 
     </span>
    </p>
   </div>
   <div class='ocr_carea' id='block_1_68' title="bbox 1996 1535 3564 1605">
    <p class='ocr_par' dir='ltr' id='par_1_68' title="bbox 1996 1535 3564 1605">
     <span class='ocr_line' id='line_1_68' title="bbox 1996 1535 3564 1605; baseline 0.015 -23"><span class='ocrx_word' id='word_1_439' title='bbox 1996 1546 2139 1585; x_wconf 86' lang='lat' dir='ltr'><strong>anno</strong></span> <span class='ocrx_word' id='word_1_440' title='bbox 2181 1535 2524 1602; x_wconf 81' lang='lat' dir='ltr'><strong>pontificatus</strong></span> <span class='ocrx_word' id='word_1_441' title='bbox 2577 1540 2757 1597; x_wconf 71' lang='lat' dir='ltr'><strong>domn.</strong></span> <span class='ocrx_word' id='word_1_442' title='bbox 2812 1543 3084 1600; x_wconf 79' lang='lat' dir='ltr'><strong>Benedicti</strong></span> <span class='ocrx_word' id='word_1_443' title='bbox 3114 1550 3440 1604; x_wconf 87' lang='lat' dir='ltr'><strong>sanctissimi</strong></span> <span class='ocrx_word' id='word_1_444' title='bbox 3478 1550 3564 1605; x_wconf 82' lang='lat' dir='ltr'><strong>VII</strong></span> 
     </span>
    </p>
   </div>
   <div class='ocr_carea' id='block_1_69' title="bbox 1999 1625 3494 1696">
    <p class='ocr_par' dir='ltr' id='par_1_69' title="bbox 1999 1625 3494 1696">
     <span class='ocr_line' id='line_1_69' title="bbox 1999 1625 3494 1696; baseline 0.015 -24"><span class='ocrx_word' id='word_1_445' title='bbox 1999 1637 2144 1692; x_wconf 65' lang='lat' dir='ltr'><strong>papm</strong></span> <span class='ocrx_word' id='word_1_446' title='bbox 2171 1625 2425 1691; x_wconf 88' lang='lat' dir='ltr'><strong>secundo,</strong></span> <span class='ocrx_word' id='word_1_447' title='bbox 2459 1629 2664 1696; x_wconf 91' lang='lat' dir='ltr'><strong>imperii</strong></span> <span class='ocrx_word' id='word_1_448' title='bbox 2689 1648 2817 1686; x_wconf 72' lang='lat' dir='ltr'><strong>vero</strong></span> <span class='ocrx_word' id='word_1_449' title='bbox 2844 1635 3026 1689; x_wconf 91' lang='lat' dir='ltr'><strong>domni</strong></span> <span class='ocrx_word' id='word_1_450' title='bbox 3055 1635 3266 1693; x_wconf 92' lang='lat' dir='ltr'><strong>Ottouis</strong></span> <span class='ocrx_word' id='word_1_451' title='bbox 3295 1640 3494 1695; x_wconf 85' lang='lat' dir='ltr'><strong>Tertio.</strong></span> 
     </span>
    </p>
   </div>
   <div class='ocr_carea' id='block_1_70' title="bbox 2715 1739 2845 1796">
    <p class='ocr_par' dir='ltr' id='par_1_70' title="bbox 2715 1739 2845 1796">
     <span class='ocr_line' id='line_1_70' title="bbox 2715 1739 2845 1796; baseline 0.008 -3"><span class='ocrx_word' id='word_1_452' title='bbox 2715 1739 2845 1796; x_wconf 74' lang='lat' dir='ltr'><strong>V&#39;Ill.</strong></span> 
     </span>
    </p>
   </div>
   <div class='ocr_carea' id='block_1_71' title="bbox 2047 1836 3511 1894">
    <p class='ocr_par' dir='ltr' id='par_1_71' title="bbox 2047 1836 3511 1894">
     <span class='ocr_line' id='line_1_71' title="bbox 2047 1836 3511 1894; baseline 0.015 -23"><span class='ocrx_word' id='word_1_453' title='bbox 2047 1836 2320 1877; x_wconf 71' lang='lat' dir='ltr'><strong>BENEDICTI</strong></span> <span class='ocrx_word' id='word_1_454' title='bbox 2364 1841 2506 1879; x_wconf 71' lang='lat' dir='ltr'><strong>PAP£</strong></span> <span class='ocrx_word' id='word_1_455' title='bbox 2548 1843 2618 1880; x_wconf 74' lang='grc' dir='ltr'>νιι</span> <span class='ocrx_word' id='word_1_456' title='bbox 2653 1844 2995 1888; x_wconf 64' lang='grc' dir='ltr'>Ἄιιιίηοιωι</span> <span class='ocrx_word' id='word_1_457' title='bbox 3037 1851 3134 1888; x_wconf 72' lang='grc' dir='ltr'><strong>ΡΙιο</strong></span> <span class='ocrx_word' id='word_1_458' title='bbox 3175 1852 3511 1894; x_wconf 67' lang='lat' dir='ltr'><strong>MONASTERIO</strong></span> 
     </span>
    </p>
   </div>
   <div class='ocr_carea' id='block_1_72' title="bbox 2541 1912 3006 1956">
    <p class='ocr_par' dir='ltr' id='par_1_72' title="bbox 2541 1912 3006 1956">
     <span class='ocr_line' id='line_1_72' title="bbox 2541 1912 3006 1956; baseline 0.013 -6"><span class='ocrx_word' id='word_1_459' title='bbox 2541 1912 2582 1950; x_wconf 88' lang='lat' dir='ltr'><strong>S.</strong></span> <span class='ocrx_word' id='word_1_460' title='bbox 2625 1915 3006 1956; x_wconf 65' lang='lat' dir='ltr'><strong>PANTALEUNIS.</strong></span> 
     </span>
    </p>
   </div>
   <div class='ocr_carea' id='block_1_73' title="bbox 2595 2007 2946 2079">
    <p class='ocr_par' dir='ltr' id='par_1_73' title="bbox 2595 2007 2946 2079">
     <span class='ocr_line' id='line_1_73' title="bbox 2595 2007 2946 2079; baseline 0.02 -22"><span class='ocrx_word' id='word_1_461' title='bbox 2595 2007 2769 2075; x_wconf 63' lang='lat' dir='ltr'><strong>(Anno</strong></span> <span class='ocrx_word' id='word_1_462' title='bbox 2798 2011 2946 2079; x_wconf 83' lang='lat'><strong>976.)</strong></span> 
     </span>
    </p>
   </div>
   <div class='ocr_carea' id='block_1_74' title="bbox 1987 2111 3568 2196">
    <p class='ocr_par' dir='ltr' id='par_1_74' title="bbox 1987 2111 3568 2196">
     <span class='ocr_line' id='line_1_74' title="bbox 1987 2111 3568 2196; baseline 0.015 -32"><span class='ocrx_word' id='word_1_463' title='bbox 1987 2111 2288 2196; x_wconf 70' lang='lat' dir='ltr'><strong>Monasterii</strong></span> <span class='ocrx_word' id='word_1_464' title='bbox 2320 2116 2376 2170; x_wconf 88' lang='lat' dir='ltr'><em>S.</em></span> <span class='ocrx_word' id='word_1_465' title='bbox 2415 2117 2754 2196; x_wconf 74' lang='lat' dir='ltr'><strong>Pantaleonis</strong></span> <span class='ocrx_word' id='word_1_466' title='bbox 2785 2125 3107 2182; x_wconf 62' lang='lat' dir='ltr'><strong>Coloniensis</strong></span> <span class='ocrx_word' id='word_1_467' title='bbox 3140 2133 3482 2196; x_wconf 83' lang='lat' dir='ltr'><strong>possessiones</strong></span> <span class='ocrx_word' id='word_1_468' title='bbox 3514 2147 3568 2190; x_wconf 79' lang='lat' dir='ltr'><strong>el</strong></span> 
     </span>
    </p>
   </div>
   <div class='ocr_carea' id='block_1_75' title="bbox 2052 2183 3563 2269">
    <p class='ocr_par' dir='ltr' id='par_1_75' title="bbox 2052 2183 3563 2269">
     <span class='ocr_line' id='line_1_75' title="bbox 2052 2183 3563 2269; baseline 0.016 -38"><span class='ocrx_word' id='word_1_469' title='bbox 2052 2183 2321 2262; x_wconf 57' lang='lat' dir='ltr'><strong>priuilegia</strong></span> <span class='ocrx_word' id='word_1_470' title='bbox 2353 2189 2624 2265; x_wconf 66' lang='lat' dir='ltr'><strong>conﬁrmat</strong></span> <span class='ocrx_word' id='word_1_471' title='bbox 2671 2211 2691 2269; x_wconf 83' lang='lat'><strong>_:</strong></span> <span class='ocrx_word' id='word_1_472' title='bbox 2735 2212 2753 2243; x_wconf 76' lang='grc' dir='ltr'><strong>ι</strong></span> <span class='ocrx_word' id='word_1_473' title='bbox 2791 2196 2867 2248; x_wconf 86' lang='lat' dir='ltr'><strong>0b</strong></span> <span class='ocrx_word' id='word_1_474' title='bbox 2894 2183 3488 2269; x_wconf 53' lang='lat' dir='ltr'><strong>amorem&#39;imperatoris</strong></span> <span class='ocrx_word' id='word_1_475' title='bbox 3516 2217 3563 2258; x_wconf 87' lang='lat' dir='ltr'><strong>et</strong></span> 
     </span>
    </p>
   </div>
   <div class='ocr_carea' id='block_1_76' title="bbox 2050 2254 3565 2338">
    <p class='ocr_par' dir='ltr' id='par_1_76' title="bbox 2050 2254 3565 2338">
     <span class='ocr_line' id='line_1_76' title="bbox 2050 2254 3565 2338; baseline 0.018 -38"><span class='ocrx_word' id='word_1_476' title='bbox 2050 2254 2342 2338; x_wconf 63' lang='lat' dir='ltr'><strong>petitionem</strong></span> <span class='ocrx_word' id='word_1_477' title='bbox 2369 2257 2706 2338; x_wconf 40' lang='lat' dir='ltr'><strong>inijierat‘ricis</strong></span> <span class='ocrx_word' id='word_1_478' title='bbox 2725 2303 2738 2326; x_wconf 96' lang='lat'><strong>,</strong></span> <span class='ocrx_word' id='word_1_479' title='bbox 2765 2281 2853 2316; x_wconf 87' lang='lat' dir='ltr'><strong>nec</strong></span> <span class='ocrx_word' id='word_1_480' title='bbox 2885 2282 2985 2318; x_wconf 86' lang='lat' dir='ltr'><strong>non</strong></span> <span class='ocrx_word' id='word_1_481' title='bbox 3019 2279 3065 2319; x_wconf 83' lang='lat' dir='ltr'><strong>et</strong></span> <span class='ocrx_word' id='word_1_482' title='bbox 3097 2254 3302 2336; x_wconf 66' lang='grc' dir='ltr'><strong>μηνίειν</strong></span> <span class='ocrx_word' id='word_1_483' title='bbox 3321 2273 3565 2338; x_wconf 83' lang='lat' dir='ltr'><strong>jocundi-</strong></span> 
     </span>
    </p>
   </div>
   <div class='ocr_carea' id='block_1_77' title="bbox 2052 2322 3563 2402">
    <p class='ocr_par' dir='ltr' id='par_1_77' title="bbox 2052 2322 3563 2402">
     <span class='ocr_line' id='line_1_77' title="bbox 2052 2322 3563 2402; baseline 0.018 -32"><span class='ocrx_word' id='word_1_484' title='bbox 2052 2322 2448 2402; x_wconf 34' lang='lat' dir='ltr'><strong>tuteinlff&#39;zmrini</strong></span> <span class='ocrx_word' id='word_1_485' title='bbox 2478 2322 2866 2402; x_wconf 72' lang='lat' dir='ltr'><strong>archiepiscopi,</strong></span> <span class='ocrx_word' id='word_1_486' title='bbox 2902 2355 2918 2382; x_wconf 72' lang='grc' dir='ltr'><strong>ι</strong></span> <span class='ocrx_word' id='word_1_487' title='bbox 2955 2322 3200 2402; x_wconf 72' lang='lat' dir='ltr'><strong>permittii</strong></span> <span class='ocrx_word' id='word_1_488' title='bbox 3231 2354 3282 2391; x_wconf 89' lang='lat' dir='ltr'><strong>ut</strong></span> <span class='ocrx_word' id='word_1_489' title='bbox 3308 2322 3563 2396; x_wconf 59' lang='lat' dir='ltr'><strong>Christia-</strong></span> 
     </span>
    </p>
   </div>
   <div class='ocr_carea' id='block_1_78' title="bbox 2055 2392 3228 2461">
    <p class='ocr_par' dir='ltr' id='par_1_78' title="bbox 2055 2392 3228 2461">
     <span class='ocr_line' id='line_1_78' title="bbox 2055 2392 3228 2461; baseline 0.018 -21"><span class='ocrx_word' id='word_1_490' title='bbox 2055 2406 2149 2443; x_wconf 88' lang='lat' dir='ltr'><strong>nus</strong></span> <span class='ocrx_word' id='word_1_491' title='bbox 2176 2392 2334 2445; x_wconf 83' lang='lat' dir='ltr'><strong>abbas</strong></span> <span class='ocrx_word' id='word_1_492' title='bbox 2358 2392 2713 2452; x_wconf 46' lang='lat' dir='ltr'><strong>(lalmutica&#39;et</strong></span> <span class='ocrx_word' id='word_1_493' title='bbox 2737 2392 2990 2456; x_wconf 75' lang='lat' dir='ltr'><strong>sandaliis</strong></span> <span class='ocrx_word' id='word_1_494' title='bbox 3028 2417 3228 2461; x_wconf 83' lang='lat' dir='ltr'><strong>utatur.</strong></span> 
     </span>
    </p>
   </div>
   <div class='ocr_carea' id='block_1_79' title="bbox 1983 2497 3557 2590">
    <p class='ocr_par' dir='ltr' id='par_1_79' title="bbox 1983 2497 3557 2590">
     <span class='ocr_line' id='line_1_79' title="bbox 1983 2497 3557 2590; baseline 0.02 -43"><span class='ocrx_word' id='word_1_495' title='bbox 1983 2497 2324 2567; x_wconf 72' lang='lat' dir='ltr'><strong>[\Vurtwein,</strong></span> <span class='ocrx_word' id='word_1_496' title='bbox 2355 2501 2602 2558; x_wconf 82' lang='lat' dir='ltr'><strong>Subsidia</strong></span> <span class='ocrx_word' id='word_1_497' title='bbox 2625 2509 2982 2578; x_wconf 78' lang='lat' dir='ltr'><strong>diplomatica,</strong></span> <span class='ocrx_word' id='word_1_498' title='bbox 3020 2515 3381 2590; x_wconf 43' lang='lat' dir='ltr'><strong>l&#39;leidelhergze</strong></span> <span class='ocrx_word' id='word_1_499' title='bbox 3406 2523 3557 2587; x_wconf 84' lang='lat' dir='ltr'><strong>l78l,</strong></span> 
     </span>
    </p>
   </div>
   <div class='ocr_carea' id='block_1_80' title="bbox 2609 2597 2906 2674">
    <p class='ocr_par' dir='ltr' id='par_1_80' title="bbox 2609 2597 2906 2674">
     <span class='ocr_line' id='line_1_80' title="bbox 2609 2597 2906 2674; baseline 0.017 -23"><span class='ocrx_word' id='word_1_500' title='bbox 2609 2597 2664 2651; x_wconf 81' lang='lat'><strong>8°</strong></span> <span class='ocrx_word' id='word_1_501' title='bbox 2696 2601 2786 2665; x_wconf 88' lang='lat' dir='ltr'><strong>IV,</strong></span> <span class='ocrx_word' id='word_1_502' title='bbox 2816 2603 2906 2674; x_wconf 73' lang='lat'><strong>29]</strong></span> 
     </span>
    </p>
   </div>
   <div class='ocr_carea' id='block_1_81' title="bbox 2047 2702 3555 2797">
    <p class='ocr_par' dir='ltr' id='par_1_81' title="bbox 2047 2702 3555 2797">
     <span class='ocr_line' id='line_1_81' title="bbox 2047 2702 3555 2797; baseline 0.021 -45"><span class='ocrx_word' id='word_1_503' title='bbox 2047 2702 2309 2757; x_wconf 81' lang='lat' dir='ltr'><strong>Convenit</strong></span> <span class='ocrx_word' id='word_1_504' title='bbox 2335 2710 2624 2775; x_wconf 82' lang='lat' dir='ltr'><strong>apostolico</strong></span> <span class='ocrx_word' id='word_1_505' title='bbox 2648 2717 3023 2784; x_wconf 83' lang='lat' dir='ltr'><strong>moderainini,</strong></span> <span class='ocrx_word' id='word_1_506' title='bbox 3057 2733 3161 2778; x_wconf 91' lang='lat' dir='ltr'><strong>etc.</strong></span> <span class='ocrx_word' id='word_1_507' title='bbox 3199 2725 3416 2797; x_wconf 83' lang='lat' dir='ltr'><strong>Reliqua</strong></span> <span class='ocrx_word' id='word_1_508' title='bbox 3443 2731 3555 2784; x_wconf 73' lang='lat' dir='ltr'><strong>ride</strong></span> 
     </span>
    </p>
   </div>
   <div class='ocr_carea' id='block_1_82' title="bbox 1981 2795 2741 2861">
    <p class='ocr_par' dir='ltr' id='par_1_82' title="bbox 1981 2795 2741 2861">
     <span class='ocr_line' id='line_1_82' title="bbox 1981 2795 2741 2861; baseline 0.022 -19"><span class='ocrx_word' id='word_1_509' title='bbox 1981 2795 2120 2861; x_wconf 82' lang='lat' dir='ltr'><strong>apud</strong></span> <span class='ocrx_word' id='word_1_510' title='bbox 2154 2797 2424 2850; x_wconf 83' lang='lat' dir='ltr'><strong>laudatum</strong></span> <span class='ocrx_word' id='word_1_511' title='bbox 2457 2813 2741 2858; x_wconf 82' lang='lat' dir='ltr'><strong>auctorem.</strong></span> 
     </span>
    </p>
   </div>
   <div class='ocr_carea' id='block_1_83' title="bbox 2717 2917 2804 2971">
    <p class='ocr_par' dir='ltr' id='par_1_83' title="bbox 2717 2917 2804 2971">
     <span class='ocr_line' id='line_1_83' title="bbox 2717 2917 2804 2971; baseline 0.011 -1"><span class='ocrx_word' id='word_1_512' title='bbox 2717 2917 2804 2971; x_wconf 77' lang='grc' dir='ltr'><strong>ΙΧ.</strong></span> 
     </span>
    </p>
   </div>
   <div class='ocr_carea' id='block_1_84' title="bbox 1972 3036 3558 3098">
    <p class='ocr_par' dir='ltr' id='par_1_84' title="bbox 1972 3036 3558 3098">
     <span class='ocr_line' id='line_1_84' title="bbox 1972 3036 3558 3098; baseline 0.014 -27"><span class='ocrx_word' id='word_1_513' title='bbox 1972 3036 2249 3076; x_wconf 62' lang='lat' dir='ltr'><strong>BESEDICTI</strong></span> <span class='ocrx_word' id='word_1_514' title='bbox 2312 3040 2453 3078; x_wconf 74' lang='lat' dir='ltr'><strong>P.\P.£</strong></span> <span class='ocrx_word' id='word_1_515' title='bbox 2519 3041 2588 3079; x_wconf 73' lang='lat' dir='ltr'><strong>VII</strong></span> <span class='ocrx_word' id='word_1_516' title='bbox 2648 3045 2988 3089; x_wconf 71' lang='lat' dir='ltr'><strong>PRIVILEGIL‘I</strong></span> <span class='ocrx_word' id='word_1_517' title='bbox 3055 3053 3154 3093; x_wconf 77' lang='lat' dir='ltr'><strong>PRO</strong></span> <span class='ocrx_word' id='word_1_518' title='bbox 3213 3056 3558 3098; x_wconf 67' lang='lat' dir='ltr'><strong>IONASTERIO</strong></span> 
     </span>
    </p>
   </div>
   <div class='ocr_carea' id='block_1_85' title="bbox 2612 3112 2901 3155">
    <p class='ocr_par' dir='ltr' id='par_1_85' title="bbox 2612 3112 2901 3155">
     <span class='ocr_line' id='line_1_85' title="bbox 2612 3112 2901 3155; baseline 0.017 -5"><span class='ocrx_word' id='word_1_519' title='bbox 2612 3112 2901 3155; x_wconf 64' lang='lat' dir='ltr'><strong>CASINENSI.</strong></span> 
     </span>
    </p>
   </div>
   <div class='ocr_carea' id='block_1_86' title="bbox 2559 3207 2961 3284">
    <p class='ocr_par' dir='ltr' id='par_1_86' title="bbox 2559 3207 2961 3284">
     <span class='ocr_line' id='line_1_86' title="bbox 2559 3207 2961 3284; baseline 0.015 -25"><span class='ocrx_word' id='word_1_520' title='bbox 2559 3207 2747 3276; x_wconf 76' lang='lat' dir='ltr'><strong>(Anno</strong></span> <span class='ocrx_word' id='word_1_521' title='bbox 2794 3210 2961 3284; x_wconf 90' lang='lat'><strong>977.)</strong></span> 
     </span>
    </p>
   </div>
   <div class='ocr_carea' id='block_1_87' title="bbox 2299 3314 3236 3402">
    <p class='ocr_par' dir='ltr' id='par_1_87' title="bbox 2299 3314 3236 3402">
     <span class='ocr_line' id='line_1_87' title="bbox 2299 3314 3236 3402; baseline 0.017 -34"><span class='ocrx_word' id='word_1_522' title='bbox 2299 3314 2556 3384; x_wconf 83' lang='lat' dir='ltr'><strong>[Gattula,</strong></span> <span class='ocrx_word' id='word_1_523' title='bbox 2594 3317 2732 3372; x_wconf 84' lang='lat' dir='ltr'><strong>Hist.</strong></span> <span class='ocrx_word' id='word_1_524' title='bbox 2765 3320 2966 3390; x_wconf 61' lang='lat' dir='ltr'><strong>Casia,</strong></span> <span class='ocrx_word' id='word_1_525' title='bbox 2997 3341 3049 3395; x_wconf 90' lang='lat' dir='ltr'><strong>p.</strong></span> <span class='ocrx_word' id='word_1_526' title='bbox 3087 3329 3236 3402; x_wconf 69' lang='lat'><strong>840.]</strong></span> 
     </span>
    </p>
   </div>
   <div class='ocr_carea' id='block_1_88' title="bbox 2034 3421 3546 3509">
    <p class='ocr_par' dir='ltr' id='par_1_88' title="bbox 2034 3421 3546 3509">
     <span class='ocr_line' id='line_1_88' title="bbox 2034 3421 3546 3509; baseline 0.02 -35"><span class='ocrx_word' id='word_1_527' title='bbox 2034 3421 2369 3479; x_wconf 66' lang='lat' dir='ltr'><strong>Bsxsmcrus</strong></span> <span class='ocrx_word' id='word_1_528' title='bbox 2397 3428 2696 3497; x_wconf 86' lang='lat' dir='ltr'><strong>episcopus.</strong></span> <span class='ocrx_word' id='word_1_529' title='bbox 2733 3448 2919 3489; x_wconf 87' lang='lat' dir='ltr'><strong>servus</strong></span> <span class='ocrx_word' id='word_1_530' title='bbox 2949 3452 3229 3496; x_wconf 89' lang='lat' dir='ltr'><strong>servorum</strong></span> <span class='ocrx_word' id='word_1_531' title='bbox 3273 3443 3388 3509; x_wconf 89' lang='lat' dir='ltr'><strong>Dei,</strong></span> <span class='ocrx_word' id='word_1_532' title='bbox 3418 3450 3546 3502; x_wconf 83' lang='lat' dir='ltr'><strong>cha-</strong></span> 
     </span>
    </p>
   </div>
   <div class='ocr_carea' id='block_1_89' title="bbox 1964 3512 3546 3592">
    <p class='ocr_par' dir='ltr' id='par_1_89' title="bbox 1964 3512 3546 3592">
     <span class='ocr_line' id='line_1_89' title="bbox 1964 3512 3546 3592; baseline 0.018 -29"><span class='ocrx_word' id='word_1_533' title='bbox 1964 3512 2176 3566; x_wconf 90' lang='lat' dir='ltr'><strong>rissimo</strong></span> <span class='ocrx_word' id='word_1_534' title='bbox 2208 3515 2257 3566; x_wconf 91' lang='lat' dir='ltr'><strong>in</strong></span> <span class='ocrx_word' id='word_1_535' title='bbox 2292 3515 2513 3571; x_wconf 92' lang='lat' dir='ltr'><strong>Domino</strong></span> <span class='ocrx_word' id='word_1_536' title='bbox 2536 3518 2658 3572; x_wconf 87' lang='lat' dir='ltr'><strong>Jesu</strong></span> <span class='ocrx_word' id='word_1_537' title='bbox 2692 3521 2906 3578; x_wconf 86' lang='lat' dir='ltr'><strong>Christo</strong></span> <span class='ocrx_word' id='word_1_538' title='bbox 2930 3526 3040 3580; x_wconf 91' lang='lat' dir='ltr'><strong>lilio</strong></span> <span class='ocrx_word' id='word_1_539' title='bbox 3073 3529 3351 3589; x_wconf 76' lang='lat' dir='ltr'><strong>ATIGERNO</strong></span> <span class='ocrx_word' id='word_1_540' title='bbox 3384 3552 3546 3592; x_wconf 90' lang='lat' dir='ltr'><strong>vene-</strong></span> 
     </span>
    </p>
   </div>
   <div class='ocr_carea' id='block_1_90' title="bbox 1964 3604 3544 3682">
    <p class='ocr_par' dir='ltr' id='par_1_90' title="bbox 1964 3604 3544 3682">
     <span class='ocr_line' id='line_1_90' title="bbox 1964 3604 3544 3682; baseline 0.017 -28"><span class='ocrx_word' id='word_1_541' title='bbox 1964 3604 2115 3656; x_wconf 89' lang='lat' dir='ltr'><strong>rabili</strong></span> <span class='ocrx_word' id='word_1_542' title='bbox 2171 3614 2224 3657; x_wconf 86' lang='lat' dir='ltr'><strong>et</strong></span> <span class='ocrx_word' id='word_1_543' title='bbox 2277 3607 2525 3675; x_wconf 77' lang='lat' dir='ltr'><strong>religioso</strong></span> <span class='ocrx_word' id='word_1_544' title='bbox 2574 3610 2751 3664; x_wconf 89' lang='lat' dir='ltr'><strong>abbati</strong></span> <span class='ocrx_word' id='word_1_545' title='bbox 2811 3616 3161 3673; x_wconf 88' lang='lat' dir='ltr'><strong>sacratissimi</strong></span> <span class='ocrx_word' id='word_1_546' title='bbox 3227 3630 3544 3682; x_wconf 86' lang='lat' dir='ltr'><strong>monasterii</strong></span> 
     </span>
    </p>
   </div>
   <div class='ocr_carea' id='block_1_91' title="bbox 1962 3691 3543 3771">
    <p class='ocr_par' dir='ltr' id='par_1_91' title="bbox 1962 3691 3543 3771">
     <span class='ocr_line' id='line_1_91' title="bbox 1962 3691 3543 3771; baseline 0.018 -30"><span class='ocrx_word' id='word_1_547' title='bbox 1962 3692 2102 3743; x_wconf 84' lang='lat' dir='ltr'><strong>heati</strong></span> <span class='ocrx_word' id='word_1_548' title='bbox 2134 3691 2409 3747; x_wconf 82' lang='lat' dir='ltr'><strong>Benedicti</strong></span> <span class='ocrx_word' id='word_1_549' title='bbox 2443 3695 2772 3753; x_wconf 84' lang='lat' dir='ltr'><strong>confessoris</strong></span> <span class='ocrx_word' id='word_1_550' title='bbox 2793 3700 3122 3768; x_wconf 91' lang='lat' dir='ltr'><strong>Christi,siti</strong></span> <span class='ocrx_word' id='word_1_551' title='bbox 3155 3711 3206 3763; x_wconf 92' lang='lat' dir='ltr'><strong>in</strong></span> <span class='ocrx_word' id='word_1_552' title='bbox 3237 3711 3412 3769; x_wconf 84' lang='lat' dir='ltr'><strong>Monte</strong></span> <span class='ocrx_word' id='word_1_553' title='bbox 3436 3716 3543 3771; x_wconf 89' lang='lat' dir='ltr'><strong>Ca-</strong></span> 
     </span>
    </p>
   </div>
   <div class='ocr_carea' id='block_1_92' title="bbox 1959 3781 3538 3870">
    <p class='ocr_par' dir='ltr' id='par_1_92' title="bbox 1959 3781 3538 3870">
     <span class='ocr_line' id='line_1_92' title="bbox 1959 3781 3538 3870; baseline 0.018 -38"><span class='ocrx_word' id='word_1_554' title='bbox 1959 3781 2108 3846; x_wconf 91' lang='lat' dir='ltr'><strong>sino,</strong></span> <span class='ocrx_word' id='word_1_555' title='bbox 2157 3791 2212 3836; x_wconf 88' lang='lat' dir='ltr'><strong>et</strong></span> <span class='ocrx_word' id='word_1_556' title='bbox 2257 3799 2350 3852; x_wconf 85' lang='lat' dir='ltr'><strong>per</strong></span> <span class='ocrx_word' id='word_1_557' title='bbox 2403 3795 2454 3840; x_wconf 90' lang='lat' dir='ltr'><strong>te</strong></span> <span class='ocrx_word' id='word_1_558' title='bbox 2500 3786 2553 3840; x_wconf 92' lang='lat' dir='ltr'><strong>in</strong></span> <span class='ocrx_word' id='word_1_559' title='bbox 2601 3790 2788 3844; x_wconf 83' lang='lat' dir='ltr'><strong>eodem</strong></span> <span class='ocrx_word' id='word_1_560' title='bbox 2836 3797 3132 3852; x_wconf 85' lang='lat' dir='ltr'><strong>venerabili</strong></span> <span class='ocrx_word' id='word_1_561' title='bbox 3185 3810 3538 3870; x_wconf 91' lang='lat' dir='ltr'><strong>monasterio,</strong></span> 
     </span>
    </p>
   </div>
   <div class='ocr_carea' id='block_1_93' title="bbox 1960 3874 3294 3960">
    <p class='ocr_par' dir='ltr' id='par_1_93' title="bbox 1960 3874 3294 3960">
     <span class='ocr_line' id='line_1_93' title="bbox 1960 3874 3294 3960; baseline 0.016 -34"><span class='ocrx_word' id='word_1_562' title='bbox 1960 3874 2039 3928; x_wconf 83' lang='lat' dir='ltr'><strong>vel</strong></span> <span class='ocrx_word' id='word_1_563' title='bbox 2068 3885 2275 3929; x_wconf 59' lang='lat' dir='ltr'><strong>cuncta!</strong></span> <span class='ocrx_word' id='word_1_564' title='bbox 2305 3875 2420 3944; x_wconf 92' lang='lat' dir='ltr'><strong>ejus</strong></span> <span class='ocrx_word' id='word_1_565' title='bbox 2449 3884 2846 3951; x_wconf 80' lang='lat' dir='ltr'><strong>congregationi</strong></span> <span class='ocrx_word' id='word_1_566' title='bbox 2873 3885 2921 3939; x_wconf 93' lang='lat' dir='ltr'><strong>in</strong></span> <span class='ocrx_word' id='word_1_567' title='bbox 2956 3901 3294 3960; x_wconf 77' lang='lat' dir='ltr'><strong>perpetuum.</strong></span> 
     </span>
    </p>
   </div>
   <div class='ocr_carea' id='block_1_94' title="bbox 2027 3966 3529 4053">
    <p class='ocr_par' dir='ltr' id='par_1_94' title="bbox 2027 3966 3529 4053">
     <span class='ocr_line' id='line_1_94' title="bbox 2027 3966 3529 4053; baseline 0.018 -34"><span class='ocrx_word' id='word_1_568' title='bbox 2027 3966 2288 4032; x_wconf 86' lang='lat' dir='ltr'><strong>Quoniam</strong></span> <span class='ocrx_word' id='word_1_569' title='bbox 2321 3984 2534 4040; x_wconf 88' lang='lat' dir='ltr'><strong>semper</strong></span> <span class='ocrx_word' id='word_1_570' title='bbox 2559 3983 2685 4027; x_wconf 91' lang='lat' dir='ltr'><strong>sunt</strong></span> <span class='ocrx_word' id='word_1_571' title='bbox 2715 3979 3056 4034; x_wconf 87' lang='lat' dir='ltr'><strong>concedenda</strong></span> <span class='ocrx_word' id='word_1_572' title='bbox 3110 4000 3228 4053; x_wconf 68' lang='lat' dir='ltr'><strong>quae</strong></span> <span class='ocrx_word' id='word_1_573' title='bbox 3278 3992 3529 4045; x_wconf 88' lang='lat' dir='ltr'><strong>rationa-</strong></span> 
     </span>
    </p>
   </div>
   <div class='ocr_carea' id='block_1_95' title="bbox 1957 4060 3539 4140">
    <p class='ocr_par' dir='ltr' id='par_1_95' title="bbox 1957 4060 3539 4140">
     <span class='ocr_line' id='line_1_95' title="bbox 1957 4060 3539 4140; baseline 0.016 -28"><span class='ocrx_word' id='word_1_574' title='bbox 1957 4060 2159 4113; x_wconf 73' lang='lat' dir='ltr'><strong>lliiibUS</strong></span> <span class='ocrx_word' id='word_1_575' title='bbox 2190 4073 2490 4131; x_wconf 77' lang='lat' dir='ltr'><strong>congruunt</strong></span> <span class='ocrx_word' id='word_1_576' title='bbox 2546 4065 2846 4134; x_wconf 86' lang='lat' dir='ltr'><strong>desideriis,</strong></span> <span class='ocrx_word' id='word_1_577' title='bbox 2877 4082 3086 4140; x_wconf 84' lang='lat' dir='ltr'><strong>Oportet</strong></span> <span class='ocrx_word' id='word_1_578' title='bbox 3125 4086 3183 4130; x_wconf 91' lang='lat' dir='ltr'><strong>ut</strong></span> <span class='ocrx_word' id='word_1_579' title='bbox 3231 4080 3442 4136; x_wconf 90' lang='lat' dir='ltr'><strong>devotio</strong></span> <span class='ocrx_word' id='word_1_580' title='bbox 3489 4086 3539 4139; x_wconf 90' lang='lat' dir='ltr'><strong>in</strong></span> 
     </span>
    </p>
   </div>
   <div class='ocr_carea' id='block_1_96' title="bbox 1955 4154 3537 4240">
    <p class='ocr_par' dir='ltr' id='par_1_96' title="bbox 1955 4154 3537 4240">
     <span class='ocr_line' id='line_1_96' title="bbox 1955 4154 3537 4240; baseline 0.016 -35"><span class='ocrx_word' id='word_1_581' title='bbox 1955 4167 2041 4207; x_wconf 92' lang='lat' dir='ltr'><strong>me</strong></span> <span class='ocrx_word' id='word_1_582' title='bbox 2067 4154 2310 4222; x_wconf 78' lang='lat' dir='ltr'><strong>petitoris</strong></span> <span class='ocrx_word' id='word_1_583' title='bbox 2341 4155 2615 4212; x_wconf 88' lang='lat' dir='ltr'><strong>humiliter</strong></span> <span class='ocrx_word' id='word_1_584' title='bbox 2645 4161 2908 4228; x_wconf 89' lang='lat' dir='ltr'><strong>acquisita</strong></span> <span class='ocrx_word' id='word_1_585' title='bbox 2940 4165 2992 4218; x_wconf 93' lang='lat' dir='ltr'><strong>in</strong></span> <span class='ocrx_word' id='word_1_586' title='bbox 3018 4168 3311 4240; x_wconf 78' lang='lat' dir='ltr'><strong>privilegiis</strong></span> <span class='ocrx_word' id='word_1_587' title='bbox 3340 4189 3537 4230; x_wconf 85' lang='lat' dir='ltr'><strong>conce-</strong></span> 
     </span>
    </p>
   </div>
   <div class='ocr_carea' id='block_1_97' title="bbox 1955 4242 3535 4337">
    <p class='ocr_par' dir='ltr' id='par_1_97' title="bbox 1955 4242 3535 4337">
     <span class='ocr_line' id='line_1_97' title="bbox 1955 4242 3535 4337; baseline 0.018 -43"><span class='ocrx_word' id='word_1_588' title='bbox 1955 4242 2142 4297; x_wconf 89' lang='lat' dir='ltr'><strong>dendis</strong></span> <span class='ocrx_word' id='word_1_589' title='bbox 2165 4244 2384 4298; x_wconf 88' lang='lat' dir='ltr'><strong>minime</strong></span> <span class='ocrx_word' id='word_1_590' title='bbox 2421 4247 2714 4318; x_wconf 81' lang='lat' dir='ltr'><strong>denegetnr</strong></span> <span class='ocrx_word' id='word_1_591' title='bbox 2742 4267 2770 4304; x_wconf 90' lang='lat' dir='ltr'><strong>a</strong></span> <span class='ocrx_word' id='word_1_592' title='bbox 2805 4264 2988 4309; x_wconf 88' lang='lat' dir='ltr'><strong>nostra</strong></span> <span class='ocrx_word' id='word_1_593' title='bbox 3040 4259 3344 4317; x_wconf 90' lang='lat' dir='ltr'><strong>clementia.</strong></span> <span class='ocrx_word' id='word_1_594' title='bbox 3373 4265 3535 4337; x_wconf 43' lang='lat' dir='ltr'><strong>Legi</strong></span> 
     </span>
    </p>
   </div>
   <div class='ocr_carea' id='block_1_98' title="bbox 1953 4335 3536 4417">
    <p class='ocr_par' dir='ltr' id='par_1_98' title="bbox 1953 4335 3536 4417">
     <span class='ocr_line' id='line_1_98' title="bbox 1953 4335 3536 4417; baseline 0.02 -32"><span class='ocrx_word' id='word_1_595' title='bbox 1953 4342 2040 4386; x_wconf 91' lang='lat' dir='ltr'><strong>tur</strong></span> <span class='ocrx_word' id='word_1_596' title='bbox 2087 4335 2210 4404; x_wconf 87' lang='lat' dir='ltr'><strong>quia</strong></span> <span class='ocrx_word' id='word_1_597' title='bbox 2268 4338 2478 4405; x_wconf 88' lang='lat' dir='ltr'><strong>petistis</strong></span> <span class='ocrx_word' id='word_1_598' title='bbox 2528 4355 2556 4394; x_wconf 90' lang='lat' dir='ltr'><strong>a</strong></span> <span class='ocrx_word' id='word_1_599' title='bbox 2617 4343 2773 4398; x_wconf 92' lang='lat' dir='ltr'><strong>nobis</strong></span> <span class='ocrx_word' id='word_1_600' title='bbox 2822 4356 3088 4415; x_wconf 89' lang='lat' dir='ltr'><strong>quatenus</strong></span> <span class='ocrx_word' id='word_1_601' title='bbox 3150 4335 3536 4417; x_wconf 82' lang='lat' dir='ltr'><strong>monasterium</strong></span> 
     </span>
    </p>
   </div>
   <div class='ocr_carea' id='block_1_99' title="bbox 1951 4423 3534 4507">
    <p class='ocr_par' dir='ltr' id='par_1_99' title="bbox 1951 4423 3534 4507">
     <span class='ocr_line' id='line_1_99' title="bbox 1951 4423 3534 4507; baseline 0.02 -32"><span class='ocrx_word' id='word_1_602' title='bbox 1951 4423 2092 4477; x_wconf 90' lang='lat' dir='ltr'><strong>beati</strong></span> <span class='ocrx_word' id='word_1_603' title='bbox 2148 4425 2420 4482; x_wconf 88' lang='lat' dir='ltr'><strong>Benedicti</strong></span> <span class='ocrx_word' id='word_1_604' title='bbox 2470 4430 2796 4488; x_wconf 79' lang='lat' dir='ltr'><strong>confessoris</strong></span> <span class='ocrx_word' id='word_1_605' title='bbox 2843 4434 2969 4492; x_wconf 87' lang='lat' dir='ltr'><strong>Jesu</strong></span> <span class='ocrx_word' id='word_1_606' title='bbox 3018 4440 3219 4498; x_wconf 89' lang='lat' dir='ltr'><strong>Christi</strong></span> <span class='ocrx_word' id='word_1_607' title='bbox 3266 4448 3429 4504; x_wconf 90' lang='lat' dir='ltr'><strong>situm</strong></span> <span class='ocrx_word' id='word_1_608' title='bbox 3482 4455 3534 4507; x_wconf 92' lang='lat' dir='ltr'><strong>in</strong></span> 
     </span>
    </p>
   </div>
   <div class='ocr_carea' id='block_1_100' title="bbox 1945 4509 3535 4597">
    <p class='ocr_par' dir='ltr' id='par_1_100' title="bbox 1945 4509 3535 4597">
     <span class='ocr_line' id='line_1_100' title="bbox 1945 4509 3535 4597; baseline 0.021 -35"><span class='ocrx_word' id='word_1_609' title='bbox 1945 4509 2057 4577; x_wconf 86' lang='lat' dir='ltr'><strong>jam</strong></span> <span class='ocrx_word' id='word_1_610' title='bbox 2087 4513 2230 4568; x_wconf 90' lang='lat' dir='ltr'><strong>dicto</strong></span> <span class='ocrx_word' id='word_1_611' title='bbox 2259 4515 2435 4572; x_wconf 85' lang='lat' dir='ltr'><strong>Monte</strong></span> <span class='ocrx_word' id='word_1_612' title='bbox 2465 4518 2663 4576; x_wconf 89' lang='lat' dir='ltr'><strong>Casino</strong></span> <span class='ocrx_word' id='word_1_613' title='bbox 2688 4562 2702 4584; x_wconf 95' lang='lat'><strong>,</strong></span> <span class='ocrx_word' id='word_1_614' title='bbox 2742 4533 2904 4595; x_wconf 89' lang='lat' dir='ltr'><strong>atque</strong></span> <span class='ocrx_word' id='word_1_615' title='bbox 2946 4535 3327 4590; x_wconf 88' lang='lat' dir='ltr'><strong>monasterium</strong></span> <span class='ocrx_word' id='word_1_616' title='bbox 3367 4540 3535 4597; x_wconf 73' lang='lat' dir='ltr'><strong>beata:</strong></span> 
     </span>
    </p>
   </div>
   <div class='ocr_carea' id='block_1_101' title="bbox 1952 4601 3532 4686">
    <p class='ocr_par' dir='ltr' id='par_1_101' title="bbox 1952 4601 3532 4686">
     <span class='ocr_line' id='line_1_101' title="bbox 1952 4601 3532 4686; baseline 0.02 -30"><span class='ocrx_word' id='word_1_617' title='bbox 1952 4601 2319 4672; x_wconf 79' lang='lat' dir='ltr'><strong>Scholasticze,</strong></span> <span class='ocrx_word' id='word_1_618' title='bbox 2351 4623 2446 4662; x_wconf 90' lang='lat' dir='ltr'><strong>seu</strong></span> <span class='ocrx_word' id='word_1_619' title='bbox 2484 4619 2540 4664; x_wconf 91' lang='lat' dir='ltr'><strong>et</strong></span> <span class='ocrx_word' id='word_1_620' title='bbox 2567 4617 2956 4672; x_wconf 88' lang='lat' dir='ltr'><strong>monasterium</strong></span> <span class='ocrx_word' id='word_1_621' title='bbox 2989 4620 3198 4678; x_wconf 91' lang='lat' dir='ltr'><strong>Domini</strong></span> <span class='ocrx_word' id='word_1_622' title='bbox 3233 4626 3532 4686; x_wconf 90' lang='lat' dir='ltr'><strong>Salvatoris</strong></span> 
     </span>
    </p>
   </div>
   <div class='ocr_carea' id='block_1_102' title="bbox 1949 4695 3536 4788">
    <p class='ocr_par' dir='ltr' id='par_1_102' title="bbox 1949 4695 3536 4788">
     <span class='ocr_line' id='line_1_102' title="bbox 1949 4695 3536 4788; baseline 0.021 -44"><span class='ocrx_word' id='word_1_623' title='bbox 1949 4695 2048 4747; x_wconf 92' lang='lat' dir='ltr'><strong>sub</strong></span> <span class='ocrx_word' id='word_1_624' title='bbox 2079 4695 2301 4764; x_wconf 75' lang='lat' dir='ltr'><strong>praefato</strong></span> <span class='ocrx_word' id='word_1_625' title='bbox 2334 4710 2514 4755; x_wconf 90' lang='lat' dir='ltr'><strong>monte</strong></span> <span class='ocrx_word' id='word_1_626' title='bbox 2557 4709 2904 4773; x_wconf 90' lang='lat' dir='ltr'><strong>consecrati,</strong></span> <span class='ocrx_word' id='word_1_627' title='bbox 2950 4726 3156 4767; x_wconf 91' lang='lat' dir='ltr'><strong>necnon</strong></span> <span class='ocrx_word' id='word_1_628' title='bbox 3203 4727 3258 4771; x_wconf 92' lang='lat' dir='ltr'><strong>et</strong></span> <span class='ocrx_word' id='word_1_629' title='bbox 3301 4731 3536 4788; x_wconf 88' lang='lat' dir='ltr'><strong>quatuor</strong></span> 
     </span>
    </p>
   </div>
   <div class='ocr_carea' id='block_1_103' title="bbox 1950 4787 3535 4871">
    <p class='ocr_par' dir='ltr' id='par_1_103' title="bbox 1950 4787 3535 4871">
     <span class='ocr_line' id='line_1_103' title="bbox 1950 4787 3535 4871; baseline 0.022 -36"><span class='ocrx_word' id='word_1_630' title='bbox 1950 4787 2276 4840; x_wconf 89' lang='lat' dir='ltr'><strong>monasteria</strong></span> <span class='ocrx_word' id='word_1_631' title='bbox 2309 4790 2630 4859; x_wconf 90' lang='lat' dir='ltr'><strong>puellarum,</strong></span> <span class='ocrx_word' id='word_1_632' title='bbox 2663 4812 2828 4852; x_wconf 92' lang='lat' dir='ltr'><strong>unum</strong></span> <span class='ocrx_word' id='word_1_633' title='bbox 2861 4813 3061 4859; x_wconf 74' lang='lat' dir='ltr'><strong>sancta:</strong></span> <span class='ocrx_word' id='word_1_634' title='bbox 3093 4805 3275 4865; x_wconf 79' lang='lat' dir='ltr'><strong>Mariae</strong></span> <span class='ocrx_word' id='word_1_635' title='bbox 3312 4787 3362 4864; x_wconf 81' lang='lat' dir='ltr'><strong>in</strong></span> <span class='ocrx_word' id='word_1_636' title='bbox 3415 4814 3535 4871; x_wconf 93' lang='lat' dir='ltr'><strong>loco</strong></span> 
     </span>
    </p>
   </div>
   <div class='ocr_carea' id='block_1_104' title="bbox 1948 4875 3537 4963">
    <p class='ocr_par' dir='ltr' id='par_1_104' title="bbox 1948 4875 3537 4963">
     <span class='ocr_line' id='line_1_104' title="bbox 1948 4875 3537 4963; baseline 0.022 -37"><span class='ocrx_word' id='word_1_637' title='bbox 1948 4877 2038 4944; x_wconf 87' lang='lat' dir='ltr'><strong>qui</strong></span> <span class='ocrx_word' id='word_1_638' title='bbox 2090 4875 2453 4933; x_wconf 85' lang='lat' dir='ltr'><strong>Plumbariola</strong></span> <span class='ocrx_word' id='word_1_639' title='bbox 2525 4894 2788 4952; x_wconf 88' lang='lat' dir='ltr'><strong>vocatur,</strong></span> <span class='ocrx_word' id='word_1_640' title='bbox 2850 4891 2993 4948; x_wconf 88' lang='lat' dir='ltr'><strong>aliud</strong></span> <span class='ocrx_word' id='word_1_641' title='bbox 3046 4894 3286 4962; x_wconf 82' lang='lat' dir='ltr'><strong>ejusdem</strong></span> <span class='ocrx_word' id='word_1_642' title='bbox 3335 4915 3537 4963; x_wconf 77' lang='lat' dir='ltr'><strong>sancta:</strong></span> 
     </span>
    </p>
   </div>
   <div class='ocr_carea' id='block_1_105' title="bbox 1947 4964 3537 5051">
    <p class='ocr_par' dir='ltr' id='par_1_105' title="bbox 1947 4964 3537 5051">
     <span class='ocr_line' id='line_1_105' title="bbox 1947 4964 3537 5051; baseline 0.021 -34"><span class='ocrx_word' id='word_1_643' title='bbox 1947 4964 2203 5020; x_wconf 72' lang='lat' dir='ltr'><strong>Mariaein</strong></span> <span class='ocrx_word' id='word_1_644' title='bbox 2235 4969 2351 5024; x_wconf 88' lang='lat' dir='ltr'><strong>loco</strong></span> <span class='ocrx_word' id='word_1_645' title='bbox 2401 4972 2492 5042; x_wconf 90' lang='lat' dir='ltr'><strong>qui</strong></span> <span class='ocrx_word' id='word_1_646' title='bbox 2520 4972 2705 5046; x_wconf 76' lang='lat' dir='ltr'><strong>Cingla</strong></span> <span class='ocrx_word' id='word_1_647' title='bbox 2758 4981 2997 5051; x_wconf 89' lang='lat' dir='ltr'><strong>dicitur,</strong></span> <span class='ocrx_word' id='word_1_648' title='bbox 3037 4996 3090 5042; x_wconf 92' lang='lat' dir='ltr'><strong>et</strong></span> <span class='ocrx_word' id='word_1_649' title='bbox 3141 4995 3537 5051; x_wconf 88' lang='lat' dir='ltr'><strong>monasterium</strong></span> 
     </span>
    </p>
   </div>
   <div class='ocr_carea' id='block_1_106' title="bbox 1951 5056 3538 5141">
    <p class='ocr_par' dir='ltr' id='par_1_106' title="bbox 1951 5056 3538 5141">
     <span class='ocr_line' id='line_1_106' title="bbox 1951 5056 3538 5141; baseline 0.019 -30"><span class='ocrx_word' id='word_1_650' title='bbox 1951 5067 2151 5112; x_wconf 69' lang='lat' dir='ltr'><strong>sancta:</strong></span> <span class='ocrx_word' id='word_1_651' title='bbox 2178 5056 2410 5127; x_wconf 66' lang='lat' dir='ltr'><strong>Sophim,</strong></span> <span class='ocrx_word' id='word_1_652' title='bbox 2442 5074 2814 5124; x_wconf 89' lang='lat' dir='ltr'><strong>constructum</strong></span> <span class='ocrx_word' id='word_1_653' title='bbox 2860 5073 2998 5130; x_wconf 85' lang='lat' dir='ltr'><strong>infra</strong></span> <span class='ocrx_word' id='word_1_654' title='bbox 3050 5079 3322 5138; x_wconf 87' lang='lat' dir='ltr'><strong>civitatem</strong></span> <span class='ocrx_word' id='word_1_655' title='bbox 3360 5081 3538 5141; x_wconf 86' lang='lat' dir='ltr'><strong>Bene-</strong></span> 
     </span>
    </p>
   </div>
   <div class='ocr_carea' id='block_1_107' title="bbox 1951 5152 3542 5234">
    <p class='ocr_par' dir='ltr' id='par_1_107' title="bbox 1951 5152 3542 5234">
     <span class='ocr_line' id='line_1_107' title="bbox 1951 5152 3542 5234; baseline 0.02 -33"><span class='ocrx_word' id='word_1_656' title='bbox 1951 5156 2259 5212; x_wconf 86' lang='lat' dir='ltr'><strong>ventanam,</strong></span> <span class='ocrx_word' id='word_1_657' title='bbox 2299 5152 2427 5205; x_wconf 87' lang='lat' dir='ltr'><strong>item</strong></span> <span class='ocrx_word' id='word_1_658' title='bbox 2467 5164 2524 5209; x_wconf 93' lang='lat' dir='ltr'><strong>et</strong></span> <span class='ocrx_word' id='word_1_659' title='bbox 2565 5164 2954 5221; x_wconf 90' lang='lat' dir='ltr'><strong>monasterium</strong></span> <span class='ocrx_word' id='word_1_660' title='bbox 2994 5177 3194 5224; x_wconf 69' lang='lat' dir='ltr'><strong>sancta:</strong></span> <span class='ocrx_word' id='word_1_661' title='bbox 3250 5172 3432 5228; x_wconf 68' lang='lat' dir='ltr'><strong>Mariae</strong></span> <span class='ocrx_word' id='word_1_662' title='bbox 3485 5178 3542 5234; x_wconf 89' lang='lat' dir='ltr'><strong>in</strong></span> 
     </span>
    </p>
   </div>
   <div class='ocr_carea' id='block_1_108' title="bbox 1950 5236 3544 5320">
    <p class='ocr_par' dir='ltr' id='par_1_108' title="bbox 1950 5236 3544 5320">
     <span class='ocr_line' id='line_1_108' title="bbox 1950 5236 3544 5320; baseline 0.018 -28"><span class='ocrx_word' id='word_1_663' title='bbox 1950 5239 2167 5293; x_wconf 87' lang='lat' dir='ltr'><strong>civitate</strong></span> <span class='ocrx_word' id='word_1_664' title='bbox 2193 5236 2451 5298; x_wconf 86' lang='lat' dir='ltr'><strong>Cosentia</strong></span> <span class='ocrx_word' id='word_1_665' title='bbox 2489 5259 2891 5319; x_wconf 88' lang='lat' dir='ltr'><strong>consecratum,</strong></span> <span class='ocrx_word' id='word_1_666' title='bbox 2933 5266 2986 5312; x_wconf 91' lang='lat' dir='ltr'><strong>et</strong></span> <span class='ocrx_word' id='word_1_667' title='bbox 3015 5257 3173 5311; x_wconf 89' lang='lat' dir='ltr'><strong>simul</strong></span> <span class='ocrx_word' id='word_1_668' title='bbox 3223 5263 3384 5317; x_wconf 90' lang='lat' dir='ltr'><strong>etiam</strong></span> <span class='ocrx_word' id='word_1_669' title='bbox 3423 5279 3544 5320; x_wconf 52' lang='lat' dir='ltr'><strong>mo.</strong></span> 
     </span>
    </p>
   </div>
   <div class='ocr_carea' id='block_1_109' title="bbox 1951 5325 3540 5407">
    <p class='ocr_par' dir='ltr' id='par_1_109' title="bbox 1951 5325 3540 5407">
     <span class='ocr_line' id='line_1_109' title="bbox 1951 5325 3540 5407; baseline 0.018 -28"><span class='ocrx_word' id='word_1_670' title='bbox 1951 5325 2245 5383; x_wconf 90' lang='lat' dir='ltr'><strong>nasterium</strong></span> <span class='ocrx_word' id='word_1_671' title='bbox 2275 5334 2459 5390; x_wconf 89' lang='lat' dir='ltr'><strong>sancti</strong></span> <span class='ocrx_word' id='word_1_672' title='bbox 2503 5333 2777 5393; x_wconf 85' lang='lat' dir='ltr'><strong>Benedicti</strong></span> <span class='ocrx_word' id='word_1_673' title='bbox 2825 5341 2967 5401; x_wconf 90' lang='lat' dir='ltr'><strong>infra</strong></span> <span class='ocrx_word' id='word_1_674' title='bbox 3008 5345 3279 5404; x_wconf 74' lang='lat' dir='ltr'><strong>civitatem</strong></span> <span class='ocrx_word' id='word_1_675' title='bbox 3324 5349 3540 5407; x_wconf 80' lang='lat' dir='ltr'><strong>Cantia-</strong></span> 
     </span>
    </p>
   </div>
  </div>
