4472 5522
847 360 951 416 327

842 562 1088 620 ecclesia:
1146 559 1452 614 constituta:
1486 600 1499 623 ,
1574 558 1771 612 nullius
1841 558 2085 612 ecclesiae
2136 556 2422 625 cujuslibet

839 656 1214 725 episcoporum
1245 649 1538 705 ditiouibus
1591 658 2017 711 commoveatur,
2068 647 2151 702 vel
2198 649 2425 701 submit.

841 755 1002 798 tatur.
1038 743 1141 797 Pro
1166 756 1269 811 qua
1309 755 1365 794 re
1394 739 1494 809 piis
1520 738 1804 792 desideriis
1836 737 2100 802 faventes,
2133 753 2195 790 ac
2227 746 2414 791 nostra

838 833 1175 894 auctoritate,
1228 832 1279 885 id
1307 831 1448 899 quod
1502 829 1810 898 exposcitur
1860 828 2104 896 petitioni
2146 828 2419 896 mancipa-

837 941 958 980 mus
987 942 1001 990 ;
1031 933 1086 979 et
1116 924 1236 977 ideo
1263 937 1475 976 onmem
1504 920 1788 988 cujuslibet
1816 919 2057 974 ecclesim
2111 920 2420 989 episcopum

837 1015 888 1068 in
919 1013 1139 1084 prml'ata
1171 1011 1496 1067 venerabilia
1540 1011 1655 1064 loca
1683 1049 1697 1071 ,
1728 1024 2108 1078 quamcunque
2159 1009 2420 1062 ditionem

838 1105 1035 1158 habere
1065 1102 1284 1156 omnino
1313 1100 1683 1169 prohibemus,
1724 1111 1921 1167 praeter
1951 1097 2135 1151 sedem
2178 1106 2419 1150 nostrain

834 1194 1182 1263 apostolicam
1214 1192 1476 1246 habentes
1504 1199 1830 1258 reSpectum,
1866 1189 2060 1242 amodo
2084 1197 2139 1241 et
2166 1187 2420 1256 deinceps

832 1287 1031 1340 omissa
1074 1284 1324 1338 videlicet
1368 1282 1514 1336 omni
1551 1282 1791 1335 novitate
1839 1289 1893 1335 et
1932 1279 2190 1334 violentia
2239 1280 2291 1332 in
2328 1294 2419 1332 ea-

831 1378 954 1431 dem
986 1373 1310 1428 monasteria
1343 1373 1690 1443 prohibemus
1718 1413 1731 1435 ,
1777 1372 1847 1424 ita
1893 1379 1984 1435 ut,
2035 1371 2134 1423 nisi
2181 1370 2301 1438 quis
2352 1371 2418 1424 ab

830 1469 1022 1521 abbate
1055 1465 1368 1520 monasterii
1400 1464 1562 1518 l'uerit
1591 1464 1874 1527 invitatus,
1907 1477 2080 1530 neque
2112 1462 2178 1515 ad
2210 1475 2411 1514 conse-

827 1558 1085 1613 crandam
1117 1556 1420 1620 ecclesiam,
1447 1555 1529 1609 vel
1557 1555 1892 1625 sacerdotem
1927 1554 1991 1607 de
2033 1553 2274 1621 praefatis
2303 1568 2417 1604 mo-

826 1647 1101 1711 nasteriis,
1128 1647 1240 1701 sive
1268 1647 1319 1699 in
1347 1645 1597 1700 omnibus
1620 1644 1771 1699 cellis
1797 1644 1994 1698 ibidem
2021 1643 2416 1711 pertinentibus

825 1749 1116 1810 praesumat
1151 1737 1381 1810 ingredi,
1413 1753 1511 1792 nec
1539 1737 1830 1790 missarum
1865 1735 2062 1790 ibidem
2096 1736 2412 1789 solemnita-

2129 357 2484 411 BENEDIC'I‘I
2524 358 2726 413 ΡΑΡίΕ
2769 361 2799 413 ν
2816 363 2854 414 ΙΙ

843 476 943 531 sub
965 470 1344 541 jurisdictione
1369 469 1694 532 sanctaz,cui
1720 468 1826 520 Deo
1844 477 2062 520 auctore
2087 468 2421 520 deservimus
2453 475 2496 529 Α
2528 483 2620 536 per
2679 470 2837 537 hujus
2880 471 3082 526 decreti
3145 473 3313 526 nostri
3371 474 3621 543 paginam
3652 516 3664 536 ,

4013 368 4120 423 δ’ὶῖ

3744 476 4118 533 interdicimus

2527 558 2778 612 omnibus
2803 559 3024 614 omnino
3053 560 3340 629 cujuslibet
3369 561 3614 615 ecclesiae
3640 563 3957 631 pi-ieSulibus
3984 605 3998 628 ,
4031 567 4114 618 vel

2528 648 2898 718 cujuscunque
2943 649 3222 719 dignitatis
3245 651 3485 718 praeditis
3517 660 3818 720 potestate,
3854 654 3952 706 sub
3984 669 4116 708 aua-

2528 739 2779 792 thematis
2810 740 3206 804 interdictione,
3239 750 3293 794 et
3321 741 3506 794 mterni
3533 741 3722 810 judicii
3753 742 4113 811 obligatione,

2525 829 2613 897 qui
2645 829 3043 898 praesumpserit
3064 830 3311 898 praesenti
3336 830 3706 882 constitutioni
3737 847 3763 883 a
3791 833 3946 885 nobis
3965 849 4112 901 prie-

2525 918 2635 973 fato
2690 919 3019 974 monasterio
3063 920 3314 984 indultaa,
3374 919 3612 990 quolibet
3651 920 3809 975 modo
3869 922 4107 976 existere

2527 1022 2910 1068 ιθιηριτιιοτ....

2595 1105 2868 1174 Scriptum
2905 1120 3002 1174 per
3025 1122 3240 1160 manum
3274 1106 3532 1177 Stephani
3566 1108 3758 1162 notarii
3794 1109 4111 1177 regionarii,

2521 1205 2577 1250 et
2623 1197 2891 1250 scriniarii
2942 1206 3144 1251 sancta:
3193 1196 3446 1251 Romana:
3482 1197 3739 1252 Ecclesiae
3766 1238 3781 1263 ,
3828 1200 3881 1252 in
3925 1216 4112 1254 mense

2522 1286 2680 1350 Maio,
2706 1287 2998 1342 indictione
3027 1304 3076 1340 v.
3119 1289 3260 1343 Bene
3283 1289 3478 1343 valete.

2592 1377 2784 1430 Datum
2821 1394 2877 1431 ιιι
2903 1377 3018 1430 Kal.
3053 1379 3194 1432 Junii
3234 1393 3328 1448 per
3357 1396 3572 1434 manum
3601 1379 3858 1450 Stephani
3891 1398 4112 1436 nomen-

2524 1469 2753 1523 craloris
2783 1468 2901 1539 (sic)
2936 1479 3136 1524 sanctae
3168 1472 3311 1524 sedis
3337 1473 3664 1540 :tpt)SlOllC:L‘,
3700 1489 3840 1526 anno
3892 1474 4106 1542 pontiﬁ-

2521 1567 2675 1611 catus
2721 1559 2900 1612 domui
2949 1562 3118 1614 nostri
3169 1561 3442 1614 Benedicti
3477 1562 3669 1614 sunnni
3705 1561 3976 1630 pontiﬁcis
4001 1563 4105 1626 \‘ll,

2522 1665 2668 1719 papa:
2702 1666 2780 1714 ιιι,
2826 1651 3121 1719 imperante
3157 1655 3354 1706 domno
3384 1663 3568 1707 nostra
3593 1654 3789 1708 Ottune
3818 1672 3846 1706 a
3884 1656 3990 1708 Deo
4021 1672 4107 1708 co-

2524 1750 2711 1790 ronato
2766 1755 2961 1806 magno
3010 1749 3062 1792 et
3107 1741 3334 1808 paciﬁco
3392 1742 3738 1810 imperatore,
3778 1759 3919 1797 anno
3955 1761 4007 1808 χ,
4054 1746 4107 1797 iu

826 1839 935 1882 tem
963 1829 1229 1899 quispiam
1259 1830 1542 1899 cpiscopus
1583 1835 1878 1896 pricsumat
1926 1825 2235 1879 omnimodo
2282 1826 2412 1879 inibi
2453 1823 2492 1880 Β
2525 1843 2709 1880 mense
2738 1837 2791 1881 et
2820 1829 3112 1882 indictione
3140 1846 3191 1881 v.

824 1920 1116 1974 celebrare.

894 2011 974 2064 Ad
996 2009 1390 2064 consecrandus
1423 2018 1600 2062 autem
1640 2008 1897 2062 ecclesias
1943 2009 1994 2061 in
2033 2009 2416 2078 suprascriptis

821 2102 1201 2165 monasteriis,
1253 2100 1334 2154 vel
1379 2099 1550 2164 cellis,
1601 2115 1976 2168 quemcunque
2039 2100 2413 2168 episcoporum

822 2191 1058 2245 invitare
1079 2191 1314 2244 voluerit
1344 2191 1457 2260 ipse
1487 2191 1676 2252 abbas,
1711 2205 1736 2242 s
1761 2207 1826 2241 ne
1856 2188 2142 2255 cujuslibet
2189 2190 2414 2258 impedi-

818 2294 1000 2337 mento
1033 2283 1380 2337 concedimus
1409 2290 1753 2350 potestatein,
1802 2290 1858 2332 ut
1890 2281 2304 2349 profectojuxta
2337 2281 2409 2344 id,

819 2377 963 2446 quod
995 2375 1258 2444 subjectis
1301 2372 1610 2442 apostolicis
1657 2371 1953 2441 privilegiis
1994 2372 2296 2425 consistunt
2329 2373 2408 2424 iii-

819 2485 1078 2524 concussa
1129 2467 1376 2522 donanda
1407 2472 1780 2534 permaneant.
1814 2463 1942 2524 Sed,
1990 2473 2043 2516 et
2079 2465 2412 2516 constituen-

819 2570 900 2614 tes
943 2575 1045 2613 una
1107 2559 1232 2612 dum
1284 2555 1609 2612 sacerdotali
1661 2565 1849 2608 nostro
1897 2554 2120 2624 collegio
2171 2569 2266 2622 per
2313 2555 2412 2607 hoc

816 2661 1058 2706 nostrum
1089 2649 1442 2718 apostolicum
1499 2647 1835 2716 privilegium
1883 2648 2064 2701 omnia
2119 2647 2256 2710 loca,
2291 2663 2410 2716 quae

814 2743 1103 2810 aliquando
1157 2742 1431 2811 possidere
1483 2741 1598 2808 ipsa
1638 2740 1967 2794 venerabilia
2027 2740 2398 2801 monasteria,

813 2833 896 2886 vel
925 2847 1042 2901 qua:
1070 2847 1212 2886 nunc
1235 2831 1336 2896 eis,
1384 2840 1476 2883 aut
1510 2839 1697 2899 postea
1731 2846 1760 2883 a
1812 2829 2058 2882 ﬁdelibus
2103 2829 2409 2883 hominibus

813 2927 1014 2982 fuerint
1051 2944 1310 2984 concessa
1337 2944 1433 2998 per
1461 2928 1673 2982 diversa
1714 2927 2009 2991 territoria,
2042 2927 2171 2979 nulli
2205 2927 2408 2980 castal-

814 3019 936 3084 deo,
968 3027 1062 3071 aut
1105 3017 1376 3086 episcopis
1405 3057 1420 3080 ,
1477 3032 1582 3070 non
1616 3031 1810 3084 magno
1850 3016 1931 3070 vel
1987 3030 2155 3084 parvo
2207 3016 2409 3069 homini

812 3123 914 3177 per
963 3107 1243 3176 quodlibet
1296 3107 1614 3176 ingenium,
1655 3116 1746 3159 aut
1797 3116 2175 3176 argumentum
2227 3106 2404 3169 liceat,

812 3199 1328 3268 quomodocunque,
1356 3197 1572 3250 easdem
1602 3197 1858 3250 invadere
1882 3197 2271 3264 possessiones,
2324 3196 2407 3248 vel
2437 3172 2479 3230 (ἶ

808 3305 1031 3347 censum
1061 3289 1267 3353 tollere,
1295 3298 1389 3342 aut
1420 3288 1658 3358 allligere
1705 3288 1999 3341 monachos
2029 3327 2043 3350 ,
2076 3287 2158 3339 vel
2194 3303 2402 3349 servos,

812 3380 907 3435 sed
931 3380 1104 3449 magis
1127 3379 1196 3434 ad
1226 3379 1441 3432 laudem
1465 3377 1687 3440 Christi,
1721 3387 1776 3430 et
1796 3387 2055 3430 aeternam
2087 3378 2403 3430 memoriam

807 3471 1124 3541 largitorum
1174 3478 1434 3540 perpetuo
1487 3479 1726 3537 tempore
1772 3477 2030 3520 maneant
2081 3468 2280 3521 intacta
2337 3468 2404 3521 ab

806 3562 1079 3627 omnibus,
1135 3569 1191 3615 et
1241 3559 1548 3615 deserviant
1591 3556 1933 3612 solummodo
1984 3568 2187 3612 sanctae
2243 3558 2400 3610 matri

807 3654 1064 3708 Romana:
1089 3651 1364 3716 Ecclesiae,
1399 3659 1453 3704 et
1483 3649 1661 3703 nullus
1685 3648 1880 3718 praesul
1900 3649 2098 3702 audeat
2123 3649 2315 3703 amodo
2349 3649 2399 3702 iu

807 3748 937 3824 ipsis
986 3746 1267 3800 monachis
1323 3743 1580 3812 subjectis
1633 3750 1834 3797 sanctae
1880 3751 2080 3797 nostra:
2149 3742 2400 3796 Ecclesiae

805 3854 1184 3918 quauigunque
1261 3839 1508 3909 ingerere
1564 3837 2230 3902 excommunicationem,
2304 3837 2398 3891 sed

804 3934 966 3988 liceat
1009 3935 1082 3987 ita
1127 3947 1388 4002 peragere
1436 3931 1658 3986 deiﬁcos
1699 3947 1892 3985 cursus
1942 3931 2098 3985 sicuti
2156 3947 2186 3984 a
2241 3931 2398 3985 beato

801 4022 1094 4078 Benedicto
1141 4039 1237 4093 per
1274 4024 1417 4077 illius
1458 4023 1698 4092 regulam
1749 4023 1950 4078 habent
1990 4024 2043 4076 in
2076 4023 2390 4086 mandatis;

801 4124 966 4184 atque
1019 4116 1401 4170 constituimus
1455 4125 1512 4170 ut
1547 4115 1814 4186 quispiam
1859 4116 2053 4185 prmsul
2102 4131 2207 4170 non
2261 4133 2396 4185 pra.»

800 4219 983 4264 sumat
1010 4220 1295 4277 segregare
1324 4207 1391 4261 ab
1417 4207 1684 4272 ecclesiis,
1739 4216 1790 4260 et
1837 4209 1996 4262 dictis
2045 4210 2392 4263 monasteriis

799 4301 1196 4369 pertinentibus
1225 4301 1479 4370 populum
1513 4301 1709 4355 ibidem
1760 4308 2172 4370 percurrentem
2202 4300 2267 4353 ad
2297 4318 2395 4355 au-

802 4391 1056 4446 diendum
1085 4392 1307 4445 verbum
1345 4390 1475 4455 Dei,
1520 4401 1575 4443 ct
1623 4392 1976 4446 conﬁtentem
2025 4389 2223 4444 delicta
2271 4406 2388 4452 sua,

802 4482 992 4536 tamin
1021 4481 1266 4546 urbibus,
1302 4497 1462 4550 quam
1510 4491 1665 4536 extra
1710 4483 1873 4536 urbes
1897 4521 1910 4543 ,
1963 4480 2058 4535 sed
2128 4481 2390 4535 canonice

2522 2021 2799 2058 BENEDICTI
2857 2023 2999 2060 l’Al'J-ﬁ
3043 2024 3109 2060 VII
3154 2025 3490 2063 PRIVILEGIL‘M
3533 2025 3630 2063 [δι’ιο
3677 2026 4010 2064 MONASTERIO
4055 2030 4102 2065 S.

3076 2094 3233 2131 PETRI
3274 2096 3549 2132 PERUSINO.

3139 2159 3317 2226 (Auno
3349 2157 3496 2227 977.)

2519 2229 2665 2283 Bona
2690 2242 2736 2284 et
2777 2232 2904 2300 jura
2939 2237 3238 2288 monasterii
3265 2237 3433 2289 sancti
3468 2236 3614 2290 Petri
3637 2239 3700 2290 de
3738 2237 3953 2292 Perusia
3983 2257 4107 2293 cou-

2587 2303 2782 2367 firmat.
2835 2304 3026 2375 (Joutra
3074 2306 3374 2373 diripientes
3409 2306 3484 2358 vel
3511 2312 3870 2374 perturbantes
3900 2311 4103 2375 eadem,

2588 2383 2834 2424 a'teruum
2858 2374 3270 2427 tuatcdictiouem
3299 2386 3636 2430 contestatur.

2775 2463 3113 2534 [Margarini,
3165 2465 3372 2520 But/ar.
3411 2465 3588 2521 Casia.
3628 2469 3689 2534 ll,
3724 2469 3838 2541 52.]

2588 2555 2924 2610 Besemcrus
2952 2557 3236 2626 episcopus
3257 2573 3445 2611 servus
3470 2574 3748 2612 servorum
3775 2561 3889 2627 Dei,
3920 2561 4104 2616 Pmno

2516 2647 2805 2700 venerabili
2858 2648 3038 2702 abbati
3089 2651 3400 2704 monasterii
3449 2650 3591 2704 beati
3639 2651 3781 2706 Petri
3831 2655 4104 2722 apostolo-

2516 2753 2632 2791 rum
2693 2739 2970 2808 principis,
3019 2741 3111 2809 qui
3156 2743 3374 2810 ponitur
3416 2743 3467 2796 iu
3517 2745 3634 2798 loco
3679 2745 4100 2815 Quumplorann,

2513 2833 3024 2900 successoribusque
3055 2833 3159 2886 tuis
3191 2834 3240 2886 in
3267 2845 3605 2902 perpetuum.

2584 2919 2844 2974 Convenit
2886 2922 3178 2989 apostolico
3211 2924 3564 2977 moderamini
3594 2925 3680 2993 pia
3712 2926 3965 2998 religione
3990 2932 4103 2997 pol-

2515 3009 2746 3064 lentibus
2800 3011 3055 3066 benevola
3111 3014 3485 3081 compassione
3535 3031 3873 3077 succurrere.
3918 3034 3971 3074 et
4011 3038 4104 3090 po-

2515 3102 2778 3154 scentium
2816 3103 3011 3155 animis
3063 3103 3228 3157 alacri
3276 3107 3558 3162 devotione
3609 3109 3872 3177 impertiri
3921 3127 4102 3167 assen-

2513 3207 2653 3244 smn.
2713 3193 2786 3244 Ex
2834 3196 2934 3247 hoc
2977 3195 3120 3247 enim
3165 3193 3297 3248 lucri
3349 3199 3689 3265 potissimum
3738 3202 4017 3269 pra-mium
4071 3221 4100 3257 a

2512 3283 2788 3336 conditore
2823 3285 3062 3337 omnimn
3096 3285 3203 3338 Deo
3250 3287 3459 3340 veniam
3514 3304 3906 3358 promeremur,
3939 3294 3982 3347 si
4015 3310 4102 3348 vc-

2511 3371 2764 3424 nerabilia
2791 3383 3098 3426 sanctorum
3130 3375 3242 3428 loca
3275 3378 3542 3440 ordinata,
3577 3381 3642 3432 ad
3682 3380 3958 3435 meliorem
3986 3382 4099 3437 fue-

2510 3462 2616 3514 rint
2645 3463 2762 3514 sine
2789 3463 2950 3516 dubio
2991 3473 3190 3517 statum
3234 3467 3510 3534 perducta.
3562 3468 3627 3522 Et
3674 3470 3793 3524 ideo
3843 3473 3968 3541 quia
4011 3483 4098 3527 tua

2506 3554 2849 3623 rcligiositas,
2897 3567 3081 3611 nostro
3129 3559 3451 3628 apostolatui
3490 3561 3763 3616 humiliter
3811 3565 4099 3633 postulavit

2505 3656 2770 3714 quatenus
2800 3647 3218 3700 concederemus
3237 3657 3292 3702 et
3313 3649 3758 3707 conﬁrmareums
3788 3655 3878 3707 tibi
3907 3657 4100 3724 piandi-

2505 3749 2651 3791 ctum
2692 3741 3078 3793 monasterium
3119 3744 3291 3796 sancti
3332 3743 3477 3798 Petri
3516 3747 3779 3817 principis
3820 3752 4096 3818 apostolo—

2504 3846 2643 3894 rum,
2689 3846 2814 3884 cum
2845 3833 3097 3886 omnibus
3133 3832 3405 3899 domibus,
3434 3847 3489 3890 et
3522 3839 3673 3893 cellis
3715 3851 3878 3910 atque
3922 3845 4098 3905 anhli-

2500 3922 2618 3983 ciis,
2652 3931 2707 3976 et
2731 3923 2924 3988 ortuis,
2972 3940 3076 3977 una
3123 3941 3244 3980 cum
3295 3926 3484 3995 fundo,
3533 3940 3588 3983 et
3632 3933 3900 3988 casalibus
3950 3937 4094 4000 suis;

2501 4013 2672 4066 vineis
2699 4029 2932 4082 quoque,
2963 4023 3018 4069 et
3041 4017 3218 4080 terris,
3251 4018 3479 4087 campis,
3528 4022 3718 4089 pratis,
3761 4025 3994 4092 pascuis,
4043 4035 4098 4079 et

2501 4105 2685 4169 silvis;
2718 4119 2926 4158 necnon
2954 4114 3006 4160 et
3029 4107 3312 4161 ecclesiam
3339 4119 3539 4163 sancta:
3575 4111 3773 4177 Lucim,
3807 4115 4094 4172 ecclesiam

2499 4207 2699 4251 sanctae
2731 4196 2969 4261 Martha},
3026 4212 3146 4252 cum
3198 4201 3449 4255 omnibus
3491 4219 3678 4257 earum
3725 4207 4090 4275 pertinentiis,

2498 4287 2784 4342 mobilibus
2827 4287 2907 4342 vel
2950 4289 3334 4354 immobilibus,
3363 4293 3723 4363 omnibusque
3776 4296 3843 4350 ad
3895 4301 4092 4366 praedi-

2497 4389 2640 4433 ctmn
2673 4380 3060 4434 monasterium
3101 4382 3513 4449 pertinentibus,
3549 4394 3656 4439 tam
3686 4403 3770 4452 ea,
3801 4403 3922 4458 quae
3950 4407 4094 4447 nunc

2489 4472 2634 4540 juste
2658 4481 2712 4525 et
2741 4473 3132 4528 rationabiliter
3157 4476 3256 4529 sibi
3285 4477 3556 4544 pertinere
3601 4479 3866 4545 videntur,
3893 4483 3974 4536 vel
4001 4499 4090 4550 ea,

801 4577 1137 4646 ingrediatur
1161 4577 1376 4641 ibidem,
1405 4585 1460 4629 et
1501 4575 1810 4646 egrediatur
1855 4574 2084 4628 devotus
2133 4571 2388 4642 populus,
2422 4543 2468 4600 ί)
2496 4577 2615 4631 qua:
2644 4563 2711 4616 ab
2753 4563 3012 4620 hactenus
3043 4575 3204 4618 erunt
3248 4565 3302 4619 in
3349 4579 3668 4638 perpetuum
3709 4572 3847 4641 juris
3889 4585 4092 4630 sanctze

797 4678 854 4724 et
892 4669 1139 4723 ecclesiae
1165 4668 1360 4722 vestris
1408 4667 1698 4720 dilionibus
1747 4665 1973 4720 subdita:
2000 4664 2252 4718 omnibus
2304 4678 2396 4730 pa-

800 4767 966 4813 teant.
1021 4757 1129 4812 Sed
1171 4757 1424 4827 quoniam
1476 4754 1764 4824 pastoralis
1815 4767 2101 4824 propterea
2149 4753 2304 4806 nobis
2361 4767 2390 4805 a

799 4850 910 4904 Deo
965 4865 1095 4903 cura
1153 4848 1443 4904 connnissa
1489 4855 1614 4914 est,
1666 4857 1724 4900 ut
1782 4848 1971 4915 vigiles
2030 4847 2082 4900 in
2137 4846 2389 4900 omnibus

796 4941 1032 4995 existere
1064 4955 1372 4995 mereamur
1394 4980 1408 5004 ,
1460 4955 1547 5002 ne,
1573 4939 1718 5009 quod
1749 4939 1911 5002 absit,
1943 4938 2236 4992 Dominicm
2260 4953 2388 4993 oves

798 5033 1043 5101 luporum
1097 5031 1368 5086 morsibus
1405 5029 1694 5085 lanientur.
1753 5027 1869 5095 Qua
1920 5029 1985 5083 de
2028 5044 2085 5082 re
2138 5029 2387 5083 omnibus

795 5121 1197 5176 venerabilibus
1261 5119 1568 5190 episcopis,
1627 5118 1977 5188 presbyteris,
2053 5117 2383 5183 abbatibus,

796 5212 1134 5276 diaconibus,
1159 5210 1385 5265 ducibus
1405 5250 1418 5274 ,
1455 5209 1704 5272 tribunis,
1755 5209 2012 5263 castaldis
2037 5250 2051 5274 ,
2085 5211 2381 5274 actoribus,

796 5302 880 5356 vel
909 5303 1119 5357 cunctis
1143 5301 1310 5354 Deum
1344 5299 1656 5354 timentibus
1685 5308 1882 5353 nostra:
1930 5300 2238 5368 apostolicae
2290 5317 2382 5354 au-

796 5393 1065 5448 ctoritatis
1118 5393 1217 5446 sub
1284 5391 1649 5447 obtestatione
1717 5390 1861 5444 beati
1917 5389 2063 5444 Petri
2118 5393 2377 5460 principis

798 5486 1162 5522 annclnlnrnm
1190 5485 1531 5522 nrmninimnc
1577 5491 1739 5522 ςιΙηιιμ
1761 5483 2009 5522 inhenum
2053 5485 2140 5522 nni
2178 5483 2372 5522 “amuli

2499 4653 2776 4720 Romamn,
2811 4658 2896 4709 cui
2928 4656 3033 4710 Deo
3061 4667 3280 4711 auctore
3321 4660 3656 4716 deservimus
3693 4663 3978 4731 Ecclesiae;
4011 4669 4092 4720 in-

2497 4745 2678 4798 clinati
2709 4745 2957 4814 precibus
2988 4747 3092 4799 tuis
3112 4787 3125 4810 ,
3159 4763 3254 4815 per
3281 4747 3438 4816 hujus
3462 4752 3630 4804 nostri
3660 4753 3940 4822 apostolici
3971 4757 4088 4825 pri-

2496 4843 2694 4913 vilegii,
2733 4843 3078 4897 concedimus
3107 4852 3162 4896 et
3191 4843 3572 4901 conlirmamus
3608 4847 3726 4912 tibi,
3774 4858 3829 4902 et
3870 4864 4089 4908 succes-

2493 4933 2706 4986 soribus
2743 4933 2845 4986 tuis
2864 4931 2972 4998 jam
2999 4933 3200 4985 dictum
3231 4938 3636 5002 monasterium,
3671 4954 3794 4994 cum
3827 4943 3939 4997 suis
3970 4959 4086 4998 oui-

2493 5026 2652 5080 nibus
2693 5026 3068 5095 pertinentiis,
3109 5025 3250 5079 sicut
3290 5041 3450 5095 supra
3493 5027 3706 5098 legitur.
3769 5028 4084 5090 Statucntes

2491 5117 2783 5187 apostolica
2809 5132 3055 5180 censura,
3081 5117 3180 5171 sub
3203 5118 3367 5171 divini
3387 5117 3577 5186 judicii
3601 5121 4081 5191 obtestationibus,

2487 5218 2541 5264 et
2575 5209 2934 5263 anathematis
2961 5209 3447 5276 interdictionibus,
3482 5223 3539 5267 ut
3572 5215 3701 5285 nulli
3728 5233 3962 5286 unquam
3992 5236 4084 5274 na-

2485 5310 2720 5356 strorum
2750 5315 3124 5354 successorum
3167 5301 3498 5369 pontiﬁcum,
3547 5304 3633 5358 vel
3680 5305 3797 5360 alia:
3846 5324 4079 5378 inagnze,

2484 5407 2771 5460 parvaeque
2813 5406 3056 5459 persona:
3100 5391 3468 5462 cujuscunque
3516 5396 3587 5449 sit
3633 5397 3949 5466 dignitatis,
3994 5412 4080 5466 vel

2483 5482 2687 5522 nrdinic
2740 5489 2923 5522 nmilrn
2955 5483 3054 5522 Imp
3086 5491 3325 5522 nnclrnm
3359 5485 3708 5522 nnnclnlimnm
3737 5488 4076 5522 ηνίυἱιιιηίιηιι
