4472 5522
333 465 439 521 3ἓ9

1394 438 1405 449 ’
1446 462 1803 516 ειηδτομῑ
1850 462 1935 516 ιετ
1978 462 2384 520 l’RlV’lLEGlA.

3488 476 3593 529 530

324 578 412 633 vel
433 576 715 631 occasione
741 573 1025 643 cujuslibet
1064 588 1309 642 personm
1348 584 1609 628 temerare
1659 591 1911 643 prmsuin-
1942 581 1992 639 Α
2020 578 2220 631 Deinde
2249 581 2560 634 conscendit
2588 596 2750 651 super
2788 580 2958 651 ipsum
2997 584 3265 638 alodetum
3294 588 3358 639 de
3396 592 3594 643 comite

324 672 511 741 pserit,
556 669 658 723 nisi
706 666 1008 736 resipuerit,
1051 665 1480 719 maledictionem
1539 681 1568 718 a
1622 666 1803 728 Patie,
1859 678 1913 720 et

324 760 463 814 Filio
479 768 534 813 et
562 758 764 827 Spiritu
790 766 977 811 sancto
1004 764 1388 824 consequatur,
1430 764 1481 809 ct
1532 771 1654 810 cum
1701 758 1911 813 diabolo

321 850 545 920 ejusque
579 849 763 913 sociis,
801 848 1154 903 atrocissimis
1192 848 1365 917 pmnis
1391 858 1446 902 et
1474 857 1676 903 aeterno
1728 850 1911 904 incen-

321 942 411 997 dio
433 942 741 1011 deputetur,
768 954 865 994 nec
891 939 944 992 in
974 937 1373 993 resurrectione
1410 938 1702 993 electorum
1732 939 1910 994 futura

320 1036 515 1105 dignus
541 1033 867 1097 inveniatur,
893 1041 949 1086 et
974 1046 1004 1085 a
1035 1031 1435 1096 communione,
1468 1040 1523 1085 et
1564 1041 1763 1086 sanctae
1793 1047 1908 1085 ma-

320 1125 422 1179 tris
451 1122 705 1178 Ecclesia:
727 1122 847 1175 sinu
866 1161 880 1186 ,
905 1130 959 1176 et
986 1136 1017 1174 a
1047 1120 1322 1175 consortio
1339 1128 1648 1175 sanctorum
1679 1122 1747 1174 sit
1776 1121 1909 1175 alie-

318 1230 440 1269 nus.
491 1212 590 1280 Qui
618 1222 799 1267 autem
837 1212 1086 1266 inventus
1127 1210 1288 1265 fuerit
1317 1227 1457 1282 saepe
1484 1212 1609 1265 dicti
1640 1225 1910 1266 monaste-

318 1306 386 1363 rii
438 1306 650 1376 adjutor
691 1314 854 1374 atque
895 1302 1178 1367 defensor,
1219 1303 1442 1371 justitiaa
1492 1305 1759 1358 tramitem
1832 1320 1912 1359 se.

316 1412 511 1467 quens,
548 1411 578 1450 a
610 1396 847 1451 dexteris
898 1395 1202 1449 inveniatur
1242 1396 1533 1465 particeps,
1579 1404 1739 1465 atque
1786 1410 1908 1451 cum

318 1489 525 1545 sanctis
568 1490 819 1544 omnibus
868 1490 1101 1544 sociatus
1150 1499 1479 1559 permaneat.

387 1578 660 1649 Scriptum
693 1595 791 1651 per
812 1579 1059 1650 [manum
1110 1580 1389 1650 Liutulphi
1426 1584 1619 1637 notarii
1668 1587 1908 1655 regiona-

314 1668 405 1733 rii,
450 1678 505 1723 et
540 1668 811 1724 scriniarii
849 1679 1050 1723 sancta:
1080 1670 1333 1724 Romana:
1362 1672 1614 1726 Ecclesiae
1643 1674 1692 1728 in
1724 1692 1905 1731 mense

310 1758 654 1826 Decembrio,
680 1770 736 1817 et
770 1761 1063 1817 indictione
1090 1765 1456 1833 suprascripta
1497 1774 1666 1821 sexta.

1060 1902 1148 1957 XI.

321 2031 606 2073 Βεπῡιοτι
648 2032 793 2073 ΡΑΡᾹΞ
828 2032 905 2071 νιι
956 2031 1126 2073 ιυιιλ
1166 2033 1264 2073 Ριιο
1302 2033 1550 2075 εεειεδιλ
1591 2036 1899 2078 Αυεοδεκει.

942 2149 1126 2219 (Anno
1152 2148 1300 2217 978.)

312 2260 486 2335 [Apud
507 2258 966 2328 Florez.‘Espaita
988 2259 1237 2329 sagrada,
1266 2257 1652 2329 tom.|XXVl|l,
1680 2262 1898 2335 p.25L]

394 2394 732 2448 Bsusmcrus
782 2392 1103 2461 episcopus,
1167 2406 1354 2447 servus
1410 2407 1686 2447 servorum
1761 2394 1899 2460 Dei,

308 2488 497 2543 Fauna
551 2488 667 2540 viro
723 2485 1062 2550 venerabili,
1138 2484 1391 2554 episcOpo
1439 2487 1581 2539 tvero
1637 2486 1896 2555 episeopii

311 2576 368 2633 S.
396 2578 540 2632 Petri
570 2576 818 2646 apostoli,
844 2585 897 2630 et
922 2592 1016 2646 per
1038 2590 1159 2631 eum
1184 2574 1238 2629 in
1272 2573 1462 2629 eodem
1491 2574 1744 2645 episcopo
1773 2575 1891 2645 ejus

310 2668 722 2724 successoribus
752 2668 806 2721 in
834 2676 1173 2737 perpetuum.

378 2760 516 2816 Cum
572 2774 795 2814 summa:
844 2757 1150 2827 apostolica:
1200 2756 1480 2828 dignitatis
1524 2773 1659 2826 apex
1696 2757 1751 2812 in
1800 2758 1900 2813 hoc

309 2854 475 2909 divini
526 2862 842 2923 prospectus
894 2853 1070 2907 nitore
1139 2853 1473 2921 dignoscitur
1538 2851 1898 2922 prefulgere,

308 2963 429 3002 cum
501 2947 553 3000 in
621 2946 941 3001 exercendis
992 2946 1085 2999 Dei
1155 2944 1404 2999 laudibus
1453 2945 1537 2998 sui
1604 2945 1899 3014 impensius

308 3037 543 3093 studebit
590 3036 789 3089 laboris
836 3034 1078 3090 exbiberi
1132 3044 1441 3098 certamen,
1491 3033 1560 3088 ob
1592 3034 1695 3088 hoc
1720 3034 1899 3089 debita

308 3143 405 3183 nos
435 3128 675 3197 ejusdem
700 3126 1008 3197 apostolica:
1031 3127 1315 3197 pastoralis
1344 3127 1601 3197 compulit
1635 3126 1895 3182 sollicitu-

307 3219 446 3274 dinis
492 3233 660 3282 cura,
707 3233 934 3287 quasque
986 3218 1051 3271 ad
1097 3218 1447 3275 stabilitatem
1477 3219 1748 3289 pertinere
1778 3220 1893 3289 pio-

2015 669 2291 725 Suniario.
2332 673 2532 727 Deinde
2579 684 2730 728 recto
2776 678 2990 730 tramite
3018 679 3163 733 vadit
3190 694 3285 747 per
3316 682 3595 737 summita-

2015 772 2177 818 tatem
2210 765 2275 818 de
2307 765 2419 834 ipsa
2461 782 2645 829 serra,
2692 779 2746 823 et
2784 772 3025 839 pervenit
3068 787 3230 841 super
3280 774 3452 842 ipsum
3496 776 3596 830 Ca-

2012 862 2181 909 strum
2218 858 2428 920 auri,et
2455 858 2647 912 exinde
2678 861 2742 913 ad
2767 862 2938 928 ipsum
2975 864 3146 917 rivum
3170 865 3405 921 devinea
3430 868 3589 933 mala,

2012 951 2062 997 et
2094 946 2336 1013 pervenit
2376 948 2441 1001 ad
2475 949 2646 1017 ipsum
2687 952 2879 1005 vadum
2908 963 3178 1021 petrosum
3206 996 3219 1019 ,
3262 958 3596 1029 transitoque

2012 1035 2130 1090 rivo
2157 1040 2403 1106 pervenit
2434 1041 2501 1095 ad
2530 1050 2699 1097 terras
2727 1043 3023 1107 Endalcsii,
3052 1047 3140 1115 qui
3171 1047 3269 1102 fuit
3295 1051 3586 1118 quondam.

2012 1123 2214 1180 Deinde
2243 1130 2531 1184 revertitur
2557 1132 2622 1185 ad
2655 1131 2829 1200 ipsum
2861 1135 3108 1190 moialem
3138 1146 3192 1191 et
3227 1142 3537 1195 conscendit
3556 1158 3587 1196 a

2012 1216 2321 1271 summitate
2368 1218 2433 1272 de
2490 1230 2669 1274 monte
2717 1221 2993 1288 Castrilio,
3042 1235 3097 1280 et
3148 1230 3395 1295 pervenit
3434 1245 3595 1300 super

2012 1304 2187 1374 ipsum
2220 1310 2509 1364 terminum
2542 1312 2609 1366 de
2636 1313 2921 1381 palatiolo,
2973 1332 3142 1387 usque
3174 1319 3229 1373 in
3277 1336 3483 1375 serram
3516 1322 3598 1376 ul-

2010 1402 2092 1447 tra
2128 1396 2295 1465 ipsam
2332 1398 2641 1466 Wardiam,
2670 1413 2724 1458 et
2765 1406 2843 1460 sic
2885 1406 3031 1461 vadit
3082 1424 3177 1477 per
3229 1413 3593 1468 summitatem

2010 1486 2180 1556 ipsius
2208 1504 2370 1544 serra:
2396 1501 2450 1545 et
2477 1497 2724 1561 pervenit
2749 1512 2910 1566 super
2936 1499 3106 1567 ipsum
3133 1500 3591 1567 Monasteriolum,

2009 1588 2064 1632 et
2083 1582 2395 1636 conscendit
2416 1584 2481 1636 ad
2505 1585 2688 1655 Artiga
2711 1587 2776 1641 de
2800 1586 3073 1655 Levigildo
3102 1608 3113 1642 :
3148 1590 3341 1644 deinde
3373 1592 3593 1646 descen-

2008 1667 2087 1721 dit
2116 1685 2276 1738 super
2301 1672 2469 1741 ipsam
2503 1672 2681 1727 villam
2711 1676 2776 1729 de
2805 1675 3213 1742 Valleformosa,
3242 1694 3361 1748 qua:
3384 1690 3501 1734 erat
3528 1682 3593 1735 de

2007 1760 2247 1817 Alezino.
2267 1764 2466 1820 Deinde
2481 1766 2675 1821 vadato
2695 1776 2936 1823 torrente
2951 1771 3266 1824 conscendit
3294 1786 3389 1841 per
3419 1772 3592 1842 ipsam

2007 1852 2248 1907 Articam
2307 1870 2467 1924 quam
2516 1856 2730 1912 Samuel
2778 1854 2974 1913 ibidem
3024 1860 3089 1913 de
3153 1876 3337 1915 eremo
3406 1864 3589 1916 traxit.

1928 1935 1977 1995 B
2006 1944 2206 1999 Deinde
2249 1948 2491 2002 ascendit
2543 1950 2610 2003 ad
2663 1950 2839 2019 ipsum
2885 1950 3080 2006 collum
3137 1953 3189 2006 in
3240 1953 3355 2022 ipsa
3403 1954 3509 2018 via,
3538 1961 3594 2008 et

2007 2036 2282 2090 descendit
2321 2054 2416 2107 per
2464 2038 2764 2096 Gallicanta
2793 2081 2807 2107 ,
2840 2051 2895 2096 et
2942 2042 3191 2110 pervenit
3236 2043 3303 2097 ad
3354 2044 3493 2098 viam
3526 2046 3592 2099 de

2006 2124 2239 2180 Corneto
2274 2128 2339 2181 ad
2381 2128 2549 2198 ipsam
2578 2130 2889 2199 speluncam
2935 2131 3259 2199 porcariam.
3295 2132 3496 2187 Deinde
3524 2136 3593 2189 ad

2008 2216 2178 2285 ipsam
2211 2219 2550 2301 Ubardiolam
2572 2263 2586 2286 ,
2617 2237 2780 2292 super
2810 2223 2980 2292 ipsam
3010 2222 3262 2278 Cbortem
3287 2227 3352 2280 de
3394 2226 3591 2281 Aurio-

2006 2308 2079 2373 lo,
2135 2311 2328 2365 deinde
2378 2314 2523 2367 vadit
2574 2328 2667 2381 per
2714 2315 2883 2383 ipsam
2914 2330 3121 2369 serram
3167 2326 3315 2371 recto
3346 2320 3585 2382 tramite,

2006 2403 2251 2468 pervenit
2281 2418 2441 2473 super
2470 2403 2667 2457 Malam
2696 2405 2762 2459 de
2793 2405 3103 2469 Frederico,
3134 2418 3188 2461 et
3219 2408 3495 2462 descendit
3521 2410 3588 2463 ad

2005 2492 2177 2557 ipsum
2222 2494 2417 2546 vadum
2464 2494 2530 2548 de
2584 2495 2819 2550 Corneto
2846 2535 2860 2559 ,
2902 2506 2956 2551 et
3005 2497 3084 2551 sic
3132 2498 3279 2552 vadit
3320 2499 3386 2553 ad
3418 2499 3589 2569 ipsam

2004 2582 2216 2635 vineam
2261 2581 2609 2638 Waldemari.
2644 2584 2844 2639 Deinde
2888 2586 2955 2640 ad
3002 2588 3173 2640 rivum
3223 2586 3587 2646 Cordosdina-

2005 2672 2143 2726 rium
2166 2712 2178 2736 ,
2208 2672 2347 2728 sicut
2392 2681 2446 2728 et
2476 2674 2671 2729 Comes
2720 2676 2991 2731 Borrellus
3033 2678 3362 2732 terminavit.
3388 2678 3591 2735 Deinde

2003 2764 2315 2818 conscendit
2343 2779 2436 2833 per
2476 2766 2647 2819 rivum
2702 2766 3075 2831 Rubricatum,
3122 2776 3176 2821 et
3228 2769 3473 2837 pervenit
3519 2770 3587 2822 ad

2005 2854 2252 2909 ﬁcturum
2300 2857 2504 2926 pariter
2533 2856 2721 2911 ﬁscum
2766 2873 2886 2913 cum
2912 2859 3091 2923 Artes,
3133 2859 3291 2914 sicuti
3342 2859 3589 2930 designa~

2005 2958 2115 3002 tum
2167 2959 2222 3002 et
2275 2950 2620 3003 terminatum
2660 2951 2797 3005 serie
2840 2953 3152 3020 agnoscitur
3190 2953 3243 3005 in
3285 2952 3449 3022 regali
3481 2953 3588 3020 pri-

2002 3039 2225 3109 vilegio,
2259 3040 2341 3093 vel
2382 3042 2536 3094 sicuti
2587 3041 2933 3109 injudicatum
2982 3042 3224 3096 deﬁnivit
3278 3042 3330 3095 in
3376 3041 3597 3112 publico

2003 3128 2267 3197 Georgius
2296 3130 2660 3197 praedecessor
2708 3128 2994 3197 episcopus
3019 3171 3031 3192 ,
3076 3139 3130 3183 et
3170 3145 3291 3185 cum
3340 3131 3591 3186 omnibus

2004 3220 2069 3272 ad
2101 3214 2548 3288 pramdminatum
2579 3220 2909 3288 episcopium
2959 3220 3015 3273 S.
3050 3219 3192 3274 Petri
3236 3221 3461 3289 apostoli
3496 3237 3587 3291 ge—

308 3326 425 3364 rum
479 3310 815 3379 dignoscitur
860 3308 1135 3375 locorum,
1182 3311 1413 3365 ubertim
1462 3311 1791 3381 promulgari
1838 3320 1893 3367 et
1920 3295 1966 3359 C
2002 3311 2263 3366 neraliter
2296 3320 2351 3364 et
2403 3311 2455 3364 in
2489 3311 2757 3379 integrum
2802 3310 3225 3378 pertinentibus,
3262 3312 3344 3365 vel
3378 3313 3428 3366 in
3469 3312 3591 3368 aliis

307 3400 618 3472 apostolica:
668 3400 1023 3455 institutionis
1079 3415 1309 3455 censura
1356 3402 1688 3456 conﬁrmari.
1724 3402 1892 3472 Igitur

307 3493 430 3561 quia
466 3490 785 3562 postulastis
817 3506 846 3545 a
877 3492 1033 3547 nobis
1075 3492 1412 3562 privilegium
1460 3493 1525 3547 de
1554 3508 1715 3563 supra
1747 3494 1891 3550 dicto

305 3581 578 3653 episeopio
608 3580 665 3635 S.
690 3580 837 3636 Petri
865 3581 1090 3651 apostoli
1121 3583 1227 3635 sito
1256 3582 1308 3635 in
1362 3582 1478 3637 loco
1499 3583 1588 3652 qui
1612 3584 1763 3637 vicus
1788 3592 1895 3637 ter-

306 3676 495 3732 ritorio
535 3674 847 3729 Ausonense
896 3683 952 3728 et
1005 3673 1349 3729 Menraseuse
1396 3674 1727 3738 nominatur,
1768 3690 1891 3729 cum

306 3767 577 3822 universis
607 3765 854 3822 ecclesiis
878 3774 935 3820 et
961 3764 1143 3830 cellis,
1176 3764 1289 3819 sive
1335 3765 1529 3819 castris
1552 3804 1567 3829 ,
1598 3781 1761 3820 unum
1790 3766 1892 3820 sci-

314 3860 440 3915 licet
478 3860 706 3915 vocatur
736 3857 1037 3923 Monteboi,
1065 3858 1228 3911 alium
1258 3872 1488 3926 namque
1531 3856 1737 3921 Tovos,
1770 3872 1893 3911 cum

312 3954 568 4010 omnibus
601 3951 799 4007 ﬁnibus
826 3951 1177 4019 terminisque
1214 3965 1398 4005 eorum
1420 3989 1435 4014 ,
1469 3964 1537 4003 ex
1566 3964 1672 4003 uno
1714 3948 1892 4003 videli-

306 4054 394 4101 cet
416 4043 647 4099 termino
681 4042 910 4097 ducente
941 4056 1036 4111 per
1083 4039 1369 4109 Aqualata,
1397 4047 1451 4094 et
1477 4040 1673 4094 exinde
1708 4048 1893 4094 trans-

306 4147 468 4194 eunte
517 4136 584 4190 ad
634 4136 832 4189 vadum
874 4134 941 4189 de
990 4134 1104 4204 ipsa
1155 4133 1365 4198 a2dera,
1398 4141 1454 4186 et
1503 4148 1597 4202 per
1643 4133 1892 4187 eumdem

310 4228 599 4284 terminum
644 4233 955 4291 remeante,
988 4234 1043 4279 et
1081 4231 1226 4279 recte
1260 4232 1517 4293 pergente
1546 4223 1599 4276 in
1629 4222 1763 4277 ﬁnes
1800 4224 1893 4292 qui

307 4320 503 4375 dicitur
523 4317 720 4383 Jorba,
762 4326 817 4371 et
864 4317 985 4371 inde
1026 4316 1082 4370 in
1114 4315 1249 4370 ﬁnes
1292 4315 1382 4384 qui
1436 4314 1716 4379 Clariaua,
1744 4324 1800 4369 et
1826 4329 1892 4368 ex

309 4412 412 4466 alia
436 4419 591 4480 parte
636 4416 935 4463 transmeat
958 4422 989 4461 a
1038 4406 1301 4476 Aqualata
1353 4413 1607 4475 pergente
1635 4419 1731 4473 per
1760 4404 1894 4458 ﬁnes

308 4502 655 4566 Clarmonte,
722 4508 779 4555 et
842 4512 938 4568 per
1004 4497 1139 4553 ﬁnes
1185 4499 1252 4553 de
1296 4497 1428 4552 Auri
1483 4497 1609 4567 pino
1661 4495 1892 4551 ducente

309 4610 404 4665 per
446 4595 581 4650 ﬁnes
626 4591 696 4647 de
737 4591 945 4647 Miralia
969 4592 1198 4646 ducente
1242 4605 1412 4660 usque
1443 4591 1510 4644 ad
1536 4591 1792 4644 terminos
1822 4590 1890 4645 de

312 4685 550 4741 Rocheta
572 4683 687 4739 sive
711 4681 893 4737 Villis:
921 4690 978 4735 et
1000 4681 1267 4735 casalibus
1288 4681 1419 4745 suis,
1446 4681 1617 4735 vineis
1634 4689 1689 4735 et
1713 4682 1890 4745 terris,

313 4774 459 4830 silvis
502 4772 879 4841 domibusque,
921 4786 1173 4840 agrorum
1203 4772 1400 4840 puteis,
1436 4770 1704 4835 fontibus,
1740 4772 1889 4835 rivis,

314 4866 454 4937 agris
484 4860 795 4934 aquimolis,
830 4860 1104 4916 montibus
1124 4869 1178 4915 et
1205 4860 1402 4931 planis,
1430 4861 1697 4923 mercatis,
1734 4861 1898 4916 teolo-

312 4956 443 5021 ueis,
474 4954 693 5017 raticas,
728 4959 993 5017 monetas,
1023 4951 1334 5021 pasquaria,
1367 4951 1727 5015 berbaticum,
1755 4966 1895 5020 prae-

314 5048 492 5103 sertim
516 5044 752 5103 ecclesia
781 5052 982 5098 sancta:
1026 5042 1206 5096 Maria:
1256 5042 1359 5095 sita
1392 5041 1447 5095 in
1494 5042 1713 5096 civitate
1744 5041 1895 5095 Man-

316 5156 449 5208 resa,
478 5154 604 5195 cum
627 5135 881 5192 omnibus
906 5135 1008 5191 sibi
1039 5133 1382 5205 pertinentiis
1417 5133 1502 5189 vel
1545 5133 1892 5203 adjacentiis,

315 5248 399 5287 seu
426 5230 695 5288 ecclesias
744 5242 865 5296 qua:
918 5224 1058 5281 infra
1106 5240 1201 5280 eas
1251 5233 1576 5280 constructa:
1632 5233 1758 5278 sunt
1814 5219 1897 5277 vel

314 5322 686 5380 construenda:
723 5330 845 5375 esse
890 5326 1142 5389 possunt,
1178 5315 1339 5371 simul
1383 5330 1506 5371 cum
1569 5317 1896 5372 monasterio

315 5417 344 5442 ο
390 5417 670 5442 Ωιι-..Λευιιῖ

739 5425 965 5442 man-nm
1012 5409 1230 5442 οΔ-ιηῖηί
1281 5408 1347 5442 oh
1385 5410 1595 5442 Λιιῖηυιιιι
1634 5409 1893 5442 ἶιιηῖηἷηηί

1997 3417 2318 3472 quacunque
2350 3400 2589 3470 partibus
2638 3400 2704 3453 ad
2747 3400 2923 3469 ipsum
2968 3400 3337 3470 episcopatum
3380 3402 3583 3471 ubique

1998 3495 2275 3565 pertinere
2341 3492 2697 3562 dignoscitur.
2756 3491 2915 3546 Fines
2966 3500 3142 3546 autem
3199 3493 3363 3547 totius
3416 3494 3584 3563 ipsius

1996 3588 2250 3659 episc0pii
2294 3587 2347 3641 hi
2394 3596 2556 3641 sunt:
2594 3587 2666 3641 De
2709 3594 2860 3655 parte
2904 3586 3197 3641 occidentis
3251 3587 3303 3641 in
3356 3587 3491 3643 ﬁnes
3519 3588 3588 3644 de

1997 3678 2480 3747 Quovecintenigio
2508 3717 2521 3740 ,
2569 3676 2652 3731 vel
2716 3676 2783 3730 de
2828 3674 3115 3741 Cardona,
3160 3686 3213 3730 et
3260 3677 3326 3731 de
3390 3676 3585 3751 Berga-

1997 3780 2162 3837 tano;
2190 3771 2258 3825 de
2282 3779 2436 3841 parte
2461 3768 2625 3825 Circii
2654 3768 2706 3821 in
2739 3767 3020 3832 Eramala,
3054 3776 3110 3821 et
3131 3782 3300 3837 usque
3344 3768 3398 3823 in
3439 3784 3589 3825 mon-

1998 3872 2105 3918 tem
2130 3861 2431 3916 Surocham
2460 3859 2704 3930 pervenit
2731 3859 2797 3912 ad
2827 3858 3002 3925 ipsum
3033 3866 3246 3926 pratum
3268 3858 3336 3911 de
3358 3856 3588 3928 Campo-

1996 3954 2279 4018 Rotundo,
2337 3961 2391 4006 et
2429 3966 2525 4022 per
2574 3952 2687 4021 ipsa
2744 3964 2897 4004 serra
2951 3949 3092 4004 sicut
3149 3962 3319 4017 aquas
3361 3957 3591 4019 vergunt

1996 4058 2164 4113 usque
2188 4042 2254 4095 ad
2276 4042 2466 4104 Gurni,
2498 4050 2554 4095 et
2579 4038 2771 4093 deinde
2799 4038 2867 4091 ad
2896 4046 3105 4107 petram
3131 4036 3366 4102 lavandi,
3393 4038 3589 4095 deinde

1996 4135 2062 4188 ad
2094 4136 2265 4203 ipsam
2299 4132 2537 4187 Rocham
2567 4132 2633 4186 de
2665 4130 2865 4185 latione
2889 4138 2945 4184 et
2970 4129 3249 4185 descendit
3290 4132 3343 4185 in
3387 4130 3587 4186 ﬁumen

1996 4227 2203 4287 Teccri,
2237 4236 2291 4279 et
2333 4224 2581 4294 pervenit
2627 4224 2694 4276 ad
2724 4223 2897 4292 ipsum
2934 4222 3321 4290 plantadizium
3358 4223 3449 4293 qui
3497 4232 3587 4279 est

1995 4319 2136 4373 inter
2156 4316 2438 4373 Gerunden
2465 4325 2522 4370 et
2548 4315 2805 4369 terminos
2830 4314 2898 4369 de
2928 4314 3166 4377 Ausona,
3191 4322 3245 4367 et
3271 4314 3591 4369 conscendit

1993 4426 2090 4481 per
2118 4411 2289 4480 ipsam
2337 4422 2545 4462 serram
2591 4420 2759 4474 usque
2806 4405 2859 4459 in
2889 4403 3291 4469 Gerundiliam,
3338 4413 3393 4459 et
3438 4405 3591 4461 vadit

1994 4517 2090 4572 per
2117 4502 2286 4570 ipsam
2318 4499 2461 4552 viam
2500 4513 2620 4567 qua:
2644 4497 2792 4551 venit
2820 4497 2886 4550 ad
2921 4496 3349 4566 Bellampollam,
3384 4504 3438 4551 et
3463 4513 3564 4567 per

1998 4592 2229 4648 venitad
2258 4590 2548 4645 terminum
2579 4589 2670 4657 qui
2715 4595 2801 4642 est
2849 4589 2991 4641 inter
3037 4586 3359 4643 Joannetum
3389 4599 3445 4644 et
3472 4590 3589 4659 ipsa

2000 4688 2180 4744 Elzeta
2200 4726 2215 4751 ,
2243 4693 2298 4740 et
2325 4682 2571 4754 pervenit
2593 4681 2645 4735 in
2684 4680 2818 4735 ﬁnes
2841 4682 2905 4734 de
2940 4681 3222 4744 Arbucias,
3255 4690 3310 4736 et
3336 4697 3506 4750 usque
3532 4683 3588 4738 iu

1999 4779 2281 4836 cacumina
2338 4778 2478 4831 inter
2535 4774 2669 4829 duos
2704 4774 2912 4844 signos,
2971 4784 3025 4827 et
3072 4788 3242 4843 usque
3286 4776 3351 4829 ad
3416 4776 3590 4845 ipsam

2000 4872 2198 4929 Calmaz
2223 4886 2343 4939 quae
2384 4868 2583 4923 dicitur
2620 4867 2688 4921 ad
2732 4864 3075 4931 Area-Mala,
3123 4874 3179 4919 et
3228 4868 3472 4936 pervenit
3525 4869 3593 4922 ad

2003 4965 2176 5035 ipsum
2204 4962 2395 5017 collem
2423 4961 2488 5013 de
2515 4957 2853 5025 Montenigro
2873 4999 2886 5021 ,
2932 4958 3123 5011 deinde
3161 4958 3213 5011 in
3248 4958 3419 5011 rivum
3446 4956 3593 5011 Con-

2003 5063 2236 5127 gustum,
2265 5064 2320 5109 et
2351 5052 2495 5106 venit
2520 5052 2587 5106 ad
2626 5050 2906 5105 castellum
2955 5049 3174 5109 Bertini,
3212 5057 3269 5103 et
3310 5062 3477 5117 usque
3508 5064 3598 5103 su-

2006 5164 2104 5219 per
2136 5146 2381 5201 Rocham
2420 5142 2477 5197 S.
2509 5142 2748 5205 Genesii,
2781 5150 2834 5196 et
2863 5143 3011 5198 venit
3039 5141 3105 5193 ad
3135 5149 3375 5194 montem
3405 5138 3463 5192 S.
3498 5136 3604 5194 Sa-

2010 5238 2240 5297 turnini.
2281 5245 2337 5290 et
2372 5235 2518 5288 venit
2564 5232 2628 5287 ad
2685 5241 2924 5288 montem
2976 5230 3217 5287 Calvum.
3283 5228 3487 5283 Deinde
3537 5230 3607 5284 ad

2010 5338 2248 5388 montem
2297 5326 2601 5389 Serratum,
2630 5333 2685 5378 et
2731 5326 2978 5394 pervenit
3030 5323 3095 5376 ad
3122 5332 3365 5376 montem
3399 5319 3491 5388 qui
3522 5330 3611 5376 est

2307 5428 2443 5440 ...η-ι.
2498 5415 2783 5440 ΛΔ..ΙΣ........
2877 5428 2919 5438 ,ι
2984 5429 3037 5438 -.-

3048 5424 3215 5438 κιαι-..Α
3290 5420 3495 5438 ληῖσιοῆλ
3560 5420 3610 5436 μδ
