4472 5522
794 373 889 428 551

2061 358 2413 414 BENEDICTI
2454 359 2653 414 ΡΑΡᾸΞ
2697 361 2784 415 VII

3948 366 4052 421 552

795 487 920 540 dum
948 482 1143 537 emissa
1188 477 1580 549 pmceptione,
1622 473 1860 528 inclinati
1891 472 2138 540 precibus
2169 471 2363 525 vestris
2394 478 2438 533 Α
2469 472 2660 524 seriem
2709 472 2993 540 acquisivit
3040 474 3119 526 sui
3174 475 3533 544 episcopatui,
3565 484 3618 529 et
3666 477 3916 532 omnibus
3958 479 4051 548 qui

793 591 888 646 per
913 571 1069 641 hujus
1100 568 1362 640 privilegii
1395 569 1590 621 seriem
1625 563 1862 633 pra‘dicti
1903 561 2159 630 episcopii
2182 560 2240 612 Β.
2266 559 2368 612 Pe-

792 668 861 721 tri
891 662 1116 735 apostoli
1151 661 1515 718 concedimus.
1562 658 1614 710 in
1643 671 1740 710 suo
1767 663 2084 724 permaneat
2122 661 2286 718 statu,
2318 660 2375 706 et

798 771 889 811 vos
939 754 1055 808 sine
1106 751 1266 805 dubio
1316 746 1992 818 procurantesapraesenti
2030 753 2182 798 sexta
2229 743 2373 797 indi-

795 846 971 901 ctione
999 852 1159 911 atque
1189 841 1240 894 in
1267 846 1580 907 perpetuum
1604 850 1630 888 a
1656 835 1810 890 vobis
1838 834 2134 902 vestrisque
2159 847 2376 888 succes-

793 936 1008 992 soribus
1052 949 1174 988 eum
1222 930 1324 984 sibi
1368 929 1618 982 omnibus
1657 927 1923 996 integrum
1974 923 2374 992 subjacentibus

793 1029 1109 1098 disponatur
1137 1034 1298 1092 atque
1320 1037 1441 1076 cum
1474 1021 1563 1074 Dei
1594 1021 1784 1074 timore
1820 1027 2058 1089 regatur,
2093 1029 2149 1070 ut
2191 1027 2374 1071 vestro

793 1119 1137 1186 conjunctum
1165 1111 1735 1181 subsistatepiscopio.
1770 1109 1873 1164 Vos
1896 1118 2074 1162 autem
2100 1109 2152 1161 in
2183 1106 2373 1162 eodem

794 1207 1086 1264 venerabili
1122 1204 1394 1275 episcopio
1431 1201 1655 1257 Domino
1690 1202 1796 1255 Deo
1835 1209 2017 1254 nostro
2059 1201 2246 1255 laudes
2281 1213 2377 1253 ex-

794 1301 1004 1357 solvere
1060 1296 1342 1360 debeatis,
1396 1294 1595 1348 nullam
1642 1295 1905 1347 rationem
1952 1292 2145 1346 exinde
2202 1290 2284 1346 vel
2326 1292 2378 1346 ei

795 1392 1210 1464 pertinentibus,
1239 1389 1342 1443 nisi
1396 1387 1494 1442 soli
1547 1386 1658 1441 Deo
1693 1400 1758 1439 ac
1813 1391 1997 1439 nostra
2057 1385 2378 1439 auctoritate

793 1485 1048 1542 solvendo
1073 1482 1391 1546 statuimus;
1439 1478 1701 1534 fabricam
1741 1476 1904 1533 etiam
1932 1489 2024 1530 seu
2064 1474 2382 1530 luminat-io-

793 1592 912 1631 rum
938 1572 1380 1630 concinnationes
1408 1567 1774 1626 indiﬂerenter
1803 1581 1899 1622 vos
1925 1567 2042 1620 sine
2068 1565 2230 1620 dubio
2252 1578 2377 1634 pro-

794 1676 1048 1724 curantes
1096 1662 1420 1719 aﬂiciamini.
1476 1659 1630 1715 Nulla
1672 1658 1899 1730 proinde
1943 1658 1997 1712 in
2042 1654 2380 1711 exsolvendis

791 1761 884 1815 Dei
935 1757 1182 1813 laudibus
1226 1765 1281 1811 et
1327 1756 1381 1809 in
1433 1752 1734 1808 luminariis
1787 1749 2172 1806 concinnandis
2227 1762 2378 1801 mora

791 1850 1098 1920 proveniat.
1134 1846 1227 1902 sed
1257 1846 1447 1900 devota
1480 1842 1790 1898 sinceritate
1818 1852 2074 1910 peragere
2097 1837 2373 1902 festinate,
2405 1827 2454 1886 B

792 1955 892 1994 nec
915 1954 1010 2008 per
1052 1939 1279 1991 incauta:
1327 1933 1546 1988 desidiae
1596 1931 1809 2000 culpam
1852 1929 2039 2000 judicii
2075 1944 2168 1983 vos
2208 1927 2374 1981 futuri

791 2041 968 2085 metus
995 2027 1288 2090 concutiat,
1320 2025 1497 2094 potius
1531 2023 1777 2077 laborare
1817 2019 2062 2084 studete,
2113 2026 2173 2072 ut
2195 2016 2375 2070 divina

789 2121 982 2191 placita
1014 2127 1194 2173 vestro
1241 2123 1434 2170 conatu
1479 2111 1763 2166 clementia
1817 2109 1986 2178 possit
2026 2120 2371 2177 permanere,

790 2217 893 2270 hoc
916 2212 1060 2283 quod
1101 2225 1130 2263 a
1175 2209 1330 2264 nobis
1352 2206 1496 2275 justa
1533 2204 1916 2258 deliberatione
1943 2203 2220 2283 decretum
2258 2202 2373 2264 est,

789 2279 985 2359 futuris
1017 2300 1329 2356 inconvulse
1361 2298 1741 2368 perpetuisque
1776 2279 2124 2363 temporibus.
2151 2291 2206 2346 Si
2256 2291 2377 2358 quis

790 2407 967 2451 autem
989 2433 1005 2460 ,
1034 2393 1176 2463 quod
1206 2407 1309 2444 non
1337 2400 1584 2459 Optamus
1617 2385 1822 2440 nefario
1855 2399 1986 2438 ausu
2018 2396 2375 2451 praesumpse-

786 2488 994 2542 rithzcc
1018 2482 1374 2554 qureanobis
1419 2480 1484 2532 ad
1536 2478 1746 2530 laudern
1798 2475 1886 2528 Dei
1938 2489 2032 2543 pro
2082 2473 2377 2527 stabilitate

779 2577 894 2646 jam
938 2574 1067 2630 dicti
1119 2571 1376 2642 episcopii
1432 2578 1632 2623 statuta
1692 2575 1821 2620 sunt
1868 2564 2152 2634 refragari,
2181 2573 2271 2615 aut
2322 2563 2375 2614 in

790 2683 1003 2739 quoque
1043 2664 1378 2734 transgredi,
1408 2662 1544 2715 sciat
1570 2675 1625 2712 sc
1658 2657 2017 2711 anathematis
2049 2655 2261 2708 vinculo
2295 2653 2376 2706 in-

788 2760 1074 2821 nodatum,
1121 2765 1174 2808 ct
1205 2771 1234 2807 a
1266 2751 1477 2808 diabolo
1501 2760 1553 2804 et
1599 2748 1714 2814 ejus
1763 2745 2119 2799 atrocissimis
2167 2743 2376 2812 pompis

786 2863 948 2923 atque
996 2850 1133 2906 Juda
1175 2847 1434 2900 traditore
1487 2843 1699 2897 Domini
1757 2839 1925 2893 nostri
1985 2838 2111 2892 Jesu
2173 2835 2375 2890 Christi

786 2941 971 2996 aeterni
1002 2937 1236 2993 incendii
1265 2935 1526 3006 supplicio
1549 2931 2000 2987 concremandum
2035 2928 2370 2998 deputamus.

783 3033 853 3086 Δί
886 3044 1016 3085 vero
1046 3030 1136 3099 qui
1161 3028 1248 3097 pio
1289 3026 1535 3079 instituto
1559 3024 1877 3077 observator
1912 3029 1966 3074 et
1998 3020 2248 3074 omnibus
2275 3033 2371 3071 ex-

785 3122 988 3178 stiterit
1012 3119 1322 3175 custodiens
1354 3115 1513 3184 hujus
1561 3115 1730 3168 nostri
1766 3111 2045 3182 apostolici
2093 3109 2370 3164 constituti

786 3217 850 3271 ad
879 3215 1081 3270 cultum
1111 3211 1202 3266 Dei
1238 3209 1645 3279 respicientibus
1665 3248 1679 3272 ,
1711 3203 2099 3260 benedictionis
2139 3202 2370 3271 gratiam

786 3326 815 3364 e
845 3303 1434 3363 misericordiosissimo
1470 3301 1697 3356 Domino
1719 3301 1829 3354 Deo
1853 3307 2038 3352 nostro
2067 3295 2375 3363 multiplici-

784 3410 867 3455 ter
898 3405 1288 3467 consequatur,
1316 3403 1372 3448 et
1401 3395 1524 3447 vita:
1552 3402 1768 3447 aeternae
1794 3389 2064 3460 particeps
2090 3386 2227 3441 elIici
2259 3401 2372 3440 me-

783 3507 874 3548 rea
884 3502 990 3548 ιω.

853 3584 1132 3654 Scriptum
1183 3595 1280 3652 per
1328 3593 1520 3634 manus
1571 3576 1794 3633 Joannis
1844 3575 2038 3630 notarii
2082 3573 2373 3642 regionarii

783 3686 948 3746 atque
977 3671 1253 3728 scriniarii
1286 3669 1342 3725 S.
1375 3668 1532 3724 Rom.
1565 3667 1839 3729 Ecclesiae,
1883 3667 1937 3719 in
1968 3680 2152 3720 mense
2182 3663 2375 3717 Martio

782 3769 1079 3825 indictione
1115 3780 1190 3820 vi.
1223 3764 1368 3819 Bene
1411 3760 1604 3816 valete.
1657 3759 1791 3812 Data
1813 3774 1846 3811 v
1878 3757 1997 3812 Kal.
2032 3756 2250 3809 Martias
2278 3769 2374 3824 per

783 3875 980 3916 manus
1004 3855 1248 3927 Gregorii
1265 3853 1503 3924 episcopi
1522 3862 1575 3906 et
1600 3849 1995 3905 bibliothecarii
2017 3857 2215 3902 sanctae
2239 3861 2372 3914 apo—

782 3951 986 4009 stolica:
1009 3950 1171 4016 sedis,
1202 3962 1363 4011 anno,
1394 3945 1505 4000 Deo
1527 3944 1780 4014 propitio,
1813 3941 2162 4012 pontiﬁcatus
2188 3937 2372 3992 domui

781 4043 1062 4101 Benedicti
1104 4041 1302 4098 summi
1355 4038 1627 4110 pontiﬁcis
1675 4046 1730 4090 et
1782 4032 2102 4089 universalis
2157 4030 2372 4098 septimi

779 4153 932 4209 papa:
967 4136 1022 4191 in
1051 4133 1416 4192 sacratissima
1446 4132 1572 4188 sede
1603 4131 1663 4186 Β.
1696 4129 1842 4184 Petri
1882 4127 2130 4196 apostoli,
2155 4134 2367 4194 quarto,

782 4230 837 4284 in
867 4241 1054 4284 mense
1080 4234 1136 4281 et
1161 4215 1451 4281 indictione
1481 4220 1846 4293 suprascripta
1875 4234 1949 4273 v1.

1519 4357 1628 4414 XII.

779 4511 1062 4558 ιιιιιοιατι
1097 4511 1245 4553 ΡΔΡΒ
1280 4511 1355 4552 VII
1390 4505 1736 4550 PBIVILIGIUI
1776 4503 1878 4546 Ριο
1913 4499 2165 4544 ιεοιεειλ
2203 4497 2364 4540 AUSO-

1484 4578 1656 4620 NENSI.

1397 4681 1576 4749 (Anno
1614 4674 1763 4746 978.)

1152 4811 1385 4889 [Florez.
1419 4811 1509 4866 ubi
1542 4822 1726 4878 supra,
1758 4820 1813 4876 p.
1841 4801 1992 4879 102.]

848 4950 1048 5009 Notum
1075 4963 1196 5006 esse
1225 4947 1476 5004 volumus
1501 4945 1755 5000 omnibus
1787 4940 2082 5012 majoribus
2109 4946 2164 4994 et
2194 4939 2366 4994 mino-

776 5045 931 5102 ribus
950 5043 1118 5100 totius
1145 5040 1438 5112 provincia:
1463 5036 1716 5092 Ausoniae
1737 5044 1792 5089 et
1817 5030 2175 5097 Barkinoniae,
2201 5043 2364 5100 atque

775 5133 1161 5199 Gerundense,
1203 5132 1316 5188 sive
1339 5127 1720 5198 Urgelitense,
1766 5123 1850 5178 vel
1897 5123 2202 5194 quicunque
2238 5122 2364 5176 huic

774 5227 1068 5301 provincia
1098 5223 1376 5282 constituti
1409 5238 1528 5276 esse
1559 5228 1850 5274 cernuntur
1874 5219 1939 5273 de
1978 5219 2120 5274 hunc
2156 5219 2364 5288 episco-

771 5336 903 5383 pum
929 5317 1106 5383 Froya
1136 5317 1383 5379 nomine,
1415 5314 1536 5383 quia
1569 5313 1714 5365 venit
1754 5311 1819 5364 ad
1863 5309 2046 5364 limina
2094 5311 2360 5379 apostolo-

2476 562 2574 620 sibi
2624 562 2848 631 subjecti
2897 579 3016 619 esse
3062 575 3371 619 noscuntur.
3411 567 3485 620 lta
3518 566 3852 638 privilegium
3897 571 4051 626 nobis

2474 655 2763 724 postulavit
2788 697 2801 719 ,
2839 658 2979 725 quod
3011 665 3064 710 et
3093 672 3189 711 nos
3218 658 3399 711 libenti
3427 660 3607 713 animo
3636 661 3684 713 ei
3709 661 4053 716 conﬁrmavi-

2476 761 2616 810 mus,
2649 748 2788 802 sicut
2827 749 2880 802 in
2925 749 3038 817 ipso
3080 749 3354 818 privrlegio
3400 749 3683 818 reperitur.
3716 750 4052 823 Quapropter

2475 853 2749 907 rogamus,
2806 846 2858 891 et
2909 848 3090 894 nostra
3121 839 3409 907 apostolica
3451 842 3772 897 auctoritate
3808 845 4052 914 praecipi-

2477 943 2632 993 mus,
2705 939 2764 983 ut
2816 929 2992 983 nullus
3056 930 3256 992 homo,
3302 939 3525 998 excepto
3585 930 3808 986 Borrelli
3858 935 4053 990 comite

2474 1031 2575 1071 suo
2603 1017 2717 1072 solo
2739 1032 2980 1087 corpore,
3004 1027 3056 1071 et
3080 1017 3233 1072 uxori
3258 1033 3366 1071 sua}
3396 1017 3704 1088 Ledgardis,
3738 1029 3792 1074 et
3817 1020 4053 1092 legitimo

2477 1105 2588 1161 ﬁlio
2614 1105 2728 1175 ejus
2757 1105 3089 1173 Raimundo,
3137 1107 3181 1161 si
3212 1108 3608 1177 praesumpserit
3634 1108 3867 1178 aliquam
3899 1113 4053 1167 inva-

2477 1198 2682 1254 sionem
2706 1238 2719 1261 ,
2753 1198 2832 1251 vel
2857 1207 3042 1252 contra
3079 1198 3392 1269 praedictum
3416 1197 3724 1269 episcopum
3745 1200 4054 1257 calcaneurn

2477 1291 2732 1355 erexerit,
2756 1291 3116 1361 cujuscunque
3146 1291 3349 1346 ordinis
3381 1291 3462 1346 vel
3485 1307 3668 1360 sexus,
3689 1293 3802 1348 sive
3829 1293 4058 1350 clericus

2480 1381 2593 1434 sive
2622 1380 2787 1435 laicus
2814 1422 2828 1443 ,
2859 1383 2927 1436 sit
2955 1383 3471 1437 cxcmnmunicatus.

3198 1519 3331 1574 XIII.

2555 1666 2831 1706 BENEDICTI
2872 1668 3015 1707 I’AI’E
3043 1669 3114 1706 VII
3149 1669 3485 1708 PRIVILEGIUM
3521 1668 3619 1707 PRO
3652 1669 3985 1710 IONAS‘I'IRIO

3087 1737 3426 1778 CLUNIACENSI
3439 1762 3451 1776 .

3096 1837 3272 1904 (Anno
3296 1837 3444 1906 978.)

2480 1965 2675 2019 Maiolo
2706 1965 3035 2020 Cluniacensi
3061 1966 3231 2020 abbati
3262 1968 3422 2021 donat
3462 1970 3689 2022 insulam
3726 1968 4063 2027 Lerinensem

2902 2053 3019 2089 cum
3059 2037 3373 2090 monasterio
3419 2038 3634 2092 Arluco.

2806 2167 2892 2239 [D.
2928 2168 3187 2237 Bouquet,
3222 2167 3430 2223 Recueil
3459 2167 3550 2235 IX,
3579 2169 3733 2240 245.]

2549 2303 2883 2358 Bensntc'rus
2911 2304 3217 2372 episcopus,
3246 2317 3434 2359 servus
3463 2318 3743 2357 servorum
3774 2304 3888 2368 Dei,
3921 2305 4062 2359 dile-

2481 2395 2718 2448 ctissimo
2765 2395 2816 2446 in
2865 2393 3082 2447 Christo
3133 2393 3244 2447 filio
3293 2393 3503 2449 ΜΑιοιο
3528 2394 3847 2449 charissimo
3875 2393 4065 2449 abbati

2479 2483 2851 2538 Cluniacensis
2900 2483 3251 2548 monasterii,
3304 2483 3524 2553 ejusque
3573 2485 3973 2540 successoribus
4006 2487 4064 2541 in

2478 2584 2820 2644 perpetuum.

2551 2689 2683 2755 Quia
2718 2691 3101 2744 monasterium
3128 2689 3500 2753 Cluniacense,
3529 2694 3670 2759 quod
3703 2701 3757 2744 tu
3791 2691 3899 2746 Deo
3934 2706 4065 2760 pro-

2479 2781 2610 2850 pitio
2660 2781 2977 2850 regulariter
3030 2781 3211 2851 regis,
3257 2789 3457 2836 sanctae
3504 2780 3759 2836 Romanae
3805 2783 4064 2838 Ecclesiae

2478 2873 2725 2927 novimus
2758 2887 2879 2927 esse
2929 2872 3277 2925 commissum
3327 2873 3394 2926 ad
3429 2871 3819 2928 defendendum
3847 2882 3902 2928 et
3929 2874 4064 2928 dila-

2479 2967 2720 3028 tandum,
2758 2961 2959 3017 idcirco
3006 2962 3248 3017 benevoli
3293 2971 3347 3017 et
3393 2963 3618 3017 beneﬁci
3652 2978 3777 3035 erga
3811 2965 4060 3019 eumdem

2478 3054 2654 3106 locum
2687 3053 2943 3107 debemus
2969 3053 3222 3106 existere.
3257 3051 3594 3122 Quapropter
3623 3064 3806 3108 notum
3841 3055 3911 3108 sit
3939 3071 4061 3109 om-

2399 3171 2445 3236 C
2479 3143 2634 3245 nibus
2649 3143 2772 3245 quia
2796 3143 2970 3212 petisti
3001 3158 3031 3196 a
3057 3143 3212 3196 nobis
3235 3151 3294 3196 ut
3313 3140 3427 3209 jam
3447 3143 3590 3198 dicto
3616 3152 3705 3196 tuo
3728 3145 4062 3199 monasterio

2480 3235 2711 3289 insulani
2744 3233 3092 3288 Lerinensem
3122 3248 3244 3287 eum
3274 3233 3473 3289 Arluco
3520 3233 3598 3304 (6)
3627 3237 3980 3302 monasterio,
4006 3247 4063 3291 et

2477 3327 2729 3380 omnibus
2777 3324 3174 3393 pertinentibus
3225 3323 3293 3377 ad
3338 3325 3526 3380 eadem
3558 3325 3695 3389 loca,
3732 3335 3929 3381 nostra:
3958 3343 4059 3380 au-

2478 3418 2748 3474 eloritatis
2778 3417 3054 3488 privilegio
3080 3417 3494 3473 concederemus
3520 3435 3534 3483 ;
3586 3419 3880 3488 siquidem,
3905 3430 3964 3475 ut
3994 3437 4060 3476 ex

2477 3509 2711 3565 decretis
2741 3511 2884 3565 beati
2915 3507 3162 3579 Gregorii
3211 3524 3363 3580 papae
3408 3509 3718 3580 didicimus,
3752 3513 3942 3566 eadem
3972 3512 4058 3566 in-

2477 3603 2590 3656 sula
2628 3603 2680 3655 in
2701 3600 2823 3669 jure
2849 3616 2911 3655 ac
2939 3578 3299 3667 subjectione
3321 3578 3522 3655 sancta:
3571 3601 3716 3656 sedis
3755 3602 4062 3671 apostolicae

2479 3695 2748 3749 consistit.
2783 3691 3143 3747 Petitionibus
3177 3693 3284 3746 tuis
3330 3693 3493 3762 igitur
3521 3695 3764 3748 faventes
3792 3701 3847 3747 et
3874 3709 4064 3750 assen-

2477 3797 2595 3839 sum
2625 3785 2948 3853 prmbentes,
2985 3783 3084 3837 sub
3115 3783 3262 3837 omni
3311 3782 3624 3853 integritate
3672 3783 3935 3837 donamus
3967 3783 4061 3847 tibi

2479 3883 2640 3947 atque
2673 3877 3079 3931 successoribus
3129 3875 3234 3929 tuis
3281 3875 3525 3929 eamdem
3559 3875 3791 3930 insulam
3836 3884 3890 3930 et
3919 3876 4062 3930 idem

2478 3969 2864 4023 monasterium
2911 3967 3167 4021 Arlucum
3215 3981 3335 4019 rum
3367 3967 3616 4020 omnibus
3642 3966 3745 4020 sibi
3778 3966 4058 4036 pertinen-

2476 4062 2640 4116 tibus.
2676 4061 2750 4116 De
2778 4061 2974 4130 quibus
3022 4061 3066 4114 si
3115 4059 3237 4130 quis
3265 4067 3316 4112 te
3341 4059 3423 4111 vel
3454 4072 3796 4113 successores
3827 4067 3945 4113 tuos
3975 4057 4062 4112 in-

2469 4155 2614 4223 juste
2643 4151 2978 4220 pulsaverit,
3017 4149 3193 4219 gladio
3221 4148 3799 4203 excommunicationis
3844 4148 4060 4203 noverit

2475 4257 2533 4297 se
2565 4241 2883 4296 feriendum.
2929 4238 3189 4293 Volumus
3239 4247 3417 4291 autem
3464 4246 3524 4290 ut
3566 4236 3845 4291 annuatim
3878 4239 3944 4292 ad
3974 4251 4059 4291 se-

2473 4333 2716 4403 pulcrum
2767 4331 2909 4399 beati
2978 4329 3125 4385 Petri
3200 4329 3438 4399 quinque
3503 4328 3703 4383 solidos
3770 4337 4060 4398 argenteos

2470 4423 2664 4477 exinde
2691 4421 2985 4491 persolvas.
3036 4419 3108 4475 Ut
3134 4419 3248 4474 haec
3273 4428 3457 4474 nostra
3487 4417 3784 4472 auctoritas
3811 4416 4059 4488 vigorem

2391 4541 2444 4602 Ι)
2469 4523 2523 4570 et
2550 4513 2876 4569 soliditatem
2907 4512 2962 4565 in
2992 4521 3309 4582 perpetuum
3342 4510 3616 4573 obtineat,
3652 4507 3827 4578 sigillo
3872 4517 4063 4564 nostro

2468 4606 2822 4679 signavimus,
2853 4612 2904 4658 et
2936 4618 3094 4658 manu
3121 4611 3305 4658 nostra
3333 4600 3687 4656 ﬁrmavimus.

2474 4795 2509 4800 μ
2541 4722 2812 4793 Scriptum
2844 4735 2938 4790 per
2970 4732 3188 4773 manum
3229 4715 3489 4786 Stephani
3534 4715 3728 4769 notarii
3763 4714 4059 4787 regionarii

2471 4821 2632 4892 atque
2699 4809 2969 4865 scriniarii
3023 4807 3082 4862 S.
3133 4808 3394 4862 Romana:
3443 4803 3698 4861 Ecclesiae
3753 4804 3812 4860 in
3869 4820 4060 4861 mense

2471 4903 2634 4974 Maio,
2665 4904 2852 4960 indict.
2885 4918 2961 4956 v1.
2999 4901 3145 4956 Bene
3175 4899 3368 4954 valete.

2475 5083 2480 5087 ,
2539 5020 2731 5073 Datum
2762 5033 2798 5071 ι
2841 5015 2961 5071 Kal.
3010 5012 3154 5090 Junii
3192 5027 3287 5082 per
3315 5014 3530 5066 manum
3557 5009 3788 5064 Joannis
3819 5007 4058 5079 episcopi

2471 5111 2824 5168 Salernitanaa
2857 5107 3109 5183 Ecclesia:
3132 5146 3148 5172 ,
3196 5118 3339 5159 anno
3391 5119 3444 5158 iv
3473 5100 3826 5183 pontiﬁcatus
3872 5100 4056 5156 domni

2468 5206 2638 5263 nostri
2668 5202 2942 5259 Benedicti
2987 5181 3136 5270 papae
3166 5196 3277 5262 VII,
3308 5181 3608 5274 imperante
3636 5194 3842 5250 domno
3871 5202 4058 5248 nostro

2468 5300 2664 5363 Ottone
2689 5298 2853 5352 aDeo
2882 5303 3137 5364 coronato
3163 5304 3357 5360 magno
3381 5298 3436 5344 et
3464 5277 3686 5359 pacifica
3723 5287 4058 5358 imperatore
