4472 5522
383 448 488 515 336

1099 580 1237 636 XIV.

388 724 395 743 ν,
451 683 731 725 BINIDICTI
762 686 908 725 PAP£
939 688 1013 725 VII
1046 688 1388 729 PRIVILEGIUI
1428 689 1529 729 PRO
1554 688 1894 729 κοκλδτεκιο

825 756 950 797 8ΔΝΕ
960 759 1010 797 τι
1042 759 1195 797 PETRI
1229 760 1449 799 RODENSI
1460 786 1471 798 .

990 856 1166 927 (Auno
1193 858 1341 927 979.)

752 968 837 1041 [ῡ.
870 968 1134 1040 Bouquet,
1163 972 1317 1035 ibid.,
1350 988 1403 1041 p.
1432 972 1583 1041 2l6.]

452 1060 788 1115 Beseotcws
814 1064 1113 1132 episcopus,
1147 1079 1335 1118 servus
1366 1079 1643 1119 servorum
1678 1066 1793 1131 Dei,
1831 1067 1929 1121 Ηιι.

382 1165 603 1205 ossuum
628 1152 879 1221 episcopo
906 1163 956 1206 et
979 1154 1228 1207 omnibus
1253 1156 1530 1210 monachis
1560 1157 1609 1209 in
1634 1160 1963 1213 monasterio

379 1244 549 1298 sancti
582 1243 723 1299 Petri
760 1244 1020 1299 Rodensrs
1046 1246 1384 1315 degentibus,
1420 1247 1647 1302 salutem
1677 1259 1727 1302 et
1774 1264 1959 1317 pacem

379 1344 435 1389 et
460 1337 807 1405 apostolicam
837 1338 1286 1391 benedictionem.

450 1427 713 1493 Quoniam
745 1429 1111 1498 gratissimum
1144 1416 1384 1498 satisque
1408 1432 1726 1500 condignum
1752 1433 1959 1501 judica-

378 1534 499 1572 mus
534 1518 920 1574 famulantibus
952 1519 1273 1573 famulitium
1306 1521 1635 1589 impendere,
1667 1533 1827 1590 atque
1867 1524 1961 1578 do-

380 1611 638 1665 nantibus
684 1612 901 1681 prmmia
935 1611 1139 1682 largiri,
1180 1614 1379 1667 idcirco
1406 1615 1528 1682 quia
1572 1616 1959 1670 monasterium

381 1704 551 1757 sancti
582 1702 724 1758 Petri
758 1702 1038 1769 Rodeusis,
1082 1704 1220 1772 quod
1268 1706 1389 1773 jure
1418 1705 1759 1759 bwreditario
1791 1707 1958 1775 possi-

373 1793 609 1846 dendum
638 1794 942 1862 accepistis,
977 1809 1118 1849 nunc
1154 1804 1334 1849 autem
1366 1796 1603 1863 subjnre
1631 1807 1684 1850 et
1711 1797 1957 1852 domina-

380 1884 524 1935 tione
575 1883 697 1936 almi
748 1884 1010 1953 principis
1058 1886 1424 1954 apostolorum
1481 1886 1624 1941 Petri
1670 1897 1722 1941 et
1758 1899 1956 1944 nostra;

374 1975 704 2029 venerabilis
732 1976 984 2029 Romanae
1023 1978 1167 2032 sedis
1203 1989 1460 2047 perpetuo
1497 1981 1802 2034 habiturum
1832 2024 1844 2044 ,
1900 1994 1955 2038 et

380 2070 532 2123 vobis
556 2069 916 2138 conspicimus
938 2086 1056 2123 esse
1085 2072 1631 2141 traditum,quocirca
1662 2089 1811 2127 versa
1843 2076 1955 2129 vice

378 2160 700 2213 auctoritate
746 2161 1035 2228 apostolica
1085 2163 1432 2217 concedimus
1476 2173 1529 2217 et
1575 2164 1957 2219 conﬁrmamus

379 2249 474 2304 tibi
518 2251 731 2319 tuisque
777 2253 1180 2306 successoribus
1220 2253 1271 2306 in
1303 2264 1617 2322 perpetuqu
1650 2257 1957 2312 coenobium

366 2340 549 2393 sancti
566 2338 708 2393 Petri
725 2340 949 2408 apostoli
968 2340 1250 2403 Rodensis,
1264 2356 1386 2395 cum
1400 2343 1649 2396 omnibus
1679 2344 1790 2398 suis
1807 2346 1945 2415 adja-

376 2429 570 2481 centiis
590 2437 643 2482 et
668 2428 1003 2498 pertinentiis
1025 2439 1079 2483 et
1110 2432 1353 2484 terminis
1377 2432 1505 2493 suis,
1533 2432 1583 2484 in
1612 2434 1698 2485 tali
1729 2434 1955 2497 ratione,

375 2528 435 2572 ut
472 2520 569 2573 sub
600 2521 822 2573 tuitione
875 2522 1012 2575 beati
1054 2522 1193 2576 Petri
1233 2524 1457 2592 apostoli
1501 2536 1555 2578 et
1603 2536 1783 2579 nostra
1830 2543 1957 2581 con-

377 2609 539 2664 sistat
570 2610 620 2662 in
647 2620 983 2679 perpetuum.
1031 2611 1388 2668 Concedimus
1432 2616 1651 2685 insuper
1675 2626 1728 2670 et
1756 2619 1958 2687 absque

376 2703 483 2756 ulla
514 2706 880 2757 reservatione
916 2707 1178 2761 donamus
1210 2708 1382 2762 eidem
1417 2713 1742 2764 monasterio
1778 2714 1957 2765 omnia

376 2793 579 2862 prtedia
621 2793 703 2846 vel
736 2794 911 2847 alodia
942 2811 1061 2863 qua:
1091 2796 1265 2851 danda
1306 2810 1431 2852 sunt
1460 2801 1539 2853 vel
1584 2802 1704 2855 data
1756 2802 1824 2855 ab
1864 2804 1959 2858 ho-

374 2881 566 2938 dierno
595 2884 680 2937 die
705 2894 761 2937 et
788 2885 1037 2955 deinceps
1068 2904 1094 2938 a
1127 2886 1371 2943 ﬁdelibus
1404 2892 1531 2944 viris
1565 2903 1755 2945 vestra:
1782 2893 1956 2961 regio-

376 2972 462 3026 nis
502 2972 661 3027 beato
709 2972 867 3027 Petro
911 2977 1153 3043 apostolo
1184 2988 1377 3031 nos-tm
1409 2981 1553 3033 urbis
1590 2980 1843 3034 Romana:
1875 2998 1958 3035 se-

355 3062 497 3126 .dis,
544 3074 601 3116 ut
642 3063 694 3116 in
743 3062 863 3131 jure
903 3073 960 3117 et
991 3068 1354 3121 dominatione
1387 3072 1677 3137 persistant
1724 3071 1957 3124 coenobii

360 3152 641 3207 .Rodensis
668 3153 719 3206 in
746 3166 1060 3223 perpetuum
1096 3157 1369 3221 habenda,
1414 3158 1479 3211 ab
1531 3160 1660 3211 urbe
1711 3158 1957 3215 Narbona

358 3260 550 3312 .usqne
601 3245 652 3297 in
707 3246 901 3299 ﬁnibus
939 3245 1226 3315 Hispania}.
1276 3248 1468 3301 Notum
1519 3266 1646 3315 ergo
1694 3267 1835 3304 nunc
1885 3253 1955 3305 sit

373 3340 625 3393 omnibus
657 3339 960 3392 hominibus
996 3341 1226 3409 regionis
1274 3351 1500 3404 vestra},
1550 3344 1689 3409 quod
1720 3345 1818 3395 sub
1848 3345 1951 3397 tui-

349 3428 522 3481 -tione
552 3437 604 3482 et
646 3428 903 3498 regimine
952 3430 1089 3481 beati
1133 3429 1274 3481 Petri
1309 3431 1532 3498 apostoli
1561 3441 1613 3484 et
1646 3442 1827 3483 nostra
1855 3449 1952 3501 gu-

373 3520 690 3574 bernatione
726 3519 808 3571 vel
854 3520 1168 3573 del'ensroue
1221 3520 1306 3572 ille
1356 3521 1503 3574 lectis
1539 3523 1816 3575 consistat.
1872 3524 1955 3575 ld-

373 3612 522 3665 circo
551 3626 738 3665 omnes
778 3610 963 3664 ﬁdeles
1014 3622 1203 3664 vestrae
1241 3613 1474 3681 regionis
1514 3614 1612 3666 sub
1645 3615 1953 3667 testimonio

371 3698 572 3755 Christi
604 3701 955 3755 admonemus
988 3709 1046 3753 ut
1076 3703 1277 3766 omnia,
1308 3720 1424 3771 qua:
1471 3704 1534 3755 ad
1561 3706 1840 3772 prazl'atntn
1878 3704 1954 3759 lo-

370 3807 494 3850 cum
536 3793 824 3861 pertinent,
854 3794 920 3847 ad
950 3792 1232 3845 utilitatem
1278 3796 1586 3848 monasterii
1620 3808 1673 3849 et
1703 3797 1951 3849 habitan-

354 3884 506 3948 tium
540 3884 590 3939 in
621 3900 685 3937 eo
708 3885 1011 3950 restituant,
1052 3896 1106 3937 et
1148 3886 1199 3938 in
1232 3887 1345 3939 vice
1373 3886 1515 3942 beati
1551 3887 1689 3941 Petri
1728 3871 1951 3957 apostoli

348 3976 558 4045 (Roma:
588 3993 795 4030 summa
826 3995 946 4031 cum
993 3980 1264 4049 diLgentia
1313 3979 1459 4033 illum
1493 3979 1664 4035 locum
1694 3998 1954 4037 veneren-

370 4079 461 4122 tur
483 4078 536 4121 et
563 4068 803 4137 diligant.
830 4070 896 4124 Et
923 4072 965 4123 si
995 4072 1116 4138 quis
1138 4088 1299 4125 causa
1329 4074 1589 4126 orationis
1613 4074 1678 4127 ad
1710 4086 1951 4128 nostram

369 4160 552 4213 sedem
585 4160 931 4229 apostolicam
980 4162 1258 4230 pervenire
1309 4178 1413 4215 non
1466 4163 1682 4231 poterit,
1741 4179 1953 4217 summo

368 4250 550 4305 studio
584 4249 730 4303 illum
758 4249 935 4303 locum
969 4253 1212 4303 venerari
1245 4253 1593 4305 erntcealimus
1640 4254 1709 4304 ei.
1750 4253 1801 4305 Si
1830 4255 1951 4321 quis

368 4350 552 4396 autem
579 4342 660 4396 vel
688 4357 755 4396 ex
781 4343 998 4413 praediis
1026 4344 1107 4395 vel
1138 4344 1309 4398 alodis
1337 4345 1436 4397 loci
1471 4345 1631 4408 illius,
1658 4345 1739 4398 vel
1768 4347 1947 4401 omnia

366 4448 491 4503 qua:
516 4434 581 4486 ad
611 4432 727 4501 jam
760 4432 961 4487 dictum
990 4432 1163 4486 locum
1196 4434 1466 4503 pertinent
1494 4437 1841 4489 occultaverit
1869 4436 1950 4489 vel

336 4525 603 4581 -tenuerit
628 4526 745 4579 sine
766 4537 1032 4579 consensu
1065 4526 1309 4588 fratrum,
1352 4535 1444 4578 aut
1469 4526 1653 4579 scierit
1681 4527 1821 4595 quod
1853 4529 1950 4581 ali-

368 4617 493 4688 quis
520 4618 781 4671 absconse
809 4624 1008 4677 teneat,
1039 4616 1138 4669 sub
1170 4616 1473 4669 testimonio
1500 4617 1700 4671 Christi
1727 4633 1793 4669 ex
1817 4635 1949 4688 apo-
1980 4634 2027 4691 ι)

367 4709 559 4766 stolica
587 4709 910 4763 auctoritate
938 4722 1339 4761 connnouemus
1367 4718 1424 4760 ut
1465 4708 1532 4760 ab
1571 4710 1829 4762 hodierno
1862 4710 1947 4763 die

367 4817 480 4857 non
513 4808 728 4855 teneant
757 4799 972 4869 injuste,
1002 4812 1101 4851 nec
1126 4797 1474 4859 abscondant,
1518 4800 1610 4852 sed
1643 4800 1865 4853 reddere
1891 4809 1944 4854 et

327 4922 343 4935 ο
369 4891 716 4948 manifestare
748 4888 1065 4958 praescripto
1086 4887 1414 4942 monasterio
1442 4886 1717 4941 festinent.
1748 4888 1812 4943 Et
1832 4890 1949 4943 red-

368 4985 479 5039 dita
511 4982 589 5039 vel
615 4978 959 5036 manifestata
984 4978 1106 5046 jure
1136 4988 1396 5047 perpetuo
1427 4994 1530 5031 una
1561 4995 1682 5033 cum
1702 4979 1806 5033 illis
1831 4996 1947 5048 qua:

369 5091 466 5147 per
508 5076 646 5129 hanc
699 5078 938 5124 nostram
985 5068 1329 5138 apostolicam
1377 5070 1712 5124 sanctionem
1760 5080 1812 5123 et
1851 5085 1948 5139 per

370 5167 472 5220 alia
499 5164 695 5235 divalia
743 5161 861 5230 (sic)
910 5160 1123 5213 decreta
1175 5160 1465 5215 statuimus
1513 5172 1676 5233 atque
1711 5164 1948 5217 decrevi-

372 5275 505 5324 mus,
535 5269 716 5326 usque
750 5251 807 5305 in
844 5250 1000 5330 linem
1048 5250 1232 5313 mundi
1276 5240 1478 5305 illibata
1529 5262 1584 5307 et
1631 5254 1947 5308 inconcussa

371 5343 738 5419 permanenda
770 5341 1122 5398 decernimus.

432 5443 481 5478 ςς
511 5442 637 5478 ...εἰς
671 5444 873 5478 autem,
909 5438 1040 5478 mund
1083 5451 1187 5478 nnn
1220 5434 1491 5478 orm“an
1540 5439 1699 5478 lmine
1726 5454 1950 5478 nnnnna.

1516 464 1871 520 scissem
1912 462 1998 517 ετ
2040 464 2477 539 νηιγιιεοιω

1987 582 2033 637 Α
2063 579 2236 643 datus,
2259 592 2325 682 ιρι
2356 596 2571 643 sanctos
2616 592 2708 645 Dei
2756 592 2972 652 Petrum
3013 609 3065 654 et
3099 601 3321 659 Paulum
3365 608 3640 682 principes

3533 474 3639 550 $31

2066 672 2431 738 apostolorum
2477 679 2576 732 sibi
2612 681 2662 734 in
2694 688 2941 752 prresenti
2991 701 3044 743 et
3093 690 3270 747 futura
3304 672 3410 750 viia
3442 672 3641 758 seniiat

2064 763 2400 829 contrarios;
2458 779 2615 837 atque
2647 772 2698 825 in
2732 774 2940 831 inferno
2977 778 3213 836 inferiori
3261 797 3641 848 concremauit

2064 868 2185 905 cum
2218 855 2428 911 diabolo
2457 870 2509 913 et
2534 864 2779 918 omnibus
2818 866 3030 923 deﬁciat
3060 873 3257 944 impiis.
3311 876 3479 949 Huius
3506 868 3639 939 vero

2063 945 2421 1010 apostolicalis
2444 949 2644 1006 decreti
2673 958 2839 1009 nostri
2867 962 3110 1029 paginam
3136 968 3367 1035 propriis
3393 945 3643 1030 inanibus

2066 1036 2404 1130 Iroborantes,
2436 1040 2487 1093 in
2524 1059 2716 1097 manus
2747 1045 3036 1105 llildesiudi
3063 1055 3296 1127 episcopi
3344 1070 3505 1130 atque
3540 1064 3642 1119 δικ

2062 1112 2205 1177 batis
2233 1124 2402 1194 ipsius
2432 1129 2531 1183 loci
2575 1143 2627 1185 et
2676 1132 2902 1192 fratrum
2952 1157 3071 1196 cum
3120 1145 3211 1199 illo
3248 1112 3634 1209 Icomit'antium

2066 1217 2349 1283 tradimus,
2399 1236 2667 1280 annuente
2716 1230 2933 1286 Christo
2979 1232 3102 1289 Jesu
3149 1237 3374 1297 Domino
3427 1255 3635 1311 nostro,

2060 1313 2371 1377 perenniter
2418 1324 2580 1385 atque
2628 1319 2855 1377 ﬁdeliter
2911 1329 3306 1395 possidendam.
3361 1335 3460 1403 Qui
3507 1356 3637 1409 ergo

2062 1410 2262 1498 nostrae
2293 1408 2660 1463 concessionis
2687 1413 2769 1465 vel
2797 1416 3098 1472 donatioois
3123 1422 3335 1491 adjutor
3360 1437 3519 1498 atque
3547 1408 3639 1485 de-

2064 1486 2247 1543 fensor
2270 1494 2559 1558 exstiterit,
2591 1500 2935 1566 apostolicam
2983 1486 3411 1569 benedictionem
3434 1486 3485 1571 et
3514 1534 3638 1588 pec-

2062 1589 2301 1635 catorum
2334 1586 2722 1645 absolutionem
2771 1594 2837 1648 ab
2886 1596 2999 1667 ipso
3046 1599 3313 1672 clavigcro
3343 1586 3551 1664 summo
3581 1629 3639 1667 se

2062 1670 2306 1729 obtinere
2334 1678 2487 1731 sciat.

2135 1766 2406 1838 Scriptum
2442 1788 2539 1841 per
2569 1790 2762 1833 manus
2788 1778 3044 1851 Stephani
3079 1790 3271 1843 notarii
3309 1800 3471 1861 atque
3505 1796 3641 1850 scri-

2063 1858 2219 1913 niarii
2248 1861 2302 1915 in
2334 1864 2459 1918 sede
2491 1865 2633 1920 beati
2680 1866 2824 1923 Petri
2876 1875 3099 1941 apostoli
3149 1876 3351 1943 Romze,
3385 1858 3527 1939 anno
3553 1885 3639 1940 lu-

2065 1952 2394 2008 caruationis
2440 1954 2647 2011 Domini
2694 1960 2815 2025 979,
2866 1963 3155 2022 indictione
3203 1986 3296 2035 vn,
3350 1972 3400 2026 in
3453 1989 3638 2031 mense

2060 2041 2246 2110 Aprili.

2809 2123 2921 2179 XV.

2133 2237 2472 2280 PRIVILEGIUI
2506 2243 2783 2287 BENEDILTI
2814 2250 2959 2289 ΡΑΡΒ
2991 2252 3058 2291 \'ll
3092 2255 3189 2294 PRO
3230 2257 3562 2301 MONASTERIO

2657 2317 3047 2360 Βιευιυυδειεδι.

2676 2418 2849 2484 (Anno
2880 2421 3028 2492 979.)

2066 2518 2442 2603 Monasterith
2508 2530 2772 2615 sub’sua
2829 2541 3143 2603 pro'ectiouc
3208 2548 3458 2615 suscipit,

2132 2601 2477 2710 possessiones
2521 2601 2796 2666 conﬁrmat
2824 2601 2837 2668 ,

2151 2678 2285 2710 eam.

2151 2678 2285 2729 egra.

3525 2567 3639 2606 εηιε

2895 2569 3142 2617 ueniunt:
3208 2569 3458 2615 διιπψιι,
3525 2569 3639 2621 εμιε

2889 2611 3096 2677 altoque
3133 2615 3178 2665 ei
3208 2618 3438 2671 concedit
3481 2622 3641 2689 privi-

2490 2757 2703 2829 lllatisi,
2739 2762 2897 2818 Cone.
2928 2766 3065 2835 XIX,
3099 2772 3210 2845 7l.]

2135 2863 2469 2922 BENEDICTUs
2501 2871 2804 2943 episc0pus,
2833 2892 3022 2935 servus
3050 2899 3325 2940 servorum
3355 2886 3473 2954 Dei,
3504 2892 3636 2948 dile-

2064 2956 2164 3009 ctis
2195 2956 2317 3011 ﬁliis
2354 2957 2676 3020 Gausasaro
2723 2966 2903 3023 abbati
2958 2979 3270 3031 monasterii
3320 2979 3635 3051 Bisulduno,

2063 3046 2201 3113 quod
2238 3058 2319 3102 est
2346 3050 2504 3104 situm
2555 3055 2689 3108 infra
2734 3070 2971 3114 castrum
3012 3063 3305 3136 Bisulduni,
3337 3073 3404 3126 ad
3435 3046 3634 3133 ﬁumen

2062 3137 2326 3236 liluviani,
2360 3141 2579 3213 ejusque
2628 3146 2883 3205 fratribus
2931 3163 3035 3208 tam
3075 3162 3426 3225 prwsentihus
3471 3182 3635 3236 quam

2064 3228 2257 3286 futuris
2304 3235 2599 3305 regularem
2639 3241 2805 3297 vitam
2832 3246 3107 3314 professis,
3138 3253 3299 3316 salus,
3334 3274 3435 3326 pax
3463 3228 3517 3315 e-t
3544 3262 3636 3317 be-

2060 3324 2312 3385 nedictio,
2342 3327 2480 3394 quod
2512 3332 2577 3382 ad
2611 3336 2863 3389 mundum
2897 3352 3227 3404 permaneat.
3259 3324 3449 3401 Amen.

2128 3409 2259 3465 Cum
2303 3428 2513 3471 constet
2554 3421 2835 3477 Dominum
2886 3425 3049 3482 Deum
3100 3444 3342 3489 nostrum
3377 3439 3635 3497 honorem

2058 3516 2255 3560 sancta:
2287 3510 2603 3565 universalis
2635 3514 2886 3571 Ecclesia:
2918 3519 3250 3579 incessanter
3278 3546 3304 3580 a
3334 3546 3635 3604 prepagan-

2060 3598 2200 3651 tibus
2242 3600 2411 3653 beata:
2441 3601 2561 3657 ﬁdei
2589 3620 2958 3677 augmentare,
3012 3630 3227 3671 necesse
3263 3632 3345 3674 est
3374 3598 3637 3694 accipien-

2059 3690 2200 3743 tibus
2228 3692 2294 3743 ab
2329 3692 2418 3746 illo
2470 3696 2630 3750 totius
2678 3715 2822 3755 cura:
2873 3705 3151 3773 regiminis
3184 3726 3195 3760 :
3225 3720 3280 3765 et
3307 3690 3507 3771 idcirco
3535 3733 3635 3789 ego

2058 3779 2379 3837 Benedictus
2409 3801 2542 3856 papa
2575 3804 2695 3842 cum
2747 3800 2887 3847 cmtu
2936 3796 3310 3868 episc0porum
3361 3779 3635 3878 presbyte-

2059 3888 2366 3943 rerumque,
2394 3894 2514 3931 cum
2546 3883 2687 3935 ontui
2713 3894 2928 3939 caterva
2958 3887 3276 3947 clericorqu
3305 3895 3355 3951 in
3382 3896 3628 3957 Ruinam

2056 3966 2180 4017 sede
2209 3968 2538 4034 degentium,
2566 3974 2664 4025 sub
2694 3990 2880 4029 norma
2911 3980 3201 4037 beatissimi
3234 3984 3374 4041 Petri
3403 3989 3512 4045 Deo
3536 3994 3630 4046 mi-

2056 4054 2344 4120 litantium,
2387 4060 2437 4111 in
2475 4070 2655 4115 nostra
2701 4070 3035 4133 protectioue
3084 4076 3405 4146 suscipimus
3449 4085 3631 4153 (deest

2054 4145 2317 4215 aliquid),
2368 4156 2421 4200 et
2461 4156 2738 4218 praesentis
2772 4158 2952 4226 scripti
2990 4145 3267 4234 privilegio
3314 4145 3633 4231 roborantus

2056 4234 2181 4289 illud
2227 4237 2422 4291 donum
2451 4280 2465 4304 ,
2519 4245 2657 4308 quod
2699 4245 2923 4302 dilectus
2977 4252 3116 4307 filius
3166 4267 3349 4313 noster
3386 4262 3463 4331 (7)
3493 4259 3631 4322 Miro

2052 4345 2333 4397 episcopos
2379 4331 2744 4389 Gerundensis
2792 4354 2885 4405 per
2917 4343 3161 4412 paginam
3193 4348 3498 4407 donationis
3530 4348 3632 4409 Ro-

2056 4433 2223 4470 mante
2263 4418 2517 4474 Ecclesia:
2567 4426 2783 4479 tradidit
2833 4443 2930 4496 pro
2980 4436 3217 4490 remedio
3259 4440 3451 4496 anima:
3494 4454 3623 4508 suae,

2051 4522 2379 4577 suorumque
2428 4521 2747 4578 parentum,
2788 4516 3031 4574 videlicet
3070 4525 3354 4581 ecclesiam
3391 4532 3447 4584 S.
3478 4531 3625 4591 Petri

2053 4600 2343 4655 Basubluuo
2376 4620 2494 4655 cum
2526 4606 2774 4661 erunibus
2805 4613 3071 4680 ecclesiis,
3103 4627 3156 4671 et
3183 4623 3419 4689 prgcdlis,
3451 4638 3500 4680 et
3529 4629 3629 4683 vil-

2057 4693 2140 4757 lis,
2170 4704 2225 4747 et
2251 4695 2658 4752 dmuiuicaturis
2690 4702 2755 4753 ab
2782 4716 2846 4753 eo
2876 4704 3037 4771 datis,
3060 4724 3152 4762 seu
3177 4712 3246 4765 ab
3276 4713 3541 4785 aliquibus
3572 4722 3634 4775 li-

2056 4786 2263 4840 delibus
2291 4788 2340 4840 in
2370 4789 2610 4844 futurum
2652 4796 2954 4861 conceSsis,
2993 4802 3213 4870 adipisci
3244 4812 3498 4876 potuerit,
3529 4830 3630 4869 uo-

2057 4887 2168 4931 stro
2202 4879 2253 4931 in
2286 4880 2383 4933 hoc
2423 4883 2670 4948 praesenti
2707 4885 2982 4957 privilegio
3015 4890 3066 4943 iu
3094 4903 3408 4963 perpetuum
3438 4905 3641 4962 conﬁr-

2059 4992 2268 5030 mamus
2296 4986 2350 5030 et
2379 4977 2427 5027 iu
2464 4978 2611 5031 oumi
2643 4979 2891 5037 libertate
2921 4985 3256 5054 tliSpOtliIttus
3287 5008 3301 5045 :
3333 5004 3641 5061 statuente:
3688 5028 3702 5036 -

2059 5068 2220 5123 etiam
2254 5078 2311 5122 ut
2337 5068 2469 5122 ordo
2523 5073 2832 5125 monasterii
2859 5114 2873 5138 ,
2920 5079 3011 5147 qui
3052 5084 3343 5137 secundum
3380 5087 3546 5143 Deum
3583 5104 3645 5151 et

2059 5164 2300 5233 regulam
2332 5162 2389 5215 Β.
2421 5160 2691 5218 Benedicti
2724 5166 2792 5217 ab
2821 5171 3011 5224 eodem
3060 5172 3312 5249 episcOpo
3362 5180 3652 5242 institutus

2057 5269 2176 5311 esse
2216 5255 2573 5329 dignoscitur,
2604 5260 2815 5341 semper
2842 5260 3220 5319 inviolabiliter
3245 5265 3343 5321 sub
3373 5272 3648 5341 regimine

2056 5351 2285 5418 proprio
2331 5346 2541 5403 abbatis
2587 5338 2923 5409 observetur.
2982 5352 3250 5411 Pra-terea
3305 5338 3651 5437 quaaciinque

2060 5446 2201 5478 han
2242 5446 2378 5478 ἶιιοιεη
2428 5445 2813 5478 ηιΛηαεΙοιιῖιιέη
2867 5451 2915 5478 ε..
2970 5449 3201 5478 Ι.......,....
3255 5446 3481 5478 Διεμὶηξρ.
