4472 5522
844 433 952 490 835

2093 427 2450 483 BENEDICTI
2491 428 2692 485 ΡΜ)Ᾰί
2736 431 2822 486 VII

3998 436 4105 497 356

836 545 1089 619 adipisci,
1118 559 1147 600 a
1177 545 1337 601 modo
1387 544 1536 599 ﬁrma
1580 543 1734 598 nobis
1779 543 1879 598 sub
1911 541 2074 596 tutela
2106 542 2246 595 beati
2277 540 2419 593 Petri
2452 543 2499 602 Α
2529 543 2670 595 beati
2706 543 2849 596 Petri
2879 547 3108 613 aposton‘
3137 543 3348 600 Domini
3397 546 3525 601 sede
3565 563 3705 604 anno
3741 548 3794 602 5.
3824 548 4102 621 Regnante

840 651 897 696 et
929 647 1112 693 nostra
1145 635 1345 691 illibata
1379 635 1432 689 in
1461 636 1846 704 sempiternum
1876 641 2246 704 permaneant.
2280 632 2420 686 Con-

839 732 1085 789 cedimus
1109 728 1155 784 si
1185 729 1305 798 quis
1333 728 1398 782 de
1430 726 1533 780 illis
1563 725 1876 796 regionibus
1904 724 2079 778 alodia
2117 724 2198 776 vel
2246 723 2424 793 aliqua

836 823 1041 881 oblatio
1071 821 1336 877 mercedis
1364 829 1564 874 sanctae
1589 819 1845 874 Romanae
1875 817 2129 874 Ecclesia:
2163 816 2422 886 relinqui-

837 927 948 981 tur,
979 913 1262 986 praefatum
1291 910 1674 967 monasterium
1705 925 1800 980 per
1833 917 2075 964 nostrum
2103 907 2424 964 beneficium

836 1007 1113 1082 possideat
1143 1007 1196 1060 in
1230 1005 1639 1074 sempiternum,
1672 1011 1726 1056 et
1774 1002 1940 1054 abbas
1979 999 2069 1068 qui
2116 1007 2313 1068 praeest
2340 998 2424 1053 vel

836 1099 930 1170 qui
958 1096 1235 1168 praefuerit
1263 1096 1314 1149 in
1346 1095 1530 1150 eodem
1565 1091 1914 1156 monasterio,
1943 1105 2040 1160 per
2065 1089 2304 1160 singulos
2330 1104 2425 1142 an-

837 1205 938 1245 nos
965 1188 1205 1259 quinque
1257 1186 1456 1240 solidos
1506 1183 1564 1238 S.
1611 1183 1770 1237 Petro
1821 1182 2005 1236 Roma:
2053 1180 2322 1250 persolvat
2370 1180 2422 1233 in

833 1296 1091 1344 censum;
1118 1287 1172 1333 et
1204 1279 1246 1332 si
1272 1277 1494 1331 minime
1523 1276 1799 1328 annuatim
1829 1273 2013 1326 venire
2036 1286 2141 1325 non
2175 1277 2418 1339 possunt,

836 1375 904 1429 ad
933 1379 1187 1442 quartum
1217 1383 1417 1423 annum
1449 1367 1636 1435 viginti
1684 1364 1883 1419 solidos
1917 1362 2244 1432 persolvant.
2298 1360 2424 1414 Sta-

833 1465 1039 1519 tuimus
1097 1462 1261 1515 etiam
1310 1467 1367 1512 ut
1411 1459 1624 1528 quando
1670 1457 1838 1510 abbas
1889 1455 2058 1524 ipsius
2108 1451 2421 1507 monasterii

833 1555 1053 1618 obierit,
1081 1567 1259 1622 neque
1284 1567 1313 1604 a
1345 1550 1580 1619 regibus,
1621 1563 1796 1616 neque
1826 1563 1853 1599 a
1901 1546 2208 1607 comitibus,
2247 1557 2421 1612 neque

833 1662 864 1700 a
890 1657 1213 1716 quacunque
1243 1655 1473 1710 persona
1505 1638 1697 1692 ibidem
1727 1636 1892 1690 abbas
1920 1636 2299 1698 constituatur,
2326 1634 2422 1688 sed

830 1754 864 1793 ει
890 1736 1098 1791 cunctis
1141 1733 1338 1787 ibidem
1377 1729 1697 1800 degentibus
1739 1728 1910 1782 servis
1942 1727 2033 1781 Dei
2061 1727 2214 1796 juxta
2243 1724 2420 1778 Patris

832 1829 1108 1885 Benedicti
1139 1825 1376 1897 regulam
1409 1824 1681 1894 eligantur
1708 1822 1952 1884 abbates,
1982 1821 2072 1889 qui
2109 1835 2137 1873 a
2177 1818 2420 1873 Romano

2529 634 2712 703 sicque
2749 635 3046 705 imperante
3071 636 3194 691 divo
3222 637 3429 692 Othone
3458 655 3486 691 a
3523 640 3630 693 Deo
3662 651 3918 694 coronato
3946 642 4098 711 paci-

2529 725 2630 779 ﬁco
2657 741 2850 795 magno
2885 728 3237 796 imperatore,
3282 728 3336 781 in
3382 727 3530 783 Italia
3572 745 3698 783 vero
3727 746 3869 784 anno
3895 731 3978 795 13,
4012 731 4102 787 die

2525 817 2595 872 22
2621 819 2845 889 Augusti
2877 819 3062 873 indiet.
3095 835 3210 883 vnt,
3239 820 3455 875 civitate
3481 820 3778 876 Ravennae:

2597 907 2791 962 Casum
2823 909 3034 978 generis
3063 909 3282 963 humani
3323 911 3746 976 considerantes,
3777 919 4101 967 aeternamm

2525 997 2784 1068 supplicia
2813 997 3143 1052 ﬂammarum
3168 1008 3488 1062 metuentes.
3514 999 3851 1054 decrevimus
3872 1008 4102 1054 aeternas

2527 1087 2754 1143 Domino
2790 1087 3000 1143 deferre
3026 1088 3361 1156 oblationes,
3387 1101 3440 1145 et
3479 1090 3863 1161 perpetualiter
3902 1091 4100 1147 metui-

2523 1196 2646 1235 mus
2674 1179 2887 1235 multari
2924 1182 3220 1251 suppliciis.
3267 1183 3389 1237 Ideo
3423 1198 3522 1254 ego
3563 1182 3885 1239 Benedictus
3910 1184 4099 1238 catho-

2525 1270 2639 1324 licze
2684 1269 2939 1325 Ecclesiae
2987 1272 3268 1342 episcopus
3296 1312 3309 1338 ,
3363 1273 3469 1326 imo
3518 1287 3638 1327 cum
3691 1286 3995 1336 consensu,
4045 1280 4102 1328 et

2525 1361 2847 1415 auctoritate
2869 1361 3224 1415 cardinalium
3249 1359 3306 1414 S.
3334 1361 3376 1415 Β
3415 1361 3476 1416 Ε.
3507 1363 3764 1427 concedo,
3789 1361 4102 1432 suppliciter

2525 1451 2692 1508 oﬁ‘ero
2720 1463 2918 1507 sanctze
2943 1463 2996 1507 et
3045 1454 3379 1509 intemeratae
3405 1454 3655 1510 Ecclesia:
3683 1456 3824 1510 beati
3865 1455 4101 1525 Buphilli

2523 1547 2796 1615 pontiﬁcis
2832 1558 2885 1601 et
2938 1545 3263 1602 confessoris
3293 1547 3530 1614 Christi,
3574 1549 3675 1602 sita
3705 1558 3862 1602 extra
3890 1563 4102 1602 murum

2524 1636 2780 1706 Papilien.
2795 1678 2808 1698 ,
2825 1637 2915 1703 do,
2937 1647 2988 1692 et
3005 1639 3263 1702 concedo,
3279 1647 3330 1692 et
3349 1637 3633 1702 transfero,
3652 1647 3706 1692 et
3723 1637 4104 1709 perpetualiter

2523 1737 2797 1783 transacto
2826 1731 3182 1799 personaliter
3205 1729 3701 1799 alienationisjura,
3725 1738 3780 1783 et
3799 1729 4100 1783 dominium

2531 1822 2653 1876 divo
2679 1822 2845 1876 Leoni
2875 1821 3062 1876 humili
3096 1821 3300 1886 abbati,
3326 1829 3381 1875 et
3406 1836 3502 1891 per
3534 1835 3652 1875 eum
3687 1819 4014 1874 monasterio
4039 1817 4098 1872 S.

829 1919 1082 1992 pontiﬁce
1110 1896 1214 1971 vel
1238 1931 1265 1968 a
1294 1929 1390 1968 suo
1421 1915 1734 1967 niandatore
1766 1910 2200 1966 benedictionem
2243 1908 2414 1962 susei-
2449 1896 2494 1956 Β
2523 1912 2755 1982 Ruphilli
2786 1914 2836 1966 in
2869 1922 3205 1983 perpetuum,
3241 1923 3297 1967 et
3324 1914 3466 1982 quod
3497 1913 3747 1978 habetur,
3777 1921 3830 1967 et
3857 1912 4100 1983 posside-

830 2010 1004 2081 piant.
1051 2007 1448 2063 Couﬁrmamus
1490 2004 1652 2075 igitur
1696 2013 1750 2056 et
1795 2002 2099 2056 stabilimus
2146 2010 2205 2053 ut
2242 1998 2418 2053 nullus

831 2101 1292 2170 archiepiscopus,
1333 2096 1508 2150 nullus
1539 2096 1819 2165 episcopus
1848 2095 1898 2148 in
1931 2095 2105 2164 ipsum
2139 2101 2415 2146 monaste-

831 2194 971 2247 rium
1016 2191 1126 2244 sivc
1177 2205 1302 2244 suas
1329 2187 1582 2241 ecclesias
1611 2202 1638 2239 a
1669 2187 1926 2255 przndicto
1955 2185 2206 2255 episcopo
2238 2183 2413 2245 datas,

829 2299 1004 2354 neque
1033 2283 1257 2337 clericos
1286 2282 1336 2334 in
1382 2282 1460 2334 eis
1500 2289 1723 2341 stantes,
1757 2278 1806 2331 in
1839 2277 2027 2330 eodem
2061 2274 2410 2337 monasterio,

831 2389 1004 2443 neque
1035 2373 1305 2434 abbatem,
1335 2369 1632 2423 monachos
1665 2376 1719 2420 et
1748 2381 2036 2420 conversos
2065 2379 2192 2418 suos
2219 2363 2415 2416 audeat

824 2477 880 2522 et
908 2472 1196 2538 prcesumat
1226 2461 1546 2517 sententiam
1588 2456 2160 2514 excommunicationis
2190 2454 2408 2516 inferre,

828 2559 908 2611 vel
942 2575 969 2610 a
1004 2556 1147 2610 nullo
1179 2553 1388 2624 possint
1415 2551 1658 2605 interdici
1693 2548 1772 2602 vel
1805 2545 2282 2609 excommunicari,
2309 2545 2409 2598 nisi

824 2667 851 2703 a
889 2649 1131 2703 Burinmo
1162 2643 1436 2716 pontiﬁce.

897 2741 1028 2794 Item
1070 2738 1232 2792 etiam
1264 2734 1616 2790 concedimus
1647 2739 1707 2786 ut
1736 2732 1780 2786 si
1807 2731 1929 2801 quis
1959 2745 2120 2784 causa
2150 2727 2410 2782 orationis

822 2835 890 2888 ad
917 2831 1228 2903 praedictum
1255 2825 1642 2882 monasterium
1663 2824 1888 2888 venerit,
1917 2823 2112 2877 habeat
2137 2821 2408 2875 licentiam

823 2924 1200 2983 introducendi
1232 2931 1286 2975 et
1330 2935 1488 2974 omne
1535 2916 1766 2973 oIﬁcium
1820 2915 2093 2978 audiendi,
2133 2913 2236 2967 nisi
2275 2913 2411 2965 forte

827 3020 952 3088 quis
981 3024 1133 3070 reatu
1160 3027 1258 3068 suo
1286 3011 1505 3082 proprio
1533 3009 1695 3062 fuerit
1723 3005 2238 3062 excommunicatus.
2271 3001 2410 3056 Cou-

822 3108 1066 3164 cedimus
1119 3117 1333 3174 quoque
1403 3101 1569 3171 ipsius
1625 3098 1726 3153 loci
1787 3097 1966 3150 abbati
2015 3095 2408 3150 correctionem

821 3205 1141 3254 cunctorum
1180 3207 1403 3247 suorum
1433 3191 1778 3252 clericorum,
1807 3195 1866 3240 ut
1897 3185 2072 3240 nullus
2099 3186 2403 3254 episcopus,

2523 2014 2629 2068 tur,
2669 2014 2724 2058 et
2763 2021 2792 2057 a
2836 2006 2968 2058 meis
3009 2005 3302 2074 majoribus
3340 2005 3566 2060 detineri
3606 2006 3821 2060 videtur
3851 2044 3863 2056 .
3903 2044 3916 2058 .
3953 2042 3967 2056 .
3996 2004 4099 2059 Ca-

2519 2093 2713 2164 pellam
2759 2093 2817 2147 S.
2849 2094 3166 2159 Athanasii,
3205 2110 3298 2149 sex
3347 2098 3587 2165 integros
3616 2093 3808 2148 fundos
3833 2134 3846 2158 ,
3880 2093 4101 2148 fundum

2524 2187 2964 2253 Moneudomum,
2998 2187 3219 2242 fundum
3252 2189 3309 2241 S.
3350 2188 3653 2252 Athanasii,
3685 2187 3924 2252 Lamam,
3955 2185 4104 2241 Mon-

2518 2280 2826 2348 signanum,
2851 2279 3202 2350 Laniagnam,
3228 2278 3522 2344 Bratulam,
3545 2288 3600 2334 et
3624 2278 3846 2333 fundum
3870 2278 4104 2332 cireum-

2517 2371 2703 2424 datum
2735 2386 2763 2424 a
2792 2381 3026 2440 quatuor
3057 2373 3178 2434 viis,
3213 2372 3263 2426 id
3303 2381 3385 2426 est
3414 2370 3675 2440 Spinarice
3698 2412 3711 2435 ,
3743 2379 3798 2425 et
3827 2369 4098 2435 Pizatitze,

2516 2470 2571 2516 et
2610 2461 3062 2516 Casalbronorum
3103 2463 3388 2517 casanistae
3409 2503 3421 2525 ,
3461 2471 3515 2517 et
3547 2471 3711 2531 petra:
3742 2460 3906 2516 Ficta:
3931 2460 4099 2514 Giba-

2516 2553 2661 2616 uelli,
2691 2569 2810 2607 cum
2835 2555 3070 2623 campis,
3100 2554 3299 2616 vineis,
3334 2563 3385 2608 et
3417 2554 3575 2608 terris
3595 2594 3608 2616 ,
3645 2553 3914 2618 arbustis,
3942 2552 4078 2606 arbo

2517 2643 2665 2697 ribus
2690 2683 2704 2707 ,
2755 2652 2807 2697 et
2845 2644 3116 2697 constituo
3144 2683 3157 2706 ,
3203 2652 3306 2697 etc.
3343 2682 3355 2696 .
3394 2683 3405 2696 .
3443 2684 3451 2694 .
3486 2658 3686 2713 repono
3731 2641 3783 2697 in
3825 2643 4099 2697 territorio

2513 2736 2821 2790 Corniolen.
2859 2745 2912 2789 et
2942 2735 3148 2805 plebem
3183 2736 3239 2788 S.
3272 2735 3617 2804 Apollinaris,
3647 2744 3700 2790 et
3737 2735 3795 2791 S.
3824 2735 4096 2806 Prosperi,

2513 2827 2584 2882 ita
2617 2837 2673 2881 nt
2702 2829 2753 2880 in
2787 2829 3059 2896 praedictis
3104 2829 3460 2892 monasterio,
3496 2838 3550 2883 et
3587 2830 3838 2885 omnibus
3874 2831 4035 2885 rebus
4064 2846 4096 2884 a

2512 2933 2599 2972 me
2630 2919 2840 2972 traditis
2869 2921 2968 2972 sub
2995 2918 3326 2983 defensione,
3372 2929 3427 2974 et
3463 2921 3725 2992 regimine
3751 2920 3809 2976 S.
3841 2921 4099 2977 Romana:

2511 3012 2770 3067 Ecclesia:
2819 3014 3105 3067 constituo.
3157 3015 3456 3081 Deprecor,
3509 3023 3564 3068 et
3607 3014 3750 3069 hunc
3793 3014 4090 3084 psalmum,

2513 3102 2652 3156 Dens
2684 3104 2736 3156 in
2787 3104 3109 3171 adjutorium
3151 3120 3320 3157 meum
3349 3106 3586 3169 intende,
3616 3114 3672 3160 et
3696 3104 3860 3175 Kyrie
3896 3106 4098 3160 eleison

2516 3201 2599 3248 ter
2631 3194 2830 3262 repetis
2858 3209 2954 3263 pro
2981 3209 3065 3247 me
3089 3194 3153 3248 de
3183 3203 3381 3249 extero
3420 3197 3648 3250 canalis.
3677 3193 3967 3250 Pontiﬁces
3997 3211 4096 3248 au-

824 3290 970 3347 nulla
1003 3286 1368 3342 ecclesiastica
1406 3282 1488 3336 vel
1534 3282 1668 3336 laica
1714 3295 1944 3350 persona
1983 3278 2405 3333 dominationem
2435 3252 2481 3316 ο
2515 3293 2619 3339 lem
2650 3285 2748 3354 ipsi
2782 3284 2925 3338 aliud
2957 3299 3120 3354 super
3159 3294 3231 3349 te,
3268 3294 3496 3354 tuosque
3524 3299 3892 3350 successores,
3927 3285 4094 3339 dona-

821 3382 896 3436 ibi
931 3378 1152 3440 habeat;
1195 3377 1286 3430 sed
1312 3373 1571 3443 quidquid
1604 3371 2028 3425 ecclesiasticum
2059 3377 2141 3423 est
2168 3383 2264 3438 per
2293 3384 2404 3422 ma-

818 3488 948 3528 num
1001 3471 1168 3542 ipsius
1215 3467 1426 3523 abbatis
1472 3475 1526 3519 et
1574 3464 1674 3518 sub
1708 3464 1968 3534 regimine
2013 3462 2180 3530 ipsius
2210 3469 2405 3515 cuncto

816 3564 1118 3619 subsistant
1150 3569 1408 3629 tempore.
1458 3557 1644 3612 Oleum
1693 3572 1822 3609 vero
1857 3569 1949 3608 seu
1985 3565 2228 3608 sanctum
2261 3554 2405 3608 chri-

816 3672 934 3712 sma
967 3653 1356 3726 baptizantium
1377 3691 1391 3714 ,
1427 3649 1862 3704 consecrationes
1892 3647 2167 3710 altarium,
2210 3661 2240 3698 a
2270 3660 2403 3714 quo-

818 3763 1036 3819 cunque
1064 3745 1295 3800 voluerit
1321 3742 1588 3798 catholico
1619 3743 1868 3811 cpisc0po
1893 3739 2165 3808 suscipiat.
2190 3735 2402 3792 Creme-

815 3842 1013 3898 terium
1076 3839 1143 3892 de
1191 3837 1336 3891 omni
1399 3834 1520 3888 villa
1591 3833 1851 3888 Bisnldini
1914 3841 1969 3886 et
2037 3831 2101 3884 de
2150 3829 2402 3883 omnibus

815 3930 1297 3992 circumstantibus
1363 3927 1544 3990 villis,
1610 3927 1748 3980 sicut
1813 3942 1840 3978 a
1909 3923 2216 3994 supradicto
2285 3922 2401 3992 epi-

812 4039 981 4096 scopo
1028 4022 1379 4077 constitutum
1433 4025 1556 4080 est,
1610 4016 1993 4070 conﬁrmamus
2050 4022 2104 4066 et
2177 4011 2400 4066 robora-

820 4131 960 4180 mus,
987 4123 1093 4169 etc.

889 4207 1080 4260 Datum
1112 4218 1204 4257 νιιι
1247 4202 1367 4255 ldus
1417 4198 1601 4263 Maias,
1647 4197 1944 4268 imperante
1988 4197 2184 4251 domno
2215 4206 2400 4250 nostro

811 4300 1056 4364 Otlouc,
1119 4312 1149 4350 a
1223 4296 1333 4350 Deo
1391 4302 1698 4357 coronato,
1766 4307 1957 4362 magno
2016 4301 2068 4345 et
2131 4292 2396 4361 pacitieo,

813 4406 956 4448 anno
1022 4405 1143 4455 xu,
1208 4396 1263 4444 et
1346 4385 1636 4440 indictione
1699 4400 1818 4449 vlt,
1879 4399 2020 4438 anno
2108 4383 2400 4439 Dominicm

814 4487 1207 4544 incarnationis
1278 4483 1690 4556 nongentesimo
1747 4480 2146 4555 septuagesimo
2213 4496 2396 4547 nono,

811 4594 921 4637 mra
951 4593 1091 4633 IVII.

1536 4689 1673 4746 XVI.

953 4810 1235 4862 BENEDICTI
1263 4819 1409 4860 PAPE
1433 4821 1508 4862 VII
1540 4820 1882 4860 PRIVILEGIUI
1905 4821 2003 4860 PRO
2029 4821 2257 4862 ΑΒΒΑΤΙΔ

1208 4892 1252 4929 F.
1283 4893 1516 4932 BIJFILLII
1547 4891 1998 4932 FOBOPOPULENSI.

1425 4989 1601 5060 (Anno
1637 4989 1786 5060 980.)

1023 5099 1200 5171 [Apud
1231 5099 1440 5169 Ughelli
1465 5141 1478 5166 ,
1509 5099 1670 5154 Italia
1698 5099 1889 5167 Sacra,
1923 5100 1982 5165 II,
2015 5101 2164 5175 599.]

877 5211 959 5280 (8)
991 5210 1047 5265 In
1072 5211 1289 5266 nomine
1318 5210 1514 5273 Patris,
1553 5220 1608 5266 et
1639 5210 1778 5276 Filii,
1805 5221 1859 5266 et
1889 5210 2124 5280 Spiritus
2158 5215 2355 5268 sancti.

877 5303 1032 5359 Anno
1057 5343 1072 5370 ,
1105 5303 1214 5358 Deo
1254 5304 1484 5374 propitio
1511 5345 1526 5370 ,
1575 5303 1917 5375 pontiﬁcatus
1972 5304 2079 5358 divi
2120 5304 2394 5362 Benedicti

801 5395 1001 5452 summi
1048 5395 1344 5466 pontiﬁcis,
1385 5405 1440 5451 et
1475 5395 1796 5452 universalis
1842 5395 1945 5450 PP.
1996 5396 2050 5450 in
2101 5397 2396 5467 apostolica

2425 4606 2480 4670 D

2515 3378 2695 3439 tionis,
2739 3378 2852 3430 sive
2897 3377 3082 3430 tributi
3124 3378 3305 3446 aliquo
3353 3379 3511 3433 modo
3555 3378 3797 3433 indicere
3836 3378 4089 3443 debeant,

2513 3468 2614 3522 nisi
2658 3472 2758 3522 hoc
2791 3468 2931 3537 quod
2970 3484 3000 3520 a
3045 3469 3201 3523 nobis
3237 3470 3289 3522 in
3329 3468 3430 3523 ista
3469 3467 3714 3523 chartula
3754 3467 3968 3523 fuerunt
4002 3467 4096 3522 de-

2512 3561 2742 3630 signata,
2773 3561 2816 3614 si
2845 3560 2966 3630 quis
2993 3569 3171 3614 autem
3201 3573 3408 3626 contra,
3441 3569 3546 3615 etc.
3579 3561 3753 3628 Quam
3783 3576 3910 3616 vero
3933 3560 4094 3615 char-

2511 3653 2674 3706 tulam
2705 3651 2929 3719 jnvante
2960 3651 3056 3706 Dei
3087 3660 3221 3705 nutu
3262 3666 3328 3705 ex
3372 3653 3570 3721 genere
3613 3650 3850 3705 consulis
3891 3649 4087 3705 Taber.

2510 3742 2666 3810 hujus
2696 3744 2931 3798 civitatis
2968 3742 3241 3798 Ravenna:
3281 3743 3721 3799 subscribendam
3757 3744 4084 3814 rogavimus,

2509 3837 2865 3906 subscriptam
2917 3836 3162 3890 manibus
3211 3837 3344 3891 meis
3389 3836 3621 3906 propriis
3654 3875 3669 3890 .
3704 3873 3718 3888 .
3755 3874 3768 3888 .
3803 3833 3875 3889 Ut
3915 3834 4004 3904 qui
4056 3849 4088 3888 a

2508 3927 2662 3982 nobis
2689 3929 2884 3983 obtulit
2918 3929 3274 3982 roborandam
3320 3938 3734 3998 nostrorumque
3776 3926 4084 3997 praesentia,

2507 4020 2672 4073 etiam
2705 4019 2798 4072 tibi
2826 4034 3042 4087 quoque
3069 4035 3233 4087 supra
3263 4019 3564 4074 contradidi
3605 4019 3704 4072 sub
3743 4018 3848 4082 die,
3881 4031 4087 4084 mense,

2508 4117 2561 4164 et
2589 4110 2876 4162 indictione
2903 4125 3015 4174 vm,
3037 4108 3269 4162 civitatis
3297 4108 3586 4163 Ravennae.

2582 4199 2692 4268 Ego
2719 4199 3037 4251 Benedictus
3065 4197 3344 4253 catholicae
3369 4197 3622 4252 Ecclesia
3650 4196 3816 4265 episc.
3847 4209 3920 4250 ss.

2579 4289 2688 4359 Ego
2715 4288 2928 4343 Marcus
2959 4289 3137 4358 presb.
3169 4298 3221 4344 et
3253 4288 3402 4344 card.
3437 4289 3494 4342 S.
3527 4287 3790 4357 Stephani
3821 4301 3896 4340 ss.

2579 4379 2691 4449 Ego
2711 4378 2947 4433 Joannes
2971 4379 3149 4449 presb.
3175 4388 3230 4433 et
3254 4380 3404 4435 card.
3423 4379 3479 4433 S.
3497 4378 3687 4433 Crucis
3712 4378 3762 4430 in
3788 4376 4084 4431 Hierus.ss.

2577 4470 2690 4540 Ego
2715 4469 2823 4524 Leo
2854 4470 3033 4540 presb.
3069 4479 3122 4525 et
3153 4469 3303 4524 card.
3345 4468 3444 4525 SS.
3470 4467 3711 4534 Joannis,
3745 4477 3799 4522 et
3828 4466 3978 4521 Pauli
4009 4481 4082 4520 ss.

2580 4561 2690 4632 Ego
2722 4559 2968 4614 Julianus
2998 4559 3240 4614 subdiac.
3271 4567 3325 4612 et
3353 4558 3582 4614 cancell.
3626 4558 3880 4630 paginam
3919 4557 4088 4611 dona-

2651 4649 2813 4706 tionis
2840 4658 2898 4706 et
2931 4649 3314 4706 transactionis
3343 4650 3554 4705 subscr.

3220 4800 3376 4856 XVII.

2509 4933 2796 4974 coscmuu
2837 4932 3087 4973 nouarum
3133 4915 3208 4987 (9)
3239 4932 3270 4970 Α
3308 4928 3606 4970 ssunorcro
3644 4929 3724 4968 rp.
3755 4928 3839 4987 Δν-ιξ
3877 4926 4087 4968 CONTRA

2731 5004 3041 5044 smouucos
3069 4984 3306 5042 manu:
3340 5001 3479 5040 anno
3505 5000 3718 5040 CHRISTI
3747 4984 3873 5040 981.

2758 5105 2949 5179 [Apud
2980 5105 3172 5170 Mansi,
3211 5103 3373 5158 Conc.
3411 5102 3552 5166 XIX,
3585 5101 3686 5157 col.
3714 5098 3839 5172 77.]

2576 5224 2912 5278 Bsssmcrus
2938 5222 3242 5291 episcopus,
3273 5235 3462 5275 servus
3488 5233 3766 5274 servorum
3791 5215 3908 5270 Dei.

2504 5301 2509 5306 ⁷
2577 5311 2773 5368 Notum
2801 5327 2921 5367 esse
2949 5311 3197 5366 volumus
3227 5309 3479 5364 omnibus
3504 5307 3785 5364 catholicis
3815 5312 3871 5361 et
3899 5305 4090 5360 ortho-

2508 5405 2663 5461 doxis
2705 5403 3147 5474 archiepiscopis,
3199 5402 3488 5472 episcopis,
3526 5399 3828 5463 abbatibus,
3874 5397 4090 5467 regibus
