4472 5522
437 414 538 470 357

1549 400 1907 456 ΕΡΙΞΙῸΙυΕ
1948 401 2034 457 ΕΤ
2077 402 2490 457 PRIVILEGIA.

3572 402 3676 457 558

424 524 479 566 et
514 513 869 582 principibus,
923 511 1256 583 ducibusque
1298 522 1351 567 et
1400 514 1708 576 comitibus,
1752 514 1831 567 vel
1877 514 1993 567 uni-
2020 521 2072 580 Α
2100 531 2218 568 ltlllS
2244 524 2422 568 autem
2452 532 2479 566 a
2510 514 2796 571 Salomone
2829 514 2900 567 ita
2930 514 3145 568 condita
3174 514 3369 576 fuerat,
3399 522 3458 566 ut
3483 514 3676 567 domus

423 605 593 659 versis
622 606 676 659 in
725 614 836 661 toto
866 607 997 661 orbe
1040 616 1308 661 terrarum
1344 605 1562 661 Christo
1592 605 2000 669 famulantibus.

419 699 653 767 qualiter
696 699 961 769 synodum
987 711 1335 772 aggregatum
1372 711 1455 755 est
1501 702 1551 753 in
1584 701 1809 755 ecclesia
1858 702 2001 755 beati

417 784 568 841 Petri
626 788 993 859 apostolorum
1052 790 1345 862 principis,
1403 800 1527 845 ante
1576 792 1998 846 sacratissimum

418 879 535 949 ejus
583 896 803 951 corpus,
841 898 945 935 una
993 899 1115 938 cum
1169 884 1368 939 domno
1410 883 1606 939 Ottone
1654 885 2001 939 serenissimo
2090 932 2093 933 ν

421 966 747 1037 imperatore
800 981 1067 1039 augusto,
1129 973 1403 1041 spirituali
1455 973 1563 1027 tilio
1610 984 1814 1037 nostro,
1876 989 1998 1027 cum

420 1060 625 1114 nostris
675 1061 1050 1134 suffraganeis,
1102 1065 1553 1135 archiepiscopis.
1610 1076 1665 1119 et
1710 1067 1995 1136 episcopis,

417 1152 766 1221 presbyteris,
806 1165 861 1208 et
902 1156 1240 1221 diaconibus,
1287 1157 1369 1211 vel
1400 1167 1591 1212 cuncto
1622 1158 1768 1211 clero
1799 1167 2000 1213 sancta:

418 1240 694 1296 catholicae
718 1254 771 1297 et
796 1246 1101 1314 apostolicae
1124 1247 1379 1302 Romana:
1406 1247 1676 1301 Ecclesiw.
1707 1247 1771 1301 Et
1803 1247 1996 1302 ibidem

419 1332 655 1400 perlecta
696 1344 819 1388 sunt
860 1336 1092 1405 capitula
1131 1338 1196 1391 de
1254 1338 1423 1392 sacris
1468 1337 1787 1400 canonibus,
1820 1337 1995 1404 quali-

421 1430 503 1475 ter
554 1422 739 1477 liceret
782 1426 1032 1496 episcopo
1081 1428 1146 1481 de
1193 1427 1363 1482 sacris
1396 1428 1553 1481 idest
1584 1426 1992 1499 [ecclesiasticis]

417 1514 697 1571 ordinibus
726 1517 941 1587 aliquod
980 1521 1257 1590 prtemium
1304 1522 1568 1590 accipere.
1610 1520 1674 1573 Et
1705 1521 1997 1574 auxiliante

420 1603 548 1668 Deo,
575 1615 629 1659 et
658 1619 925 1664 annuente
966 1610 1081 1679 ipso
1119 1612 1485 1681 apOstolorum
1520 1613 1759 1681 principe
1799 1612 1995 1665 beatis-

418 1694 555 1749 simo
583 1694 765 1762 Petro,
794 1700 845 1753 in
886 1702 1075 1756 eodem
1108 1702 1224 1758 loco
1255 1702 1601 1757 interdictum
1632 1713 1712 1757 est
1746 1704 1995 1773 primitus

420 1804 450 1841 a
491 1802 674 1847 nostro
701 1795 917 1863 proprio
948 1812 1064 1861 ore,
1096 1806 1149 1851 et
1192 1807 1375 1865 postea
1408 1812 1436 1850 a
1472 1797 1682 1852 cunctis
1712 1796 1999 1850 venerabi-

2104 605 2197 659 Dei
2246 616 2549 668 vocaretur,
2590 616 2858 675 essetque,
2908 607 3043 659 sicut
3098 606 3211 673 ipse
3251 605 3679 673 sapientissimus

2103 713 2217 751 rex.
2253 697 2358 752 Sed
2394 700 2583 752 domus
2628 698 3009 767 negotiationis
3049 699 3186 750 facta
3233 706 3334 758 est,
3375 696 3591 765 quando
3623 697 3677 749 in

2103 806 2165 844 ea
2197 790 2382 854 boves,
2424 800 2475 843 et
2503 805 2654 852 oves,
2692 800 2745 841 et
2772 789 3034 844 columba.-
3065 788 3455 842 vendebantur.

2176 880 2327 936 Unde
2351 896 2468 945 nos,
2499 879 2805 934 charissimi
2838 878 3057 941 fratres,
3090 887 3143 932 et
3188 877 3525 932 dilectissimi
3559 877 3678 941 ﬁlii,

2102 974 2332 1030 sollicite
2380 974 2603 1043 vigilare
2642 982 2873 1042 oportet.
2911 974 2999 1041 qui
3034 971 3357 1041 pastoralem
3406 986 3591 1025 curam
3627 971 3680 1023 in

2102 1067 2302 1120 nostris
2329 1066 2523 1120 ovibus
2563 1064 2921 1119 exercendam
2959 1063 3313 1132 suscepimus,
3364 1078 3429 1115 ne
3467 1076 3562 1116 eas
3600 1062 3682 1114 lu-

2099 1160 2243 1229 pinis
2273 1159 2520 1213 dentibus
2550 1157 2867 1211 lacerandas
2895 1156 3202 1219 tradamus;
3238 1164 3291 1209 et
3330 1154 3395 1208 ad
3428 1153 3678 1207 ultimum

2101 1251 2435 1320 nosmetipsi,
2466 1251 2555 1319 qui
2587 1259 2833 1319 pastores
2877 1264 3153 1311 vocamur,
3188 1249 3238 1301 in
3281 1248 3367 1301 die
3412 1244 3679 1300 tremendi

2100 1341 2364 1396 examinis
2392 1340 2531 1410 apud
2577 1340 2722 1409 pium
2755 1350 2807 1392 et
2847 1339 3140 1409 benignum
3165 1336 3404 1405 judicent
3452 1335 3558 1402 lupi
3589 1350 3677 1387 ra-

2100 1447 2260 1501 paces
2288 1431 2649 1485 inveniamur.
2682 1429 2787 1484 Pro
2814 1429 3011 1498 quibus
3037 1439 3270 1483 vestram
3300 1436 3541 1482 sanctam
3569 1424 3678 1480 Ira-

2100 1523 2409 1576 ternitatem
2460 1524 2718 1591 rogando,
2762 1522 3117 1583 obsecrando,
3165 1519 3450 1581 monendo,
3493 1528 3546 1571 et
3587 1533 3679 1571 ar-

2100 1611 2311 1679 guendo
2362 1611 2701 1675 mandamus,
2745 1617 2802 1663 ut
2850 1609 2997 1663 onmi
3038 1608 3323 1661 occasione
3355 1607 3676 1676 postposita,

2099 1703 2341 1771 diligenti
2396 1701 2594 1765 studio,
2648 1711 2703 1755 ct
2749 1700 3106 1754 sollicitudine
3153 1698 3407 1762 tnaxima,
3445 1712 3508 1750 ea
3559 1712 3678 1764 qtae

2100 1796 2252 1849 vobis
2281 1795 2485 1865 agenda
2515 1795 2937 1859 transmisimus,
2966 1793 3186 1863 implere
3221 1791 3501 1845 studeatis.
3542 1789 3674 1843 Nam

417 1878 556 1934 libus
588 1883 1009 1953 archiepiscOpis
1036 1893 1089 1940 et
1120 1887 1388 1955 episcopis
1417 1888 1469 1940 in
1508 1887 1695 1940 eodem
1734 1885 1993 1939 sacratis-
2023 1868 2070 1930 Β
2102 1888 2143 1941 si
2177 1888 2431 1955 quislibet
2470 1888 2934 1958 presbyterorum,
2970 1896 3062 1939 aut
3102 1886 3472 1946 diaeonormn,
3511 1884 3679 1952 gratis

417 1968 553 2021 simo
587 1970 704 2024 loco
738 1972 1125 2037 residentibus,
1153 1975 1294 2043 quod
1328 1977 1394 2029 ab
1435 1977 1534 2030 ista
1564 1976 1694 2029 hora
1730 1976 1780 2029 in
1813 1985 1993 2039 antea,

416 2062 485 2115 ab
512 2065 737 2118 ostiario
784 2082 954 2135 usque
1000 2070 1066 2121 ad
1111 2072 1493 2135 sacerdotium,
1529 2073 1731 2126 nullum
1764 2074 1993 2142 pretium

414 2152 607 2207 exinde
634 2166 956 2225 accepturos
984 2175 1122 2222 esse,
1153 2162 1310 2215 sicuti
1344 2162 1395 2215 in
1428 2162 1660 2217 decretis
1684 2174 1991 2218 sanctorum

414 2238 633 2296 Patrum
679 2248 1000 2301 continetur.
1045 2248 1395 2316 (Chalcedon.
1424 2268 1545 2306 ean.
1576 2252 1662 2324 ίαὶ.)
1714 2273 1730 2303 ι
1768 2256 1823 2307 Si
1875 2256 1997 2325 quis

415 2332 735 2403 (episcopus
783 2353 880 2407 per
920 2342 1203 2407 pecuniam
1248 2340 1437 2395 fecerit
1479 2344 1896 2409 ordinationem,
1942 2356 1996 2400 et

412 2424 511 2477 sub
540 2427 713 2493 pretio
743 2428 1011 2498 redegerit
1052 2432 1300 2499 gratiam,
1325 2448 1443 2501 qua:
1468 2450 1572 2487 non
1606 2444 1780 2504 potest
1812 2438 1991 2503 vendi,

412 2514 880 2588 ordinaveritque)
908 2536 1001 2589 per
1034 2523 1289 2588 pecunias
1312 2525 1621 2594 episcopmn
1650 2534 1741 2578 aut
1768 2529 1993 2598 presby-

414 2611 606 2667 terum,
642 2617 733 2659 aut
759 2609 1070 2674 diaconum,
1099 2612 1181 2665 vel
1218 2615 1512 2681 quemlibet
1546 2631 1609 2670 ex
1638 2617 1721 2670 his
1752 2618 1842 2686 qui
1867 2634 1994 2673 con-

410 2707 767 2751 numerantur
815 2700 866 2753 in
909 2702 1076 2766 clero,
1123 2712 1215 2757 aut
1247 2708 1576 2774 promoverit
1613 2724 1709 2777 per
1740 2711 1994 2778 pecunias

410 2786 867 2857 dispensatorem,
915 2802 1006 2846 aut
1044 2794 1403 2863 defensorem,
1446 2797 1527 2851 vel
1555 2814 1876 2868 quemquam
1904 2802 1992 2870 qui

408 2878 687 2945 subjectus
717 2892 800 2936 est
842 2885 1059 2954 regnlm,
1088 2902 1186 2954 pro
1215 2903 1312 2941 suo
1347 2889 1641 2956 turpissimi
1678 2890 1813 2944 lucri
1846 2908 1995 2946 com-

407 2973 568 3025 modo
601 2991 613 3025 :
644 2973 689 3027 is
718 2976 803 3028 cui
830 2976 931 3031 hoc
953 2980 1239 3033 atlentanti
1268 2982 1550 3049 probatum
1579 2982 1760 3047 fuerit,
1792 2986 1993 3055 proprii

406 3064 606 3133 gradus
656 3067 894 3135 pericqu
945 3069 1263 3139 subjacebit.
1309 3073 1375 3126 Et
1421 3076 1511 3143 qui
1563 3076 1841 3131 ordinatus
1887 3088 1992 3142 est,

406 3154 541 3207 nihil
573 3170 638 3210 ex
693 3157 795 3211 hac
837 3160 1179 3216 ordinatione
1226 3164 1305 3217 vel
1356 3167 1713 3233 promotione,
1757 3184 1875 3237 qua:
1907 3178 1992 3224 est

403 3260 503 3316 per
534 3250 953 3317 negotiationem
983 3252 1146 3318 facta,
1179 3256 1456 3323 proficiat;
1493 3258 1583 3311 sed
1617 3260 1686 3312 sit
1724 3260 1928 3315 alienus
1955 3276 1986 3315 a

406 3330 688 3402 dignitate,
717 3335 801 3389 vel
830 3336 1209 3403 sollicitudine,
1237 3357 1394 3408 quam
1437 3344 1678 3410 pecuniis
1721 3348 1985 3413 qua-sivit.

406 3419 465 3475 Si
492 3424 616 3491 quis
639 3439 767 3478 vero
795 3426 1061 3481 mediator
1091 3436 1199 3481 tam
1228 3431 1471 3498 turpibus
1500 3440 1553 3484 et
1580 3432 1824 3488 nefandis
1847 3434 1987 3491 datis

404 3511 490 3566 vel
520 3514 757 3582 acceptis
784 3516 1084 3582 exstiterit;
1115 3518 1157 3571 si
1184 3519 1397 3586 quidem
1423 3520 1649 3575 clericus
1674 3524 1856 3587 fuerit,
1889 3526 1985 3579 de-

403 3612 665 3674 ponatur;
707 3605 752 3659 si
789 3621 918 3661 vero
963 3607 1153 3675 laicus,
1196 3620 1289 3665 aut
1319 3613 1636 3679 monachus,
1671 3617 1986 3671 anathema-

406 3705 620 3751 ttzetttr.
654 3718 673 3750 ι

475 3793 606 3847 Item
640 3795 691 3848 in
718 3796 918 3851 eisdem
948 3796 1179 3853 decretis
1204 3799 1345 3871 (can.
1375 3810 1549 3868 apost.
1585 3801 1674 3869 50)
1705 3820 1715 3855 :
1755 3820 1771 3852 ι
1803 3801 1856 3856 Si
1889 3817 1985 3872 per

404 3887 685 3954 pecuniam
748 3890 889 3943 hanc
932 3890 1171 3945 obtineat
1216 3894 1551 3962 dignitatem,
1596 3894 1882 3962 deiiciatur
1928 3904 1983 3951 et

407 3976 542 4046 ipse,
572 3988 623 4033 ct
653 3980 934 4035 ordinator
962 3982 1096 4050 ejus,
1126 3993 1183 4037 et
1204 4000 1231 4037 a
1256 3988 1840 4049 communioneJnodis
1866 4004 1983 4043 om-

404 4065 562 4121 nibus
591 4069 962 4136 abscindatur,
985 4073 1124 4126 sicut
1151 4073 1338 4128 Simon
1366 4074 1552 4145 Magus
1580 4092 1607 4129 a
1638 4077 1819 4132 Petro.
1854 4098 1871 4130 ›

482 4155 682 4212 Verum
714 4160 877 4213 etiam
909 4171 1127 4231 pmpter
1156 4162 1298 4217 illam
1329 4166 1619 4232 pessimam
1658 4169 1983 4237 emptionem

403 4246 774 4322 Hierosolyma
807 4260 964 4321 capta
995 4262 1106 4317 est;
1138 4254 1263 4323 quia
1297 4256 1392 4324 ipsi
1438 4257 1747 4312 sacerdotes
1793 4258 1981 4328 iniqui,

403 4339 495 4407 qni
526 4338 824 4393 debuerant
851 4354 971 4394 esse
1001 4334 1381 4397 observatores
1417 4343 1550 4413 legis
1579 4354 1631 4399 et
1662 4347 1980 4414 pra-dicato-

401 4445 508 4492 res,
545 4430 643 4500 ipsi
687 4431 846 4501 primi
891 4432 1020 4487 facti
1072 4432 1288 4489 fuerant
1329 4436 1792 4504 praevaricatores.
1826 4439 1985 4494 Deni-

401 4534 506 4588 que
546 4520 863 4573 invenerant
902 4522 1003 4575 sibi
1050 4524 1314 4591 quoddam
1363 4526 1719 4595 ingeniolum,
1765 4538 1823 4582 ut
1864 4545 1983 4599 per-

400 4609 687 4663 suaderent
715 4610 843 4666 ﬁliis
891 4610 1053 4665 Israel
1096 4615 1161 4669 de
1205 4614 1497 4687 longinquo
1526 4620 1885 4686 venientibus,
1921 4631 1979 4677 ut

399 4701 645 4756 victimas
668 4718 854 4759 secum
884 4719 990 4758 non
1019 4704 1315 4772 deferrent,
1350 4710 1443 4763 sed
1474 4726 1720 4776 munera,
1751 4712 1979 4768 offeren-

401 4793 650 4864 tibusque
683 4796 809 4861 sibi,
841 4811 947 4850 non
979 4798 1115 4853 sicut
1149 4810 1473 4869 prreccptum
1518 4812 1636 4857 erat
1667 4818 1695 4855 a
1729 4804 1978 4868 Domino,

398 4884 784 4953 immolabant;
840 4890 932 4943 sed
970 4889 1166 4944 adhoc
1207 4892 1308 4945 sibi
1360 4895 1729 4961 reservabant,
1763 4904 1820 4949 ut
1861 4896 1981 4951 aliis

396 4988 559 5047 atque
593 4978 716 5034 aliis
744 4980 1059 5047 venderent,
1092 4990 1145 5037 et
1175 4984 1239 5037 ad
1266 4983 1366 5037 hoc
1391 4984 1492 5039 sibi
1523 4988 1755 5053 pretium
1786 5003 1977 5043 mune-

396 5071 473 5124 ris
503 5072 941 5141 multiplicarent.

470 5162 600 5217 Nam
664 5164 809 5217 idem
868 5164 1127 5221 Dominus
1173 5178 1227 5223 et
1286 5167 1534 5225 Salvator
1588 5182 1772 5228 noster
1822 5173 1979 5230 Jesus

392 5252 663 5319 Christus,
700 5269 807 5307 non
847 5270 938 5323 per
974 5258 1289 5327 prophetas,
1327 5275 1501 5329 neque
1542 5278 1635 5332 per
1678 5264 1973 5331 apostolos,

393 5356 487 5401 aut
514 5364 627 5417 per
650 5347 903 5401 doctores
940 5350 1169 5419 aliquos,
1218 5351 1310 5405 sed
1343 5366 1439 5420 per
1480 5368 1538 5408 se
1566 5355 1763 5426 ipsum,
1788 5354 1973 5423 ﬂagel-

390 5438 499 5490 lum
538 5438 600 5490 de
642 5437 897 5506 funiculis
941 5442 1099 5509 fecit;
1137 5454 1182 5496 et
1232 5442 1385 5511 ejecit
1425 5460 1599 5499 omnes
1650 5446 1714 5497 tle
1760 5444 1968 5513 templo,

2098 1979 2295 2032 donum
2328 1979 2562 2047 Spirttus
2604 1980 2772 2034 sancti
2804 1981 2870 2032 ab
2905 1979 3333 2047 archiepiscopo,
3366 1978 3480 2031 sive
3510 1993 3538 2029 a
3569 1990 3679 2029 me-

2101 2070 2429 2141 tr0politano
2455 2086 2553 2124 suo
2578 2072 2825 2139 accipere
2850 2086 2954 2123 non
2976 2069 3235 2139 potuerit,
3260 2070 3473 2122 studeat
3496 2067 3679 2119 venire

2098 2161 2164 2213 ad
2208 2169 2449 2214 sanctam
2496 2170 2723 2214 matrem
2772 2160 3069 2213 Romanam
3117 2158 3412 2212 Ecclesiam
3446 2156 3677 2210 catholi-

2097 2266 2238 2312 cam,
2284 2259 2445 2318 atque
2486 2250 2859 2318 apostolicam,
2902 2258 2954 2304 et
2990 2250 3043 2303 in
3089 2250 3278 2303 eadem
3319 2247 3676 2316 episcopalem

2095 2341 2525 2396 benedictionem
2556 2341 2785 2410 accipiat
2819 2342 2936 2394 sine
2962 2340 3109 2394 omni
3141 2339 3434 2393 siniouiaca
3462 2339 3679 2392 haeresi.

2168 2432 2258 2499 (ὃ.
2302 2432 2631 2496 Οιίιίςοῐιιυς,
2681 2431 2771 2485 lib.
2808 2446 2880 2495 tv,
2928 2446 3013 2500 ep.
3052 2430 3176 2501 44.)
3229 2448 3246 2479 ι
3279 2430 3327 2483 Is
3364 2439 3544 2483 autem
3585 2429 3676 2497 qui

2094 2525 2374 2578 ordinatus
2418 2524 2603 2587 fuerit,
2636 2525 2679 2578 si
2720 2540 2823 2577 non
2852 2538 2916 2577 ex
2966 2523 3187 2592 placito,
3221 2537 3393 2591 neque
3431 2529 3674 2584 exactus,

2096 2624 2188 2666 aut
2212 2614 2430 2682 petitus,
2466 2624 2583 2683 post
2613 2624 2865 2682 acceptas
2889 2613 3107 2667 chartas
3137 2623 3191 2667 et
3214 2612 3454 2682 pallium,
3481 2610 3677 2665 oll'erre

2095 2706 2296 2774 aliquid
2342 2705 2564 2759 cuilibet
2603 2719 2668 2757 ex
2702 2706 2849 2757 clero
2876 2704 3063 2773 gratia:
3106 2701 3473 2756 tantummodo
3513 2715 3677 2754 causa

2093 2794 2344 2857 voluerit,
2379 2794 2479 2847 hoc
2522 2795 2690 2862 accipi
2740 2793 2883 2847 nullo
2919 2793 3077 2847 modo
3118 2792 3494 2862 prohibemus;
3546 2792 3677 2859 quia

2093 2882 2208 2951 ejus
2248 2884 2449 2937 oblatio
2488 2884 2688 2936 nullam
2720 2885 2890 2953 culpa:
2917 2882 3181 2938 maculam
3210 2882 3424 2951 ingerit,
3458 2896 3578 2949 qua:
3608 2897 3676 2939 ex

2094 2974 2408 3042 accipientis
2436 2974 2637 3028 ambitu
2669 2992 2773 3029 non
2802 2976 3086 3046 processit.
3118 2995 3137 3028 ι

2163 3065 2479 3133 Quicunque
2532 3066 2597 3118 de
2646 3067 2850 3119 sanctis
2901 3066 3183 3122 ordinibus
3235 3066 3376 3122 hanc
3430 3077 3673 3123 nostram

2092 3155 2287 3210 viderit
2330 3156 2631 3225 epistolam,
2665 3167 2718 3211 et
2760 3158 2920 3210 verba
2960 3158 3041 3211 vel
3074 3159 3319 3228 exempla
3360 3168 3674 3216 sanctorum

2016 3215 2061 3278 C
2094 3245 2312 3299 Patrum
2363 3262 2468 3299 non
2498 3246 2890 3311 observaverit,
2920 3248 3059 3302 sciat
3090 3264 3148 3303 se
3182 3264 3286 3303 non
3317 3263 3437 3303 esse
3471 3265 3675 3304 connu-

2093 3344 2357 3402 moratum
2383 3336 2526 3389 inter
2551 3337 2843 3406 discipulos
2866 3336 3077 3392 Domini
3103 3348 3158 3391 et
3184 3338 3479 3394 Salvatoris
3500 3340 3672 3394 nostri

2088 3425 2215 3481 Jcsu
2248 3426 2483 3489 Christi;
2524 3428 2617 3481 sed
2651 3428 2963 3482 damnatum
3011 3428 3151 3481 inter
3183 3429 3375 3497 impios
3417 3438 3471 3483 et
3531 3430 3674 3483 inter

2089 3529 2182 3568 eos
2208 3516 2295 3585 qni
2322 3515 2563 3568 dixerunt
2592 3515 2818 3569 Domino
2843 3515 2952 3569 Deo
2975 3532 2993 3569 :
3023 3514 3220 3570 Recede
3241 3535 3271 3569 α
3304 3518 3474 3581 nobis,
3503 3518 3673 3571 scien-

2088 3606 2213 3659 tium
2236 3607 2436 3659 viarum
2458 3617 2667 3659 tuarum
2691 3607 2933 3662 nolumus
2957 3606 3079 3679 (Job
3105 3624 3222 3673 xxi,
3248 3610 3356 3677 14).

2164 3695 2261 3750 llic
2296 3712 2422 3750 vero
2462 3696 2553 3765 qui
2600 3695 2842 3766 legitime
2882 3697 3025 3751 illam
3063 3698 3438 3765 custodicrint,
3487 3710 3542 3755 et
3586 3700 3675 3772 pio

2088 3785 2287 3839 intuitu
2315 3787 2745 3850 observaverint,
2776 3788 3041 3857 recipiant
3064 3800 3272 3859 partem
3300 3806 3422 3844 cum
3445 3792 3671 3857 Abram,

2086 3874 2237 3930 Isaac
2264 3886 2318 3930 ct
2358 3875 2542 3941 Iacob,
2577 3877 2629 3930 in
2664 3893 2831 3949 regno
2872 3878 3155 3942 caalorum,
3197 3896 3300 3933 una
3330 3895 3451 3934 cum
3478 3882 3673 3936 eodem

2088 3967 2317 4021 Domino
2358 3977 2413 4021 et
2442 3967 2720 4022 Salvatore
2751 3977 2938 4024 nostro
2966 3967 3093 4023 Jesu
3132 3968 3370 4034 Christo,
3401 3971 3490 4039 qui
3530 3987 3673 4027 lIUllC

2088 4068 2141 4112 et
2174 4044 2544 4129 sempcrvivit
2570 4067 2621 4117 et
2651 4068 2839 4129 regnat
2867 4059 3009 4115 Deus
3036 4059 3089 4114 in
3121 4069 3317 4116 cuncta
3351 4061 3545 4116 saecula
3572 4078 3674 4116 sa:-

2087 4150 2354 4204 culorum.

2160 4240 2309 4295 Ilanc
2359 4241 2541 4310 itaque
2588 4249 2826 4296 nostram
2875 4243 3157 4311 epistolam
3202 4242 3457 4311 jubemus
3506 4253 3670 4313 atque

2086 4332 2465 4402 praecipimus,
2512 4342 2570 4385 ut
2614 4348 2707 4402 per
2748 4348 2967 4386 mamnn
3018 4334 3323 4389 charissimi
3380 4333 3670 4390 contratris

2088 4426 2261 4479 nostri
2291 4424 2514 4479 Mironis
2543 4426 2804 4494 episcopi,
2838 4427 3049 4481 cunctis
3090 4426 3209 4481 aliis
3247 4427 3670 4496 archiepiscopis

2086 4526 2140 4570 et
2169 4517 2437 4586 episcopis
2466 4517 2799 4586 deportetur,
2844 4526 2903 4572 ut
2944 4518 3085 4572 idem
3125 4519 3239 4589 ipse
3270 4535 3368 4589 per
3398 4536 3553 4575 suum
3587 4520 3668 4575 Ia-

2087 4607 2271 4662 borem
2302 4617 2357 4662 et
2385 4619 2682 4675 certamen,
2721 4610 2936 4679 dignam
2965 4611 3161 4665 exinde
3191 4613 3494 4667 mercedem
3526 4618 3665 4668 reci-

2084 4702 2216 4771 piat,
2243 4709 2297 4756 et
2324 4700 2559 4756 fructum
2588 4702 2775 4757 atI'crat
2808 4704 2861 4757 in
2897 4704 3214 4772 pwttitentia
3245 4702 3443 4776 [Forte
3489 4705 3540 4759 in
3571 4722 3667 4776 pa-

2084 4792 2291 4860 tientia,
2308 4791 2527 4865 Ilum].

2779 4884 2962 4941 XVIII.

2088 5019 2260 5061 BULLA
2279 5018 2562 5061 BENEDICTI
2586 5019 2730 5059 ΡΛΡΑΞ
2744 5018 2815 5057 VII
2840 5020 2941 5059 PRO
2963 5021 3300 5063 NONASTEIIIO
3321 5006 3672 5078 8.;WALAIIICI.

2696 5119 2873 5190 (Anno
2901 5122 3051 5192 98L)

2231 5232 2409 5308 [Apud
2431 5230 2630 5289 Mabill.
2662 5228 2857 5283 Annal.
2890 5232 3010 5287 0rd.
3038 5227 3239 5285 Bened.
3265 5228 3357 5296 IV,
3380 5227 3530 5302 685.]

2087 5330 2101 5341 ’
2150 5347 2496 5407 Βεωιεθιετυε
2546 5362 2730 5407 servus
2782 5359 3064 5404 servorum
3126 5345 3264 5411 Dei,
3321 5346 3687 5407 dilectissimo

2080 5449 2277 5499 nostro
2334 5440 2444 5494 tilio
2505 5442 2787 5498 Resrowo
2847 5440 3102 5511 religioso
3150 5439 3371 5503 abbati,
3410 5440 3491 5493 vel
3532 5441 3688 5498 omni
