4472 5522
830 432 935 489 559

2072 441 2449 495 BENEIIICTI’
2469 440 2666 497 PAPE
2707 444 2791 498 VII

3982 450 4091 505 340

891 550 1025 606 Cum
1057 568 1251 623 magna
1296 554 1452 609 nobis
1494 556 1855 615 sollicitudine
1888 562 2083 616 insistit
2124 579 2250 617 cura
2304 578 2399 632 pro
2426 566 2477 624 Α
2506 579 2728 629 θοιρηο,
2760 566 3011 635 religioso
3029 566 3206 622 abbati
3234 576 3434 621 sanctae
3449 564 3794 619 Corbeiensis
3816 563 4085 629 ecclesiae,

824 639 1094 695 universis
1126 641 1217 696 Dei
1246 642 1502 700 Ecclesiis
1524 661 1587 702 ac
1616 648 1718 717 piis
1762 648 1894 705 locis
1917 691 1930 717 ,
1960 652 2284 722 vigilandum
2332 670 2397 709 ne

824 731 1059 803 aliquam
1089 735 1431 791 necessitatis
1453 736 1720 805 iacturam
1745 743 2068 809 sustineant,
2097 746 2190 799 sed
2229 746 2399 814 magis

820 826 1053 896 propria
1082 824 1331 882 utilitatis
1357 828 1622 899 stipendia
1647 843 2063 903 consequantur.
2088 836 2252 905 Igitur
2274 837 2399 905 quia

822 930 919 985 per
947 916 1309 973 interventum
1360 917 1601 993 liugonis
1645 922 1863 994 gloriosi
1911 925 2121 979 comitis
2165 928 2401 981 rationa-

820 1008 1005 1066 biliter
1026 1010 1339 1081 postulastis
1366 1028 1396 1069 a
1424 1015 1604 1079 nobis,
1630 1026 1898 1086 quatenus
1926 1034 2024 1088 pro
2063 1034 2164 1072 suo
2204 1034 2400 1089 magno

824 1116 1009 1157 amore
1032 1111 1196 1175 atque
1232 1106 1525 1164 dilectione
1568 1109 2013 1165 confirmat-emus
2060 1113 2209 1166 vobis
2266 1127 2402 1183 prse-

826 1194 1026 1250 dictum
1053 1199 1439 1254 monasterium
1467 1202 1639 1255 sancti
1691 1199 1944 1257 Walarici
2000 1218 2122 1256 cum
2152 1204 2402 1260 omnibus

821 1283 983 1339 rebus
1008 1286 1315 1353 mobilibus,
1347 1304 1580 1361 cumque
1608 1300 1662 1345 et
1694 1290 2083 1357 immobilibus,
2129 1295 2324 1363 quibus
2369 1311 2401 1351 a

822 1372 1050 1442 praefato
1088 1376 1310 1450 Ilugone
1338 1378 1726 1453 gloriosissimo
1753 1384 1949 1438 comite
1990 1399 2246 1441 concessa
2282 1400 2405 1442 esse

816 1478 1139 1536 noscuntur,
1162 1472 1243 1527 vel
1288 1488 1317 1527 a
1363 1476 1574 1530 caeteris
1614 1474 1938 1533 Christianis
1977 1478 2029 1532 in
2082 1488 2401 1549 perpetuum

818 1575 1079 1618 concessa
1116 1573 1277 1636 atque
1305 1566 1499 1640 largita
1522 1584 1644 1624 esse
1668 1571 1939 1636 videntur,
1970 1572 2054 1625 vel
2077 1588 2197 1626 cunt
2228 1574 2403 1627 omni-

820 1651 923 1707 bus
945 1653 1013 1709 ad
1038 1654 1212 1725 ipsum
1252 1662 1635 1715 monasterium
1664 1662 1990 1732 generaliter
2020 1672 2075 1718 et
2100 1679 2245 1719 nunc
2273 1680 2402 1735 per-

819 1745 1120 1804 tinentibus
1147 1750 1306 1805 sicuti
1336 1763 1436 1805 est.
1471 1752 1641 1823 Igitur
1662 1754 1959 1825 privilegiis
1988 1756 2132 1811 sedis
2177 1766 2399 1826 aposto-

814 1836 934 1896 lica:
980 1840 1162 1898 infulis
1208 1845 1515 1911 decoretur,
1552 1856 1608 1901 ut
1638 1847 1738 1902 sub
1779 1846 2154 1912 iurisdictione
2201 1858 2402 1904 sancta:

2505 667 2796 728 nostroque
2825 660 3175 715 dilectissimo
3203 660 3309 715 lilio
3342 660 3561 728 suisque
3589 659 4002 714 successoribus
4032 659 4088 712 in

2502 758 2839 819 perpetuum.

2489 866 2492 870 λ
2574 840 2707 895 Cum
2733 858 2956 896 summm
2982 842 3289 911 apostolica:
3319 841 3599 910 dignitatis
3629 856 3764 910 apex
3790 840 3842 893 in
3874 840 3977 894 hoc
3998 838 4081 893 di-

2503 932 2613 986 vini
2639 934 2914 1004 prol‘eclus
2943 936 3117 989 nitore
3146 934 3482 1005 dignoscitur
3512 933 3847 1003 przel'ulgcre'.
3874 949 3995 988 cum
4030 933 4084 988 in

2503 1027 2820 1080 exercendis
2842 1026 2936 1079 Dei
2988 1026 3236 1080 laudibus
3263 1027 3343 1079 sui
3382 1025 3681 1094 impensius
3707 1023 3913 1078 studuit
3936 1021 4087 1076 labo-

2504 1116 2580 1170 ris
2607 1118 2860 1173 exhibere
2888 1128 3193 1183 certamen;
3237 1118 3306 1173 ob
3334 1119 3437 1171 hoc
3466 1117 3645 1172 debita
3702 1131 3798 1170 nos
3848 1115 4089 1185 ejusdem

2505 1208 2812 1277 apostolica:
2862 1208 3147 1278 pastoralis
3200 1208 3461 1277 compulit
3501 1207 3881 1262 sollicitudinis
3933 1221 4089 1271 cura,

2504 1299 2762 1369 quidquid
2797 1301 2861 1354 ad
2883 1301 3226 1355 stabilitatem
3270 1300 3476 1370 piorum
3506 1300 3781 1371 pertinere
3811 1298 4088 1368 dignosci-

2493 1399 2594 1445 tur
2623 1391 2861 1446 locorum
2896 1392 3128 1445 ubertim
3178 1384 3527 1462 promulgari,
3562 1401 3617 1445 et
3672 1390 3979 1461 apostolica:
4013 1390 4092 1443 iu-

2507 1482 2803 1539 stitutionis
2829 1498 3058 1539 censura
3096 1483 3439 1540 conﬁrmari.
3496 1482 3664 1553 Igitur
3692 1482 3817 1551 quia
3852 1480 4089 1550 postula-

2507 1572 2807 1628 stianobis
2839 1584 3105 1643 quatenus
3159 1576 3547 1630 monasterium
3599 1572 3697 1628 SS.
3755 1582 4087 1644 martyrum,

2508 1666 2925 1735 protomartyris
2973 1664 3234 1735 Stephani
3263 1674 3425 1735 atque
3450 1663 3557 1718 Viti
3592 1664 3849 1734 martyris
3887 1665 3938 1717 in
3969 1663 4092 1718 loco

2510 1755 2598 1823 qui
2626 1756 2825 1811 dicitur
2874 1756 3126 1822 Corbeia,
3186 1756 3479 1825 privilegiis
3510 1755 3655 1809 sedis
3694 1753 4002 1824 apostolica:
4034 1759 4091 1806 et

2510 1847 2694 1902 infulis
2730 1850 3040 1913 decoretur,
3092 1857 3149 1902 ut
3198 1848 3298 1903 sub
3332 1847 3711 1916 jurisdictione
3756 1855 3957 1901 sancta:
3988 1860 4090 1899 no-

821 1940 1021 1987 nostra:
1053 1932 1307 1991 Ecclesia:
1331 1938 1521 1993 matris
1547 1939 1992 2007 permanendum,
2024 1940 2223 1994 nullius
2264 1941 2398 1995 alte-
2433 1917 2480 1979 Β
2506 1946 2634 1993 stra:
2664 1938 2826 2002 sedis,
2875 1939 2958 1993 cui
3010 1938 3119 1993 Deo
3161 1947 3383 1992 auctore
3431 1936 3788 2001 descrvimus,
3836 1932 4092 1989 Ecclesia:

816 2025 933 2079 rius
975 2024 1230 2083 Ecclesire
1271 2028 1740 2098 jurisdictionibns
1782 2030 2232 2085 submittendum.
2297 2030 2404 2085 Pro

819 2131 923 2185 qua
954 2132 1013 2172 re
1041 2118 1144 2187 piis
1174 2118 1458 2175 desideriis
1515 2120 1779 2187 faventes,
1838 2133 2023 2179 nostra
2078 2124 2404 2180 auctoritate

818 2205 874 2261 id
904 2208 1047 2275 quod
1072 2210 1387 2279 exposcitur
1426 2210 1640 2267 eﬂ'ectui
1698 2215 2091 2284 mancipamus.
2153 2214 2221 2270 Et
2282 2217 2402 2272 ideo

818 2310 1036 2353 omnem
1064 2297 1354 2367 cujuslibet
1390 2298 1644 2359 Ecclesia:
1689 2305 2029 2360 sacerdotum
2078 2307 2129 2360 in
2175 2307 2404 2376 praal‘ato

808 2390 1150 2447 monasterio
1178 2391 1459 2461 ditionem,
1476 2394 1769 2463 quamlibet
1800 2396 1998 2453 habere
2021 2399 2401 2454 auctoritatem

808 2488 1017 2549 'prteter
1046 2480 1230 2538 sedem
1254 2484 1609 2554 apostolicam
1643 2487 2015 2557 prohibemus,
2060 2489 2131 2544 ita
2184 2499 2243 2545 ut
2298 2492 2402 2547 nisi

809 2573 881 2627 ab
912 2575 1108 2631 abbate
1152 2575 1326 2648 ipsius
1366 2580 1683 2636 monasterii
1736 2582 1899 2638 fuerit
1953 2585 2210 2640 invitatus
2238 2626 2251 2649 ,
2304 2599 2404 2640 nec

810 2667 1099 2722 missarum
1128 2668 1391 2726 solemnia
1430 2671 1628 2728 ibidem
1658 2674 1924 2745 quispiam
1970 2684 2263 2745 pra:sumat
2309 2692 2400 2732 ce-

811 2755 1025 2813 lebrare
1047 2760 1193 2815 omni
1225 2761 1411 2828 modo,
1432 2777 1534 2819 nec
1559 2764 1777 2819 licentia
1820 2766 1907 2826 sit,
1939 2777 1997 2820 nt
2043 2768 2245 2822 dictum
2299 2776 2399 2833 est,

818 2862 884 2901 ex
925 2848 1043 2920 ejus
1071 2850 1153 2906 vel
1174 2852 1423 2909 omnibus
1452 2854 1627 2911 eidem
1658 2858 1988 2912 monasterio
2013 2859 2181 2913 sancti
2220 2858 2404 2913 Wala-

812 2938 911 2995 ricl
944 2942 1357 3010 pertinentibus,
1394 2945 1555 3001 situm
1611 2947 1663 3000 in
1713 2949 1969 3003 comitatu
2018 2948 2258 3003 Witmau
2289 2951 2403 3004 cui-

812 3044 975 3099 quam
1012 3046 1221 3103 magna:
1245 3047 1514 3102 persona,
1545 3050 1833 3105 parvteque
1857 3038 2091 3092 auferre.
2122 3036 2193 3092 Ut
2224 3038 2404 3109 profe-

814 3128 903 3174 cto
924 3117 1079 3187 juxta
1108 3121 1160 3177 id
1186 3123 1331 3193 quod
1356 3123 1626 3196 subjectos
1669 3111 1812 3180 idem
1866 3136 1921 3179 ttt
1971 3128 2024 3181 in
2072 3130 2401 3185 monasterio

810 3210 1093 3279 apostolici
1140 3215 1419 3269 constituti
1463 3224 1626 3286 atque
1669 3216 1932 3286 privilegii
1989 3221 2270 3283 consistit,
2320 3219 2400 3273 in-

816 3316 1077 3359 concusse
1102 3303 1396 3361 dotandum
1419 3316 1755 3376 permaneat.
1789 3307 1843 3363 Si
1876 3310 1997 3378 quis
2028 3320 2228 3376 autem,
2255 3311 2399 3381 quod

816 3409 921 3449 non
942 3399 1219 3464 'optamus,
1246 3396 1457 3454 nefario
1481 3414 1613 3454 ausu
1642 3404 2047 3471 praesumpserit
2099 3406 2233 3465 btec.
2278 3422 2397 3476 qua:

814 3500 845 3539 a
876 3486 1030 3543 nobis
1055 3489 1118 3542 ad
1150 3487 1364 3545 laudem
1397 3490 1491 3545 Dei
1532 3507 1630 3561 pro
1656 3492 1947 3548 stabilitate
1965 3496 2077 3564 jam
2114 3497 2241 3552 dicti
2284 3514 2398 3553 mo-

813 3578 1295 3644 nasterii,statuta
1346 3590 1491 3645 sunt,
1541 3582 1831 3653 refragare,
1883 3594 1974 3638 aut
2034 3586 2084 3640 in
2127 3602 2397 3657 quoquam

813 3671 1118 3740 transgredi
1162 3672 1469 3737 tentaverit,
1498 3687 1647 3727 reum
1680 3688 1759 3738 se,
1791 3686 1845 3731 et
1889 3678 1990 3731 atri
2043 3680 2400 3737 anathematis

810 3760 1026 3816 vinculo
1058 3762 1374 3817 innodatum
1396 3777 1536 3827 esse,
1568 3774 1623 3819 et
1652 3765 1867 3821 diabolo
1912 3777 1966 3822 et
2007 3768 2122 3839 ejus
2172 3772 2402 3827 atrocis-

811 3852 965 3908 simis
1019 3852 1249 3923 pompis,
1302 3864 1463 3924 atque
1509 3870 1630 3909 cum
1680 3854 1815 3909 Iuda
1882 3859 2141 3914 traditore
2186 3860 2399 3916 Domini

810 3952 983 4009 nostri
1019 3949 1145 4006 Jesu
1172 3950 1371 4007 Christi
1416 3952 1602 4006 aeterni
1639 3952 1868 4008 incendii
1895 3956 2157 4025 supplicio
2175 3973 2402 4013 concre-

814 4041 1073 4098 mandum
1104 4042 1424 4113 deputamus
1454 4057 1484 4096 a
1513 4042 1756 4097 Domino.
1792 4044 1892 4111 Qui
1924 4061 2053 4101 vero
2080 4046 2169 4115 pio
2202 4047 2399 4102 intuitu

813 4142 996 4191 custos
1016 4142 1073 4189 et
1097 4134 1417 4190 observator
1437 4135 1729 4200 exstiterit,
1755 4137 2146 4193 benedictionis
2172 4141 2398 4211 gratiam

813 4243 844 4281 a
882 4225 1391 4282 misericordissimo
1422 4225 1531 4282 Deo
1574 4238 1757 4282 nostro
1802 4231 2057 4299 consequi
2106 4240 2396 4297 mereatur,

813 4327 868 4372 et
893 4318 1016 4373 vita:
1046 4324 1265 4373 aeternae
1289 4316 1561 4387 particeps
1589 4317 1725 4373 elIici
1778 4329 2072 4374 mereatur.
2127 4321 2399 4393 Scriptum

812 4423 912 4479 per
941 4422 1133 4463 manus
1156 4407 1481 4464 Bonizzonis
1504 4408 1699 4463 notarii
1726 4410 2016 4482 regionarii
2040 4419 2094 4466 et
2119 4412 2401 4482 scriptoris

812 4510 1014 4557 sancta:
1040 4500 1299 4557 Romana:
1320 4500 1574 4556 Ecclesia:
1602 4500 1654 4556 in
1681 4516 1866 4558 mense
1884 4502 2080 4573 Aprili,
2106 4504 2399 4560 indictione

816 4605 891 4646 Ix.
930 4589 1075 4646 Bene
1107 4589 1299 4646 valete.

891 4683 1085 4739 Datum
1112 4699 1129 4739 ι
1159 4682 1604 4755 Kalend.Aprilis
1624 4699 1723 4756 per
1758 4701 1975 4741 manum
2000 4685 2261 4758 Stephani
2285 4689 2399 4758 epi-

809 4779 958 4850 scopi
988 4785 1042 4833 et
1070 4777 1461 4835 bibliothecarii
1515 4777 1572 4833 S.
1624 4779 1689 4835 Β.
1742 4778 1805 4835 Ε.
1859 4797 2001 4837 anno
2049 4781 2397 4852 pontificatus

814 4872 1018 4929 domini
1046 4869 1319 4927 Benedicti
1343 4872 1672 4928 sanctissimi
1708 4872 1814 4937 VII,
1846 4889 1998 4945 papa:
2027 4874 2081 4928 in
2099 4875 2228 4930 sede
2252 4875 2395 4931 beati

814 4964 959 5021 Petri
986 4962 1214 5035 apostoli
1240 4979 1337 5031 vtt,
1376 4965 1679 5035 imperante
1722 4965 1921 5022 domno
1970 4965 2168 5023 Ottone
2210 4982 2239 5020 a
2288 4966 2399 5023 Deo

816 5064 1082 5113 coronato
1109 5070 1307 5128 magno
1330 5056 1681 5127 imperatore,
1712 5072 1859 5114 anno
1894 5073 2014 5127 xm,
2042 5059 2096 5113 in
2137 5073 2324 5117 mense
2344 5067 2401 5114 et

815 5147 1110 5205 indictione
1136 5163 1275 5205 nona
1303 5148 1555 5208 feliciter.
1582 5150 1797 5219 Amemj

1532 5259 1675 5317 XIX.

809 5363 1092 5410 ιικιυιςτι
1128 5365 1277 5408 ΡΔΡΒ
1317 5366 1391 5407 VII
1444 5366 1705 5409 εριετοω.
1744 5368 1814 5408 ΔΙ)
1853 5366 2199 5411 ιιυυοιριιυι
2238 5369 2398 5411 ηιλ-

1344 5437 1454 5480 τη
1489 5438 1870 5481 εοιιιεῐῑπειι.

2426 4636 2477 4695 D

2500 2030 2971 2099 jurisdictionibus
3021 2032 3369 2086 submittatur
3399 2048 3411 2082 :
3439 2045 3537 2099 pro
3581 2045 3685 2099 qua
3731 2044 3786 2083 re
3818 2029 3921 2098 piis
3945 2027 4090 2082 desi-

2504 2121 2669 2174 deriis
2699 2120 2940 2175 faventes
2996 2122 3095 2175 hac
3141 2130 3323 2175 nostra
3352 2120 3695 2183 auctoritate,
3729 2120 3782 2173 id
3809 2120 3951 2189 quod
3993 2134 4090 2189 po-

2504 2212 2673 2267 stulas
2732 2211 2942 2267 echctui
2991 2214 3391 2283 mancipamus,
3447 2221 3503 2266 et
3538 2226 3753 2266 omnem
3804 2210 4092 2279 cujuslibet

2504 2303 2748 2359 ecclesia:
2783 2303 3141 2368 sacerdotem,
3176 2304 3226 2357 in
3277 2302 3503 2373 prtefato
3554 2304 3885 2358 monasterio
3912 2303 4075 2357 ditio-

2504 2410 2626 2448 nctn
2664 2394 2963 2463 quamlibet
3012 2394 3211 2449 habere
3250 2403 3305 2449 et
3344 2395 3747 2455 auctoritatem,
3776 2402 3972 2463 prmter
4001 2407 4090 2448 se-

2504 2485 2624 2539 dem
2660 2484 3010 2555 apostolicam
3046 2484 3396 2555 prohibemus
3426 2502 3439 2537 :
3474 2485 3548 2539 ita
3572 2485 3774 2547 ut,nisi
3810 2485 3877 2539 ab
3892 2483 4089 2538 abbate

2503 2575 2817 2630 monasterii
2868 2574 3031 2630 fuerit
3080 2574 3356 2640 invitatus,
3384 2590 3485 2630 nec
3540 2576 3827 2630 missarum
3888 2573 4088 2629 ibidem

2504 2666 2763 2722 solemnia
2793 2666 3078 2736 quisquam
3124 2674 3415 2735 prresumat
3441 2665 3742 2729 celebrare,
3775 2664 4088 2719 omnimodo

2504 2769 2828 2824 statuentes,
2853 2759 3143 2829 apostolica
3175 2772 3401 2814 censura
3446 2758 3546 2813 sub
3578 2758 3745 2813 divini
3773 2757 3962 2827 judicii
3984 2755 4089 2810 ob-

2504 2852 2814 2917 testatione,
2838 2858 2892 2905 et
2923 2848 3113 2904 validis
3138 2858 3298 2919 atque
3326 2849 3689 2903 atrocioribus
3721 2846 4086 2902 anatltematis

2504 2941 2992 3005 interdictionibus,
3022 2950 3081 2993 ttt
3110 2940 3291 2995 nullus
3318 2954 3553 3008 unquam
3606 2947 3920 3008 prtesumat,
3952 2952 4088 3006 qua-

2503 3048 2716 3102 cunque
2743 3033 3005 3103 dignitate
3030 3033 3101 3088 sit
3128 3032 3383 3101 praeditus
3405 3030 3486 3085 vel
3507 3038 3791 3101 potestate,
3816 3030 3897 3083 vel
3920 3030 4085 3085 etiam

2498 3138 2837 3193 quacunque
2878 3136 3067 3194 magna
3111 3136 3383 3192 parvaque
3406 3134 3633 3192 persona
3667 3122 3721 3175 in
3748 3122 3938 3175 eodem
3968 3135 4087 3176 mo-

2504 3216 2745 3271 nasterio
2768 3215 2851 3269 vel
2880 3213 2996 3282 ejus
3038 3215 3217 3269 causis
3246 3214 3580 3281 incumbere,
3623 3223 3717 3269 aut
3743 3214 3810 3269 de
3854 3214 4013 3269 rebus
4029 3221 4088 3269 et

2426 3278 2471 3342 Ο
2502 3278 2959 3377 possessionibus,
3003 3305 3084 3360 vel
3119 3305 3343 3377 quiquid
3395 3306 3461 3360 ad
3517 3278 3647 3359 illud
3693 3304 4083 3360 monasterium

2502 3400 2775 3469 pertinere
2789 3399 3020 3461 videtur,
3041 3411 3259 3468 quoquo
3283 3398 3441 3452 modo
3466 3397 3679 3452 auferre
3696 3396 3780 3451 vel
3804 3395 4043 3450 alienare
4065 3405 4082 3460 ;

2501 3488 2905 3561 promulgantes
2936 3502 3144 3557 nempe.
3181 3497 3237 3543 et
3267 3489 3371 3543 hoc
3398 3489 3727 3543 auctoritate
3757 3487 3905 3543 beati
3937 3481 4088 3541 Petri

2503 3579 2869 3651 apostolorum
2915 3578 3199 3649 principis,
3241 3593 3423 3633 coram
3479 3578 3588 3632 Deo
3622 3587 3675 3633 et
3711 3578 3941 3635 terribili
3972 3576 4089 3653 ejus

2502 3670 2684 3726 futuro
2712 3671 2963 3726 examine
2984 3684 3083 3740 per
3110 3670 3211 3723 hoc
3238 3656 3481 3723 nostruin
3518 3670 3878 3740 apostolicum
3919 3668 4092 3741 privi~

2501 3763 2701 3833 legium
2735 3770 2894 3831 atque
2924 3760 3275 3816 constitutum
3315 3761 3590 3815 sancimus
3619 3770 3783 3830 atque
3836 3758 4088 3816 decerni-

2503 3870 2644 3921 mus,
2673 3861 2730 3908 ut
2758 3853 2875 3908 loca
2905 3867 3025 3923 qua:
3052 3852 3120 3907 ab
3150 3852 3343 3906 abbate
3379 3850 3625 3921 quolibet
3663 3852 3716 3906 in
3747 3852 3939 3907 eodem
3966 3865 4088 3905 mo-

2504 3946 2746 4001 nasterio
2770 3952 3102 4000 commutata
3156 3944 3239 3998 vel
3294 3944 3459 3997 etiam
3512 3957 3770 3999 concessa
3810 3951 3955 4006 sunt,
3987 3957 4087 4000 nec

2504 4054 2611 4093 non
2638 4046 2691 4093 et
2714 4037 2832 4093 alia:
2878 4036 3139 4091 laicornm
3193 4037 3594 4105 possessiones,
3630 4050 3751 4105 quae
3790 4051 3819 4089 a
3849 4035 4089 4106 regibus,

2502 4128 2589 4183 vel
2618 4129 2886 4195 ducibus,
2916 4137 2971 4184 et
3009 4144 3038 4182 a
3090 4126 3305 4182 caneris
3343 4126 3666 4183 Christianis
3724 4128 3790 4182 ad
3841 4127 4090 4185 eumdem

2504 4232 2752 4278 sanctum
2782 4221 2963 4278 locum
3004 4220 3214 4290 largitas
3262 4229 3424 4290 atque
3478 4220 3671 4275 oblata
3715 4230 3863 4287 sunt,
3895 4227 3988 4274 aut
4034 4218 4092 4279 in

2502 4324 2780 4385 posterum
2809 4313 2881 4368 illi
2906 4327 3181 4368 concessa:
3210 4311 3411 4366 fuerint
3441 4310 3594 4365 firma
3621 4310 3921 4366 stabilitate
3949 4324 4088 4382 pm-

2504 4410 2635 4465 dicti
2660 4407 2973 4462 monasterii
3004 4406 3308 4467 existenda,
3344 4412 3506 4473 atque
3540 4404 3592 4458 in
3640 4412 3956 4474 perpetuttm
3985 4412 4093 4460 sta-

2503 4501 2708 4555 tuimus
2728 4500 3119 4570 permanentia.
3152 4495 3511 4551 Concedimus
3530 4496 3693 4551 etiam
3721 4504 3775 4551 et
3803 4496 4093 4552 confirma-

2506 4607 2626 4647 mus
2682 4590 2981 4661 apostolica
3033 4588 3359 4643 auctoritate
3409 4600 3467 4641 ιιι
3525 4587 3593 4643 de
3623 4585 3731 4643 alio
3758 4589 4092 4645 monasterio

2504 4682 2761 4739 abbasibi
2795 4697 2900 4736 non
2933 4680 3317 4742 constituatur,
3346 4678 3438 4734 sed
3466 4679 3567 4749 ipsi
3592 4680 3732 4735 servi
3764 4680 3859 4734 Dei
3898 4696 4094 4735 secun-

2506 4779 2634 4834 dum
2665 4775 2904 4848 regulam
2938 4774 3080 4829 beati
3110 4772 3387 4828 Benedicti
3416 4772 3679 4840 viventes,
3705 4774 3868 4829 etiam
3890 4788 3957 4830 ex
3991 4788 4093 4831 sua

2504 4860 2725 4939 proptia
2757 4864 3175 4935 congregatione
3222 4870 3544 4933 potestatem
3574 4861 3802 4935 eligendi
3836 4863 4091 4923 abbatem

2504 4962 2763 5019 habeant.
2797 4962 3023 5029 Insuper
3052 4958 3217 5014 etiam
3244 4956 3596 5013 concedimus
3630 4964 3690 5011 ut
3722 4956 3774 5010 in
3803 4956 4094 5028 prrecipuis

2508 5052 2921 5116 festivitatibus,
2950 5050 3001 5105 id
3027 5057 3112 5105 est
3140 5050 3195 5104 in
3224 5048 3395 5103 Natali
3419 5048 3654 5114 Domini,
3696 5057 3856 5118 atque
3880 5047 3935 5102 in
3958 5047 4089 5120 Epi-

2502 5136 2728 5218 phania,
2769 5152 2823 5198 et
2876 5140 3257 5212 purificatione
3298 5148 3500 5194 sancta:
3530 5137 3728 5201 Mariae,
3765 5138 3852 5194 die
3881 5136 4088 5194 Resur-

2502 5238 2787 5302 rectionis,
2816 5244 2869 5291 et
2924 5233 3294 5298 Ascensionis,
3345 5231 3687 5298 Pentecoste,
3714 5240 3769 5286 et
3795 5228 4092 5286 festivitate

2506 5336 2565 5392 S.
2601 5332 2829 5389 Joannis
2872 5329 3151 5400 Baptistae,
3196 5328 3247 5381 in
3304 5324 3563 5381 natalitiis
3612 5324 3999 5392 apostolorum,
4031 5324 4089 5379 in

2503 5427 2893 5485 festivitatibus
2948 5420 3005 5477 S.
3036 5420 3219 5476 Maria:
3249 5428 3304 5475 et
3350 5427 3688 5484 sanctorum,
3716 5432 3949 5489 quorum
3974 5429 4090 5473 me-
