  <div class='ocr_page' id='page_1' title='image "/cluster/home/n/w/nwhite01/storage/ocr_20150623/137/hvd.32044021286828/176.png"; bbox 0 0 4472 5522; ppageno 0'>
   <div class='ocr_carea' id='block_1_1' title="bbox 430 371 526 430">
    <p class='ocr_par' dir='ltr' id='par_1_1' title="bbox 430 371 526 430">
     <span class='ocr_line' id='line_1_1' title="bbox 430 371 526 430; baseline 0 -1"><span class='ocrx_word' id='word_1_1' title='bbox 430 371 526 430; x_wconf 68' lang='grc' dir='ltr'><strong>δη</strong></span> 
     </span>
    </p>
   </div>
   <div class='ocr_carea' id='block_1_2' title="bbox 424 581 2002 683">
    <p class='ocr_par' dir='ltr' id='par_1_2' title="bbox 424 581 2002 683">
     <span class='ocr_line' id='line_1_2' title="bbox 424 581 2002 683; baseline 0.024 -53"><span class='ocrx_word' id='word_1_2' title='bbox 424 581 788 638; x_wconf 76' lang='lat' dir='ltr'><strong>anatliematis</strong></span> <span class='ocrx_word' id='word_1_3' title='bbox 839 589 1048 645; x_wconf 87' lang='lat' dir='ltr'><strong>vinculo</strong></span> <span class='ocrx_word' id='word_1_4' title='bbox 1081 593 1430 666; x_wconf 85' lang='lat' dir='ltr'><strong>imtodatum;</strong></span> <span class='ocrx_word' id='word_1_5' title='bbox 1481 613 1535 658; x_wconf 92' lang='lat' dir='ltr'><strong>et</strong></span> <span class='ocrx_word' id='word_1_6' title='bbox 1559 581 1778 662; x_wconf 76' lang='lat' dir='ltr'><strong>diabolo</strong></span> <span class='ocrx_word' id='word_1_7' title='bbox 1807 621 1861 666; x_wconf 90' lang='lat' dir='ltr'><strong>et</strong></span> <span class='ocrx_word' id='word_1_8' title='bbox 1886 614 2002 683; x_wconf 85' lang='lat' dir='ltr'><strong>ejus</strong></span> 
     </span>
    </p>
   </div>
   <div class='ocr_carea' id='block_1_3' title="bbox 421 674 2000 760">
    <p class='ocr_par' dir='ltr' id='par_1_3' title="bbox 421 674 2000 760">
     <span class='ocr_line' id='line_1_3' title="bbox 421 674 2000 760; baseline 0.024 -37"><span class='ocrx_word' id='word_1_9' title='bbox 421 674 780 732; x_wconf 78' lang='lat' dir='ltr'><strong>strocissimis</strong></span> <span class='ocrx_word' id='word_1_10' title='bbox 834 683 1032 749; x_wconf 76' lang='lat' dir='ltr'><strong>ptenis,</strong></span> <span class='ocrx_word' id='word_1_11' title='bbox 1073 696 1233 756; x_wconf 89' lang='lat' dir='ltr'><strong>atque</strong></span> <span class='ocrx_word' id='word_1_12' title='bbox 1281 707 1400 746; x_wconf 90' lang='lat' dir='ltr'><strong>cum</strong></span> <span class='ocrx_word' id='word_1_13' title='bbox 1431 692 1566 750; x_wconf 85' lang='lat' dir='ltr'><strong>Juda</strong></span> <span class='ocrx_word' id='word_1_14' title='bbox 1602 699 1858 757; x_wconf 91' lang='lat' dir='ltr'><strong>traditore</strong></span> <span class='ocrx_word' id='word_1_15' title='bbox 1898 674 2000 760; x_wconf 88' lang='lat' dir='ltr'><strong>Do-</strong></span> 
     </span>
    </p>
   </div>
   <div class='ocr_carea' id='block_1_4' title="bbox 416 764 1997 866">
    <p class='ocr_par' dir='ltr' id='par_1_4' title="bbox 416 764 1997 866">
     <span class='ocr_line' id='line_1_4' title="bbox 416 764 1997 866; baseline 0.023 -52"><span class='ocrx_word' id='word_1_16' title='bbox 416 764 552 840; x_wconf 89' lang='lat' dir='ltr'><strong>mini</strong></span> <span class='ocrx_word' id='word_1_17' title='bbox 577 771 743 823; x_wconf 77' lang='lat' dir='ltr'><strong>nostri</strong></span> <span class='ocrx_word' id='word_1_18' title='bbox 789 769 913 828; x_wconf 86' lang='lat' dir='ltr'><strong>Jesu</strong></span> <span class='ocrx_word' id='word_1_19' title='bbox 951 776 1150 835; x_wconf 81' lang='lat' dir='ltr'><strong>Christi</strong></span> <span class='ocrx_word' id='word_1_20' title='bbox 1177 786 1395 842; x_wconf 64' lang='lat' dir='ltr'><strong>azternis</strong></span> <span class='ocrx_word' id='word_1_21' title='bbox 1415 787 1684 847; x_wconf 88' lang='lat' dir='ltr'><strong>incendiis</strong></span> <span class='ocrx_word' id='word_1_22' title='bbox 1710 803 1764 848; x_wconf 92' lang='lat' dir='ltr'><strong>et</strong></span> <span class='ocrx_word' id='word_1_23' title='bbox 1794 797 1997 866; x_wconf 88' lang='lat' dir='ltr'><strong>suppli-</strong></span> 
     </span>
    </p>
   </div>
   <div class='ocr_carea' id='block_1_5' title="bbox 419 855 1998 952">
    <p class='ocr_par' dir='ltr' id='par_1_5' title="bbox 419 855 1998 952">
     <span class='ocr_line' id='line_1_5' title="bbox 419 855 1998 952; baseline 0.023 -47"><span class='ocrx_word' id='word_1_24' title='bbox 419 855 504 907; x_wconf 80' lang='lat' dir='ltr'><strong>cio</strong></span> <span class='ocrx_word' id='word_1_25' title='bbox 539 865 987 919; x_wconf 87' lang='lat' dir='ltr'><strong>concremandum</strong></span> <span class='ocrx_word' id='word_1_26' title='bbox 1019 868 1340 940; x_wconf 90' lang='lat' dir='ltr'><strong>deputamus</strong></span> <span class='ocrx_word' id='word_1_27' title='bbox 1381 892 1410 932; x_wconf 87' lang='lat' dir='ltr'><strong>a</strong></span> <span class='ocrx_word' id='word_1_28' title='bbox 1441 877 1688 937; x_wconf 87' lang='lat' dir='ltr'><strong>Domino.</strong></span> <span class='ocrx_word' id='word_1_29' title='bbox 1718 883 1818 952; x_wconf 87' lang='lat' dir='ltr'><strong>Qui</strong></span> <span class='ocrx_word' id='word_1_30' title='bbox 1871 903 1998 942; x_wconf 88' lang='lat' dir='ltr'><strong>vero</strong></span> 
     </span>
    </p>
   </div>
   <div class='ocr_carea' id='block_1_6' title="bbox 414 946 1992 1034">
    <p class='ocr_par' dir='ltr' id='par_1_6' title="bbox 414 946 1992 1034">
     <span class='ocr_line' id='line_1_6' title="bbox 414 946 1992 1034; baseline 0.023 -37"><span class='ocrx_word' id='word_1_31' title='bbox 414 946 506 1013; x_wconf 91' lang='lat' dir='ltr'><strong>pio</strong></span> <span class='ocrx_word' id='word_1_32' title='bbox 557 949 749 1006; x_wconf 88' lang='lat' dir='ltr'><strong>intuitu</strong></span> <span class='ocrx_word' id='word_1_33' title='bbox 797 964 850 1009; x_wconf 93' lang='lat' dir='ltr'><strong>et</strong></span> <span class='ocrx_word' id='word_1_34' title='bbox 896 956 948 1011; x_wconf 91' lang='lat' dir='ltr'><strong>in</strong></span> <span class='ocrx_word' id='word_1_35' title='bbox 974 962 1221 1018; x_wconf 90' lang='lat' dir='ltr'><strong>omnibus</strong></span> <span class='ocrx_word' id='word_1_36' title='bbox 1260 969 1530 1025; x_wconf 77' lang='lat' dir='ltr'><strong>exstiterit</strong></span> <span class='ocrx_word' id='word_1_37' title='bbox 1560 977 1858 1031; x_wconf 85' lang='lat' dir='ltr'><strong>custoditor</strong></span> <span class='ocrx_word' id='word_1_38' title='bbox 1891 978 1992 1034; x_wconf 88' lang='lat' dir='ltr'><strong>hu-</strong></span> 
     </span>
    </p>
   </div>
   <div class='ocr_carea' id='block_1_7' title="bbox 406 1037 1998 1139">
    <p class='ocr_par' dir='ltr' id='par_1_7' title="bbox 406 1037 1998 1139">
     <span class='ocr_line' id='line_1_7' title="bbox 406 1037 1998 1139; baseline 0.023 -51"><span class='ocrx_word' id='word_1_39' title='bbox 406 1037 500 1110; x_wconf 85' lang='lat' dir='ltr'><strong>jus</strong></span> <span class='ocrx_word' id='word_1_40' title='bbox 523 1044 689 1096; x_wconf 86' lang='lat' dir='ltr'><strong>nostri</strong></span> <span class='ocrx_word' id='word_1_41' title='bbox 716 1049 996 1116; x_wconf 84' lang='lat' dir='ltr'><strong>apostolici</strong></span> <span class='ocrx_word' id='word_1_42' title='bbox 1032 1057 1334 1124; x_wconf 90' lang='lat' dir='ltr'><strong>constituti,</strong></span> <span class='ocrx_word' id='word_1_43' title='bbox 1366 1061 1433 1117; x_wconf 90' lang='lat' dir='ltr'><strong>ad</strong></span> <span class='ocrx_word' id='word_1_44' title='bbox 1468 1063 1670 1118; x_wconf 92' lang='lat' dir='ltr'><strong>cultum</strong></span> <span class='ocrx_word' id='word_1_45' title='bbox 1699 1065 1793 1120; x_wconf 86' lang='lat' dir='ltr'><strong>Dei</strong></span> <span class='ocrx_word' id='word_1_46' title='bbox 1828 1070 1998 1139; x_wconf 86' lang='lat' dir='ltr'><strong>respi-</strong></span> 
     </span>
    </p>
   </div>
   <div class='ocr_carea' id='block_1_8' title="bbox 412 1133 1994 1219">
    <p class='ocr_par' dir='ltr' id='par_1_8' title="bbox 412 1133 1994 1219">
     <span class='ocr_line' id='line_1_8' title="bbox 412 1133 1994 1219; baseline 0.02 -35"><span class='ocrx_word' id='word_1_47' title='bbox 412 1133 628 1199; x_wconf 86' lang='lat' dir='ltr'><strong>cientis,</strong></span> <span class='ocrx_word' id='word_1_48' title='bbox 658 1138 1056 1199; x_wconf 88' lang='lat' dir='ltr'><strong>benedictionis</strong></span> <span class='ocrx_word' id='word_1_49' title='bbox 1117 1150 1346 1219; x_wconf 76' lang='lat' dir='ltr'><strong>gratiam</strong></span> <span class='ocrx_word' id='word_1_50' title='bbox 1397 1170 1425 1206; x_wconf 91' lang='lat' dir='ltr'><strong>a</strong></span> <span class='ocrx_word' id='word_1_51' title='bbox 1485 1155 1994 1215; x_wconf 90' lang='lat' dir='ltr'><strong>misericordissimo</strong></span> 
     </span>
    </p>
   </div>
   <div class='ocr_carea' id='block_1_9' title="bbox 410 1222 1993 1317">
    <p class='ocr_par' dir='ltr' id='par_1_9' title="bbox 410 1222 1993 1317">
     <span class='ocr_line' id='line_1_9' title="bbox 410 1222 1993 1317; baseline 0.022 -42"><span class='ocrx_word' id='word_1_52' title='bbox 410 1222 640 1280; x_wconf 90' lang='lat' dir='ltr'><strong>Domino</strong></span> <span class='ocrx_word' id='word_1_53' title='bbox 663 1230 774 1285; x_wconf 89' lang='lat' dir='ltr'><strong>Deo</strong></span> <span class='ocrx_word' id='word_1_54' title='bbox 802 1234 1169 1307; x_wconf 89' lang='lat' dir='ltr'><strong>multipliciter</strong></span> <span class='ocrx_word' id='word_1_55' title='bbox 1194 1257 1577 1317; x_wconf 85' lang='lat' dir='ltr'><strong>consequatur,</strong></span> <span class='ocrx_word' id='word_1_56' title='bbox 1612 1259 1666 1305; x_wconf 92' lang='lat' dir='ltr'><strong>et</strong></span> <span class='ocrx_word' id='word_1_57' title='bbox 1697 1253 1817 1307; x_wconf 75' lang='lat' dir='ltr'><strong>vita:</strong></span> <span class='ocrx_word' id='word_1_58' title='bbox 1837 1266 1993 1309; x_wconf 80' lang='lat' dir='ltr'><strong>:eter-</strong></span> 
     </span>
    </p>
   </div>
   <div class='ocr_carea' id='block_1_10' title="bbox 408 1321 1278 1392">
    <p class='ocr_par' dir='ltr' id='par_1_10' title="bbox 408 1321 1278 1392">
     <span class='ocr_line' id='line_1_10' title="bbox 408 1321 1278 1392; baseline 0.024 -25"><span class='ocrx_word' id='word_1_59' title='bbox 408 1330 495 1369; x_wconf 77' lang='lat' dir='ltr'><strong>na:</strong></span> <span class='ocrx_word' id='word_1_60' title='bbox 525 1321 792 1392; x_wconf 87' lang='lat' dir='ltr'><strong>particeps</strong></span> <span class='ocrx_word' id='word_1_61' title='bbox 815 1323 952 1382; x_wconf 74' lang='lat' dir='ltr'><strong>efﬁci</strong></span> <span class='ocrx_word' id='word_1_62' title='bbox 985 1341 1278 1389; x_wconf 89' lang='lat' dir='ltr'><strong>mereatur.</strong></span> 
     </span>
    </p>
   </div>
   <div class='ocr_carea' id='block_1_11' title="bbox 480 1407 1994 1492">
    <p class='ocr_par' dir='ltr' id='par_1_11' title="bbox 480 1407 1994 1492">
     <span class='ocr_line' id='line_1_11' title="bbox 480 1407 1994 1492; baseline 0.02 -30"><span class='ocrx_word' id='word_1_63' title='bbox 480 1407 752 1481; x_wconf 87' lang='lat' dir='ltr'><strong>Scriptum</strong></span> <span class='ocrx_word' id='word_1_64' title='bbox 807 1431 906 1486; x_wconf 89' lang='lat' dir='ltr'><strong>per</strong></span> <span class='ocrx_word' id='word_1_65' title='bbox 961 1437 1177 1477; x_wconf 88' lang='lat' dir='ltr'><strong>manum</strong></span> <span class='ocrx_word' id='word_1_66' title='bbox 1228 1425 1452 1484; x_wconf 75' lang='lat' dir='ltr'><strong>Joannis</strong></span> <span class='ocrx_word' id='word_1_67' title='bbox 1493 1433 1687 1486; x_wconf 88' lang='lat' dir='ltr'><strong>notarii</strong></span> <span class='ocrx_word' id='word_1_68' title='bbox 1746 1435 1916 1490; x_wconf 88' lang='lat' dir='ltr'><strong>nostri</strong></span> <span class='ocrx_word' id='word_1_69' title='bbox 1939 1449 1994 1492; x_wconf 90' lang='lat' dir='ltr'><strong>ct</strong></span> 
     </span>
    </p>
   </div>
   <div class='ocr_carea' id='block_1_12' title="bbox 404 1506 1988 1594">
    <p class='ocr_par' dir='ltr' id='par_1_12' title="bbox 404 1506 1988 1594">
     <span class='ocr_line' id='line_1_12' title="bbox 404 1506 1988 1594; baseline 0.02 -44"><span class='ocrx_word' id='word_1_70' title='bbox 404 1512 770 1559; x_wconf 73' lang='lat' dir='ltr'><strong>sacrosancta:</strong></span> <span class='ocrx_word' id='word_1_71' title='bbox 814 1506 1070 1568; x_wconf 82' lang='lat' dir='ltr'><strong>Romanae</strong></span> <span class='ocrx_word' id='word_1_72' title='bbox 1100 1514 1374 1584; x_wconf 67' lang='lat' dir='ltr'><strong>Ecclesiae,</strong></span> <span class='ocrx_word' id='word_1_73' title='bbox 1410 1523 1565 1576; x_wconf 91' lang='lat' dir='ltr'><strong>nonis</strong></span> <span class='ocrx_word' id='word_1_74' title='bbox 1595 1523 1816 1594; x_wconf 83' lang='lat' dir='ltr'><strong>Aprilis,</strong></span> <span class='ocrx_word' id='word_1_75' title='bbox 1847 1527 1988 1581; x_wconf 86' lang='lat' dir='ltr'><strong>indi-</strong></span> 
     </span>
    </p>
   </div>
   <div class='ocr_carea' id='block_1_13' title="bbox 401 1592 1992 1692">
    <p class='ocr_par' dir='ltr' id='par_1_13' title="bbox 401 1592 1992 1692">
     <span class='ocr_line' id='line_1_13' title="bbox 401 1592 1992 1692; baseline 0.022 -48"><span class='ocrx_word' id='word_1_76' title='bbox 401 1592 582 1648; x_wconf 90' lang='lat' dir='ltr'><strong>ctione</strong></span> <span class='ocrx_word' id='word_1_77' title='bbox 610 1612 686 1650; x_wconf 71' lang='grc' dir='ltr'><strong>ιχ.</strong></span> <span class='ocrx_word' id='word_1_78' title='bbox 720 1599 912 1655; x_wconf 91' lang='lat' dir='ltr'><strong>Datum</strong></span> <span class='ocrx_word' id='word_1_79' title='bbox 955 1621 1053 1675; x_wconf 90' lang='lat' dir='ltr'><strong>per</strong></span> <span class='ocrx_word' id='word_1_80' title='bbox 1094 1625 1310 1665; x_wconf 91' lang='lat' dir='ltr'><strong>manum</strong></span> <span class='ocrx_word' id='word_1_81' title='bbox 1345 1613 1605 1684; x_wconf 85' lang='lat' dir='ltr'><strong>Stephani</strong></span> <span class='ocrx_word' id='word_1_82' title='bbox 1645 1592 1890 1692; x_wconf 78' lang='lat' dir='ltr'><strong>episcopi</strong></span> <span class='ocrx_word' id='word_1_83' title='bbox 1937 1634 1992 1679; x_wconf 86' lang='lat' dir='ltr'><strong>et</strong></span> 
     </span>
    </p>
   </div>
   <div class='ocr_carea' id='block_1_14' title="bbox 399 1681 1990 1778">
    <p class='ocr_par' dir='ltr' id='par_1_14' title="bbox 399 1681 1990 1778">
     <span class='ocr_line' id='line_1_14' title="bbox 399 1681 1990 1778; baseline 0.022 -42"><span class='ocrx_word' id='word_1_84' title='bbox 399 1681 792 1745; x_wconf 83' lang='lat' dir='ltr'><strong>bibliothecarii</strong></span> <span class='ocrx_word' id='word_1_85' title='bbox 817 1705 1017 1752; x_wconf 64' lang='lat' dir='ltr'><strong>sanctae</strong></span> <span class='ocrx_word' id='word_1_86' title='bbox 1040 1702 1184 1757; x_wconf 83' lang='lat' dir='ltr'><strong>sedis</strong></span> <span class='ocrx_word' id='word_1_87' title='bbox 1203 1681 1528 1774; x_wconf 52' lang='lat' dir='ltr'><strong>apostolica,</strong></span> <span class='ocrx_word' id='word_1_88' title='bbox 1564 1726 1728 1778; x_wconf 91' lang='lat' dir='ltr'><strong>anno,</strong></span> <span class='ocrx_word' id='word_1_89' title='bbox 1761 1714 1990 1772; x_wconf 89' lang='lat' dir='ltr'><strong>Domino</strong></span> 
     </span>
    </p>
   </div>
   <div class='ocr_carea' id='block_1_15' title="bbox 395 1782 1987 1863">
    <p class='ocr_par' dir='ltr' id='par_1_15' title="bbox 395 1782 1987 1863">
     <span class='ocr_line' id='line_1_15' title="bbox 395 1782 1987 1863; baseline 0.021 -33"><span class='ocrx_word' id='word_1_90' title='bbox 395 1782 653 1850; x_wconf 90' lang='lat' dir='ltr'><strong>propitio,</strong></span> <span class='ocrx_word' id='word_1_91' title='bbox 680 1788 1027 1855; x_wconf 88' lang='lat' dir='ltr'><strong>pontilicatus</strong></span> <span class='ocrx_word' id='word_1_92' title='bbox 1056 1796 1257 1851; x_wconf 85' lang='lat' dir='ltr'><strong>domini</strong></span> <span class='ocrx_word' id='word_1_93' title='bbox 1283 1804 1452 1855; x_wconf 83' lang='lat' dir='ltr'><strong>nostri</strong></span> <span class='ocrx_word' id='word_1_94' title='bbox 1491 1804 1762 1861; x_wconf 86' lang='lat' dir='ltr'><strong>Benedicti</strong></span> <span class='ocrx_word' id='word_1_95' title='bbox 1789 1810 1987 1863; x_wconf 80' lang='lat' dir='ltr'><strong>summi</strong></span> 
     </span>
    </p>
   </div>
   <div class='ocr_carea' id='block_1_16' title="bbox 1568 402 2490 476">
    <p class='ocr_par' dir='ltr' id='par_1_16' title="bbox 1568 402 2490 476">
     <span class='ocr_line' id='line_1_16' title="bbox 1568 402 2490 476; baseline 0.022 -22"><span class='ocrx_word' id='word_1_96' title='bbox 1568 402 1922 462; x_wconf 62' lang='lat' dir='ltr'><strong>EPISTOLE</strong></span> <span class='ocrx_word' id='word_1_97' title='bbox 1965 410 2051 465; x_wconf 82' lang='grc' dir='ltr'><strong>ΕΤ</strong></span> <span class='ocrx_word' id='word_1_98' title='bbox 2089 413 2490 476; x_wconf 77' lang='lat' dir='ltr'><strong>l&#39;RlVlLEGIA.</strong></span> 
     </span>
    </p>
   </div>
   <div class='ocr_carea' id='block_1_17' title="bbox 427 491 2351 594">
    <p class='ocr_par' dir='ltr' id='par_1_17' title="bbox 427 491 2351 594">
     <span class='ocr_line' id='line_1_17' title="bbox 427 491 2351 594; baseline 0.023 -50"><span class='ocrx_word' id='word_1_99' title='bbox 427 500 573 553; x_wconf 83' lang='lat' dir='ltr'><strong>sunt,</strong></span> <span class='ocrx_word' id='word_1_100' title='bbox 601 491 864 565; x_wconf 80' lang='lat' dir='ltr'><strong>refragari</strong></span> <span class='ocrx_word' id='word_1_101' title='bbox 899 511 987 554; x_wconf 91' lang='lat' dir='ltr'><strong>aut</strong></span> <span class='ocrx_word' id='word_1_102' title='bbox 1021 503 1073 557; x_wconf 92' lang='lat' dir='ltr'><strong>in</strong></span> <span class='ocrx_word' id='word_1_103' title='bbox 1101 521 1368 577; x_wconf 78' lang='lat' dir='ltr'><strong>quoquam</strong></span> <span class='ocrx_word' id='word_1_104' title='bbox 1403 520 1726 585; x_wconf 79' lang='lat' dir='ltr'><strong>transgredi,</strong></span> <span class='ocrx_word' id='word_1_105' title='bbox 1766 523 1902 576; x_wconf 86' lang='lat' dir='ltr'><strong>sciat</strong></span> <span class='ocrx_word' id='word_1_106' title='bbox 1945 542 2000 578; x_wconf 84' lang='lat' dir='ltr'><strong>se</strong></span> <span class='ocrx_word' id='word_1_107' title='bbox 2029 542 2076 594; x_wconf 77' lang='grc' dir='ltr'>Α</span> <span class='ocrx_word' id='word_1_108' title='bbox 2106 535 2351 589; x_wconf 75' lang='grc' dir='ltr'><strong>οιιηιίὺιιε</strong></span> 
     </span>
    </p>
   </div>
   <div class='ocr_carea' id='block_1_18' title="bbox 3582 444 3686 498">
    <p class='ocr_par' dir='ltr' id='par_1_18' title="bbox 3582 444 3686 498">
     <span class='ocr_line' id='line_1_18' title="bbox 3582 444 3686 498; baseline 0.01 -1"><span class='ocrx_word' id='word_1_109' title='bbox 3582 444 3686 498; x_wconf 61' lang='grc' dir='ltr'><strong>ὅόἓ</strong></span> 
     </span>
    </p>
   </div>
   <div class='ocr_carea' id='block_1_19' title="bbox 2388 542 3687 619">
    <p class='ocr_par' dir='ltr' id='par_1_19' title="bbox 2388 542 3687 619">
     <span class='ocr_line' id='line_1_19' title="bbox 2388 542 3687 619; baseline 0.021 -31"><span class='ocrx_word' id='word_1_110' title='bbox 2388 542 2732 606; x_wconf 71' lang='lat' dir='ltr'><strong>pertinentiis</strong></span> <span class='ocrx_word' id='word_1_111' title='bbox 2781 546 2860 597; x_wconf 85' lang='lat' dir='ltr'><strong>vel</strong></span> <span class='ocrx_word' id='word_1_112' title='bbox 2906 549 3219 618; x_wconf 84' lang='lat' dir='ltr'><strong>adjacentiis</strong></span> <span class='ocrx_word' id='word_1_113' title='bbox 3266 555 3396 619; x_wconf 84' lang='lat' dir='ltr'><strong>suis,</strong></span> <span class='ocrx_word' id='word_1_114' title='bbox 3436 559 3687 614; x_wconf 78' lang='lat' dir='ltr'><strong>videlicet</strong></span> 
     </span>
    </p>
   </div>
   <div class='ocr_carea' id='block_1_20' title="bbox 2107 623 3686 705">
    <p class='ocr_par' dir='ltr' id='par_1_20' title="bbox 2107 623 3686 705">
     <span class='ocr_line' id='line_1_20' title="bbox 2107 623 3686 705; baseline 0.02 -31"><span class='ocrx_word' id='word_1_115' title='bbox 2107 623 2374 679; x_wconf 76' lang='lat' dir='ltr'><strong>abbatiam</strong></span> <span class='ocrx_word' id='word_1_116' title='bbox 2421 633 2590 683; x_wconf 82' lang='lat' dir='ltr'><strong>sancti</strong></span> <span class='ocrx_word' id='word_1_117' title='bbox 2645 633 2821 704; x_wconf 85' lang='lat' dir='ltr'><strong>Eligii,</strong></span> <span class='ocrx_word' id='word_1_118' title='bbox 2857 639 3036 693; x_wconf 87' lang='lat' dir='ltr'><strong>abbat.</strong></span> <span class='ocrx_word' id='word_1_119' title='bbox 3081 646 3254 698; x_wconf 79' lang='lat' dir='ltr'><strong>sancti</strong></span> <span class='ocrx_word' id='word_1_120' title='bbox 3286 646 3536 702; x_wconf 84' lang='lat' dir='ltr'><strong>Germani</strong></span> <span class='ocrx_word' id='word_1_121' title='bbox 3579 650 3686 705; x_wconf 79' lang='lat' dir='ltr'><strong>Ro-</strong></span> 
     </span>
    </p>
   </div>
   <div class='ocr_carea' id='block_1_21' title="bbox 2105 714 3686 794">
    <p class='ocr_par' dir='ltr' id='par_1_21' title="bbox 2105 714 3686 794">
     <span class='ocr_line' id='line_1_21' title="bbox 2105 714 3686 794; baseline 0.019 -30"><span class='ocrx_word' id='word_1_122' title='bbox 2105 714 2275 776; x_wconf 90' lang='lat' dir='ltr'><strong>tundi,</strong></span> <span class='ocrx_word' id='word_1_123' title='bbox 2307 716 2484 770; x_wconf 82' lang='lat' dir='ltr'><strong>abbat.</strong></span> <span class='ocrx_word' id='word_1_124' title='bbox 2515 723 2683 775; x_wconf 83' lang='lat' dir='ltr'><strong>sancti</strong></span> <span class='ocrx_word' id='word_1_125' title='bbox 2713 722 2966 790; x_wconf 78' lang='lat' dir='ltr'><strong>Marcelli,</strong></span> <span class='ocrx_word' id='word_1_126' title='bbox 2995 729 3177 784; x_wconf 84' lang='lat' dir='ltr'><strong>abbat.</strong></span> <span class='ocrx_word' id='word_1_127' title='bbox 3207 735 3378 788; x_wconf 78' lang='lat' dir='ltr'><strong>sancti</strong></span> <span class='ocrx_word' id='word_1_128' title='bbox 3409 733 3686 794; x_wconf 81' lang='lat' dir='ltr'><strong>Clodoaldi</strong></span> 
     </span>
    </p>
   </div>
   <div class='ocr_carea' id='block_1_22' title="bbox 2103 808 3686 893">
    <p class='ocr_par' dir='ltr' id='par_1_22' title="bbox 2103 808 3686 893">
     <span class='ocr_line' id='line_1_22' title="bbox 2103 808 3686 893; baseline 0.018 -37"><span class='ocrx_word' id='word_1_129' title='bbox 2103 813 2263 873; x_wconf 89' lang='lat' dir='ltr'><strong>atque</strong></span> <span class='ocrx_word' id='word_1_130' title='bbox 2295 809 2465 862; x_wconf 90' lang='lat' dir='ltr'><strong>sancti</strong></span> <span class='ocrx_word' id='word_1_131' title='bbox 2503 808 2738 877; x_wconf 79' lang='lat' dir='ltr'><strong>Martini,</strong></span> <span class='ocrx_word' id='word_1_132' title='bbox 2765 815 2944 870; x_wconf 89' lang='lat' dir='ltr'><strong>abbat.</strong></span> <span class='ocrx_word' id='word_1_133' title='bbox 2971 822 3140 874; x_wconf 87' lang='lat' dir='ltr'><strong>sancti</strong></span> <span class='ocrx_word' id='word_1_134' title='bbox 3163 820 3307 876; x_wconf 88' lang='lat' dir='ltr'><strong>Petri</strong></span> <span class='ocrx_word' id='word_1_135' title='bbox 3340 839 3457 893; x_wconf 71' lang='lat' dir='ltr'><strong>qua:</strong></span> <span class='ocrx_word' id='word_1_136' title='bbox 3487 827 3686 884; x_wconf 90' lang='lat' dir='ltr'><strong>dicitur</strong></span> 
     </span>
    </p>
   </div>
   <div class='ocr_carea' id='block_1_23' title="bbox 2101 893 3684 980">
    <p class='ocr_par' dir='ltr' id='par_1_23' title="bbox 2101 893 3684 980">
     <span class='ocr_line' id='line_1_23' title="bbox 2101 893 3684 980; baseline 0.016 -33"><span class='ocrx_word' id='word_1_137' title='bbox 2101 893 2379 966; x_wconf 79' lang='lat' dir='ltr'><strong>Respacis,</strong></span> <span class='ocrx_word' id='word_1_138' title='bbox 2405 901 2585 954; x_wconf 88' lang='lat' dir='ltr'><strong>abbat.</strong></span> <span class='ocrx_word' id='word_1_139' title='bbox 2621 907 2791 959; x_wconf 91' lang='lat' dir='ltr'><strong>sancti</strong></span> <span class='ocrx_word' id='word_1_140' title='bbox 2824 904 3105 963; x_wconf 89' lang='lat' dir='ltr'><strong>Saturnini</strong></span> <span class='ocrx_word' id='word_1_141' title='bbox 3133 911 3196 966; x_wconf 90' lang='lat' dir='ltr'><strong>de</strong></span> <span class='ocrx_word' id='word_1_142' title='bbox 3218 913 3475 980; x_wconf 80' lang='lat' dir='ltr'><strong>Canrosa,</strong></span> <span class='ocrx_word' id='word_1_143' title='bbox 3501 917 3684 972; x_wconf 84' lang='lat' dir='ltr'><strong>abbal.</strong></span> 
     </span>
    </p>
   </div>
   <div class='ocr_carea' id='block_1_24' title="bbox 2101 987 3687 1069">
    <p class='ocr_par' dir='ltr' id='par_1_24' title="bbox 2101 987 3687 1069">
     <span class='ocr_line' id='line_1_24' title="bbox 2101 987 3687 1069; baseline 0.015 -30"><span class='ocrx_word' id='word_1_144' title='bbox 2101 989 2270 1041; x_wconf 88' lang='lat' dir='ltr'><strong>sancti</strong></span> <span class='ocrx_word' id='word_1_145' title='bbox 2303 987 2444 1043; x_wconf 81' lang='lat' dir='ltr'><strong>Petri</strong></span> <span class='ocrx_word' id='word_1_146' title='bbox 2484 1008 2602 1060; x_wconf 66' lang='lat' dir='ltr'><strong>qua:</strong></span> <span class='ocrx_word' id='word_1_147' title='bbox 2637 996 2834 1049; x_wconf 87' lang='lat' dir='ltr'><strong>dicitur</strong></span> <span class='ocrx_word' id='word_1_148' title='bbox 2864 995 3091 1069; x_wconf 76' lang='lat' dir='ltr'><strong>Nigella,</strong></span> <span class='ocrx_word' id='word_1_149' title='bbox 3123 1002 3303 1058; x_wconf 88' lang='lat' dir='ltr'><strong>abbat.</strong></span> <span class='ocrx_word' id='word_1_150' title='bbox 3338 1008 3513 1061; x_wconf 91' lang='lat' dir='ltr'><strong>sancti</strong></span> <span class='ocrx_word' id='word_1_151' title='bbox 3547 1007 3687 1062; x_wconf 84' lang='lat' dir='ltr'><strong>Mar-</strong></span> 
     </span>
    </p>
   </div>
   <div class='ocr_carea' id='block_1_25' title="bbox 2101 1077 3688 1170">
    <p class='ocr_par' dir='ltr' id='par_1_25' title="bbox 2101 1077 3688 1170">
     <span class='ocr_line' id='line_1_25' title="bbox 2101 1077 3688 1170; baseline 0.016 -42"><span class='ocrx_word' id='word_1_152' title='bbox 2101 1077 2193 1129; x_wconf 92' lang='lat' dir='ltr'><strong>tini</strong></span> <span class='ocrx_word' id='word_1_153' title='bbox 2227 1095 2343 1147; x_wconf 74' lang='lat' dir='ltr'><strong>qttzt‘</strong></span> <span class='ocrx_word' id='word_1_154' title='bbox 2371 1091 2452 1134; x_wconf 80' lang='lat' dir='ltr'><strong>cst</strong></span> <span class='ocrx_word' id='word_1_155' title='bbox 2503 1083 2554 1136; x_wconf 92' lang='lat' dir='ltr'><strong>in</strong></span> <span class='ocrx_word' id='word_1_156' title='bbox 2593 1084 2902 1156; x_wconf 86' lang='lat' dir='ltr'><strong>Campellis,</strong></span> <span class='ocrx_word' id='word_1_157' title='bbox 2935 1091 3119 1146; x_wconf 89' lang='lat' dir='ltr'><strong>abbat.</strong></span> <span class='ocrx_word' id='word_1_158' title='bbox 3169 1097 3341 1150; x_wconf 85' lang='lat' dir='ltr'><strong>sancti</strong></span> <span class='ocrx_word' id='word_1_159' title='bbox 3392 1095 3537 1152; x_wconf 87' lang='lat' dir='ltr'><strong>Petri</strong></span> <span class='ocrx_word' id='word_1_160' title='bbox 3568 1115 3688 1170; x_wconf 64' lang='lat' dir='ltr'><strong>qua</strong></span> 
     </span>
    </p>
   </div>
   <div class='ocr_carea' id='block_1_26' title="bbox 2099 1171 3688 1260">
    <p class='ocr_par' dir='ltr' id='par_1_26' title="bbox 2099 1171 3688 1260">
     <span class='ocr_line' id='line_1_26' title="bbox 2099 1171 3688 1260; baseline 0.014 -36"><span class='ocrx_word' id='word_1_161' title='bbox 2099 1171 2294 1225; x_wconf 72' lang='lat' dir='ltr'><strong>dicitur</strong></span> <span class='ocrx_word' id='word_1_162' title='bbox 2322 1173 2577 1231; x_wconf 80' lang='lat' dir='ltr'><strong>Caziacus</strong></span> <span class='ocrx_word' id='word_1_163' title='bbox 2613 1195 2774 1248; x_wconf 88' lang='lat' dir='ltr'><strong>super</strong></span> <span class='ocrx_word' id='word_1_164' title='bbox 2801 1181 3064 1249; x_wconf 78' lang='lat' dir='ltr'><strong>Matrona,</strong></span> <span class='ocrx_word' id='word_1_165' title='bbox 3100 1202 3220 1241; x_wconf 91' lang='lat' dir='ltr'><strong>cum</strong></span> <span class='ocrx_word' id='word_1_166' title='bbox 3261 1190 3511 1246; x_wconf 90' lang='lat' dir='ltr'><strong>omnibus</strong></span> <span class='ocrx_word' id='word_1_167' title='bbox 3537 1191 3688 1260; x_wconf 84' lang='lat' dir='ltr'><strong>adja-</strong></span> 
     </span>
    </p>
   </div>
   <div class='ocr_carea' id='block_1_27' title="bbox 2097 1264 3686 1352">
    <p class='ocr_par' dir='ltr' id='par_1_27' title="bbox 2097 1264 3686 1352">
     <span class='ocr_line' id='line_1_27' title="bbox 2097 1264 3686 1352; baseline 0.014 -38"><span class='ocrx_word' id='word_1_168' title='bbox 2097 1264 2288 1316; x_wconf 82' lang='lat' dir='ltr'><strong>ccutiis</strong></span> <span class='ocrx_word' id='word_1_169' title='bbox 2313 1284 2496 1319; x_wconf 70' lang='lat' dir='ltr'><strong>mrum</strong></span> <span class='ocrx_word' id='word_1_170' title='bbox 2526 1309 2538 1330; x_wconf 91' lang='lat'><strong>,</strong></span> <span class='ocrx_word' id='word_1_171' title='bbox 2587 1280 2639 1322; x_wconf 90' lang='lat' dir='ltr'><strong>et</strong></span> <span class='ocrx_word' id='word_1_172' title='bbox 2669 1271 2926 1341; x_wconf 83' lang='lat' dir='ltr'><strong>quidquid</strong></span> <span class='ocrx_word' id='word_1_173' title='bbox 2960 1283 3068 1329; x_wconf 87' lang='lat' dir='ltr'><strong>tam</strong></span> <span class='ocrx_word' id='word_1_174' title='bbox 3099 1277 3150 1330; x_wconf 95' lang='lat' dir='ltr'><strong>in</strong></span> <span class='ocrx_word' id='word_1_175' title='bbox 3179 1294 3416 1348; x_wconf 70' lang='lat' dir='ltr'><strong>praesens</strong></span> <span class='ocrx_word' id='word_1_176' title='bbox 3438 1296 3600 1352; x_wconf 85' lang='lat' dir='ltr'><strong>quam</strong></span> <span class='ocrx_word' id='word_1_177' title='bbox 3629 1284 3686 1338; x_wconf 86' lang='lat' dir='ltr'><strong>in</strong></span> 
     </span>
    </p>
   </div>
   <div class='ocr_carea' id='block_1_28' title="bbox 2097 1355 3687 1434">
    <p class='ocr_par' dir='ltr' id='par_1_28' title="bbox 2097 1355 3687 1434">
     <span class='ocr_line' id='line_1_28' title="bbox 2097 1355 3687 1434; baseline 0.014 -28"><span class='ocrx_word' id='word_1_178' title='bbox 2097 1355 2331 1409; x_wconf 58' lang='lat' dir='ltr'><strong>futurum</strong></span> <span class='ocrx_word' id='word_1_179' title='bbox 2359 1361 2576 1428; x_wconf 73' lang='lat' dir='ltr'><strong>pt‘:t:ful:t</strong></span> <span class='ocrx_word' id='word_1_180' title='bbox 2608 1363 2832 1418; x_wconf 84' lang='lat' dir='ltr'><strong>eCclcsia</strong></span> <span class='ocrx_word' id='word_1_181' title='bbox 2859 1367 3178 1434; x_wconf 87' lang='lat' dir='ltr'><strong>possidenda</strong></span> <span class='ocrx_word' id='word_1_182' title='bbox 3199 1380 3300 1424; x_wconf 88' lang='lat' dir='ltr'><strong>est.</strong></span> <span class='ocrx_word' id='word_1_183' title='bbox 3328 1369 3501 1426; x_wconf 86' lang='lat' dir='ltr'><strong>Simili</strong></span> <span class='ocrx_word' id='word_1_184' title='bbox 3524 1373 3687 1429; x_wconf 87' lang='lat' dir='ltr'><strong>modo</strong></span> 
     </span>
    </p>
   </div>
   <div class='ocr_carea' id='block_1_29' title="bbox 2095 1446 3677 1532">
    <p class='ocr_par' dir='ltr' id='par_1_29' title="bbox 2095 1446 3677 1532">
     <span class='ocr_line' id='line_1_29' title="bbox 2095 1446 3677 1532; baseline 0.015 -36"><span class='ocrx_word' id='word_1_185' title='bbox 2095 1446 2159 1498; x_wconf 82' lang='lat' dir='ltr'><strong>de</strong></span> <span class='ocrx_word' id='word_1_186' title='bbox 2190 1447 2466 1517; x_wconf 59' lang='lat' dir='ltr'><strong>stipendiis</strong></span> <span class='ocrx_word' id='word_1_187' title='bbox 2507 1452 2732 1506; x_wconf 79' lang='lat' dir='ltr'><strong>fratrum</strong></span> <span class='ocrx_word' id='word_1_188' title='bbox 2767 1455 2931 1524; x_wconf 73' lang='lat' dir='ltr'><strong>ipsius</strong></span> <span class='ocrx_word' id='word_1_189' title='bbox 2961 1457 3060 1512; x_wconf 89' lang='lat' dir='ltr'><strong>loci</strong></span> <span class='ocrx_word' id='word_1_190' title='bbox 3083 1500 3096 1521; x_wconf 85' lang='lat'><strong>,</strong></span> <span class='ocrx_word' id='word_1_191' title='bbox 3137 1460 3343 1516; x_wconf 89' lang='lat' dir='ltr'><strong>scilicet</strong></span> <span class='ocrx_word' id='word_1_192' title='bbox 3373 1460 3677 1532; x_wconf 87' lang='lat' dir='ltr'><strong>Spedonam</strong></span> 
     </span>
    </p>
   </div>
   <div class='ocr_carea' id='block_1_30' title="bbox 2093 1547 3682 1612">
    <p class='ocr_par' dir='ltr' id='par_1_30' title="bbox 2093 1547 3682 1612">
     <span class='ocr_line' id='line_1_30' title="bbox 2093 1547 3682 1612; baseline 0.013 -21"><span class='ocrx_word' id='word_1_193' title='bbox 2093 1549 2416 1606; x_wconf 74' lang='lat' dir='ltr'><strong>potestatem</strong></span> <span class='ocrx_word' id='word_1_194' title='bbox 2449 1561 2568 1598; x_wconf 77' lang='lat' dir='ltr'><strong>(tllll</strong></span> <span class='ocrx_word' id='word_1_195' title='bbox 2601 1547 2852 1609; x_wconf 77' lang='lat' dir='ltr'><strong>ecclesia,</strong></span> <span class='ocrx_word' id='word_1_196' title='bbox 2893 1565 2954 1604; x_wconf 88' lang='lat' dir='ltr'><strong>ac</strong></span> <span class='ocrx_word' id='word_1_197' title='bbox 2989 1551 3221 1606; x_wconf 86' lang='lat' dir='ltr'><strong>villulam</strong></span> <span class='ocrx_word' id='word_1_198' title='bbox 3257 1555 3474 1609; x_wconf 89' lang='lat' dir='ltr'><strong>nomine</strong></span> <span class='ocrx_word' id='word_1_199' title='bbox 3504 1553 3682 1612; x_wconf 78' lang='lat' dir='ltr'><strong>Mace-</strong></span> 
     </span>
    </p>
   </div>
   <div class='ocr_carea' id='block_1_31' title="bbox 2094 1629 3681 1714">
    <p class='ocr_par' dir='ltr' id='par_1_31' title="bbox 2094 1629 3681 1714">
     <span class='ocr_line' id='line_1_31' title="bbox 2094 1629 3681 1714; baseline 0.013 -34"><span class='ocrx_word' id='word_1_200' title='bbox 2094 1629 2224 1694; x_wconf 81' lang='lat' dir='ltr'><strong>rias,</strong></span> <span class='ocrx_word' id='word_1_201' title='bbox 2257 1645 2375 1683; x_wconf 90' lang='lat' dir='ltr'><strong>cum</strong></span> <span class='ocrx_word' id='word_1_202' title='bbox 2405 1634 2656 1687; x_wconf 87' lang='lat' dir='ltr'><strong>omnibus</strong></span> <span class='ocrx_word' id='word_1_203' title='bbox 2702 1637 2828 1690; x_wconf 88' lang='lat' dir='ltr'><strong>inibi</strong></span> <span class='ocrx_word' id='word_1_204' title='bbox 2871 1637 3014 1706; x_wconf 89' lang='lat' dir='ltr'><strong>justc</strong></span> <span class='ocrx_word' id='word_1_205' title='bbox 3044 1641 3389 1714; x_wconf 87' lang='lat' dir='ltr'><strong>legaliterque</strong></span> <span class='ocrx_word' id='word_1_206' title='bbox 3415 1646 3681 1714; x_wconf 81' lang='lat' dir='ltr'><strong>aspicien-</strong></span> 
     </span>
    </p>
   </div>
   <div class='ocr_carea' id='block_1_32' title="bbox 2094 1719 3678 1804">
    <p class='ocr_par' dir='ltr' id='par_1_32' title="bbox 2094 1719 3678 1804">
     <span class='ocr_line' id='line_1_32' title="bbox 2094 1719 3678 1804; baseline 0.013 -33"><span class='ocrx_word' id='word_1_207' title='bbox 2094 1719 2272 1783; x_wconf 90' lang='lat' dir='ltr'><strong>tibus,</strong></span> <span class='ocrx_word' id='word_1_208' title='bbox 2323 1739 2483 1792; x_wconf 85' lang='lat' dir='ltr'><strong>quam</strong></span> <span class='ocrx_word' id='word_1_209' title='bbox 2553 1726 2690 1780; x_wconf 87' lang='lat' dir='ltr'><strong>idem</strong></span> <span class='ocrx_word' id='word_1_210' title='bbox 2741 1727 3047 1797; x_wconf 68' lang='lat' dir='ltr'><strong>pnelibatus</strong></span> <span class='ocrx_word' id='word_1_211' title='bbox 3092 1734 3287 1802; x_wconf 63' lang='lat' dir='ltr'><strong>praesul</strong></span> <span class='ocrx_word' id='word_1_212' title='bbox 3342 1733 3678 1804; x_wconf 79' lang='lat' dir='ltr'><strong>Elysiardus,</strong></span> 
     </span>
    </p>
   </div>
   <div class='ocr_carea' id='block_1_33' title="bbox 2092 1813 3676 1892">
    <p class='ocr_par' dir='ltr' id='par_1_33' title="bbox 2092 1813 3676 1892">
     <span class='ocr_line' id='line_1_33' title="bbox 2092 1813 3676 1892; baseline 0.013 -29"><span class='ocrx_word' id='word_1_213' title='bbox 2092 1824 2277 1866; x_wconf 91' lang='lat' dir='ltr'><strong>amore</strong></span> <span class='ocrx_word' id='word_1_214' title='bbox 2309 1813 2398 1867; x_wconf 88' lang='lat' dir='ltr'><strong>Dei</strong></span> <span class='ocrx_word' id='word_1_215' title='bbox 2430 1814 2642 1880; x_wconf 83' lang='lat' dir='ltr'><strong>ductus,</strong></span> <span class='ocrx_word' id='word_1_216' title='bbox 2695 1827 2801 1872; x_wconf 87' lang='lat' dir='ltr'><strong>tam</strong></span> <span class='ocrx_word' id='word_1_217' title='bbox 2834 1836 2861 1872; x_wconf 90' lang='lat' dir='ltr'><strong>a</strong></span> <span class='ocrx_word' id='word_1_218' title='bbox 2891 1837 3008 1884; x_wconf 87' lang='lat' dir='ltr'><strong>suo,</strong></span> <span class='ocrx_word' id='word_1_219' title='bbox 3043 1838 3203 1892; x_wconf 87' lang='lat' dir='ltr'><strong>quam</strong></span> <span class='ocrx_word' id='word_1_220' title='bbox 3237 1841 3264 1877; x_wconf 94' lang='lat' dir='ltr'><strong>a</strong></span> <span class='ocrx_word' id='word_1_221' title='bbox 3297 1841 3676 1883; x_wconf 85' lang='lat' dir='ltr'><strong>successorum</strong></span> 
     </span>
    </p>
   </div>
   <div class='ocr_carea' id='block_1_34' title="bbox 394 1874 3677 1973">
    <p class='ocr_par' dir='ltr' id='par_1_34' title="bbox 394 1874 3677 1973">
     <span class='ocr_line' id='line_1_34' title="bbox 394 1874 3677 1973; baseline 0.015 -48"><span class='ocrx_word' id='word_1_222' title='bbox 394 1874 666 1941; x_wconf 88' lang='lat' dir='ltr'><strong>pontiticis</strong></span> <span class='ocrx_word' id='word_1_223' title='bbox 693 1886 748 1931; x_wconf 88' lang='lat' dir='ltr'><strong>et</strong></span> <span class='ocrx_word' id='word_1_224' title='bbox 778 1883 1096 1941; x_wconf 83' lang='lat' dir='ltr'><strong>universalis</strong></span> <span class='ocrx_word' id='word_1_225' title='bbox 1130 1889 1384 1947; x_wconf 65' lang='lat' dir='ltr'><strong>Ecclesiae</strong></span> <span class='ocrx_word' id='word_1_226' title='bbox 1409 1912 1559 1966; x_wconf 69' lang='lat' dir='ltr'><strong>papa:</strong></span> <span class='ocrx_word' id='word_1_227' title='bbox 1592 1899 1642 1952; x_wconf 92' lang='lat' dir='ltr'><strong>in</strong></span> <span class='ocrx_word' id='word_1_228' title='bbox 1671 1903 1978 1958; x_wconf 84' lang='lat' dir='ltr'><strong>sacratissi-</strong></span> <span class='ocrx_word' id='word_1_229' title='bbox 2008 1907 2058 1966; x_wconf 82' lang='grc' dir='ltr'><strong>Β</strong></span> <span class='ocrx_word' id='word_1_230' title='bbox 2087 1917 2305 1956; x_wconf 89' lang='lat' dir='ltr'><strong>suorum</strong></span> <span class='ocrx_word' id='word_1_231' title='bbox 2342 1905 2578 1961; x_wconf 76' lang='lat' dir='ltr'><strong>dominio</strong></span> <span class='ocrx_word' id='word_1_232' title='bbox 2626 1910 2896 1972; x_wconf 64' lang='lat' dir='ltr'><strong>aul’crvns,</strong></span> <span class='ocrx_word' id='word_1_233' title='bbox 2928 1913 2978 1964; x_wconf 93' lang='lat' dir='ltr'><strong>in</strong></span> <span class='ocrx_word' id='word_1_234' title='bbox 3006 1912 3234 1968; x_wconf 76' lang='lat' dir='ltr'><strong>l‘ratrmn</strong></span> <span class='ocrx_word' id='word_1_235' title='bbox 3267 1927 3468 1972; x_wconf 74' lang='lat' dir='ltr'><strong>sancta:</strong></span> <span class='ocrx_word' id='word_1_236' title='bbox 3493 1917 3677 1973; x_wconf 76' lang='lat' dir='ltr'><strong>Maria:</strong></span> 
     </span>
    </p>
   </div>
   <div class='ocr_carea' id='block_1_35' title="bbox 393 1967 1979 2063">
    <p class='ocr_par' dir='ltr' id='par_1_35' title="bbox 393 1967 1979 2063">
     <span class='ocr_line' id='line_1_35' title="bbox 393 1967 1979 2063; baseline 0.023 -48"><span class='ocrx_word' id='word_1_237' title='bbox 393 1978 480 2016; x_wconf 82' lang='lat' dir='ltr'><strong>ma</strong></span> <span class='ocrx_word' id='word_1_238' title='bbox 525 1967 649 2021; x_wconf 88' lang='lat' dir='ltr'><strong>sede</strong></span> <span class='ocrx_word' id='word_1_239' title='bbox 695 1970 839 2026; x_wconf 88' lang='lat' dir='ltr'><strong>beati</strong></span> <span class='ocrx_word' id='word_1_240' title='bbox 895 1975 1040 2032; x_wconf 89' lang='lat' dir='ltr'><strong>Petri</strong></span> <span class='ocrx_word' id='word_1_241' title='bbox 1098 1985 1324 2050; x_wconf 89' lang='lat' dir='ltr'><strong>apostoli</strong></span> <span class='ocrx_word' id='word_1_242' title='bbox 1376 1990 1629 2057; x_wconf 91' lang='lat' dir='ltr'><strong>septimo,</strong></span> <span class='ocrx_word' id='word_1_243' title='bbox 1678 1993 1979 2063; x_wconf 86' lang='lat' dir='ltr'><strong>imperante</strong></span> 
     </span>
    </p>
   </div>
   <div class='ocr_carea' id='block_1_36' title="bbox 390 2055 1978 2158">
    <p class='ocr_par' dir='ltr' id='par_1_36' title="bbox 390 2055 1978 2158">
     <span class='ocr_line' id='line_1_36' title="bbox 390 2055 1978 2158; baseline 0.024 -51"><span class='ocrx_word' id='word_1_244' title='bbox 390 2055 614 2113; x_wconf 89' lang='lat' dir='ltr'><strong>domino</strong></span> <span class='ocrx_word' id='word_1_245' title='bbox 657 2073 844 2120; x_wconf 91' lang='lat' dir='ltr'><strong>nostro</strong></span> <span class='ocrx_word' id='word_1_246' title='bbox 895 2069 1090 2127; x_wconf 88' lang='lat' dir='ltr'><strong>Ottone</strong></span> <span class='ocrx_word' id='word_1_247' title='bbox 1123 2089 1402 2147; x_wconf 89' lang='lat' dir='ltr'><strong>coronato,</strong></span> <span class='ocrx_word' id='word_1_248' title='bbox 1439 2097 1582 2138; x_wconf 88' lang='lat' dir='ltr'><strong>anno</strong></span> <span class='ocrx_word' id='word_1_249' title='bbox 1619 2085 1831 2157; x_wconf 87' lang='lat' dir='ltr'><strong>imperii</strong></span> <span class='ocrx_word' id='word_1_250' title='bbox 1861 2089 1978 2158; x_wconf 88' lang='lat' dir='ltr'><strong>ejus</strong></span> 
     </span>
    </p>
   </div>
   <div class='ocr_carea' id='block_1_37' title="bbox 392 2162 1170 2233">
    <p class='ocr_par' dir='ltr' id='par_1_37' title="bbox 392 2162 1170 2233">
     <span class='ocr_line' id='line_1_37' title="bbox 392 2162 1170 2233; baseline 0.026 -33"><span class='ocrx_word' id='word_1_251' title='bbox 392 2162 493 2214; x_wconf 77' lang='lat' dir='ltr'><strong>xit,</strong></span> <span class='ocrx_word' id='word_1_252' title='bbox 523 2166 718 2220; x_wconf 90' lang='lat' dir='ltr'><strong>quarto</strong></span> <span class='ocrx_word' id='word_1_253' title='bbox 746 2173 920 2215; x_wconf 90' lang='lat' dir='ltr'><strong>nonas</strong></span> <span class='ocrx_word' id='word_1_254' title='bbox 948 2163 1170 2233; x_wconf 85' lang='lat' dir='ltr'><strong>Aprilis.</strong></span> 
     </span>
    </p>
   </div>
   <div class='ocr_carea' id='block_1_38' title="bbox 1116 2279 1236 2337">
    <p class='ocr_par' dir='ltr' id='par_1_38' title="bbox 1116 2279 1236 2337">
     <span class='ocr_line' id='line_1_38' title="bbox 1116 2279 1236 2337; baseline 0.033 -4"><span class='ocrx_word' id='word_1_255' title='bbox 1116 2279 1236 2337; x_wconf 81' lang='lat' dir='ltr'><strong>XX.</strong></span> 
     </span>
    </p>
   </div>
   <div class='ocr_carea' id='block_1_39' title="bbox 385 2367 1971 2448">
    <p class='ocr_par' dir='ltr' id='par_1_39' title="bbox 385 2367 1971 2448">
     <span class='ocr_line' id='line_1_39' title="bbox 385 2367 1971 2448; baseline 0.026 -42"><span class='ocrx_word' id='word_1_256' title='bbox 385 2367 670 2414; x_wconf 71' lang='lat' dir='ltr'><strong>BENEDIC‘I&#39;I</strong></span> <span class='ocrx_word' id='word_1_257' title='bbox 708 2376 854 2418; x_wconf 68' lang='grc' dir='ltr'><strong>ΡΔΡΕ</strong></span> <span class='ocrx_word' id='word_1_258' title='bbox 896 2382 970 2422; x_wconf 82' lang='grc' dir='ltr'><strong>νη</strong></span> <span class='ocrx_word' id='word_1_259' title='bbox 1009 2385 1266 2427; x_wconf 70' lang='grc' dir='ltr'><strong>ειηδτοιΑ</strong></span> <span class='ocrx_word' id='word_1_260' title='bbox 1315 2391 1385 2430; x_wconf 74' lang='lat' dir='ltr'><strong>AD</strong></span> <span class='ocrx_word' id='word_1_261' title='bbox 1427 2395 1706 2441; x_wconf 75' lang='lat' dir='ltr'><strong>EPISCOPOS</strong></span> <span class='ocrx_word' id='word_1_262' title='bbox 1756 2402 1971 2448; x_wconf 67' lang='grc' dir='ltr'><strong>αλιιιι</strong></span> 
     </span>
    </p>
   </div>
   <div class='ocr_carea' id='block_1_40' title="bbox 969 2452 1385 2502">
    <p class='ocr_par' dir='ltr' id='par_1_40' title="bbox 969 2452 1385 2502">
     <span class='ocr_line' id='line_1_40' title="bbox 969 2452 1385 2502; baseline 0.024 -12"><span class='ocrx_word' id='word_1_263' title='bbox 969 2452 1041 2495; x_wconf 79' lang='grc' dir='ltr'><strong>ΕΤ</strong></span> <span class='ocrx_word' id='word_1_264' title='bbox 1076 2457 1385 2502; x_wconf 65' lang='grc' dir='ltr'><strong>(ΞΕΒΙΑΝΙΒ.</strong></span> 
     </span>
    </p>
   </div>
   <div class='ocr_carea' id='block_1_41' title="bbox 1008 2532 1354 2607">
    <p class='ocr_par' dir='ltr' id='par_1_41' title="bbox 1008 2532 1354 2607">
     <span class='ocr_line' id='line_1_41' title="bbox 1008 2532 1354 2607; baseline 0.023 -24"><span class='ocrx_word' id='word_1_265' title='bbox 1008 2532 1188 2602; x_wconf 87' lang='lat' dir='ltr'><strong>(Anno</strong></span> <span class='ocrx_word' id='word_1_266' title='bbox 1206 2537 1354 2607; x_wconf 80' lang='grc'><strong>981.)</strong></span> 
     </span>
    </p>
   </div>
   <div class='ocr_carea' id='block_1_42' title="bbox 379 2604 1971 2709">
    <p class='ocr_par' dir='ltr' id='par_1_42' title="bbox 379 2604 1971 2709">
     <span class='ocr_line' id='line_1_42' title="bbox 379 2604 1971 2709; baseline 0.024 -52"><span class='ocrx_word' id='word_1_267' title='bbox 379 2604 637 2709; x_wconf 45' lang='lat' dir='ltr'><strong>Omnian:</strong></span> <span class='ocrx_word' id='word_1_268' title='bbox 662 2615 922 2709; x_wconf 43' lang='lat' dir='ltr'><strong>episcopis.</strong></span> <span class='ocrx_word' id='word_1_269' title='bbox 971 2622 1162 2709; x_wconf 61' lang='lat' dir='ltr'><strong>quliw</strong></span> <span class='ocrx_word' id='word_1_270' title='bbox 1192 2604 1611 2709; x_wconf 48' lang='lat' dir='ltr'><strong>“Germaniwgue</strong></span> <span class='ocrx_word' id='word_1_271' title='bbox 1650 2636 1706 2709; x_wconf 68' lang='lat' dir='ltr'><strong>in</strong></span> <span class='ocrx_word' id='word_1_272' title='bbox 1755 2642 1971 2709; x_wconf 63' lang='lat' dir='ltr'><strong>synodi:</strong></span> 
     </span>
    </p>
   </div>
   <div class='ocr_carea' id='block_1_43' title="bbox 451 2681 1968 2768">
    <p class='ocr_par' dir='ltr' id='par_1_43' title="bbox 451 2681 1968 2768">
     <span class='ocr_line' id='line_1_43' title="bbox 451 2681 1968 2768; baseline 0.024 -39"><span class='ocrx_word' id='word_1_273' title='bbox 451 2681 577 2768; x_wconf 62' lang='lat' dir='ltr'><strong>quid</strong></span> <span class='ocrx_word' id='word_1_274' title='bbox 595 2681 768 2765; x_wconf 57' lang='lat' dir='ltr'><strong>actam</strong></span> <span class='ocrx_word' id='word_1_275' title='bbox 791 2681 1163 2768; x_wconf 34' lang='lat' dir='ltr'><strong>si&#39;t‘signi/icat.</strong></span> <span class='ocrx_word' id='word_1_276' title='bbox 1185 2681 1732 2768; x_wconf 10' lang='lat' dir='ltr'><strong>Privilegiﬁaiiec&#39;lesiie</strong></span> 
     </span>
    </p>
   </div>
   <div class='ocr_carea' id='block_1_44' title="bbox 453 2747 1966 2836">
    <p class='ocr_par' dir='ltr' id='par_1_44' title="bbox 453 2747 1966 2836">
     <span class='ocr_line' id='line_1_44' title="bbox 453 2747 1966 2836; baseline 0.022 -36"><span class='ocrx_word' id='word_1_277' title='bbox 453 2747 720 2836; x_wconf 72' lang='lat' dir='ltr'><strong>burgensis</strong></span> <span class='ocrx_word' id='word_1_278' title='bbox 751 2747 1044 2836; x_wconf 58' lang='lat' dir='ltr'><strong>con/ir7nui_</strong></span> <span class='ocrx_word' id='word_1_279' title='bbox 1075 2773 1122 2816; x_wconf 83' lang='lat' dir='ltr'><strong>et</strong></span> <span class='ocrx_word' id='word_1_280' title='bbox 1153 2747 1727 2836; x_wconf 39' lang='lat' dir='ltr'><strong>‘duyéif’XdEiTIiIé:</strong></span> <span class='ocrx_word' id='word_1_281' title='bbox 1745 2747 1966 2835; x_wconf 46' lang='lat'><strong>.7171&quot;;</strong></span> 
     </span>
    </p>
   </div>
   <div class='ocr_carea' id='block_1_45' title="bbox 450 2831 1966 2907">
    <p class='ocr_par' dir='ltr' id='par_1_45' title="bbox 450 2831 1966 2907">
     <span class='ocr_line' id='line_1_45' title="bbox 450 2831 1966 2907; baseline 0.026 -39"><span class='ocrx_word' id='word_1_282' title='bbox 450 2831 623 2907; x_wconf 63' lang='lat' dir='ltr'><strong>nutent</strong></span> <span class='ocrx_word' id='word_1_283' title='bbox 677 2842 913 2907; x_wconf 58' lang='lat' dir='ltr'><strong>praesens</strong></span> <span class='ocrx_word' id='word_1_284' title='bbox 963 2831 1290 2907; x_wconf 63' lang='lat' dir='ltr'><strong>privilegium</strong></span> <span class='ocrx_word' id='word_1_285' title='bbox 1338 2856 1429 2907; x_wconf 82' lang='lat' dir='ltr'><strong>per</strong></span> <span class='ocrx_word' id='word_1_286' title='bbox 1481 2847 1647 2897; x_wconf 71' lang='lat' dir='ltr'><strong>nostri</strong></span> <span class='ocrx_word' id='word_1_287' title='bbox 1697 2831 1966 2906; x_wconf 47' lang='lat' dir='ltr'><strong>secutori}</strong></span> 
     </span>
    </p>
   </div>
   <div class='ocr_carea' id='block_1_46' title="bbox 450 2889 1964 2989">
    <p class='ocr_par' dir='ltr' id='par_1_46' title="bbox 450 2889 1964 2989">
     <span class='ocr_line' id='line_1_46' title="bbox 450 2889 1964 2989; baseline 0.024 -49"><span class='ocrx_word' id='word_1_288' title='bbox 450 2889 648 2989; x_wconf 47' lang='lat' dir='ltr'><strong>leyaéos</strong></span> <span class='ocrx_word' id='word_1_289' title='bbox 677 2889 1177 2989; x_wconf 35' lang='lat' dir='ltr'><strong>’epifcopis&#39;ljallii‘e</strong></span> <span class='ocrx_word' id='word_1_290' title='bbox 1235 2917 1282 2961; x_wconf 88' lang='lat' dir='ltr'><strong>et</strong></span> <span class='ocrx_word' id='word_1_291' title='bbox 1335 2889 1647 2968; x_wconf 44' lang='lat' dir='ltr'><strong>be’mih&#39;ii};</strong></span> 
     </span>
    </p>
   </div>
   <div class='ocr_carea' id='block_1_47' title="bbox 449 2961 945 3037">
    <p class='ocr_par' dir='ltr' id='par_1_47' title="bbox 449 2961 945 3037">
     <span class='ocr_line' id='line_1_47' title="bbox 449 2961 945 3037; baseline 0.028 -29"><span class='ocrx_word' id='word_1_292' title='bbox 449 2961 892 3037; x_wconf 65' lang='lat' dir='ltr'><strong>conﬁrmandum.</strong></span> <span class='ocrx_word' id='word_1_293' title='bbox 927 2991 945 3022; x_wconf 71' lang='grc' dir='ltr'><strong>ο</strong></span> 
     </span>
    </p>
   </div>
   <div class='ocr_carea' id='block_1_48' title="bbox 662 3056 1677 3153">
    <p class='ocr_par' dir='ltr' id='par_1_48' title="bbox 662 3056 1677 3153">
     <span class='ocr_line' id='line_1_48' title="bbox 662 3056 1677 3153; baseline 0.023 -42"><span class='ocrx_word' id='word_1_294' title='bbox 662 3056 912 3131; x_wconf 85' lang='lat' dir='ltr'><strong>[Boysen,</strong></span> <span class='ocrx_word' id='word_1_295' title='bbox 943 3066 1081 3137; x_wconf 77' lang='lat' dir='ltr'><strong>Allg.</strong></span> <span class='ocrx_word' id='word_1_296' title='bbox 1108 3069 1232 3124; x_wconf 80' lang='lat' dir='ltr'><strong>hist.</strong></span> <span class='ocrx_word' id='word_1_297' title='bbox 1257 3071 1428 3144; x_wconf 84' lang='lat' dir='ltr'><strong>Mag.,</strong></span> <span class='ocrx_word' id='word_1_298' title='bbox 1456 3075 1496 3140; x_wconf 87' lang='grc' dir='ltr'><strong>Ι,</strong></span> <span class='ocrx_word' id='word_1_299' title='bbox 1527 3077 1677 3153; x_wconf 79' lang='grc'><strong>194.]</strong></span> 
     </span>
    </p>
   </div>
   <div class='ocr_carea' id='block_1_49' title="bbox 444 3160 1956 3252">
    <p class='ocr_par' dir='ltr' id='par_1_49' title="bbox 444 3160 1956 3252">
     <span class='ocr_line' id='line_1_49' title="bbox 444 3160 1956 3252; baseline 0.025 -39"><span class='ocrx_word' id='word_1_300' title='bbox 444 3160 727 3252; x_wconf 70' lang='lat' dir='ltr'><strong>Concessa:</strong></span> <span class='ocrx_word' id='word_1_301' title='bbox 751 3170 923 3235; x_wconf 87' lang='lat' dir='ltr'><strong>nobis,</strong></span> <span class='ocrx_word' id='word_1_302' title='bbox 951 3183 1056 3230; x_wconf 88' lang='lat' dir='ltr'><strong>etc.</strong></span> <span class='ocrx_word' id='word_1_303' title='bbox 1097 3177 1317 3251; x_wconf 83' lang='lat' dir='ltr'><strong>Reliqua</strong></span> <span class='ocrx_word' id='word_1_304' title='bbox 1342 3186 1460 3238; x_wconf 83' lang='lat' dir='ltr'><strong>vide</strong></span> <span class='ocrx_word' id='word_1_305' title='bbox 1493 3190 1634 3244; x_wconf 80' lang='lat' dir='ltr'><strong>aoud</strong></span> <span class='ocrx_word' id='word_1_306' title='bbox 1677 3190 1956 3252; x_wconf 83' lang='lat' dir='ltr'><strong>laudatum</strong></span> 
     </span>
    </p>
   </div>
   <div class='ocr_carea' id='block_1_50' title="bbox 367 3249 713 3308">
    <p class='ocr_par' dir='ltr' id='par_1_50' title="bbox 367 3249 713 3308">
     <span class='ocr_line' id='line_1_50' title="bbox 367 3249 713 3308; baseline 0.026 -8"><span class='ocrx_word' id='word_1_307' title='bbox 367 3249 713 3308; x_wconf 79' lang='lat' dir='ltr'><strong>rollectorem.</strong></span> 
     </span>
    </p>
   </div>
   <div class='ocr_carea' id='block_1_51' title="bbox 1089 3359 1226 3418">
    <p class='ocr_par' dir='ltr' id='par_1_51' title="bbox 1089 3359 1226 3418">
     <span class='ocr_line' id='line_1_51' title="bbox 1089 3359 1226 3418; baseline 0.029 -4"><span class='ocrx_word' id='word_1_308' title='bbox 1089 3359 1226 3418; x_wconf 83' lang='lat' dir='ltr'><strong>XXI.</strong></span> 
     </span>
    </p>
   </div>
   <div class='ocr_carea' id='block_1_52' title="bbox 438 3469 1877 3547">
    <p class='ocr_par' dir='ltr' id='par_1_52' title="bbox 438 3469 1877 3547">
     <span class='ocr_line' id='line_1_52' title="bbox 438 3469 1877 3547; baseline 0.028 -39"><span class='ocrx_word' id='word_1_309' title='bbox 438 3469 716 3517; x_wconf 69' lang='lat' dir='ltr'><strong>BINIDIC&#39;H</strong></span> <span class='ocrx_word' id='word_1_310' title='bbox 762 3477 837 3521; x_wconf 75' lang='lat' dir='ltr'><strong>VII</strong></span> <span class='ocrx_word' id='word_1_311' title='bbox 882 3481 1030 3526; x_wconf 63' lang='grc' dir='ltr'><strong>ΡΔΡΕ</strong></span> <span class='ocrx_word' id='word_1_312' title='bbox 1077 3488 1422 3537; x_wconf 65' lang='grc' dir='ltr'><strong>Ρηινίιεσιωι</strong></span> <span class='ocrx_word' id='word_1_313' title='bbox 1481 3501 1584 3543; x_wconf 75' lang='lat' dir='ltr'><strong>PRO</strong></span> <span class='ocrx_word' id='word_1_314' title='bbox 1625 3503 1877 3547; x_wconf 74' lang='lat' dir='ltr'><strong>ECCLBSIA</strong></span> 
     </span>
    </p>
   </div>
   <div class='ocr_carea' id='block_1_53' title="bbox 1000 3558 1312 3606">
    <p class='ocr_par' dir='ltr' id='par_1_53' title="bbox 1000 3558 1312 3606">
     <span class='ocr_line' id='line_1_53' title="bbox 1000 3558 1312 3606; baseline 0.035 -11"><span class='ocrx_word' id='word_1_315' title='bbox 1000 3558 1312 3606; x_wconf 68' lang='lat' dir='ltr'><strong>PARISIENSI.</strong></span> 
     </span>
    </p>
   </div>
   <div class='ocr_carea' id='block_1_54' title="bbox 894 3647 1418 3732">
    <p class='ocr_par' dir='ltr' id='par_1_54' title="bbox 894 3647 1418 3732">
     <span class='ocr_line' id='line_1_54' title="bbox 894 3647 1418 3732; baseline 0.029 -31"><span class='ocrx_word' id='word_1_316' title='bbox 894 3647 1083 3717; x_wconf 84' lang='lat' dir='ltr'><strong>(Anno</strong></span> <span class='ocrx_word' id='word_1_317' title='bbox 1124 3654 1380 3714; x_wconf 77' lang='lat'><strong>980-932.</strong></span> <span class='ocrx_word' id='word_1_318' title='bbox 1394 3661 1418 3732; x_wconf 83' lang='grc'><strong>)</strong></span> 
     </span>
    </p>
   </div>
   <div class='ocr_carea' id='block_1_55' title="bbox 538 3751 1755 3856">
    <p class='ocr_par' dir='ltr' id='par_1_55' title="bbox 538 3751 1755 3856">
     <span class='ocr_line' id='line_1_55' title="bbox 538 3751 1755 3856; baseline 0.026 -51"><span class='ocrx_word' id='word_1_319' title='bbox 538 3751 715 3845; x_wconf 35' lang='lat' dir='ltr'><strong>.[GalL</strong></span> <span class='ocrx_word' id='word_1_320' title='bbox 746 3755 940 3816; x_wconf 74' lang='lat' dir='ltr'><strong>Christ.</strong></span> <span class='ocrx_word' id='word_1_321' title='bbox 979 3773 1106 3821; x_wconf 87' lang='lat' dir='ltr'><strong>tom.</strong></span> <span class='ocrx_word' id='word_1_322' title='bbox 1140 3767 1249 3834; x_wconf 77' lang='lat' dir='ltr'><strong>Vll,</strong></span> <span class='ocrx_word' id='word_1_323' title='bbox 1279 3771 1528 3832; x_wconf 87' lang='lat' dir='ltr'><strong>instrum.</strong></span> <span class='ocrx_word' id='word_1_324' title='bbox 1555 3794 1610 3849; x_wconf 92' lang='lat' dir='ltr'><strong>p.</strong></span> <span class='ocrx_word' id='word_1_325' title='bbox 1641 3780 1755 3856; x_wconf 79' lang='lat'><strong>20.]</strong></span> 
     </span>
    </p>
   </div>
   <div class='ocr_carea' id='block_1_56' title="bbox 431 3879 1946 3982">
    <p class='ocr_par' dir='ltr' id='par_1_56' title="bbox 431 3879 1946 3982">
     <span class='ocr_line' id='line_1_56' title="bbox 431 3879 1946 3982; baseline 0.024 -46"><span class='ocrx_word' id='word_1_326' title='bbox 431 3879 768 3944; x_wconf 66' lang='lat' dir='ltr'><strong>Bassam-rus</strong></span> <span class='ocrx_word' id='word_1_327' title='bbox 792 3891 1097 3963; x_wconf 84' lang='lat' dir='ltr'><strong>episcopus,</strong></span> <span class='ocrx_word' id='word_1_328' title='bbox 1136 3913 1325 3957; x_wconf 85' lang='lat' dir='ltr'><strong>servus</strong></span> <span class='ocrx_word' id='word_1_329' title='bbox 1363 3919 1644 3963; x_wconf 90' lang='lat' dir='ltr'><strong>servorum</strong></span> <span class='ocrx_word' id='word_1_330' title='bbox 1670 3911 1788 3982; x_wconf 89' lang='lat' dir='ltr'><strong>Dei,</strong></span> <span class='ocrx_word' id='word_1_331' title='bbox 1820 3930 1946 3972; x_wconf 85' lang='lat' dir='ltr'><strong>san-</strong></span> 
     </span>
    </p>
   </div>
   <div class='ocr_carea' id='block_1_57' title="bbox 355 3975 1942 4076">
    <p class='ocr_par' dir='ltr' id='par_1_57' title="bbox 355 3975 1942 4076">
     <span class='ocr_line' id='line_1_57' title="bbox 355 3975 1942 4076; baseline 0.023 -51"><span class='ocrx_word' id='word_1_332' title='bbox 355 3982 461 4028; x_wconf 68' lang='lat' dir='ltr'><strong>ctaa</strong></span> <span class='ocrx_word' id='word_1_333' title='bbox 490 3975 745 4034; x_wconf 72' lang='lat' dir='ltr'><strong>Romanae</strong></span> <span class='ocrx_word' id='word_1_334' title='bbox 773 3983 916 4039; x_wconf 89' lang='lat' dir='ltr'><strong>sedis</strong></span> <span class='ocrx_word' id='word_1_335' title='bbox 943 3988 1288 4060; x_wconf 88' lang='lat' dir='ltr'><strong>apostolicus,</strong></span> <span class='ocrx_word' id='word_1_336' title='bbox 1317 3997 1568 4053; x_wconf 88' lang='lat' dir='ltr'><strong>omnibus</strong></span> <span class='ocrx_word' id='word_1_337' title='bbox 1609 4004 1942 4076; x_wconf 91' lang='lat' dir='ltr'><strong>coepiscopis</strong></span> 
     </span>
    </p>
   </div>
   <div class='ocr_carea' id='block_1_58' title="bbox 351 4067 1942 4151">
    <p class='ocr_par' dir='ltr' id='par_1_58' title="bbox 351 4067 1942 4151">
     <span class='ocr_line' id='line_1_58' title="bbox 351 4067 1942 4151; baseline 0.022 -33"><span class='ocrx_word' id='word_1_338' title='bbox 351 4073 408 4118; x_wconf 88' lang='lat' dir='ltr'><strong>et</strong></span> <span class='ocrx_word' id='word_1_339' title='bbox 434 4067 684 4124; x_wconf 89' lang='lat' dir='ltr'><strong>omnibus</strong></span> <span class='ocrx_word' id='word_1_340' title='bbox 712 4071 1044 4143; x_wconf 87' lang='lat' dir='ltr'><strong>principibus</strong></span> <span class='ocrx_word' id='word_1_341' title='bbox 1076 4080 1125 4132; x_wconf 90' lang='lat' dir='ltr'><strong>iu</strong></span> <span class='ocrx_word' id='word_1_342' title='bbox 1147 4091 1300 4151; x_wconf 90' lang='lat' dir='ltr'><strong>parte</strong></span> <span class='ocrx_word' id='word_1_343' title='bbox 1328 4084 1625 4144; x_wconf 87' lang='lat' dir='ltr'><strong>Galliarum</strong></span> <span class='ocrx_word' id='word_1_344' title='bbox 1654 4067 1942 4151; x_wconf 72' lang='lat' dir='ltr'><strong>residenti-</strong></span> 
     </span>
    </p>
   </div>
   <div class='ocr_carea' id='block_1_59' title="bbox 348 4153 1440 4232">
    <p class='ocr_par' dir='ltr' id='par_1_59' title="bbox 348 4153 1440 4232">
     <span class='ocr_line' id='line_1_59' title="bbox 348 4153 1440 4232; baseline 0.022 -24"><span class='ocrx_word' id='word_1_345' title='bbox 348 4153 475 4223; x_wconf 86' lang='lat' dir='ltr'><strong>bus,</strong></span> <span class='ocrx_word' id='word_1_346' title='bbox 506 4172 824 4229; x_wconf 88' lang='lat' dir='ltr'><strong>perpetuam</strong></span> <span class='ocrx_word' id='word_1_347' title='bbox 855 4166 908 4220; x_wconf 88' lang='lat' dir='ltr'><strong>in</strong></span> <span class='ocrx_word' id='word_1_348' title='bbox 938 4165 1165 4226; x_wconf 89' lang='lat' dir='ltr'><strong>Domino</strong></span> <span class='ocrx_word' id='word_1_349' title='bbox 1194 4174 1440 4232; x_wconf 89' lang='lat' dir='ltr'><strong>salutem.</strong></span> 
     </span>
    </p>
   </div>
   <div class='ocr_carea' id='block_1_60' title="bbox 421 4249 1942 4348">
    <p class='ocr_par' dir='ltr' id='par_1_60' title="bbox 421 4249 1942 4348">
     <span class='ocr_line' id='line_1_60' title="bbox 421 4249 1942 4348; baseline 0.021 -45"><span class='ocrx_word' id='word_1_350' title='bbox 421 4249 690 4306; x_wconf 87' lang='lat' dir='ltr'><strong>Convenit</strong></span> <span class='ocrx_word' id='word_1_351' title='bbox 716 4258 1013 4326; x_wconf 91' lang='lat' dir='ltr'><strong>apostolico</strong></span> <span class='ocrx_word' id='word_1_352' title='bbox 1041 4265 1394 4323; x_wconf 88' lang='lat' dir='ltr'><strong>moderamini</strong></span> <span class='ocrx_word' id='word_1_353' title='bbox 1424 4272 1511 4342; x_wconf 88' lang='lat' dir='ltr'><strong>pia</strong></span> <span class='ocrx_word' id='word_1_354' title='bbox 1539 4273 1798 4347; x_wconf 87' lang='lat' dir='ltr'><strong>religione</strong></span> <span class='ocrx_word' id='word_1_355' title='bbox 1825 4279 1942 4348; x_wconf 86' lang='lat' dir='ltr'><strong>pol-</strong></span> 
     </span>
    </p>
   </div>
   <div class='ocr_carea' id='block_1_61' title="bbox 345 4339 1942 4437">
    <p class='ocr_par' dir='ltr' id='par_1_61' title="bbox 345 4339 1942 4437">
     <span class='ocr_line' id='line_1_61' title="bbox 345 4339 1942 4437; baseline 0.021 -44"><span class='ocrx_word' id='word_1_356' title='bbox 345 4339 582 4397; x_wconf 86' lang='lat' dir='ltr'><strong>lcntibus</strong></span> <span class='ocrx_word' id='word_1_357' title='bbox 609 4343 856 4402; x_wconf 88' lang='lat' dir='ltr'><strong>benivola</strong></span> <span class='ocrx_word' id='word_1_358' title='bbox 879 4356 1249 4423; x_wconf 87' lang='lat' dir='ltr'><strong>compassione</strong></span> <span class='ocrx_word' id='word_1_359' title='bbox 1270 4375 1608 4431; x_wconf 89' lang='lat' dir='ltr'><strong>succurrere,</strong></span> <span class='ocrx_word' id='word_1_360' title='bbox 1635 4377 1690 4421; x_wconf 88' lang='lat' dir='ltr'><strong>et</strong></span> <span class='ocrx_word' id='word_1_361' title='bbox 1711 4384 1942 4437; x_wconf 86' lang='lat' dir='ltr'><strong>poscen-</strong></span> 
     </span>
    </p>
   </div>
   <div class='ocr_carea' id='block_1_62' title="bbox 345 4435 1933 4527">
    <p class='ocr_par' dir='ltr' id='par_1_62' title="bbox 345 4435 1933 4527">
     <span class='ocr_line' id='line_1_62' title="bbox 345 4435 1933 4527; baseline 0.022 -44"><span class='ocrx_word' id='word_1_362' title='bbox 345 4435 476 4487; x_wconf 90' lang='lat' dir='ltr'><strong>tium</strong></span> <span class='ocrx_word' id='word_1_363' title='bbox 510 4436 709 4492; x_wconf 87' lang='lat' dir='ltr'><strong>animis</strong></span> <span class='ocrx_word' id='word_1_364' title='bbox 755 4438 920 4496; x_wconf 88' lang='lat' dir='ltr'><strong>alacri</strong></span> <span class='ocrx_word' id='word_1_365' title='bbox 962 4444 1246 4504; x_wconf 86' lang='lat' dir='ltr'><strong>devotione</strong></span> <span class='ocrx_word' id='word_1_366' title='bbox 1297 4453 1561 4524; x_wconf 89' lang='lat' dir='ltr'><strong>impertiri</strong></span> <span class='ocrx_word' id='word_1_367' title='bbox 1613 4474 1933 4527; x_wconf 84' lang='lat' dir='ltr'><strong>assensum;</strong></span> 
     </span>
    </p>
   </div>
   <div class='ocr_carea' id='block_1_63' title="bbox 340 4523 1938 4620">
    <p class='ocr_par' dir='ltr' id='par_1_63' title="bbox 340 4523 1938 4620">
     <span class='ocr_line' id='line_1_63' title="bbox 340 4523 1938 4620; baseline 0.02 -45"><span class='ocrx_word' id='word_1_368' title='bbox 340 4523 605 4591; x_wconf 81' lang='lat' dir='ltr'><strong>siquidem</strong></span> <span class='ocrx_word' id='word_1_369' title='bbox 644 4528 844 4584; x_wconf 89' lang='lat' dir='ltr'><strong>etenim</strong></span> <span class='ocrx_word' id='word_1_370' title='bbox 889 4534 1227 4601; x_wconf 88' lang='lat' dir='ltr'><strong>potissimum</strong></span> <span class='ocrx_word' id='word_1_371' title='bbox 1286 4523 1422 4598; x_wconf 79' lang='lat' dir='ltr'><strong>lucri</strong></span> <span class='ocrx_word' id='word_1_372' title='bbox 1463 4548 1744 4614; x_wconf 71' lang='lat' dir='ltr'><strong>praemium</strong></span> <span class='ocrx_word' id='word_1_373' title='bbox 1792 4523 1938 4620; x_wconf 80' lang='lat' dir='ltr'><strong>apud</strong></span> 
     </span>
    </p>
   </div>
   <div class='ocr_carea' id='block_1_64' title="bbox 340 4615 2019 4702">
    <p class='ocr_par' dir='ltr' id='par_1_64' title="bbox 340 4615 2019 4702">
     <span class='ocr_line' id='line_1_64' title="bbox 340 4615 2019 4702; baseline 0.02 -35"><span class='ocrx_word' id='word_1_374' title='bbox 340 4615 679 4673; x_wconf 77' lang='lat' dir='ltr'><strong>conditorem</strong></span> <span class='ocrx_word' id='word_1_375' title='bbox 710 4621 952 4678; x_wconf 90' lang='lat' dir='ltr'><strong>omnium</strong></span> <span class='ocrx_word' id='word_1_376' title='bbox 998 4627 1186 4694; x_wconf 90' lang='lat' dir='ltr'><strong>Deum,</strong></span> <span class='ocrx_word' id='word_1_377' title='bbox 1217 4635 1432 4702; x_wconf 87' lang='lat' dir='ltr'><strong>quando</strong></span> <span class='ocrx_word' id='word_1_378' title='bbox 1460 4640 1785 4696; x_wconf 87' lang='lat' dir='ltr'><strong>venerabilia</strong></span> <span class='ocrx_word' id='word_1_379' title='bbox 1814 4615 1937 4698; x_wconf 81' lang='lat' dir='ltr'><strong>loca</strong></span> <span class='ocrx_word' id='word_1_380' title='bbox 1964 4619 2019 4679; x_wconf 72' lang='grc' dir='ltr'><strong><em>Β</em></strong></span> 
     </span>
    </p>
   </div>
   <div class='ocr_carea' id='block_1_65' title="bbox 339 4711 1933 4790">
    <p class='ocr_par' dir='ltr' id='par_1_65' title="bbox 339 4711 1933 4790">
     <span class='ocr_line' id='line_1_65' title="bbox 339 4711 1933 4790; baseline 0.018 -28"><span class='ocrx_word' id='word_1_381' title='bbox 339 4719 645 4776; x_wconf 83' lang='lat' dir='ltr'><strong>Opportune</strong></span> <span class='ocrx_word' id='word_1_382' title='bbox 676 4711 949 4780; x_wconf 87' lang='lat' dir='ltr'><strong>ordinata,</strong></span> <span class='ocrx_word' id='word_1_383' title='bbox 987 4719 1053 4774; x_wconf 90' lang='lat' dir='ltr'><strong>ad</strong></span> <span class='ocrx_word' id='word_1_384' title='bbox 1084 4721 1359 4778; x_wconf 89' lang='lat' dir='ltr'><strong>meliorem</strong></span> <span class='ocrx_word' id='word_1_385' title='bbox 1387 4724 1590 4784; x_wconf 80' lang='lat' dir='ltr'><strong>fuerint</strong></span> <span class='ocrx_word' id='word_1_386' title='bbox 1619 4731 1736 4787; x_wconf 88' lang='lat' dir='ltr'><strong>sine</strong></span> <span class='ocrx_word' id='word_1_387' title='bbox 1766 4734 1933 4790; x_wconf 88' lang='lat' dir='ltr'><strong>dubio</strong></span> 
     </span>
    </p>
   </div>
   <div class='ocr_carea' id='block_1_66' title="bbox 333 4801 1933 4883">
    <p class='ocr_par' dir='ltr' id='par_1_66' title="bbox 333 4801 1933 4883">
     <span class='ocr_line' id='line_1_66' title="bbox 333 4801 1933 4883; baseline 0.019 -34"><span class='ocrx_word' id='word_1_388' title='bbox 333 4806 535 4852; x_wconf 90' lang='lat' dir='ltr'><strong>statum</strong></span> <span class='ocrx_word' id='word_1_389' title='bbox 567 4801 849 4869; x_wconf 87' lang='lat' dir='ltr'><strong>perducta.</strong></span> <span class='ocrx_word' id='word_1_390' title='bbox 904 4805 1102 4863; x_wconf 77' lang='lat' dir='ltr'><strong>Noscat</strong></span> <span class='ocrx_word' id='word_1_391' title='bbox 1146 4812 1310 4883; x_wconf 91' lang='lat' dir='ltr'><strong>igitur</strong></span> <span class='ocrx_word' id='word_1_392' title='bbox 1356 4826 1550 4874; x_wconf 73' lang='lat' dir='ltr'><strong>vestrae</strong></span> <span class='ocrx_word' id='word_1_393' title='bbox 1597 4821 1933 4880; x_wconf 74' lang='lat' dir='ltr'><strong>excellentiae</strong></span> 
     </span>
    </p>
   </div>
   <div class='ocr_carea' id='block_1_67' title="bbox 335 4888 1930 4977">
    <p class='ocr_par' dir='ltr' id='par_1_67' title="bbox 335 4888 1930 4977">
     <span class='ocr_line' id='line_1_67' title="bbox 335 4888 1930 4977; baseline 0.019 -36"><span class='ocrx_word' id='word_1_394' title='bbox 335 4888 623 4947; x_wconf 80' lang='lat' dir='ltr'><strong>laudabilis</strong></span> <span class='ocrx_word' id='word_1_395' title='bbox 653 4899 1032 4965; x_wconf 86' lang='lat' dir='ltr'><strong>mansuetudo,</strong></span> <span class='ocrx_word' id='word_1_396' title='bbox 1065 4904 1207 4972; x_wconf 91' lang='lat' dir='ltr'><strong>quod</strong></span> <span class='ocrx_word' id='word_1_397' title='bbox 1249 4905 1559 4977; x_wconf 87' lang='lat' dir='ltr'><strong>Elysiardus</strong></span> <span class='ocrx_word' id='word_1_398' title='bbox 1604 4911 1930 4973; x_wconf 89' lang='lat' dir='ltr'><strong>Parisiensis</strong></span> 
     </span>
    </p>
   </div>
   <div class='ocr_carea' id='block_1_68' title="bbox 333 4981 1926 5074">
    <p class='ocr_par' dir='ltr' id='par_1_68' title="bbox 333 4981 1926 5074">
     <span class='ocr_line' id='line_1_68' title="bbox 333 4981 1926 5074; baseline 0.019 -42"><span class='ocrx_word' id='word_1_399' title='bbox 333 4981 478 5035; x_wconf 87' lang='lat' dir='ltr'><strong>sedis</strong></span> <span class='ocrx_word' id='word_1_400' title='bbox 515 4984 802 5055; x_wconf 88' lang='lat' dir='ltr'><strong>episcopus</strong></span> <span class='ocrx_word' id='word_1_401' title='bbox 826 4988 1012 5045; x_wconf 88' lang='lat' dir='ltr'><strong>adiens</strong></span> <span class='ocrx_word' id='word_1_402' title='bbox 1042 4992 1224 5048; x_wconf 89' lang='lat' dir='ltr'><strong>limina</strong></span> <span class='ocrx_word' id='word_1_403' title='bbox 1248 4995 1530 5055; x_wconf 80' lang='lat' dir='ltr'><strong>beatorum</strong></span> <span class='ocrx_word' id='word_1_404' title='bbox 1556 5005 1926 5074; x_wconf 87' lang='lat' dir='ltr'><strong>apostolorum</strong></span> 
     </span>
    </p>
   </div>
   <div class='ocr_carea' id='block_1_69' title="bbox 330 5070 1930 5171">
    <p class='ocr_par' dir='ltr' id='par_1_69' title="bbox 330 5070 1930 5171">
     <span class='ocr_line' id='line_1_69' title="bbox 330 5070 1930 5171; baseline 0.021 -49"><span class='ocrx_word' id='word_1_405' title='bbox 330 5070 477 5150; x_wconf 71' lang='lat' dir='ltr'><strong>Petri</strong></span> <span class='ocrx_word' id='word_1_406' title='bbox 511 5085 565 5128; x_wconf 89' lang='lat' dir='ltr'><strong>et</strong></span> <span class='ocrx_word' id='word_1_407' title='bbox 595 5074 747 5131; x_wconf 91' lang='lat' dir='ltr'><strong>Pauli</strong></span> <span class='ocrx_word' id='word_1_408' title='bbox 804 5077 1004 5145; x_wconf 69' lang='lat' dir='ltr'><strong>Romae,</strong></span> <span class='ocrx_word' id='word_1_409' title='bbox 1047 5083 1322 5154; x_wconf 86' lang='lat' dir='ltr'><strong>instantia,</strong></span> <span class='ocrx_word' id='word_1_410' title='bbox 1377 5070 1671 5161; x_wconf 77' lang='lat' dir='ltr'><strong>ostendens</strong></span> <span class='ocrx_word' id='word_1_411' title='bbox 1726 5100 1930 5171; x_wconf 87' lang='lat' dir='ltr'><strong>regalia</strong></span> 
     </span>
    </p>
   </div>
   <div class='ocr_carea' id='block_1_70' title="bbox 331 5177 1930 5258">
    <p class='ocr_par' dir='ltr' id='par_1_70' title="bbox 331 5177 1930 5258">
     <span class='ocr_line' id='line_1_70' title="bbox 331 5177 1930 5258; baseline 0.023 -43"><span class='ocrx_word' id='word_1_412' title='bbox 331 5177 627 5236; x_wconf 60' lang='lat' dir='ltr'><strong>praecepta,</strong></span> <span class='ocrx_word' id='word_1_413' title='bbox 654 5185 774 5239; x_wconf 70' lang='lat' dir='ltr'><strong>quae</strong></span> <span class='ocrx_word' id='word_1_414' title='bbox 801 5187 901 5240; x_wconf 90' lang='lat' dir='ltr'><strong>pro</strong></span> <span class='ocrx_word' id='word_1_415' title='bbox 929 5178 1167 5233; x_wconf 89' lang='lat' dir='ltr'><strong>remedio</strong></span> <span class='ocrx_word' id='word_1_416' title='bbox 1198 5182 1500 5241; x_wconf 90' lang='lat' dir='ltr'><strong>animarum</strong></span> <span class='ocrx_word' id='word_1_417' title='bbox 1528 5206 1771 5258; x_wconf 86' lang='lat' dir='ltr'><strong>suarum,</strong></span> <span class='ocrx_word' id='word_1_418' title='bbox 1803 5210 1930 5250; x_wconf 90' lang='lat' dir='ltr'><strong>nec-</strong></span> 
     </span>
    </p>
   </div>
   <div class='ocr_carea' id='block_1_71' title="bbox 332 5251 1925 5354">
    <p class='ocr_par' dir='ltr' id='par_1_71' title="bbox 332 5251 1925 5354">
     <span class='ocr_line' id='line_1_71' title="bbox 332 5251 1925 5354; baseline 0.022 -45"><span class='ocrx_word' id='word_1_419' title='bbox 332 5251 440 5311; x_wconf 87' lang='lat' dir='ltr'><strong>non</strong></span> <span class='ocrx_word' id='word_1_420' title='bbox 485 5269 540 5313; x_wconf 90' lang='lat' dir='ltr'><strong>et</strong></span> <span class='ocrx_word' id='word_1_421' title='bbox 586 5273 988 5322; x_wconf 88' lang='lat' dir='ltr'><strong>antecessorum</strong></span> <span class='ocrx_word' id='word_1_422' title='bbox 1035 5278 1343 5328; x_wconf 86' lang='lat' dir='ltr'><strong>nostrorum</strong></span> <span class='ocrx_word' id='word_1_423' title='bbox 1374 5280 1650 5354; x_wconf 86' lang='lat' dir='ltr'><strong>privilegia</strong></span> <span class='ocrx_word' id='word_1_424' title='bbox 1676 5285 1925 5344; x_wconf 67' lang='lat' dir='ltr'><strong>ecclesia:</strong></span> 
     </span>
    </p>
   </div>
   <div class='ocr_carea' id='block_1_72' title="bbox 325 5351 1923 5444">
    <p class='ocr_par' dir='ltr' id='par_1_72' title="bbox 325 5351 1923 5444">
     <span class='ocr_line' id='line_1_72' title="bbox 325 5351 1923 5444; baseline 0.023 -41"><span class='ocrx_word' id='word_1_425' title='bbox 325 5351 507 5404; x_wconf 71' lang='lat' dir='ltr'><strong>beatae</strong></span> <span class='ocrx_word' id='word_1_426' title='bbox 560 5354 647 5409; x_wconf 87' lang='lat' dir='ltr'><strong>Dei</strong></span> <span class='ocrx_word' id='word_1_427' title='bbox 684 5358 966 5428; x_wconf 87' lang='lat' dir='ltr'><strong>genitricis</strong></span> <span class='ocrx_word' id='word_1_428' title='bbox 1011 5373 1065 5418; x_wconf 88' lang='lat' dir='ltr'><strong>et</strong></span> <span class='ocrx_word' id='word_1_429' title='bbox 1111 5366 1336 5439; x_wconf 86' lang='lat' dir='ltr'><strong>virginis</strong></span> <span class='ocrx_word' id='word_1_430' title='bbox 1378 5351 1589 5444; x_wconf 59' lang='lat' dir='ltr'><strong>Maria,</strong></span> <span class='ocrx_word' id='word_1_431' title='bbox 1637 5389 1693 5435; x_wconf 91' lang='lat' dir='ltr'><strong>et</strong></span> <span class='ocrx_word' id='word_1_432' title='bbox 1744 5381 1923 5438; x_wconf 86' lang='lat' dir='ltr'><strong>sancti</strong></span> 
     </span>
    </p>
   </div>
   <div class='ocr_carea' id='block_1_73' title="bbox 323 5446 1918 5522">
    <p class='ocr_par' dir='ltr' id='par_1_73' title="bbox 323 5446 1918 5522">
     <span class='ocr_line' id='line_1_73' title="bbox 323 5446 1918 5522; baseline 0.018 -29"><span class='ocrx_word' id='word_1_433' title='bbox 323 5449 742 5518; x_wconf 82' lang='lat' dir='ltr'><strong>protomartyris</strong></span> <span class='ocrx_word' id='word_1_434' title='bbox 776 5446 1032 5519; x_wconf 86' lang='lat' dir='ltr'><strong>Stephani</strong></span> <span class='ocrx_word' id='word_1_435' title='bbox 1070 5458 1277 5522; x_wconf 68' lang='lat' dir='ltr'><strong>pmfati</strong></span> <span class='ocrx_word' id='word_1_436' title='bbox 1311 5461 1432 5522; x_wconf 87' lang='lat' dir='ltr'><strong>loci.</strong></span> <span class='ocrx_word' id='word_1_437' title='bbox 1475 5469 1624 5522; x_wconf 80' lang='lat' dir='ltr'><strong>ﬁrma</strong></span> <span class='ocrx_word' id='word_1_438' title='bbox 1672 5479 1918 5522; x_wconf 64' lang='lat' dir='ltr'><strong>conseri.</strong></span> 
     </span>
    </p>
   </div>
   <div class='ocr_carea' id='block_1_74' title="bbox 2083 1994 3674 2070">
    <p class='ocr_par' dir='ltr' id='par_1_74' title="bbox 2083 1994 3674 2070">
     <span class='ocr_line' id='line_1_74' title="bbox 2083 1994 3674 2070; baseline 0.013 -22"><span class='ocrx_word' id='word_1_439' title='bbox 2083 1994 2321 2065; x_wconf 70' lang='lat' dir='ltr'><strong>prtel‘ata:</strong></span> <span class='ocrx_word' id='word_1_440' title='bbox 2349 1999 2495 2052; x_wconf 90' lang='lat' dir='ltr'><strong>sedis</strong></span> <span class='ocrx_word' id='word_1_441' title='bbox 2527 2001 2792 2070; x_wconf 69' lang='lat' dir='ltr'><strong>dtlegavit</strong></span> <span class='ocrx_word' id='word_1_442' title='bbox 2823 2019 2970 2057; x_wconf 87' lang='lat' dir='ltr'><strong>usus.</strong></span> <span class='ocrx_word' id='word_1_443' title='bbox 3008 2004 3395 2062; x_wconf 79' lang='lat' dir='ltr'><strong>Undresiacum</strong></span> <span class='ocrx_word' id='word_1_444' title='bbox 3426 2026 3548 2064; x_wconf 89' lang='lat' dir='ltr'><strong>cum</strong></span> <span class='ocrx_word' id='word_1_445' title='bbox 3581 2026 3674 2068; x_wconf 87' lang='lat' dir='ltr'><strong>ec-</strong></span> 
     </span>
    </p>
   </div>
   <div class='ocr_carea' id='block_1_75' title="bbox 2081 2088 3670 2172">
    <p class='ocr_par' dir='ltr' id='par_1_75' title="bbox 2081 2088 3670 2172">
     <span class='ocr_line' id='line_1_75' title="bbox 2081 2088 3670 2172; baseline 0.009 -28"><span class='ocrx_word' id='word_1_446' title='bbox 2081 2088 2246 2144; x_wconf 87' lang='lat' dir='ltr'><strong>clesia</strong></span> <span class='ocrx_word' id='word_1_447' title='bbox 2277 2100 2332 2144; x_wconf 87' lang='lat' dir='ltr'><strong>et</strong></span> <span class='ocrx_word' id='word_1_448' title='bbox 2361 2091 2529 2146; x_wconf 81' lang='lat' dir='ltr'><strong>altare</strong></span> <span class='ocrx_word' id='word_1_449' title='bbox 2554 2095 2810 2163; x_wconf 86' lang='lat' dir='ltr'><strong>onmique</strong></span> <span class='ocrx_word' id='word_1_450' title='bbox 2839 2096 3144 2165; x_wconf 79' lang='lat' dir='ltr'><strong>integritate</strong></span> <span class='ocrx_word' id='word_1_451' title='bbox 3174 2110 3228 2152; x_wconf 90' lang='lat' dir='ltr'><strong>et</strong></span> <span class='ocrx_word' id='word_1_452' title='bbox 3265 2101 3378 2154; x_wconf 89' lang='lat' dir='ltr'><strong>suis</strong></span> <span class='ocrx_word' id='word_1_453' title='bbox 3417 2102 3670 2172; x_wconf 87' lang='lat' dir='ltr'><strong>adjacen-</strong></span> 
     </span>
    </p>
   </div>
   <div class='ocr_carea' id='block_1_76' title="bbox 2081 2181 3673 2264">
    <p class='ocr_par' dir='ltr' id='par_1_76' title="bbox 2081 2181 3673 2264">
     <span class='ocr_line' id='line_1_76' title="bbox 2081 2181 3673 2264; baseline 0.01 -31"><span class='ocrx_word' id='word_1_454' title='bbox 2081 2181 2189 2234; x_wconf 92' lang='lat' dir='ltr'><strong>tiis.</strong></span> <span class='ocrx_word' id='word_1_455' title='bbox 2247 2181 2587 2237; x_wconf 84' lang='lat' dir='ltr'><strong>Aureliacum</strong></span> <span class='ocrx_word' id='word_1_456' title='bbox 2654 2201 2776 2239; x_wconf 91' lang='lat' dir='ltr'><strong>cum</strong></span> <span class='ocrx_word' id='word_1_457' title='bbox 2837 2187 3062 2240; x_wconf 76' lang='lat' dir='ltr'><strong>ecclesia</strong></span> <span class='ocrx_word' id='word_1_458' title='bbox 3119 2199 3172 2242; x_wconf 92' lang='lat' dir='ltr'><strong>et</strong></span> <span class='ocrx_word' id='word_1_459' title='bbox 3213 2191 3381 2246; x_wconf 87' lang='lat' dir='ltr'><strong>altare</strong></span> <span class='ocrx_word' id='word_1_460' title='bbox 3453 2195 3673 2264; x_wconf 84' lang='lat' dir='ltr'><strong>suisque</strong></span> 
     </span>
    </p>
   </div>
   <div class='ocr_carea' id='block_1_77' title="bbox 2077 2275 3674 2346">
    <p class='ocr_par' dir='ltr' id='par_1_77' title="bbox 2077 2275 3674 2346">
     <span class='ocr_line' id='line_1_77' title="bbox 2077 2275 3674 2346; baseline 0.008 -20"><span class='ocrx_word' id='word_1_461' title='bbox 2077 2275 2430 2342; x_wconf 89' lang='lat' dir='ltr'><strong>appenditiis;</strong></span> <span class='ocrx_word' id='word_1_462' title='bbox 2480 2275 2796 2331; x_wconf 89' lang='lat' dir='ltr'><strong>Civiliacum</strong></span> <span class='ocrx_word' id='word_1_463' title='bbox 2823 2319 2836 2340; x_wconf 90' lang='lat'><strong>,</strong></span> <span class='ocrx_word' id='word_1_464' title='bbox 2875 2277 3125 2346; x_wconf 86' lang='lat' dir='ltr'><strong>Lajacum</strong></span> <span class='ocrx_word' id='word_1_465' title='bbox 3172 2298 3293 2334; x_wconf 90' lang='lat' dir='ltr'><strong>cum</strong></span> <span class='ocrx_word' id='word_1_466' title='bbox 3341 2284 3572 2338; x_wconf 83' lang='lat' dir='ltr'><strong>ecclesia</strong></span> <span class='ocrx_word' id='word_1_467' title='bbox 3616 2292 3674 2339; x_wconf 80' lang='lat' dir='ltr'><strong>et</strong></span> 
     </span>
    </p>
   </div>
   <div class='ocr_carea' id='block_1_78' title="bbox 2077 2365 3669 2440">
    <p class='ocr_par' dir='ltr' id='par_1_78' title="bbox 2077 2365 3669 2440">
     <span class='ocr_line' id='line_1_78' title="bbox 2077 2365 3669 2440; baseline 0.008 -22"><span class='ocrx_word' id='word_1_468' title='bbox 2077 2365 2248 2420; x_wconf 89' lang='lat' dir='ltr'><strong>altare</strong></span> <span class='ocrx_word' id='word_1_469' title='bbox 2290 2366 2648 2436; x_wconf 73' lang='lat' dir='ltr'><strong>omnibusque</strong></span> <span class='ocrx_word' id='word_1_470' title='bbox 2692 2370 2820 2423; x_wconf 90' lang='lat' dir='ltr'><strong>inibi</strong></span> <span class='ocrx_word' id='word_1_471' title='bbox 2867 2371 3264 2440; x_wconf 86' lang='lat' dir='ltr'><strong>adjacentibus;</strong></span> <span class='ocrx_word' id='word_1_472' title='bbox 3309 2373 3669 2432; x_wconf 83' lang='lat' dir='ltr'><strong>Castcncdnm</strong></span> 
     </span>
    </p>
   </div>
   <div class='ocr_carea' id='block_1_79' title="bbox 2076 2455 3667 2533">
    <p class='ocr_par' dir='ltr' id='par_1_79' title="bbox 2076 2455 3667 2533">
     <span class='ocr_line' id='line_1_79' title="bbox 2076 2455 3667 2533; baseline 0.009 -25"><span class='ocrx_word' id='word_1_473' title='bbox 2076 2469 2198 2509; x_wconf 91' lang='lat' dir='ltr'><strong>cum</strong></span> <span class='ocrx_word' id='word_1_474' title='bbox 2231 2455 2456 2511; x_wconf 86' lang='lat' dir='ltr'><strong>ecclesia</strong></span> <span class='ocrx_word' id='word_1_475' title='bbox 2484 2467 2539 2512; x_wconf 91' lang='lat' dir='ltr'><strong>et</strong></span> <span class='ocrx_word' id='word_1_476' title='bbox 2566 2457 2734 2513; x_wconf 89' lang='lat' dir='ltr'><strong>altare</strong></span> <span class='ocrx_word' id='word_1_477' title='bbox 2763 2463 2982 2529; x_wconf 89' lang='lat' dir='ltr'><strong>suisque</strong></span> <span class='ocrx_word' id='word_1_478' title='bbox 3009 2465 3358 2533; x_wconf 78' lang='lat' dir='ltr'><strong>appenditiis;</strong></span> <span class='ocrx_word' id='word_1_479' title='bbox 3389 2467 3667 2523; x_wconf 85' lang='lat' dir='ltr'><strong>Baniolnm</strong></span> 
     </span>
    </p>
   </div>
   <div class='ocr_carea' id='block_1_80' title="bbox 2075 2545 3665 2620">
    <p class='ocr_par' dir='ltr' id='par_1_80' title="bbox 2075 2545 3665 2620">
     <span class='ocr_line' id='line_1_80' title="bbox 2075 2545 3665 2620; baseline 0.009 -20"><span class='ocrx_word' id='word_1_480' title='bbox 2075 2545 2196 2600; x_wconf 83' lang='lat' dir='ltr'><strong>eum</strong></span> <span class='ocrx_word' id='word_1_481' title='bbox 2227 2547 2452 2601; x_wconf 85' lang='lat' dir='ltr'><strong>ecclesia</strong></span> <span class='ocrx_word' id='word_1_482' title='bbox 2480 2558 2534 2602; x_wconf 91' lang='lat' dir='ltr'><strong>et</strong></span> <span class='ocrx_word' id='word_1_483' title='bbox 2558 2549 2726 2604; x_wconf 86' lang='lat' dir='ltr'><strong>altare</strong></span> <span class='ocrx_word' id='word_1_484' title='bbox 2753 2560 2807 2604; x_wconf 89' lang='lat' dir='ltr'><strong>et</strong></span> <span class='ocrx_word' id='word_1_485' title='bbox 2830 2553 2943 2605; x_wconf 87' lang='lat' dir='ltr'><strong>suis</strong></span> <span class='ocrx_word' id='word_1_486' title='bbox 2969 2551 3321 2620; x_wconf 78' lang='lat' dir='ltr'><strong>atljaccntiis;</strong></span> <span class='ocrx_word' id='word_1_487' title='bbox 3357 2557 3665 2614; x_wconf 75' lang='lat' dir='ltr'><strong>Snlciacnm</strong></span> 
     </span>
    </p>
   </div>
   <div class='ocr_carea' id='block_1_81' title="bbox 2074 2636 3657 2705">
    <p class='ocr_par' dir='ltr' id='par_1_81' title="bbox 2074 2636 3657 2705">
     <span class='ocr_line' id='line_1_81' title="bbox 2074 2636 3657 2705; baseline 0.009 -14"><span class='ocrx_word' id='word_1_488' title='bbox 2074 2649 2197 2691; x_wconf 92' lang='lat' dir='ltr'><strong>cum</strong></span> <span class='ocrx_word' id='word_1_489' title='bbox 2224 2636 2449 2691; x_wconf 87' lang='lat' dir='ltr'><strong>ecclesia</strong></span> <span class='ocrx_word' id='word_1_490' title='bbox 2473 2647 2527 2691; x_wconf 90' lang='lat' dir='ltr'><strong>et</strong></span> <span class='ocrx_word' id='word_1_491' title='bbox 2559 2639 2730 2695; x_wconf 88' lang='lat' dir='ltr'><strong>altare</strong></span> <span class='ocrx_word' id='word_1_492' title='bbox 2753 2657 2874 2696; x_wconf 89' lang='lat' dir='ltr'><strong>cum</strong></span> <span class='ocrx_word' id='word_1_493' title='bbox 2900 2642 3150 2700; x_wconf 88' lang='lat' dir='ltr'><strong>onmibus</strong></span> <span class='ocrx_word' id='word_1_494' title='bbox 3181 2647 3247 2699; x_wconf 88' lang='lat' dir='ltr'><strong>ad</strong></span> <span class='ocrx_word' id='word_1_495' title='bbox 3273 2661 3400 2702; x_wconf 91' lang='lat' dir='ltr'><strong>usus</strong></span> <span class='ocrx_word' id='word_1_496' title='bbox 3429 2647 3657 2705; x_wconf 81' lang='lat' dir='ltr'><strong>fratrum</strong></span> 
     </span>
    </p>
   </div>
   <div class='ocr_carea' id='block_1_82' title="bbox 2072 2729 3662 2798">
    <p class='ocr_par' dir='ltr' id='par_1_82' title="bbox 2072 2729 3662 2798">
     <span class='ocr_line' id='line_1_82' title="bbox 2072 2729 3662 2798; baseline 0.008 -16"><span class='ocrx_word' id='word_1_497' title='bbox 2072 2729 2489 2798; x_wconf 88' lang='lat' dir='ltr'><strong>pertinentibus,</strong></span> <span class='ocrx_word' id='word_1_498' title='bbox 2517 2732 2867 2787; x_wconf 77' lang='lat' dir='ltr'><strong>Cltristoilum</strong></span> <span class='ocrx_word' id='word_1_499' title='bbox 2892 2751 3012 2789; x_wconf 90' lang='lat' dir='ltr'><strong>cum</strong></span> <span class='ocrx_word' id='word_1_500' title='bbox 3040 2737 3272 2792; x_wconf 89' lang='lat' dir='ltr'><strong>ecclesia</strong></span> <span class='ocrx_word' id='word_1_501' title='bbox 3301 2749 3354 2793; x_wconf 90' lang='lat' dir='ltr'><strong>et</strong></span> <span class='ocrx_word' id='word_1_502' title='bbox 3383 2740 3553 2794; x_wconf 87' lang='lat' dir='ltr'><strong>altare</strong></span> <span class='ocrx_word' id='word_1_503' title='bbox 3576 2741 3662 2795; x_wconf 89' lang='lat' dir='ltr'><strong>vel</strong></span> 
     </span>
    </p>
   </div>
   <div class='ocr_carea' id='block_1_83' title="bbox 2071 2819 3659 2902">
    <p class='ocr_par' dir='ltr' id='par_1_83' title="bbox 2071 2819 3659 2902">
     <span class='ocr_line' id='line_1_83' title="bbox 2071 2819 3659 2902; baseline 0.012 -32"><span class='ocrx_word' id='word_1_504' title='bbox 2071 2819 2330 2888; x_wconf 84' lang='lat' dir='ltr'><strong>quidquid</strong></span> <span class='ocrx_word' id='word_1_505' title='bbox 2365 2821 2494 2874; x_wconf 91' lang='lat' dir='ltr'><strong>inibi</strong></span> <span class='ocrx_word' id='word_1_506' title='bbox 2548 2823 2614 2875; x_wconf 89' lang='lat' dir='ltr'><strong>ad</strong></span> <span class='ocrx_word' id='word_1_507' title='bbox 2661 2824 3041 2894; x_wconf 64' lang='lat' dir='ltr'><strong>praedictorum</strong></span> <span class='ocrx_word' id='word_1_508' title='bbox 3097 2829 3334 2898; x_wconf 89' lang='lat' dir='ltr'><strong>pertinet</strong></span> <span class='ocrx_word' id='word_1_509' title='bbox 3370 2831 3659 2902; x_wconf 87' lang='lat' dir='ltr'><strong>stipendia.</strong></span> 
     </span>
    </p>
   </div>
   <div class='ocr_carea' id='block_1_84' title="bbox 2070 2909 3660 2990">
    <p class='ocr_par' dir='ltr' id='par_1_84' title="bbox 2070 2909 3660 2990">
     <span class='ocr_line' id='line_1_84' title="bbox 2070 2909 3660 2990; baseline 0.011 -26"><span class='ocrx_word' id='word_1_510' title='bbox 2070 2909 2197 2966; x_wconf 60' lang='lat' dir='ltr'><strong>Haec</strong></span> <span class='ocrx_word' id='word_1_511' title='bbox 2239 2913 2382 2966; x_wconf 91' lang='lat' dir='ltr'><strong>enim</strong></span> <span class='ocrx_word' id='word_1_512' title='bbox 2427 2923 2632 2983; x_wconf 89' lang='lat' dir='ltr'><strong>septem</strong></span> <span class='ocrx_word' id='word_1_513' title='bbox 2684 2916 2873 2972; x_wconf 86' lang='lat' dir='ltr'><strong>altaria</strong></span> <span class='ocrx_word' id='word_1_514' title='bbox 2920 2919 3159 2990; x_wconf 67' lang='lat' dir='ltr'><strong>przel&#39;ata:</strong></span> <span class='ocrx_word' id='word_1_515' title='bbox 3211 2923 3322 2978; x_wconf 84' lang='lat' dir='ltr'><strong>sedi</strong></span> <span class='ocrx_word' id='word_1_516' title='bbox 3372 2927 3660 2981; x_wconf 87' lang='lat' dir='ltr'><strong>attinentia</strong></span> 
     </span>
    </p>
   </div>
   <div class='ocr_carea' id='block_1_85' title="bbox 2069 3005 3648 3080">
    <p class='ocr_par' dir='ltr' id='par_1_85' title="bbox 2069 3005 3648 3080">
     <span class='ocr_line' id='line_1_85' title="bbox 2069 3005 3648 3080; baseline 0.009 -24"><span class='ocrx_word' id='word_1_517' title='bbox 2069 3014 2396 3058; x_wconf 81' lang='lat' dir='ltr'><strong>memoratus</strong></span> <span class='ocrx_word' id='word_1_518' title='bbox 2418 3005 2631 3073; x_wconf 65' lang='lat' dir='ltr'><strong>praesul,</strong></span> <span class='ocrx_word' id='word_1_519' title='bbox 2655 3021 2722 3060; x_wconf 76' lang='lat' dir='ltr'><strong>ex</strong></span> <span class='ocrx_word' id='word_1_520' title='bbox 2746 3013 2964 3080; x_wconf 88' lang='lat' dir='ltr'><strong>proprio</strong></span> <span class='ocrx_word' id='word_1_521' title='bbox 2991 3014 3228 3068; x_wconf 91' lang='lat' dir='ltr'><strong>dominio</strong></span> <span class='ocrx_word' id='word_1_522' title='bbox 3251 3015 3365 3068; x_wconf 89' lang='lat' dir='ltr'><strong>sine</strong></span> <span class='ocrx_word' id='word_1_523' title='bbox 3393 3031 3486 3070; x_wconf 85' lang='lat' dir='ltr'><strong>sua</strong></span> <span class='ocrx_word' id='word_1_524' title='bbox 3521 3033 3648 3070; x_wconf 82' lang='lat' dir='ltr'><strong>suo-</strong></span> 
     </span>
    </p>
   </div>
   <div class='ocr_carea' id='block_1_86' title="bbox 2068 3102 3658 3168">
    <p class='ocr_par' dir='ltr' id='par_1_86' title="bbox 2068 3102 3658 3168">
     <span class='ocr_line' id='line_1_86' title="bbox 2068 3102 3658 3168; baseline 0.01 -23"><span class='ocrx_word' id='word_1_525' title='bbox 2068 3109 2295 3164; x_wconf 87' lang='lat' dir='ltr'><strong>rumque</strong></span> <span class='ocrx_word' id='word_1_526' title='bbox 2341 3111 2714 3151; x_wconf 80' lang='lat' dir='ltr'><strong>successorum</strong></span> <span class='ocrx_word' id='word_1_527' title='bbox 2763 3102 3073 3158; x_wconf 89' lang='lat' dir='ltr'><strong>venditione</strong></span> <span class='ocrx_word' id='word_1_528' title='bbox 3108 3145 3122 3168; x_wconf 93' lang='lat'><strong>,</strong></span> <span class='ocrx_word' id='word_1_529' title='bbox 3180 3105 3323 3159; x_wconf 87' lang='lat' dir='ltr'><strong>nullo</strong></span> <span class='ocrx_word' id='word_1_530' title='bbox 3381 3108 3658 3161; x_wconf 80' lang='lat' dir='ltr'><strong>contradi-</strong></span> 
     </span>
    </p>
   </div>
   <div class='ocr_carea' id='block_1_87' title="bbox 2063 3186 3656 3265">
    <p class='ocr_par' dir='ltr' id='par_1_87' title="bbox 2063 3186 3656 3265">
     <span class='ocr_line' id='line_1_87' title="bbox 2063 3186 3656 3265; baseline 0.011 -28"><span class='ocrx_word' id='word_1_531' title='bbox 2063 3193 2266 3248; x_wconf 86' lang='lat' dir='ltr'><strong>cente,</strong></span> <span class='ocrx_word' id='word_1_532' title='bbox 2320 3186 2602 3255; x_wconf 87' lang='lat' dir='ltr'><strong>stipendiis</strong></span> <span class='ocrx_word' id='word_1_533' title='bbox 2677 3193 3061 3260; x_wconf 89' lang='lat' dir='ltr'><strong>pcrpetualiter</strong></span> <span class='ocrx_word' id='word_1_534' title='bbox 3113 3196 3346 3265; x_wconf 89' lang='lat' dir='ltr'><strong>ipsorum</strong></span> <span class='ocrx_word' id='word_1_535' title='bbox 3406 3199 3656 3254; x_wconf 81' lang='lat' dir='ltr'><strong>attribuit</strong></span> 
     </span>
    </p>
   </div>
   <div class='ocr_carea' id='block_1_88' title="bbox 1983 3263 3650 3355">
    <p class='ocr_par' dir='ltr' id='par_1_88' title="bbox 1983 3263 3650 3355">
     <span class='ocr_line' id='line_1_88' title="bbox 1983 3263 3650 3355; baseline 0.013 -29"><span class='ocrx_word' id='word_1_536' title='bbox 1983 3263 2029 3327; x_wconf 73' lang='grc' dir='ltr'>Ω</span> <span class='ocrx_word' id='word_1_537' title='bbox 2063 3273 2334 3340; x_wconf 84' lang='lat' dir='ltr'><strong>fratrum;</strong></span> <span class='ocrx_word' id='word_1_538' title='bbox 2391 3277 2692 3334; x_wconf 83' lang='lat' dir='ltr'><strong>Eleriacum</strong></span> <span class='ocrx_word' id='word_1_539' title='bbox 2724 3322 2739 3346; x_wconf 92' lang='lat'><strong>,</strong></span> <span class='ocrx_word' id='word_1_540' title='bbox 2790 3263 3148 3348; x_wconf 57' lang='lat' dir='ltr'><strong>Steovillam,</strong></span> <span class='ocrx_word' id='word_1_541' title='bbox 3190 3287 3472 3355; x_wconf 77' lang='lat' dir='ltr'><strong>Rozetum,</strong></span> <span class='ocrx_word' id='word_1_542' title='bbox 3527 3293 3650 3346; x_wconf 78' lang='lat' dir='ltr'><strong>Cel-</strong></span> 
     </span>
    </p>
   </div>
   <div class='ocr_carea' id='block_1_89' title="bbox 2058 3365 3652 3448">
    <p class='ocr_par' dir='ltr' id='par_1_89' title="bbox 2058 3365 3652 3448">
     <span class='ocr_line' id='line_1_89' title="bbox 2058 3365 3652 3448; baseline 0.013 -29"><span class='ocrx_word' id='word_1_543' title='bbox 2058 3365 2139 3420; x_wconf 92' lang='lat' dir='ltr'><strong>las</strong></span> <span class='ocrx_word' id='word_1_544' title='bbox 2201 3376 2256 3420; x_wconf 91' lang='lat' dir='ltr'><strong>et</strong></span> <span class='ocrx_word' id='word_1_545' title='bbox 2321 3366 2578 3434; x_wconf 75' lang='lat' dir='ltr'><strong>Vernon,</strong></span> <span class='ocrx_word' id='word_1_546' title='bbox 2636 3370 2935 3428; x_wconf 85' lang='lat' dir='ltr'><strong>Machelnm</strong></span> <span class='ocrx_word' id='word_1_547' title='bbox 2997 3387 3051 3430; x_wconf 91' lang='lat' dir='ltr'><strong>et</strong></span> <span class='ocrx_word' id='word_1_548' title='bbox 3103 3379 3404 3435; x_wconf 84' lang='lat' dir='ltr'><strong>Satnesium</strong></span> <span class='ocrx_word' id='word_1_549' title='bbox 3440 3424 3454 3448; x_wconf 92' lang='lat'><strong>,</strong></span> <span class='ocrx_word' id='word_1_550' title='bbox 3509 3384 3652 3438; x_wconf 52' lang='lat' dir='ltr'><strong>Min.</strong></span> 
     </span>
    </p>
   </div>
   <div class='ocr_carea' id='block_1_90' title="bbox 2059 3459 3640 3534">
    <p class='ocr_par' dir='ltr' id='par_1_90' title="bbox 2059 3459 3640 3534">
     <span class='ocr_line' id='line_1_90' title="bbox 2059 3459 3640 3534; baseline 0.015 -23"><span class='ocrx_word' id='word_1_551' title='bbox 2059 3459 2285 3514; x_wconf 91' lang='lat' dir='ltr'><strong>triacum</strong></span> <span class='ocrx_word' id='word_1_552' title='bbox 2320 3501 2334 3526; x_wconf 91' lang='lat'><strong>,</strong></span> <span class='ocrx_word' id='word_1_553' title='bbox 2402 3461 2730 3520; x_wconf 87' lang='lat' dir='ltr'><strong>Mauriacnm</strong></span> <span class='ocrx_word' id='word_1_554' title='bbox 2797 3483 2918 3522; x_wconf 89' lang='lat' dir='ltr'><strong>cum</strong></span> <span class='ocrx_word' id='word_1_555' title='bbox 2963 3472 3204 3528; x_wconf 86' lang='lat' dir='ltr'><strong>ccclesiis</strong></span> <span class='ocrx_word' id='word_1_556' title='bbox 3273 3485 3326 3528; x_wconf 91' lang='lat' dir='ltr'><strong>et</strong></span> <span class='ocrx_word' id='word_1_557' title='bbox 3376 3478 3640 3534; x_wconf 75' lang='lat' dir='ltr'><strong>universis</strong></span> 
     </span>
    </p>
   </div>
   <div class='ocr_carea' id='block_1_91' title="bbox 2056 3550 3647 3638">
    <p class='ocr_par' dir='ltr' id='par_1_91' title="bbox 2056 3550 3647 3638">
     <span class='ocr_line' id='line_1_91' title="bbox 2056 3550 3647 3638; baseline 0.014 -36"><span class='ocrx_word' id='word_1_558' title='bbox 2056 3550 2124 3604; x_wconf 86' lang='lat' dir='ltr'><strong>ad</strong></span> <span class='ocrx_word' id='word_1_559' title='bbox 2186 3567 2246 3605; x_wconf 89' lang='lat' dir='ltr'><strong>se</strong></span> <span class='ocrx_word' id='word_1_560' title='bbox 2292 3553 2722 3621; x_wconf 89' lang='lat' dir='ltr'><strong>pertinentibus;</strong></span> <span class='ocrx_word' id='word_1_561' title='bbox 2757 3558 3024 3614; x_wconf 83' lang='lat' dir='ltr'><strong>Viriacum</strong></span> <span class='ocrx_word' id='word_1_562' title='bbox 3071 3578 3191 3618; x_wconf 90' lang='lat' dir='ltr'><strong>cum</strong></span> <span class='ocrx_word' id='word_1_563' title='bbox 3230 3567 3480 3622; x_wconf 88' lang='lat' dir='ltr'><strong>omnibus</strong></span> <span class='ocrx_word' id='word_1_564' title='bbox 3526 3584 3647 3638; x_wconf 67' lang='lat' dir='ltr'><strong>quas</strong></span> 
     </span>
    </p>
   </div>
   <div class='ocr_carea' id='block_1_92' title="bbox 2055 3641 3644 3726">
    <p class='ocr_par' dir='ltr' id='par_1_92' title="bbox 2055 3641 3644 3726">
     <span class='ocr_line' id='line_1_92' title="bbox 2055 3641 3644 3726; baseline 0.015 -34"><span class='ocrx_word' id='word_1_565' title='bbox 2055 3641 2304 3697; x_wconf 90' lang='lat' dir='ltr'><strong>videntur</strong></span> <span class='ocrx_word' id='word_1_566' title='bbox 2349 3645 2414 3697; x_wconf 91' lang='lat' dir='ltr'><strong>ad</strong></span> <span class='ocrx_word' id='word_1_567' title='bbox 2474 3646 2851 3714; x_wconf 68' lang='lat' dir='ltr'><strong>praedictorum</strong></span> <span class='ocrx_word' id='word_1_568' title='bbox 2911 3666 3037 3705; x_wconf 90' lang='lat' dir='ltr'><strong>usus</strong></span> <span class='ocrx_word' id='word_1_569' title='bbox 3101 3653 3322 3708; x_wconf 83' lang='lat' dir='ltr'><strong>fratrum</strong></span> <span class='ocrx_word' id='word_1_570' title='bbox 3378 3660 3644 3726; x_wconf 86' lang='lat' dir='ltr'><strong>aspicere,</strong></span> 
     </span>
    </p>
   </div>
   <div class='ocr_carea' id='block_1_93' title="bbox 2054 3732 3642 3816">
    <p class='ocr_par' dir='ltr' id='par_1_93' title="bbox 2054 3732 3642 3816">
     <span class='ocr_line' id='line_1_93' title="bbox 2054 3732 3642 3816; baseline 0.012 -29"><span class='ocrx_word' id='word_1_571' title='bbox 2054 3732 2148 3787; x_wconf 88' lang='lat' dir='ltr'><strong>sed</strong></span> <span class='ocrx_word' id='word_1_572' title='bbox 2175 3743 2230 3788; x_wconf 91' lang='lat' dir='ltr'><strong>et</strong></span> <span class='ocrx_word' id='word_1_573' title='bbox 2258 3736 2599 3792; x_wconf 74' lang='lat' dir='ltr'><strong>medietatem</strong></span> <span class='ocrx_word' id='word_1_574' title='bbox 2635 3756 2788 3796; x_wconf 67' lang='lat' dir='ltr'><strong>nonae</strong></span> <span class='ocrx_word' id='word_1_575' title='bbox 2821 3756 2884 3795; x_wconf 90' lang='lat' dir='ltr'><strong>ac</strong></span> <span class='ocrx_word' id='word_1_576' title='bbox 2920 3743 3158 3811; x_wconf 64' lang='lat' dir='ltr'><strong>decimas,</strong></span> <span class='ocrx_word' id='word_1_577' title='bbox 3211 3764 3330 3816; x_wconf 76' lang='lat' dir='ltr'><strong>quze</strong></span> <span class='ocrx_word' id='word_1_578' title='bbox 3370 3750 3435 3803; x_wconf 89' lang='lat' dir='ltr'><strong>dc</strong></span> <span class='ocrx_word' id='word_1_579' title='bbox 3481 3753 3642 3806; x_wconf 86' lang='lat' dir='ltr'><strong>rebus</strong></span> 
     </span>
    </p>
   </div>
   <div class='ocr_carea' id='block_1_94' title="bbox 2054 3823 3640 3912">
    <p class='ocr_par' dir='ltr' id='par_1_94' title="bbox 2054 3823 3640 3912">
     <span class='ocr_line' id='line_1_94' title="bbox 2054 3823 3640 3912; baseline 0.016 -35"><span class='ocrx_word' id='word_1_580' title='bbox 2054 3823 2222 3895; x_wconf 89' lang='lat' dir='ltr'><strong>ipsius</strong></span> <span class='ocrx_word' id='word_1_581' title='bbox 2266 3829 2510 3885; x_wconf 59' lang='lat' dir='ltr'><strong>ecclesiae</strong></span> <span class='ocrx_word' id='word_1_582' title='bbox 2556 3831 2842 3888; x_wconf 76' lang='lat' dir='ltr'><strong>abstractae</strong></span> <span class='ocrx_word' id='word_1_583' title='bbox 2893 3833 3134 3900; x_wconf 77' lang='lat' dir='ltr'><strong>fuerant,</strong></span> <span class='ocrx_word' id='word_1_584' title='bbox 3191 3841 3258 3894; x_wconf 90' lang='lat' dir='ltr'><strong>ab</strong></span> <span class='ocrx_word' id='word_1_585' title='bbox 3316 3842 3379 3897; x_wconf 92' lang='lat' dir='ltr'><strong>iis</strong></span> <span class='ocrx_word' id='word_1_586' title='bbox 3423 3845 3512 3912; x_wconf 90' lang='lat' dir='ltr'><strong>qui</strong></span> <span class='ocrx_word' id='word_1_587' title='bbox 3559 3845 3640 3902; x_wconf 87' lang='lat' dir='ltr'><strong>cis</strong></span> 
     </span>
    </p>
   </div>
   <div class='ocr_carea' id='block_1_95' title="bbox 2053 3921 3638 4006">
    <p class='ocr_par' dir='ltr' id='par_1_95' title="bbox 2053 3921 3638 4006">
     <span class='ocr_line' id='line_1_95' title="bbox 2053 3921 3638 4006; baseline 0.016 -38"><span class='ocrx_word' id='word_1_588' title='bbox 2053 3924 2298 3984; x_wconf 90' lang='lat' dir='ltr'><strong>utuntur,</strong></span> <span class='ocrx_word' id='word_1_589' title='bbox 2336 3921 2507 3991; x_wconf 75' lang='lat' dir='ltr'><strong>accipi</strong></span> <span class='ocrx_word' id='word_1_590' title='bbox 2551 3922 2746 3978; x_wconf 90' lang='lat' dir='ltr'><strong>solent.</strong></span> <span class='ocrx_word' id='word_1_591' title='bbox 2802 3924 3154 3983; x_wconf 81' lang='lat' dir='ltr'><strong>Fontenelum</strong></span> <span class='ocrx_word' id='word_1_592' title='bbox 3203 3948 3324 3987; x_wconf 90' lang='lat' dir='ltr'><strong>cum</strong></span> <span class='ocrx_word' id='word_1_593' title='bbox 3387 3936 3638 4006; x_wconf 89' lang='lat' dir='ltr'><strong>ecclesia,</strong></span> 
     </span>
    </p>
   </div>
   <div class='ocr_carea' id='block_1_96' title="bbox 2052 3996 3640 4092">
    <p class='ocr_par' dir='ltr' id='par_1_96' title="bbox 2052 3996 3640 4092">
     <span class='ocr_line' id='line_1_96' title="bbox 2052 3996 3640 4092; baseline 0.014 -30"><span class='ocrx_word' id='word_1_594' title='bbox 2052 3996 2326 4064; x_wconf 76' lang='lat' dir='ltr'><strong>Vilcenam</strong></span> <span class='ocrx_word' id='word_1_595' title='bbox 2378 4028 2500 4066; x_wconf 92' lang='lat' dir='ltr'><strong>cum</strong></span> <span class='ocrx_word' id='word_1_596' title='bbox 2549 4016 2800 4072; x_wconf 92' lang='lat' dir='ltr'><strong>omnibus</strong></span> <span class='ocrx_word' id='word_1_597' title='bbox 2831 4018 2959 4072; x_wconf 87' lang='lat' dir='ltr'><strong>inibi</strong></span> <span class='ocrx_word' id='word_1_598' title='bbox 2996 4021 3336 4092; x_wconf 88' lang='lat' dir='ltr'><strong>adjacentiis,</strong></span> <span class='ocrx_word' id='word_1_599' title='bbox 3373 4027 3442 4082; x_wconf 92' lang='lat' dir='ltr'><strong>ob</strong></span> <span class='ocrx_word' id='word_1_600' title='bbox 3471 4029 3640 4084; x_wconf 84' lang='lat' dir='ltr'><strong>[inni-</strong></span> 
     </span>
    </p>
   </div>
   <div class='ocr_carea' id='block_1_97' title="bbox 2050 4106 3637 4189">
    <p class='ocr_par' dir='ltr' id='par_1_97' title="bbox 2050 4106 3637 4189">
     <span class='ocr_line' id='line_1_97' title="bbox 2050 4106 3637 4189; baseline 0.014 -33"><span class='ocrx_word' id='word_1_601' title='bbox 2050 4110 2214 4158; x_wconf 90' lang='lat' dir='ltr'><strong>tatem</strong></span> <span class='ocrx_word' id='word_1_602' title='bbox 2234 4113 2410 4159; x_wconf 83' lang='lat' dir='ltr'><strong>tamen</strong></span> <span class='ocrx_word' id='word_1_603' title='bbox 2428 4106 2698 4178; x_wconf 83' lang='lat' dir='ltr'><strong>religionis</strong></span> <span class='ocrx_word' id='word_1_604' title='bbox 2723 4111 2874 4178; x_wconf 87' lang='lat' dir='ltr'><strong>petiit</strong></span> <span class='ocrx_word' id='word_1_605' title='bbox 2899 4126 3056 4182; x_wconf 89' lang='lat' dir='ltr'><strong>supra</strong></span> <span class='ocrx_word' id='word_1_606' title='bbox 3086 4123 3298 4172; x_wconf 78' lang='lat' dir='ltr'><strong>taxatus</strong></span> <span class='ocrx_word' id='word_1_607' title='bbox 3329 4117 3637 4189; x_wconf 83' lang='lat' dir='ltr'><strong>Elysiardus</strong></span> 
     </span>
    </p>
   </div>
   <div class='ocr_carea' id='block_1_98' title="bbox 2045 4193 3640 4284">
    <p class='ocr_par' dir='ltr' id='par_1_98' title="bbox 2045 4193 3640 4284">
     <span class='ocr_line' id='line_1_98' title="bbox 2045 4193 3640 4284; baseline 0.016 -39"><span class='ocrx_word' id='word_1_608' title='bbox 2045 4193 2364 4264; x_wconf 88' lang='lat' dir='ltr'><strong>episcopus,</strong></span> <span class='ocrx_word' id='word_1_609' title='bbox 2421 4206 2479 4251; x_wconf 90' lang='lat' dir='ltr'><strong>ut</strong></span> <span class='ocrx_word' id='word_1_610' title='bbox 2535 4208 2589 4252; x_wconf 88' lang='lat' dir='ltr'><strong>et</strong></span> <span class='ocrx_word' id='word_1_611' title='bbox 2642 4199 2933 4257; x_wconf 90' lang='lat' dir='ltr'><strong>claustrum</strong></span> <span class='ocrx_word' id='word_1_612' title='bbox 2983 4206 3150 4274; x_wconf 90' lang='lat' dir='ltr'><strong>ipsius</strong></span> <span class='ocrx_word' id='word_1_613' title='bbox 3201 4215 3640 4284; x_wconf 75' lang='lat' dir='ltr'><strong>congregationis</strong></span> 
     </span>
    </p>
   </div>
   <div class='ocr_carea' id='block_1_99' title="bbox 2041 4282 3635 4371">
    <p class='ocr_par' dir='ltr' id='par_1_99' title="bbox 2041 4282 3635 4371">
     <span class='ocr_line' id='line_1_99' title="bbox 2041 4282 3635 4371; baseline 0.017 -36"><span class='ocrx_word' id='word_1_614' title='bbox 2041 4282 2164 4352; x_wconf 88' lang='lat' dir='ltr'><strong>jure</strong></span> <span class='ocrx_word' id='word_1_615' title='bbox 2207 4295 2466 4354; x_wconf 87' lang='lat' dir='ltr'><strong>perpetuo</strong></span> <span class='ocrx_word' id='word_1_616' title='bbox 2503 4288 2968 4361; x_wconf 79' lang='lat' dir='ltr'><strong>confirmaremns,</strong></span> <span class='ocrx_word' id='word_1_617' title='bbox 3001 4312 3108 4366; x_wconf 92' lang='lat' dir='ltr'><strong>quo</strong></span> <span class='ocrx_word' id='word_1_618' title='bbox 3143 4301 3343 4371; x_wconf 87' lang='lat' dir='ltr'><strong>absque</strong></span> <span class='ocrx_word' id='word_1_619' title='bbox 3370 4303 3529 4360; x_wconf 87' lang='lat' dir='ltr'><strong>ullius</strong></span> <span class='ocrx_word' id='word_1_620' title='bbox 3552 4307 3635 4361; x_wconf 90' lang='lat' dir='ltr'><strong>in-</strong></span> 
     </span>
    </p>
   </div>
   <div class='ocr_carea' id='block_1_100' title="bbox 2047 4379 3631 4466">
    <p class='ocr_par' dir='ltr' id='par_1_100' title="bbox 2047 4379 3631 4466">
     <span class='ocr_line' id='line_1_100' title="bbox 2047 4379 3631 4466; baseline 0.019 -38"><span class='ocrx_word' id='word_1_621' title='bbox 2047 4379 2359 4444; x_wconf 89' lang='lat' dir='ltr'><strong>quietudine</strong></span> <span class='ocrx_word' id='word_1_622' title='bbox 2389 4389 2494 4434; x_wconf 88' lang='lat' dir='ltr'><strong>tam</strong></span> <span class='ocrx_word' id='word_1_623' title='bbox 2527 4383 2695 4451; x_wconf 91' lang='lat' dir='ltr'><strong>ipsius</strong></span> <span class='ocrx_word' id='word_1_624' title='bbox 2736 4385 2835 4441; x_wconf 90' lang='lat' dir='ltr'><strong>loci</strong></span> <span class='ocrx_word' id='word_1_625' title='bbox 2877 4391 3111 4462; x_wconf 86' lang='lat' dir='ltr'><strong>episcopi</strong></span> <span class='ocrx_word' id='word_1_626' title='bbox 3136 4435 3170 4459; x_wconf 47' lang='grc' dir='ltr'>μ</span> <span class='ocrx_word' id='word_1_627' title='bbox 3195 4409 3355 4466; x_wconf 83' lang='lat' dir='ltr'><strong>quam</strong></span> <span class='ocrx_word' id='word_1_628' title='bbox 3399 4398 3631 4464; x_wconf 83' lang='lat' dir='ltr'><strong>aliarum</strong></span> 
     </span>
    </p>
   </div>
   <div class='ocr_carea' id='block_1_101' title="bbox 2046 4476 3629 4558">
    <p class='ocr_par' dir='ltr' id='par_1_101' title="bbox 2046 4476 3629 4558">
     <span class='ocr_line' id='line_1_101' title="bbox 2046 4476 3629 4558; baseline 0.018 -37"><span class='ocrx_word' id='word_1_629' title='bbox 2046 4484 2400 4536; x_wconf 85' lang='lat' dir='ltr'><strong>personarum</strong></span> <span class='ocrx_word' id='word_1_630' title='bbox 2435 4476 2608 4528; x_wconf 91' lang='lat' dir='ltr'><strong>securi</strong></span> <span class='ocrx_word' id='word_1_631' title='bbox 2639 4477 2897 4544; x_wconf 89' lang='lat' dir='ltr'><strong>viverent,</strong></span> <span class='ocrx_word' id='word_1_632' title='bbox 2929 4491 2984 4536; x_wconf 92' lang='lat' dir='ltr'><strong>et</strong></span> <span class='ocrx_word' id='word_1_633' title='bbox 3012 4489 3381 4558; x_wconf 88' lang='lat' dir='ltr'><strong>unusquisque</strong></span> <span class='ocrx_word' id='word_1_634' title='bbox 3407 4495 3629 4549; x_wconf 91' lang='lat' dir='ltr'><strong>canoni-</strong></span> 
     </span>
    </p>
   </div>
   <div class='ocr_carea' id='block_1_102' title="bbox 2045 4568 3283 4638">
    <p class='ocr_par' dir='ltr' id='par_1_102' title="bbox 2045 4568 3283 4638">
     <span class='ocr_line' id='line_1_102' title="bbox 2045 4568 3283 4638; baseline 0.016 -22"><span class='ocrx_word' id='word_1_635' title='bbox 2045 4579 2142 4616; x_wconf 85' lang='lat' dir='ltr'><strong>cus</strong></span> <span class='ocrx_word' id='word_1_636' title='bbox 2173 4579 2324 4617; x_wconf 88' lang='lat' dir='ltr'><strong>suam</strong></span> <span class='ocrx_word' id='word_1_637' title='bbox 2364 4568 2636 4634; x_wconf 90' lang='lat' dir='ltr'><strong>propriam</strong></span> <span class='ocrx_word' id='word_1_638' title='bbox 2685 4570 2923 4638; x_wconf 88' lang='lat' dir='ltr'><strong>domum,</strong></span> <span class='ocrx_word' id='word_1_639' title='bbox 2965 4591 3088 4630; x_wconf 91' lang='lat' dir='ltr'><strong>cum</strong></span> <span class='ocrx_word' id='word_1_640' title='bbox 3136 4582 3283 4636; x_wconf 88' lang='lat' dir='ltr'><strong>omni</strong></span> 
     </span>
    </p>
   </div>
   <div class='ocr_carea' id='block_1_103' title="bbox 2044 4656 3634 4739">
    <p class='ocr_par' dir='ltr' id='par_1_103' title="bbox 2044 4656 3634 4739">
     <span class='ocr_line' id='line_1_103' title="bbox 2044 4656 3634 4739; baseline 0.018 -32"><span class='ocrx_word' id='word_1_641' title='bbox 2044 4656 2177 4709; x_wconf 87' lang='lat' dir='ltr'><strong>dare</strong></span> <span class='ocrx_word' id='word_1_642' title='bbox 2215 4656 2296 4709; x_wconf 90' lang='lat' dir='ltr'><strong>vel</strong></span> <span class='ocrx_word' id='word_1_643' title='bbox 2329 4660 2560 4714; x_wconf 89' lang='lat' dir='ltr'><strong>vendere</strong></span> <span class='ocrx_word' id='word_1_644' title='bbox 2590 4662 2762 4717; x_wconf 90' lang='lat' dir='ltr'><strong>valeat</strong></span> <span class='ocrx_word' id='word_1_645' title='bbox 2789 4667 3091 4739; x_wconf 90' lang='lat' dir='ltr'><strong>cuicunque</strong></span> <span class='ocrx_word' id='word_1_646' title='bbox 3117 4676 3378 4730; x_wconf 87' lang='lat' dir='ltr'><strong>canonico</strong></span> <span class='ocrx_word' id='word_1_647' title='bbox 3403 4677 3634 4736; x_wconf 87' lang='lat' dir='ltr'><strong>voluerit</strong></span> 
     </span>
    </p>
   </div>
   <div class='ocr_carea' id='block_1_104' title="bbox 2041 4746 3635 4828">
    <p class='ocr_par' dir='ltr' id='par_1_104' title="bbox 2041 4746 3635 4828">
     <span class='ocr_line' id='line_1_104' title="bbox 2041 4746 3635 4828; baseline 0.016 -28"><span class='ocrx_word' id='word_1_648' title='bbox 2041 4763 2106 4800; x_wconf 82' lang='lat' dir='ltr'><strong>ex</strong></span> <span class='ocrx_word' id='word_1_649' title='bbox 2138 4746 2248 4817; x_wconf 88' lang='lat' dir='ltr'><strong>ipsa</strong></span> <span class='ocrx_word' id='word_1_650' title='bbox 2280 4751 2716 4821; x_wconf 87' lang='lat' dir='ltr'><strong>congregatione,</strong></span> <span class='ocrx_word' id='word_1_651' title='bbox 2751 4755 2985 4826; x_wconf 91' lang='lat' dir='ltr'><strong>nullique</strong></span> <span class='ocrx_word' id='word_1_652' title='bbox 3020 4759 3145 4828; x_wconf 85' lang='lat' dir='ltr'><strong>alio,</strong></span> <span class='ocrx_word' id='word_1_653' title='bbox 3189 4765 3331 4820; x_wconf 87' lang='lat' dir='ltr'><strong>velut</strong></span> <span class='ocrx_word' id='word_1_654' title='bbox 3371 4771 3635 4824; x_wconf 77' lang='lat' dir='ltr'><strong>constitu-</strong></span> 
     </span>
    </p>
   </div>
   <div class='ocr_carea' id='block_1_105' title="bbox 2043 4841 3635 4927">
    <p class='ocr_par' dir='ltr' id='par_1_105' title="bbox 2043 4841 3635 4927">
     <span class='ocr_line' id='line_1_105' title="bbox 2043 4841 3635 4927; baseline 0.016 -38"><span class='ocrx_word' id='word_1_655' title='bbox 2043 4846 2156 4890; x_wconf 90' lang='lat' dir='ltr'><strong>tum</strong></span> <span class='ocrx_word' id='word_1_656' title='bbox 2199 4847 2283 4892; x_wconf 88' lang='lat' dir='ltr'><strong>cst</strong></span> <span class='ocrx_word' id='word_1_657' title='bbox 2331 4854 2360 4892; x_wconf 89' lang='lat' dir='ltr'><strong>a</strong></span> <span class='ocrx_word' id='word_1_658' title='bbox 2406 4841 2599 4909; x_wconf 90' lang='lat' dir='ltr'><strong>priscis</strong></span> <span class='ocrx_word' id='word_1_659' title='bbox 2639 4846 2990 4914; x_wconf 89' lang='lat' dir='ltr'><strong>temporibus.</strong></span> <span class='ocrx_word' id='word_1_660' title='bbox 3043 4850 3151 4908; x_wconf 86' lang='lat' dir='ltr'><strong>Nos</strong></span> <span class='ocrx_word' id='word_1_661' title='bbox 3195 4869 3328 4911; x_wconf 89' lang='lat' dir='ltr'><strong>vero</strong></span> <span class='ocrx_word' id='word_1_662' title='bbox 3376 4860 3635 4927; x_wconf 79' lang='lat' dir='ltr'><strong>inspectis</strong></span> 
     </span>
    </p>
   </div>
   <div class='ocr_carea' id='block_1_106' title="bbox 2039 4930 3635 5022">
    <p class='ocr_par' dir='ltr' id='par_1_106' title="bbox 2039 4930 3635 5022">
     <span class='ocr_line' id='line_1_106' title="bbox 2039 4930 3635 5022; baseline 0.016 -39"><span class='ocrx_word' id='word_1_663' title='bbox 2039 4930 2404 4999; x_wconf 92' lang='lat' dir='ltr'><strong>piissimorum</strong></span> <span class='ocrx_word' id='word_1_664' title='bbox 2441 4934 2825 5005; x_wconf 82' lang='lat' dir='ltr'><strong>Augustorum,</strong></span> <span class='ocrx_word' id='word_1_665' title='bbox 2873 4949 2928 4996; x_wconf 91' lang='lat' dir='ltr'><strong>et</strong></span> <span class='ocrx_word' id='word_1_666' title='bbox 2975 4947 3214 5013; x_wconf 85' lang='lat' dir='ltr'><strong>paternis</strong></span> <span class='ocrx_word' id='word_1_667' title='bbox 3257 4953 3635 5022; x_wconf 66' lang='lat' dir='ltr'><strong>prmeeptioni-</strong></span> 
     </span>
    </p>
   </div>
   <div class='ocr_carea' id='block_1_107' title="bbox 2039 5019 3638 5114">
    <p class='ocr_par' dir='ltr' id='par_1_107' title="bbox 2039 5019 3638 5114">
     <span class='ocr_line' id='line_1_107' title="bbox 2039 5019 3638 5114; baseline 0.017 -39"><span class='ocrx_word' id='word_1_668' title='bbox 2039 5019 2160 5085; x_wconf 87' lang='lat' dir='ltr'><strong>bus,</strong></span> <span class='ocrx_word' id='word_1_669' title='bbox 2203 5020 2362 5076; x_wconf 92' lang='lat' dir='ltr'><strong>libuit</strong></span> <span class='ocrx_word' id='word_1_670' title='bbox 2401 5024 2558 5082; x_wconf 89' lang='lat' dir='ltr'><strong>nobis</strong></span> <span class='ocrx_word' id='word_1_671' title='bbox 2599 5028 2951 5099; x_wconf 90' lang='lat' dir='ltr'><strong>petitionibus</strong></span> <span class='ocrx_word' id='word_1_672' title='bbox 2993 5034 3231 5104; x_wconf 89' lang='lat' dir='ltr'><strong>ejusdem</strong></span> <span class='ocrx_word' id='word_1_673' title='bbox 3273 5019 3505 5114; x_wconf 82' lang='lat' dir='ltr'><strong>episcopi</strong></span> <span class='ocrx_word' id='word_1_674' title='bbox 3554 5063 3638 5102; x_wconf 90' lang='lat' dir='ltr'><strong>as-</strong></span> 
     </span>
    </p>
   </div>
   <div class='ocr_carea' id='block_1_108' title="bbox 2043 5105 3640 5198">
    <p class='ocr_par' dir='ltr' id='par_1_108' title="bbox 2043 5105 3640 5198">
     <span class='ocr_line' id='line_1_108' title="bbox 2043 5105 3640 5198; baseline 0.016 -32"><span class='ocrx_word' id='word_1_675' title='bbox 2043 5105 2261 5166; x_wconf 84' lang='lat' dir='ltr'><strong>sensum</strong></span> <span class='ocrx_word' id='word_1_676' title='bbox 2292 5114 2559 5184; x_wconf 63' lang='lat' dir='ltr'><strong>praabere,</strong></span> <span class='ocrx_word' id='word_1_677' title='bbox 2603 5126 2660 5172; x_wconf 93' lang='lat' dir='ltr'><strong>ut</strong></span> <span class='ocrx_word' id='word_1_678' title='bbox 2697 5119 2799 5175; x_wconf 90' lang='lat' dir='ltr'><strong>sub</strong></span> <span class='ocrx_word' id='word_1_679' title='bbox 2830 5120 2955 5193; x_wconf 86' lang='lat' dir='ltr'><strong>jure</strong></span> <span class='ocrx_word' id='word_1_680' title='bbox 3001 5135 3056 5182; x_wconf 87' lang='lat' dir='ltr'><strong>et</strong></span> <span class='ocrx_word' id='word_1_681' title='bbox 3099 5105 3395 5198; x_wconf 80' lang='lat' dir='ltr'><strong>patrocinio</strong></span> <span class='ocrx_word' id='word_1_682' title='bbox 3432 5105 3640 5194; x_wconf 66' lang='lat' dir='ltr'><strong>sancta:</strong></span> 
     </span>
    </p>
   </div>
   <div class='ocr_carea' id='block_1_109' title="bbox 2045 5197 3638 5282">
    <p class='ocr_par' dir='ltr' id='par_1_109' title="bbox 2045 5197 3638 5282">
     <span class='ocr_line' id='line_1_109' title="bbox 2045 5197 3638 5282; baseline 0.016 -26"><span class='ocrx_word' id='word_1_683' title='bbox 2045 5197 2302 5257; x_wconf 77' lang='lat' dir='ltr'><strong>Romana:</strong></span> <span class='ocrx_word' id='word_1_684' title='bbox 2328 5210 2384 5257; x_wconf 92' lang='lat' dir='ltr'><strong>et</strong></span> <span class='ocrx_word' id='word_1_685' title='bbox 2407 5207 2718 5273; x_wconf 67' lang='lat' dir='ltr'><strong>apostolicae</strong></span> <span class='ocrx_word' id='word_1_686' title='bbox 2763 5223 2964 5271; x_wconf 83' lang='lat' dir='ltr'><strong>sanctae</strong></span> <span class='ocrx_word' id='word_1_687' title='bbox 3011 5197 3197 5274; x_wconf 82' lang='lat' dir='ltr'><strong>matris</strong></span> <span class='ocrx_word' id='word_1_688' title='bbox 3227 5219 3478 5277; x_wconf 75' lang='lat' dir='ltr'><strong>Ecclesia:</strong></span> <span class='ocrx_word' id='word_1_689' title='bbox 3511 5239 3638 5282; x_wconf 86' lang='lat' dir='ltr'><strong>om-</strong></span> 
     </span>
    </p>
   </div>
   <div class='ocr_carea' id='block_1_110' title="bbox 2040 5291 3640 5386">
    <p class='ocr_par' dir='ltr' id='par_1_110' title="bbox 2040 5291 3640 5386">
     <span class='ocr_line' id='line_1_110' title="bbox 2040 5291 3640 5386; baseline 0.016 -38"><span class='ocrx_word' id='word_1_690' title='bbox 2040 5295 2134 5348; x_wconf 88' lang='lat' dir='ltr'><strong>nia</strong></span> <span class='ocrx_word' id='word_1_691' title='bbox 2158 5291 2310 5347; x_wconf 81' lang='lat' dir='ltr'><strong>ﬁrma</strong></span> <span class='ocrx_word' id='word_1_692' title='bbox 2339 5304 2502 5364; x_wconf 88' lang='lat' dir='ltr'><strong>atque</strong></span> <span class='ocrx_word' id='word_1_693' title='bbox 2536 5299 2789 5356; x_wconf 88' lang='lat' dir='ltr'><strong>inviolata</strong></span> <span class='ocrx_word' id='word_1_694' title='bbox 2800 5305 3004 5375; x_wconf 83' lang='lat' dir='ltr'><strong>jugiter</strong></span> <span class='ocrx_word' id='word_1_695' title='bbox 3031 5315 3640 5386; x_wconf 76' lang='lat' dir='ltr'><strong>maneant,pra:cipien-</strong></span> 
     </span>
    </p>
   </div>
   <div class='ocr_carea' id='block_1_111' title="bbox 2041 5385 3639 5471">
    <p class='ocr_par' dir='ltr' id='par_1_111' title="bbox 2041 5385 3639 5471">
     <span class='ocr_line' id='line_1_111' title="bbox 2041 5385 3639 5471; baseline 0.014 -29"><span class='ocrx_word' id='word_1_696' title='bbox 2041 5396 2125 5444; x_wconf 90' lang='lat' dir='ltr'><strong>tes</strong></span> <span class='ocrx_word' id='word_1_697' title='bbox 2152 5385 2445 5455; x_wconf 85' lang='lat' dir='ltr'><strong>apostolica</strong></span> <span class='ocrx_word' id='word_1_698' title='bbox 2489 5393 2822 5452; x_wconf 88' lang='lat' dir='ltr'><strong>auctoritate</strong></span> <span class='ocrx_word' id='word_1_699' title='bbox 2846 5397 2962 5468; x_wconf 88' lang='lat' dir='ltr'><strong>jam</strong></span> <span class='ocrx_word' id='word_1_700' title='bbox 2992 5404 3148 5458; x_wconf 86' lang='lat' dir='ltr'><strong>dictis</strong></span> <span class='ocrx_word' id='word_1_701' title='bbox 3193 5385 3492 5471; x_wconf 79' lang='lat' dir='ltr'><strong>canonicis,</strong></span> <span class='ocrx_word' id='word_1_702' title='bbox 3535 5409 3639 5464; x_wconf 89' lang='lat' dir='ltr'><strong>eli-</strong></span> 
     </span>
    </p>
   </div>
   <div class='ocr_carea' id='block_1_112' title="bbox 2036 5489 3606 5522">
    <p class='ocr_par' dir='ltr' id='par_1_112' title="bbox 2036 5489 3606 5522">
     <span class='ocr_line' id='line_1_112' title="bbox 2036 5489 3606 5522; baseline 0 0"><span class='ocrx_word' id='word_1_703' title='bbox 2036 5489 2228 5522; x_wconf 63' lang='lat' dir='ltr'><strong>gant“</strong></span> <span class='ocrx_word' id='word_1_704' title='bbox 2257 5497 2320 5522; x_wconf 69' lang='grc' dir='ltr'><strong>ρῐ</strong></span> <span class='ocrx_word' id='word_1_705' title='bbox 2348 5489 2662 5522; x_wconf 63' lang='lat' dir='ltr'><strong>“mon-min</strong></span> <span class='ocrx_word' id='word_1_706' title='bbox 2690 5502 2788 5522; x_wconf 72' lang='lat' dir='ltr'><strong>nm.</strong></span> <span class='ocrx_word' id='word_1_707' title='bbox 2815 5507 3152 5522; x_wconf 63' lang='lat' dir='ltr'><strong>nnn...............</strong></span> <span class='ocrx_word' id='word_1_708' title='bbox 3187 5497 3416 5522; x_wconf 74' lang='lat'><strong>-.....:......</strong></span> <span class='ocrx_word' id='word_1_709' title='bbox 3453 5515 3606 5522; x_wconf 77' lang='lat'><strong>--___</strong></span> 
     </span>
    </p>
   </div>
  </div>
