4472 5522
827 284 934 340 365

2094 291 2455 351 BENEDICTI
2494 293 2581 348 PA
2591 292 2698 347 ΡᾸΞ
2741 293 2827 348 VII

3998 287 4107 347 544

826 409 959 452 usus
983 409 1110 452 suos
1139 403 1454 467 retorquere
1481 441 1493 461 ,
1529 400 1609 455 vel
1652 400 1809 457 alicui
1862 401 1914 457 in
1962 405 2281 462 beneﬁcium
2332 406 2422 461 tri-
2448 412 2497 468 Α
2527 402 2659 469 tyris
2688 400 2983 467 Vincentii,
3012 412 3066 456 et
3097 416 3195 471 per
3220 417 3279 457 se
3301 403 3354 458 in
3384 400 3573 458 eodem
3601 401 3893 459 venerabili
3920 416 4108 459 mona-

821 483 1013 550 buere,
1041 500 1215 556 neque
1245 486 1409 542 ullum
1441 489 1879 560 impedimentum
1914 510 1981 549 ex
2026 496 2293 565 praedictis
2332 511 2415 550 re-

821 575 927 631 bus
949 575 1178 634 fratrum
1211 580 1431 645 inferre,
1461 583 1553 637 sed
1580 598 1679 639 nec
1706 586 1925 639 servitia
1957 602 2021 641 ex
2052 587 2239 643 eadem
2273 596 2417 642 terra

821 674 1097 732 exactare,
1147 683 1321 739 neque
1372 670 1509 727 ullas
1548 671 1601 726 in
1648 674 1827 744 aliqua
1869 690 1926 730 re
1956 677 2266 732 exactiones
2295 677 2418 733 inde

821 756 1037 828 exigere
1065 770 1415 829 prmsumant,
1453 764 1499 819 si
1538 768 1852 836 augere.eis
1880 767 2162 837 placuerit,
2208 768 2417 824 licitum

818 845 1089 916 habeant;
1134 851 1468 909 distrahendi
1521 864 1699 911 autem
1748 857 1832 913 vel
1864 860 2173 926 minuendi,
2206 874 2267 915 ea
2297 876 2418 931 quae

820 951 919 1006 pro
948 937 1042 994 Dei
1080 955 1265 997 amore
1292 953 1494 999 statuta
1525 957 1671 1013 sunt,
1706 965 1806 1004 nec
1845 952 2138 1021 quidquam
2169 952 2415 1019 valeant;

818 1028 1109 1084 statuimus
1139 1045 1374 1101 namque
1401 1034 1502 1089 sub
1526 1036 1690 1093 divini
1712 1038 1902 1108 judicii
1928 1042 2147 1105 intuitu,
2179 1043 2417 1099 obtesta-

817 1115 965 1171 tione
1001 1127 1055 1173 et
1084 1119 1365 1177 beatorum
1410 1129 1773 1196 apostolorum
1826 1130 1972 1187 Petri
2014 1142 2068 1189 et
2101 1133 2273 1203 Pauli,
2322 1152 2419 1193 no-

816 1214 1052 1278 stt-anque
1078 1209 1396 1270 humilitatis
1428 1216 1691 1286 jussione,
1736 1233 1794 1277 ut
1844 1224 2022 1281 nullus
2068 1243 2305 1298 unquam
2348 1248 2417 1288 ex

814 1295 1229 1366 imperantibus,
1269 1306 1511 1375 regibus,
1563 1312 1983 1381 marchionibus,
2030 1295 2276 1388 ducibus,
2327 1336 2414 1377 co—

819 1392 1066 1481 mitibus,
1092 1396 1447 1468 principibus,
1475 1404 1557 1458 vel
1582 1420 1647 1460 ex
1670 1408 1815 1462 onmi
1838 1409 2121 1479 judiciaria
2152 1424 2419 1482 potestate

815 1485 1109 1550 accinctus,
1147 1505 1239 1545 seu
1284 1493 1334 1546 in
1362 1495 1602 1563 quolibet
1629 1500 1819 1556 ordine
1854 1512 1907 1556 et
1950 1505 2252 1563 ministerio
2289 1524 2417 1563 con-

811 1577 1058 1645 stitutus,
1088 1583 1139 1636 in
1176 1588 1501 1654 supradictis
1527 1592 1762 1662 episcopi
1799 1594 1878 1648 vel
1911 1599 2299 1656 canonicorum
2332 1618 2418 1657 re-

811 1669 943 1752 bus,‘
970 1688 1069 1728 nec
1096 1674 1148 1728 in
1183 1677 1298 1745 ipsa
1333 1680 1503 1734 insula
1549 1682 1635 1736 ubi
1686 1685 1878 1741 civitas
1916 1686 2153 1745 Parisius
2202 1692 2416 1747 videtur

2521 492 2689 547 sterio
2718 493 2931 562 tuisque
2951 493 3357 549 successoribus
3378 493 3429 548 in
3458 502 3795 563 perpetuum.

2592 584 2726 641 Cum
2770 600 2966 655 magna
3015 586 3170 642 nobis
3210 585 3569 642 sollicitudine
3605 601 3734 641 cura
3767 586 3967 642 insistit
4008 599 4110 658 pro

2519 677 2789 732 universis
2832 677 2926 732 Dei
2967 677 3215 733 ecclesiis
3249 693 3313 732 ac
3356 677 3459 748 piis
3494 677 3628 734 locis
3655 676 4008 748 vigilandum,
4039 692 4109 731 ne

2522 771 2758 841 aliquam
2803 772 3142 828 necessitatis
3182 770 3452 840 jacturam
3489 773 3821 838 sustineant,
3846 771 3941 826 sed
3990 784 4107 824 ma-

2521 860 2605 932 gis
2659 862 2875 932 propria
2923 862 3155 918 utilitate
3196 862 3461 933 stipendia
3504 870 3942 932 consequantur,
3987 860 4111 914 ideo

2520 953 2774 1008 convenit
2810 969 2909 1009 nos
2948 954 3241 1024 pastoralis
3285 962 3393 1008 tota
3428 953 3627 1009 mentis
3670 952 3977 1022 integritate
4010 966 4107 1005 eo-

2523 1046 2769 1100 rumdem
2808 1046 3198 1101 venerabilium
3228 1045 3467 1102 locorum
3514 1045 3750 1099 maxime
3799 1042 4112 1098 stabilitatis

2520 1140 2809 1195 utilitatem
2832 1156 3143 1211 procurare,
3170 1148 3275 1195 etc.
3326 1140 3491 1211 Igitur
3519 1140 3643 1209 quia
3667 1138 3878 1207 petistis
3898 1152 3928 1191 a
3955 1135 4113 1191 nobis

2521 1237 2787 1299 quatenus
2820 1230 3209 1285 monasterium
3249 1230 3393 1284 beati
3423 1228 3691 1284 \‘incentii
3728 1227 3981 1297 martyris
4033 1226 4113 1282 si-

2519 1329 2634 1374 tum
2682 1335 2840 1391 supra
2887 1318 3107 1375 ﬂuvium
3158 1320 3480 1375 Vulturnum
3526 1318 3799 1373 territorio
3839 1318 4114 1373 Beneven-

2523 1419 2671 1475 tano,
2702 1412 2945 1481 partibus
2974 1412 3225 1475 Samniac,
3256 1427 3360 1465 una
3396 1426 3517 1466 cum
3550 1410 3663 1464 suis
3685 1409 4029 1477 pertinentiis
4057 1416 4115 1464 et

2521 1502 2888 1568 monasteriis,
2916 1502 3163 1557 videlicet
3194 1502 3581 1557 monasterium
3617 1501 3757 1556 beati
3799 1500 3945 1556 Petri
3986 1515 4114 1570 apo-

2521 1596 2642 1651 sloli
2685 1597 2917 1666 positum
2957 1594 3108 1663 juxta
3147 1594 3368 1649 ﬂuvium
3419 1594 3663 1657 Sabbati,
3710 1604 3814 1649 etc.
3871 1592 3937 1647 Et
3993 1592 4114 1647 ideo

2524 1688 2871 1744 concedimus
2897 1688 3049 1743 vobis
3076 1688 3377 1756 vestrisque
3402 1685 3802 1741 successoribus
3841 1685 4114 1741 licentiam

810 1749 939 1814 esse.
958 1765 1157 1831 posita,
1182 1777 1238 1820 et
1266 1768 1331 1822 de
1368 1770 1532 1839 regali
1564 1774 1648 1825 via
1675 1787 1740 1827 ex
1767 1784 1922 1844 parte
1948 1778 2121 1831 sancti
2152 1778 2415 1834 Germani
2444 1749 2492 1808 Β
2519 1779 2828 1851 apostolica:
2858 1779 3001 1834 sedis
3044 1789 3239 1833 nostra:
3286 1787 3343 1831 ut
3392 1776 3689 1848 quamlibet
3725 1775 4111 1830 Christianita-

808 1854 1025 1907 rotundi
1053 1870 1081 1909 a
1108 1867 1293 1913 sancto
1320 1859 1588 1917 Mederico
1625 1880 1793 1934 usque
1824 1867 1890 1920 ad
1918 1868 2093 1922 locum
2134 1870 2224 1938 qui
2254 1872 2416 1941 vulgo

808 1946 1284 2002 vocatur'l‘udella
1331 1952 1383 2004 in
1428 1968 1553 2023 ruga
1608 1954 1845 2023 ejusdem
1904 1960 2077 2014 sancti
2132 1961 2410 2029 Germani,

808 2050 909 2089 nec
938 2037 989 2089 in
1019 2037 1140 2093 aliis
1173 2042 1475 2099 minoribus
1509 2046 1610 2101 viis
1634 2062 1753 2116 quin
1787 2051 2009 2103 tendunt
2046 2052 2112 2106 ad
2161 2055 2412 2109 eumdem

805 2132 1221 2195 monasterium,
1277 2135 1513 2205 aliquam
1566 2137 1848 2206 judicandi
1902 2151 2225 2211 potestatem
2278 2146 2412 2199 inibi

805 2232 1088 2290 exerceat,
1132 2240 1230 2280 nec
1279 2226 1514 2295 aliquem
1565 2245 1831 2297 censum,
1892 2247 2065 2303 neque
2115 2236 2409 2304 teloneum,

803 2327 980 2383 neque
1007 2316 1312 2386 ripaticmn,
1339 2334 1515 2390 neque
1540 2323 1853 2390 rotaticum,
1871 2340 2043 2396 neque
2055 2330 2407 2398 portatieum,

805 2402 979 2475 neque
1003 2408 1267 2475 bannum,
1290 2410 1317 2464 Γ
1316 2413 1440 2467 reda
1460 2428 1561 2468 nec
1576 2414 1711 2469 ullas
1729 2416 2094 2475 districtiones
2110 2421 2404 2490 faciendas,

803 2511 903 2552 nec
928 2498 1061 2555 ullas
1082 2512 1361 2571 reparatas
1377 2545 1391 2570 ,
1417 2520 1518 2559 nec
1539 2506 1848 2575 foraticum,
1872 2526 1970 2565 nec
1990 2512 2405 2582 pulveraticum,

802 2604 903 2643 nec
926 2590 1063 2646 ullas
1084 2592 1231 2663 leges
1256 2594 1555 2662 iaciendas,
1578 2614 1678 2653 nec
1701 2601 1766 2655 de
1788 2600 1971 2658 liberis
1996 2604 2304 2661 hominibus
2324 2607 2407 2661 al-

800 2680 1063 2751 banisque
1088 2699 1152 2738 ac
1181 2684 1462 2742 colonibus
1495 2688 1549 2742 in
1576 2691 1883 2758 supradicta
1900 2701 2042 2748 terra
2057 2709 2410 2751 commanen-

802 2770 967 2838 tibus,
993 2773 1228 2845 aliquem
1252 2792 1495 2843 censum,
1516 2778 1598 2835 vel
1619 2780 1829 2851 aliquas
1853 2784 2237 2842 reddibitiones
2257 2788 2405 2843 acci-

801 2878 937 2931 pere
960 2876 1276 2935 praesumat,
1294 2884 1394 2923 nec
1421 2871 1721 2939 quamlibet
1748 2874 2030 2940 malitiam,
2059 2891 2158 2932 nec
2175 2878 2406 2946 jactura:

810 2954 1138 3021 molestiam,
1167 2959 1364 3014 ibidem
1403 2961 1518 3016 sive
1546 2964 1719 3033 pacis,
1747 2965 1862 3020 sive
1888 2966 2011 3022 belli
2046 2978 2286 3039 tempore
2316 2971 2403 3025 in-

804 3042 951 3099 ferre
979 3056 1229 3113 conetur,
1272 3049 1397 3102 dmn
1435 3050 1679 3118 profecto
1711 3056 1905 3109 amodo
1935 3071 2108 3126 usque
2141 3058 2195 3114 in
2236 3059 2400 3117 ﬁnem

796 3137 1006 3203 steculi,
1038 3148 1097 3193 ut
1125 3140 1443 3208 pnedictum
1480 3152 1585 3208 est,
1622 3160 1832 3201 summa
1859 3148 2155 3207 stabilitate
2176 3153 2276 3207 sub
2305 3169 2401 3222 pa-

798 3230 1033 3286 trocinio
1065 3240 1119 3286 et
1143 3232 1525 3300 jurisdictione
1552 3248 1754 3293 sancta:
1785 3238 2045 3296 Romanae
2066 3245 2255 3300 matris
2292 3245 2400 3302 Ec-

797 3319 979 3376 clesia:
1024 3325 1453 3392 permanendum
1503 3338 1700 3382 cuncta
1749 3332 2111 3389 decernimus.
2170 3333 2228 3390 Si
2275 3338 2399 3408 quis

797 3422 1003 3481 autem,
1034 3416 1180 3487 quod
1210 3432 1316 3472 non
1352 3428 1626 3489 optamus,
1660 3423 1773 3479 lucc
1798 3439 1919 3495 quae
1958 3440 1987 3480 a
2016 3427 2172 3484 nobis
2206 3429 2272 3485 ad
2297 3431 2397 3487 ho-

797 3505 1197 3562 norilicentiam
1236 3518 1441 3564 sancta:
1469 3510 1565 3566 Dei
1602 3514 1880 3582 genitricis
1913 3515 2117 3584 Mariaa,
2164 3528 2219 3574 et
2248 3520 2397 3577 beati

795 3603 1215 3671 protomartyris
1266 3600 1558 3672 Stephani,
1610 3616 2038 3679 caeterorumque
2078 3622 2394 3668 sanctorum

792 3691 886 3758 qui
922 3691 995 3746 ibi
1030 3702 1384 3758 venerantur,
1426 3710 1526 3763 pro
1563 3696 1733 3764 ipsius
1780 3700 2078 3757 stabilitate
2106 3704 2389 3776 episcopa-

794 3790 880 3835 tus
902 3791 1108 3838 statuta
1136 3792 1284 3850 sunt,
1316 3790 1618 3857 transgredi
1645 3805 1778 3844 ausu
1805 3792 2014 3849 nefario
2036 3811 2396 3868 praesumpse-

797 3870 887 3934 rit,
918 3873 1059 3927 sciat
1085 3888 1145 3929 se
1172 3876 1537 3932 anathematis
1576 3880 1790 3936 vinculo
1819 3883 2154 3952 innodatum,
2177 3898 2233 3943 et
2266 3904 2392 3945 cum

795 3960 1014 4017 diabolo
1046 3971 1102 4017 et
1130 3966 1382 4022 omnibus
1431 3968 1630 4039 impiis,
1665 3974 1854 4028 aeterni
1892 3975 2125 4032 incendii
2164 3981 2394 4036 atrocis-

792 4050 933 4105 sitno
963 4054 1229 4123 supplicio
1263 4057 1601 4128 deputatum.
1639 4062 1710 4116 At
1751 4079 1877 4119 vero
1907 4067 1998 4136 qui
2052 4069 2140 4138 pio
2193 4071 2391 4128 intuitu

798 4152 982 4197 custos
1026 4153 1084 4200 et
1107 4145 1428 4203 observator
1457 4150 1648 4207 horum
1675 4166 2071 4225 praeceptorum
2097 4162 2386 4230 exstiterit,

797 4236 1123 4294 omnimodae
1156 4239 1549 4299 benedictionis
1589 4248 1841 4317 gratiam,
1880 4252 2229 4325 onmiumque
2260 4272 2392 4327 pee-

792 4336 1040 4384 catorum
1083 4346 1307 4388 suorum
1350 4336 1746 4395 absolutionem
1789 4352 1844 4397 et
1890 4344 2298 4417 indulgentiam,
2336 4360 2393 4404 et

2430 3096 2479 3160 C

2518 1880 2628 1925 tem
2664 1870 3026 1939 indigentibus
3064 1870 3115 1921 in
3147 1868 3403 1937 prmdicto
3451 1866 3743 1920 venerabili
3786 1867 4114 1921 monasterio

2516 1961 2690 2029 qualis
2716 1960 3000 2029 episc0pus
3038 1958 3190 2012 vobis
3234 1958 3300 2011 ad
3341 1957 3671 2011 invitaudum
3702 1956 3780 2009 ire
3809 1957 4111 2021 volueritis,

2516 2050 2749 2106 habendi
2780 2058 3124 2119 potestatem,
3167 2058 3273 2103 etc.
3318 2047 3539 2118 qualiter
3579 2047 3772 2118 legitur
3808 2048 3861 2099 in
3908 2048 4112 2101 cwleris

2517 2139 2694 2195 bullis.

2586 2230 2859 2300 Scriptum
2886 2245 2982 2300 per
3010 2244 3201 2284 manus
3228 2227 3450 2285 Joannis
3477 2230 3742 2284 scriniarii
3768 2238 3969 2284 sanctae
3997 2228 4109 2282 Ro-

2514 2338 2689 2377 mana:
2715 2322 2968 2377 Ecclesia:
2998 2321 3051 2376 in
3082 2335 3267 2378 mense
3298 2321 3578 2389 Octobrio,
3607 2323 3694 2379 die
3720 2324 3773 2388 9,
3817 2323 4112 2379 indictione

2512 2426 2589 2466 ιι.
2631 2412 2772 2467 Bene
2794 2412 2989 2468 valete.

2583 2500 2779 2556 Datum
2835 2517 2886 2557 vt
2938 2501 3118 2558 Nonas
3159 2500 3410 2560 Octobris
3465 2520 3561 2574 per
3611 2522 3802 2561 manus
3845 2504 4111 2576 Stephani

2511 2592 2747 2663 episcopi
2803 2602 2858 2648 et
2901 2594 3293 2650 bibliothecarii
3344 2607 3547 2652 sancta:
3588 2599 3732 2653 sedis
3781 2598 4107 2669 apostolicae,

2510 2698 2678 2749 anno,
2711 2682 2821 2739 Deo
2855 2685 3111 2755 propitio,
3144 2687 3493 2755 pontiﬁcatus
3522 2690 3705 2743 domui
3742 2690 3908 2744 nostri
3936 2689 4113 2744 Bene-

2510 2775 2640 2829 dicti
2686 2777 2880 2831 summi
2912 2776 3182 2847 pontiﬁcis
3219 2786 3275 2832 et
3310 2780 3635 2836 universalis
3677 2782 3890 2851 septimi
3932 2797 4108 2852 papae,

2508 2865 2567 2920 in
2591 2866 2960 2921 sacratissima
2984 2867 3111 2922 sede
3136 2868 3281 2923 beati
3314 2868 3460 2925 Petri
3484 2872 3732 2941 apostoli,
3756 2882 3969 2940 octavo,
4010 2887 4113 2943 per

2509 2958 2805 3014 indictione
2843 2957 3065 3029 praefata
3104 2975 3178 3014 χι.

3206 3076 3392 3134 XXllI.

2510 3201 2792 3244 BNEDICTI
2826 3202 2973 3244 ΡΔΡΕ
3011 3204 3085 3244 νη
3121 3204 3287 3244 Βυιιιι
3320 3204 3421 3244 PRO
3456 3205 3796 3249 IONASTERIO
3824 3206 3870 3250 8.
3900 3204 4109 3247 ιιιιΑκιι

3087 3274 3524 3317 εικολεεοαιιηει.

3109 3373 3288 3443 (Anno
3348 3374 3499 3445 982.)

2759 3487 2979 3561 [MabilL
3018 3488 3212 3543 Annal.
3250 3489 3367 3544 ard.
3397 3487 3528 3545 Βέη.
3561 3491 3651 3558 IV,
3691 3491 3841 3567 687.]

2583 3605 2925 3659 Bsnsntcrus
2979 3603 3261 3674 episcopus
3300 3644 3316 3669 ,
3381 3619 3573 3661 servus
3612 3621 3915 3662 .servorum
3984 3605 4102 3661 Dei.

2579 3694 2778 3750 Notum
2800 3694 2871 3749 sit
2894 3693 3145 3749 omnibus
3163 3692 3504 3761 Christianis,
3521 3694 3647 3766 quia
3667 3703 3932 3751 venerunt
3955 3695 4105 3751 Rod-

2506 3785 2690 3856 garius
2734 3799 2916 3840 comes
2944 3798 3066 3839 cum
3095 3782 3323 3854 conjuge
3362 3800 3479 3852 sua,
3534 3787 3753 3843 nomine
3784 3786 4105 3853 Adbalaice,

2504 3875 2775 3944 simulque
2810 3889 2932 3929 cum
2968 3874 3047 3929 eis
3086 3875 3235 3929 venit
3270 3874 3596 3931 Benedictus
3626 3877 3794 3932 abbas
3819 3878 3886 3931 ad
3915 3876 4105 3931 limina

2505 3962 2873 4035 apostolorum
2900 3963 3039 4018 beati
3078 3962 3227 4020 Petri
3264 3972 3321 4018 et
3358 3962 3510 4018 Pauli
3542 3972 3669 4019 ante
3696 3973 3935 4020 nostram
3966 3980 4107 4034 pra:-

2504 4057 2763 4121 sentiam,
2805 4055 3182 4126 petieruntque
3209 4064 3267 4110 ut
3300 4056 3749 4113 contirmaremus
3775 4056 3855 4113 eis
3879 4071 3979 4127 per
4006 4072 4107 4112 no-

2504 4158 2673 4205 stram
2704 4147 3054 4219 apostolicam
3079 4147 3455 4203 auctoritatem
3485 4148 3871 4204 monasterium
3891 4187 3907 4214 ,
3956 4146 4104 4219 quod

2505 4250 2590 4297 est
2645 4249 3022 4296 consecratum
3071 4239 3126 4295 in
3183 4240 3389 4295 honore
3434 4239 3607 4297 sancti
3651 4238 3951 4306 Saturnini,
4007 4240 4103 4295 ubi

2504 4334 2697 4390 beatus
2733 4333 2968 4389 Hilarius
2994 4334 3248 4388 humatus
3272 4332 3534 4403 quiescit;
3575 4342 3635 4388 ut
3660 4347 3767 4388 non
3793 4332 3865 4388 sit
3894 4332 4103 4388 licitum

790 4419 1033 4476 ccelestis
1063 4423 1188 4479 vitae
1233 4425 1622 4486 beatitudinem
1654 4448 1777 4487 cum
1810 4438 2014 4493 sanctis
2044 4449 2099 4495 et
2139 4442 2329 4499 electis
2357 4462 2391 4501 a
2422 4458 2480 4519 ι)
2505 4424 2556 4479 al

2357 4462 2391 4501 a
2422 4458 2480 4519 Β
2505 4424 2574 4479 ab
2616 4424 2719 4479 hac
2764 4424 2898 4478 hora
2938 4422 3173 4487 inantea,
3210 4436 3389 4492 neque
3412 4422 3619 4487 comiti,
3652 4436 3846 4493 neque
3890 4422 4102 4478 viceco-

793 4512 1304 4573 misericordissimo
1350 4520 1575 4579 Domino
1606 4524 1718 4581 Deo
1746 4537 1935 4585 nostro
1958 4534 2216 4603 consequi
2266 4551 2383 4592 me-

788 4612 977 4659 rentur
1003 4605 1054 4661 in
1077 4609 1273 4665 saecula
1308 4612 1647 4671 saeculorum.

855 4694 1007 4754 Bene
1037 4698 1249 4757 Valete.
1278 4702 1473 4760 Amen.

866 4786 1000 4843 Data
1033 4806 1093 4846 ιιι
1146 4790 1263 4847 Kal.
1306 4793 1549 4854 Januarii
1592 4816 1691 4872 per
1738 4820 1958 4863 manum
2008 4809 2208 4866 domini
2257 4812 2382 4869 Ste-

785 4877 953 4948 phani
984 4882 1226 4956 episcopi
1255 4895 1310 4944 et
1336 4888 1736 4953 bibliothecarii
1762 4909 1968 4957 sancta;
1996 4900 2257 4962 Romanae
2277 4905 2384 4962 Ee-

783 4970 986 5028 etesiae.

1500 5099 1661 5157 XXII.

774 5213 1061 5261 BBNBDICTI
1100 5222 1174 5265 VII
1226 5225 1373 5267 ΡΛΡΑΕ
1422 5229 1588 5271 ΒυιιΑ
1640 5232 1741 5272 PRO
1786 5234 2126 5276 IIONAS'I‘ERIO
2168 5237 2216 5276 S.
2271 5237 2387 5276 VIN-

1230 5298 1412 5340 CENTII
1452 5302 1522 5341 AD
1563 5303 1917 5346 V’ULTURNUII.

1390 5395 1568 5467 (Anno
1606 5398 1757 5469 982.)

1171 5505 1341 5522 .-.θη
1460 5507 1499 5522 1.
1548 5510 1559 5522 ι
1613 5509 1645 5522 n
1718 5510 1728 5519 ι
1774 5518 1781 5522 .
1838 5508 1856 5522 1
2008 5508 2149 5522 ΙΛΙΊ

2502 4515 2643 4581 miti,
2683 4529 2858 4585 neque
2896 4515 3184 4586 episcopis,
3214 4528 3391 4584 neque
3413 4513 3537 4568 ulla:
3573 4528 3781 4585 magna:
3814 4528 4102 4584 parvzeque

2498 4622 2768 4679 personae,
2800 4607 3004 4663 homini
3038 4620 3215 4677 neque
3237 4604 3471 4673 feminae,
3507 4604 3881 4675 supradictum
3914 4619 4103 4660 mona-

2498 4700 2727 4758 sterium
2764 4700 2964 4771 aliquid
3003 4699 3069 4756 de
3108 4699 3223 4753 suis
3268 4698 3429 4755 rebus
3471 4697 3686 4754 auferre
3721 4697 3806 4753 vel
3859 4696 4103 4753 alienare

2498 4801 2813 4865 praesumat,
2843 4791 3103 4861 quidquid
3124 4790 3284 4845 modo
3314 4789 3496 4857 habet,
3520 4798 3577 4844 et
3606 4790 3825 4845 inantea
3861 4788 4102 4859 acquisi-

2498 4896 2684 4940 turum
2714 4886 2817 4939 erit
2849 4883 2902 4938 in
2931 4892 3249 4953 perpetuum
3276 4922 3291 4948 ,
3321 4880 3415 4937 sed
3440 4895 3656 4952 semper
3678 4882 3790 4937 sint
3814 4880 3868 4936 in
3896 4881 4103 4952 stipen-

2501 4976 2589 5033 dia
2634 4975 3046 5039 monachorum,
3094 4982 3150 5028 et
3191 4973 3244 5027 in
3289 4972 3647 5044 eleemosynis
3680 4986 3978 5043 pauperum
4009 4988 4098 5040 ea,

2501 5084 2623 5141 qua:
2659 5081 2915 5124 concessa
2946 5064 3174 5120 suutvel
3201 5064 3396 5120 donata
3428 5065 3481 5118 in
3510 5062 3737 5134 praefato
3763 5066 4100 5122 monasterio

2502 5176 2531 5215 a
2561 5157 2785 5231 praefato
2815 5158 3084 5229 Rodgario
3113 5169 3169 5212 et
3193 5172 3289 5212 sua
3316 5154 3563 5228 conjuge,
3591 5156 3643 5212 id
3678 5166 3766 5212 est
3793 5156 3941 5225 villa,
3978 5172 4101 5229 qua:

2502 5254 2702 5309 dicitur
2728 5250 3073 5315 Corneliana,
3103 5264 3227 5305 cum
3254 5248 3481 5304 ecclesia
3509 5250 3679 5305 sancti
3705 5248 3872 5316 Petri,
3921 5258 3976 5306 et
4008 5264 4100 5307 ec-

2401 5388 2412 5407 .
2502 5346 2714 5411 clcsias,
2748 5361 2867 5415 qua:
2895 5345 2948 5399 in
2978 5343 3099 5398 vico
3124 5342 3342 5399 Limoso
3370 5351 3424 5397 et
3454 5342 3651 5398 Gardia
3687 5358 3812 5398 cum
3862 5342 4099 5399 ecclesia

2501 5438 2672 5493 sancti
2722 5437 2884 5501 Petri,
2919 5444 2973 5491 et
3002 5434 3337 5490 Malcbindus
3378 5444 3432 5489 et
3476 5434 3775 5506 Salsingus,
3815 5446 3870 5491 et
3899 5444 4101 5492 caetera
