4472 5522
367 262 477 321 345

1537 269 1895 325 ΕΡΙΞΤΟΙιΑε
1938 273 2013 322 b'l
2065 271 2482 326 l’lllVlLEGiA.

3543 275 3646 331 346

373 393 535 434 sensu
564 389 618 434 et
644 380 1000 436 communiori
1046 380 1321 436 voluntate
1356 379 1608 444 fratrum,
1638 383 1727 451 qui
1761 382 1957 435 ibidem
1985 382 2034 440 Α
2064 381 2378 436 risdictione
2405 392 2602 436 sancta!
2633 391 2860 447 nostra},
2897 385 2983 438 cui
3016 385 3126 438 Deo
3155 392 3373 440 auctore
3414 385 3648 440 deservi-

370 468 484 524 Deo
510 469 773 534 serviunt,
815 469 897 524 vel
939 471 1153 526 inantea
1198 481 1322 526 sunt
1362 473 1638 534 servituri,
1683 473 1962 540 elegerint.

377 561 506 617 Haec
531 564 733 628 omnia,
773 578 893 633 qua
922 565 1288 635 suprascripta
1322 574 1466 630 sunt,
1498 565 1843 620 concedimus
1874 563 1967 618 tibi

368 650 668 709 Benedicto
717 655 919 710 abbati.
972 657 1184 726 tuisque
1224 657 1627 711 successoribus
1679 656 1730 709 in
1783 671 1970 726 perpe-

371 753 520 799 tuum
565 761 662 815 pro
701 747 1084 817 omnipotentis
1118 749 1208 803 Dei
1243 763 1429 805 amore
1483 760 1536 805 et
1585 749 1754 804 sancti
1802 748 1967 812 Petri,

374 845 680 906 nostrasque
707 839 901 895 animae
933 841 1323 910 redemptione,
1377 843 1502 898 item
1547 853 1601 897 et
1644 858 1741 912 pro
1786 857 1970 897 amore

379 928 634 1000 llodgarii
693 932 906 987 comitis
958 933 1306 989 Carcassonzn
1349 943 1403 989 et
1465 935 1706 1005 c0njugis
1762 934 1967 1004 ipsius,

378 1033 590 1075 necnon
624 1021 924 1091 Raymundi
971 1023 1150 1078 dilecti
1202 1025 1297 1079 ﬁlii
1345 1025 1468 1090 mei,
1525 1035 1583 1080 ut
1636 1026 1846 1081 illorum
1903 1028 1970 1080 sit

371 1125 581 1165 merces
612 1111 662 1164 in
692 1121 1030 1182 perpetuum.
1089 1114 1159 1168 At
1187 1130 1316 1169 vero
1345 1116 1435 1185 qui
1466 1125 1646 1171 custos
1681 1127 1735 1170 et
1779 1118 1964 1171 obser-

371 1213 528 1258 vator
553 1202 714 1260 fuerit
739 1205 897 1275 hujus
923 1208 1092 1262 nostri
1122 1209 1398 1278 apostolici
1441 1212 1718 1280 przecepti,
1749 1221 1803 1265 et
1834 1227 1963 1266 con-

374 1293 682 1349 ﬁrmatione
702 1295 1010 1353 Christiana
1037 1299 1468 1356 benedictionem
1497 1317 1524 1354 a
1554 1303 1737 1369 Patre,
1781 1314 1834 1357 et
1875 1304 1963 1357 Fi—

374 1384 465 1447 lio,
496 1394 550 1439 et
574 1385 777 1456 Spiritu
825 1399 1037 1452 sancto,
1081 1391 1132 1444 in
1185 1393 1436 1447 omnibus
1487 1403 1869 1463 consequatur,
1917 1403 1970 1448 et

373 1478 497 1530 vita:
519 1486 736 1532 aeterna:
761 1480 1029 1550 particeps
1063 1482 1199 1538 efﬁci
1244 1494 1516 1540 mereatur
1553 1487 1603 1540 in
1642 1487 1834 1540 sarcula
1875 1501 1969 1541 sae-

374 1567 650 1633 culorum;
698 1579 751 1624 et
798 1571 887 1639 qui
940 1572 1228 1628 observare
1285 1575 1557 1638 noluerit,
1607 1577 1970 1631 anathematis

375 1656 587 1712 vinculo
612 1657 685 1713 sit
709 1659 1017 1728 innodatus,
1041 1674 1096 1716 et
1120 1679 1150 1716 a
1179 1677 1344 1734 regno
1382 1665 1477 1720 Dei
1510 1664 1716 1720 alienus
1743 1681 1962 1735 perma-

375 1760 520 1804 tteztl.

447 1842 718 1915 Scriptum
742 1861 838 1915 per
857 1862 1074 1901 manum
1105 1850 1386 1918 Stephani,
1406 1851 1598 1904 notarii
1618 1861 1670 1905 et
1691 1851 1960 1906 scriniarii

377 1947 576 1992 sanctae
605 1937 862 1993 Romana:
893 1940 1166 1996 Ecclesiae.
1218 1942 1361 1997 Bene
1391 1944 1582 1999 valete.

1075 2056 1266 2110 XXIV.

421 2178 707 2220 BENEDICTI
756 2182 899 2220 ΡΛΡᾸΞ
946 2183 1018 2221 \‘ll
1069 2184 1410 2224 PRIVILEGIUI
1452 2187 1550 2223 ΡΝ)
1583 2187 1920 2228 IONASTERIO

547 2252 594 2291 Β.
647 2252 972 2292 SALVATORIS
1020 2253 1088 2293 ΕΤ
1136 2256 1180 2293 5.
1230 2256 1387 2294 PETRI
1429 2256 1806 2297 GEMBLACENSI.

987 2347 1163 2417 (Anno
1216 2348 1364 2419 983.)
1950 2357 1967 2418 [ξ

573 2459 752 2532 [Apud
780 2459 979 2515 Mabill.
1006 2461 1136 2514 Acta
1166 2460 1272 2516 SS.
1299 2461 1436 2517 Saec.
1471 2463 1535 2527 V,
1568 2479 1619 2532 p.
1648 2463 1797 2534 300.]

449 2572 788 2628 Bausnlcrus
832 2573 1134 2644 episc0pus,
1168 2589 1355 2628 servus
1392 2590 1670 2629 servorum
1706 2575 1816 2639 Dei,
1848 2576 1973 2630 reli-

379 2664 530 2733 gioso
565 2663 743 2716 abbati
776 2663 1097 2717 venerabilis
1133 2665 1443 2718 monasterii
1474 2667 1644 2719 sancti
1678 2666 1973 2720 Salvatoris

379 2754 593 2808 Domini
637 2755 804 2808 nostri
841 2753 964 2808 Jesu
1007 2755 1211 2809 Christi
1259 2771 1321 2810 ac
1372 2756 1544 2810 sancti
1589 2756 1732 2810 Petri
1765 2759 1975 2811 noviter

378 2844 451 2899 ibi
510 2845 832 2909 constituti,
898 2843 1118 2914 suisque
1187 2844 1590 2900 successoribus
1665 2845 1718 2898 in
1778 2858 1971 2914 perpe-

382 2944 554 2990 tuum.

449 3027 587 3082 Cum
618 3043 811 3098 magna
847 3028 1001 3083 nobis
1045 3027 1406 3083 sollicitudine
1455 3028 1653 3083 insistit
1701 3045 1832 3084 cura
1875 3043 1975 3098 pro

380 3119 651 3174 universis
679 3119 772 3172 Dei
801 3119 1044 3175 ecclesiis
1087 3135 1150 3175 ac
1198 3120 1300 3190 piis
1351 3118 1480 3175 locis
1526 3120 1861 3192 invigilandi,
1910 3135 1976 3174 ne

381 3211 560 3281 aliqua
614 3211 937 3266 necessitate
971 3211 1241 3280 jacturam
1287 3212 1610 3276 sustineant,
1663 3212 1755 3266 sed
1807 3211 1977 3281 magis

380 3305 614 3374 propriae
643 3303 894 3358 utilitatis
929 3304 1194 3372 stipendia
1223 3313 1640 3373 consequantur.
1692 3303 1816 3357 ldeo
1846 3317 1974 3357 con-

381 3396 528 3451 venit
569 3410 666 3451 nos
709 3405 819 3450 tota
864 3394 1151 3464 pastoralis
1190 3396 1385 3450 mentis
1424 3396 1734 3465 integritate
1761 3410 1978 3450 eorum-

386 3486 504 3540 dem
533 3485 925 3541 venerabilium
972 3485 1212 3540 locorum
1245 3486 1480 3540 maxime
1515 3487 1880 3557 integritatem
1927 3493 1981 3542 et

385 3579 734 3634 stabilitatem
767 3593 1077 3648 procurare,
1124 3587 1179 3633 et
1226 3578 1411 3633 sedulo
1439 3593 1625 3633 eorum
1659 3578 1981 3634 utilitatibus

387 3671 625 3726 subsidia
676 3669 786 3724 illic
825 3669 1090 3729 conferre,
1145 3677 1200 3722 ut
1242 3669 1352 3722 Deo
1384 3679 1568 3724 nostro
1624 3670 1980 3739 omnipotenti

387 3761 464 3830 id,
491 3763 633 3833 quod
663 3777 760 3832 pro
805 3761 920 3831 ejus
949 3762 1123 3816 sancti
1157 3762 1392 3816 nominis
1432 3761 1655 3824 honore,
1701 3762 1862 3815 etiam
1915 3760 1982 3815 ad

385 3859 600 3913 laudem
649 3865 809 3926 atque
847 3855 1071 3927 gloriam
1102 3853 1217 3923 ejus
1243 3855 1437 3909 divinae
1478 3854 1796 3922 majestatis,
1824 3869 1985 3909 vene-

387 3950 650 4006 rabilibus
679 3964 778 4004 nos
808 3958 1015 4003 certum
1058 3956 1143 4002 est
1190 3947 1483 4002 contulisse
1515 3947 1668 4009 locis,
1716 3946 1786 4000 sit
1829 3960 1985 4000 acce-

385 4041 606 4114 ptabile,
639 4041 902 4111 nobisque
928 4040 996 4094 ab
1017 4038 1131 4108 ejus
1159 4038 1578 4109 locupletissima
1612 4037 1984 4093 misericordia

388 4134 545 4206 digna
572 4132 877 4202 hujusmodi
908 4131 982 4201 pii
1008 4131 1190 4199 operis
1216 4129 1268 4183 in
1303 4129 1529 4182 sidereis
1555 4127 1869 4182 conferatur
1897 4143 1986 4181 ar-

386 4226 541 4282 cibus
589 4222 977 4279 remuneratio.
1037 4220 1207 4289 lgitur
1248 4218 1372 4288 quia
1397 4217 1712 4287 postulastis
1744 4233 1773 4270 a
1803 4218 1981 4283 nobis,

384 4327 654 4389 quatenus
698 4331 798 4387 pro
823 4314 918 4370 Dei
949 4312 1335 4382 omnipotentis
1362 4326 1546 4366 amore
1572 4326 1635 4365 ac
1660 4311 1858 4365 domini
1888 4310 1983 4367 0t-

2075 487 2212 534 nms,
2243 472 2494 526 Ecclesiae
2539 475 2883 536 constitutus.
2919 475 3116 530 nullius
3145 475 3367 530 alterius
3398 475 3652 531 Ecclesia:

2067 560 2528 628 jurisdictionibus
2562 565 2924 619 submittatur.
2987 565 3051 619 Et
3085 566 3205 622 ideo
3243 567 3526 635 cujuslibet
3569 584 3654 623 ec-

2073 654 2250 708 clesia:
2299 657 2606 725 episcopum
2661 657 2711 710 in
2771 657 2992 726 praefato
3052 658 3375 713 monasterio
3437 659 3658 714 ditionis

2074 745 2366 815 quamlibet
2396 747 2595 802 habere
2629 749 3003 802 auctoritatem
3036 750 3407 818 prohibemus,
3445 751 3544 804 nisi
3580 761 3657 804 ta-

2074 853 2194 891 men
2226 837 2574 893 benedicendi
2618 839 2812 893 habeat
2836 839 3107 894 licentiam
3148 859 3159 893 :
3196 850 3494 895 statuentes
3533 855 3659 911 apo-

2075 930 2260 984 stolica
2287 945 2512 984 censura
2558 940 2717 1000 atque
2762 933 3082 986 auctoritate
3108 933 3249 986 beati
3276 932 3416 988 Petri
3445 943 3659 1002 aposto-

2075 1021 2247 1074 lorum
2293 1022 2549 1092 principis
2609 1024 2707 1076 sub
2751 1023 2912 1077 divini
2959 1023 3145 1092 judicii
3192 1023 3551 1078 obtestatione
3597 1037 3661 1078 ac

2076 1112 2264 1164 validis
2297 1120 2458 1181 atque
2484 1113 2754 1166 atrocibus
2778 1113 3137 1167 anathematis
3168 1114 3660 1180 interdictionihus,

2074 1213 2132 1257 ut
2171 1205 2346 1259 nullus
2385 1221 2618 1274 unquam
2672 1215 2977 1261 nostrorum
3027 1221 3400 1261 successorum
3443 1205 3659 1275 pontiﬁ-

2075 1311 2195 1349 cum
2241 1297 2321 1348 vel
2360 1296 2462 1349 alia
2510 1312 2673 1366 parva
2726 1313 3023 1368 magnaque
3060 1313 3310 1368 persona,
3350 1297 3550 1366 aliquid
3598 1297 3662 1351 de

2076 1389 2237 1440 rebus
2269 1387 2348 1441 vel
2378 1388 2806 1456 possessionibus
2838 1390 2903 1442 ad
2947 1391 3085 1444 idem
3116 1390 3507 1459 pertinentibus
3550 1402 3664 1441 mo.

2074 1480 2392 1543 nasterium,
2434 1479 2648 1533 auferre
2695 1480 2777 1533 vel
2819 1480 3054 1534 alienare
3098 1490 3404 1550 praesumat.
3456 1479 3511 1532 Si
3543 1479 3666 1548 quis

2075 1581 2287 1635 autem,
2325 1572 2465 1640 quod
2497 1587 2601 1625 non
2632 1571 2902 1625 credimus
2926 1613 2939 1635 ,
2972 1571 3177 1626 nefario
3204 1587 3334 1625 ausu
3365 1587 3526 1641 parva
3553 1585 3665 1622 ma-

2075 1677 2288 1732 gnaque
2334 1677 2586 1732 persona,
2635 1672 2823 1716 contra
2869 1663 2969 1716 hoc
3020 1671 3260 1717 nostrum
3313 1661 3665 1731 apostolicum

1989 1733 2040 1793 Β
2066 1753 2406 1822 privilegium
2455 1767 2612 1822 agere
2665 1754 2991 1817 tentaverit,
3041 1753 3177 1806 sciat
3216 1768 3273 1806 se
3307 1753 3663 1806 anathematis

2069 1842 2282 1896 vinculo
2317 1859 2435 1897 esse
2464 1843 2797 1905 innodatum,
2832 1860 2895 1898 ac
2925 1859 2952 1896 a
2985 1859 3146 1914 regno
3187 1844 3278 1896 Dei
3314 1843 3569 1905 alienum,
3603 1857 3666 1896 ac

2069 1948 2191 1987 cum
2225 1933 2476 1986 omnibus
2507 1934 2686 2001 impiis
2719 1943 2919 1987 aeterno
2946 1933 3174 1987 incendii
3224 1933 3483 2002 supplicio
3533 1948 3663 1985 con-

2069 2023 2380 2076 demnalum
2417 2041 2428 2075 :
2461 2032 2514 2075 at
2547 2039 2672 2076 vero
2703 2025 2793 2092 qui
2827 2026 3144 2077 observator
3168 2025 3436 2077 exstiterit
3468 2038 3669 2092 praece-

2070 2117 2168 2184 pti,
2213 2117 2439 2184 gratiam
2487 2132 2548 2168 ac
2593 2115 3018 2168 misericordiam
3051 2115 3323 2182 vitamque
3353 2123 3610 2168 wtcrnam
3638 2129 3668 2166 a

2073 2207 2580 2262 misericordissimo
2614 2209 2721 2261 Deo
2752 2208 3121 2276 multipliciter
3151 2217 3526 2275 consequatur.

2146 2300 2417 2369 Scriptum
2447 2316 2543 2369 per
2574 2316 2788 2354 manum
2836 2301 3093 2355 Bonifacii
3138 2300 3329 2354 notarii
3373 2300 3660 2370 regionarii

2074 2407 2138 2445 ac
2192 2391 2458 2445 scriniarii
2519 2401 2722 2446 sanctae
2773 2392 3028 2446 Romana:
3076 2392 3329 2447 Ecclesia:
3375 2393 3428 2447 in
3485 2406 3670 2447 mense

2076 2480 2289 2544 Martio,
2318 2481 2607 2535 indictione
2632 2497 2704 2534 χι.
2749 2481 2891 2534 Bene
2920 2481 3109 2536 valete.

2149 2573 2339 2627 Datum
2374 2589 2464 2626 vm
2506 2573 2620 2627 Kal.
2647 2574 2845 2644 Aprilis
2872 2591 2968 2643 per
3014 2590 3204 2629 manus
3246 2574 3503 2645 Stephani
3550 2575 3665 2646 cpi-

2079 2666 2224 2734 scopi
2257 2681 2318 2719 ac
2352 2665 2744 2720 bibliothecarii
2775 2678 2977 2721 sancta:
3009 2667 3151 2721 sedis
3176 2667 3507 2737 apostolicae,
3532 2681 3675 2721 anno

2077 2756 2422 2826 pontiﬁcatus
2465 2756 2663 2809 domini
2711 2757 2879 2810 nostri
2924 2756 3196 2810 Benedicti
3226 2757 3550 2812 sanctissimi
3591 2771 3676 2810 se-

2078 2846 2233 2915 ptimi
2281 2860 2429 2914 papa:
2470 2861 2544 2907 lx,
2591 2846 2888 2914 imperante
2923 2845 3140 2899 domino
3185 2857 3370 2900 nostro
3419 2845 3614 2899 Ottoue
3641 2860 3672 2898 a

2081 2937 2191 2990 Deo
2217 2945 2496 2998 coronato,
2536 2951 2728 3002 magno
2775 2952 2837 2990 ac
2882 2937 3107 3005 paciﬁco
3148 2938 3492 3006 imperatore,
3534 2950 3675 2992 anno

2083 3040 2194 3084 xvi,
2228 3025 2281 3078 in
2316 3039 2499 3080 mense
2529 3040 2590 3080 ac
2619 3025 2916 3081 indictione
2945 3027 3139 3096 quibus
3169 3042 3351 3098 supra.

2783 3160 2947 3216 XXV.

2106 3313 2373 3353 PLACITUI
2409 3313 2664 3354 ROMANO!
2701 3315 2732 3352 Α
2773 3313 3071 3355 BENEDICTO
3105 3313 3179 3354 νιι
3221 3315 3348 3353 ΡΛΡΛ
3391 3313 3653 3355 ΙΙΛΒΙΤυΙ.

2701 3432 2880 3502 (Anno
2902 3431 3053 3502 985.)

2084 3544 2188 3599 Leo
2225 3545 2383 3599 abbas
2418 3555 2719 3600 sanctorum
2750 3544 2951 3599 Cosma:
2975 3555 3020 3598 et
3057 3543 3304 3598 Damiam’
3334 3543 3499 3597 multa
3530 3542 3677 3598 resti-

2334 3627 2482 3669 tuere
2509 3618 2715 3684 cogitur
2747 3615 3068 3671 monasterio
3099 3612 3425 3670 Sttblacensi.

2140 3726 2317 3798 [Apud
2347 3725 2721 3791 Muratorium,
2755 3726 2878 3780 Ant.
2908 3725 3036 3780 Ital.
3075 3735 3205 3781 tom.
3239 3724 3278 3790 l,
3306 3739 3427 3795 pag.
3455 3723 3610 3796 579.]

2159 3840 2357 3896 Charta
2411 3839 2756 3896 refutationis
2802 3843 2868 3895 de
2897 3840 3092 3896 Arsule
3120 3881 3134 3905 ,
3166 3841 3233 3895 de
3271 3839 3520 3895 Bubiano
3549 3881 3563 3906 ,
3606 3839 3676 3894 de

2087 3933 2359 3996 Anticulo,
2385 3943 2439 3988 et
2467 3933 2531 3987 de
2560 3932 2681 3988 aliis
2704 3931 2908 3997 fundis,
2936 3947 3057 4002 quae
3081 3931 3334 3986 refutavit
3364 3931 3473 3985 Leo
3508 3932 3679 3986 abbas

2090 4034 2401 4078 sanctorum
2419 4023 2630 4078 Cosma:
2642 4030 2696 4076 et
2722 4021 2971 4076 Damiani
3001 4022 3068 4076 ad
3084 4022 3476 4076 monasterium
3502 4020 3677 4077 sancti

2089 4115 2384 4170 Benedicti.

2159 4210 2317 4262 Anno
2346 4206 2691 4276 pontiﬁcatus
2727 4206 2909 4261 donmi
2938 4204 3216 4260 Benedicti
3249 4204 3448 4259 summi
3490 4204 3676 4273 ponti-

2091 4298 2244 4363 ﬁcis,
2284 4306 2338 4352 et
2372 4297 2690 4352 universalis
2740 4295 2826 4350 V'll
2857 4312 3008 4367 papa:
3045 4296 3098 4350 in
3147 4297 3512 4351 sacratissima
3550 4296 3680 4351 sede

385 4385 531 4465 tonis
570 4385 1053 4478 praecellentissimi
1091 4399 1450 4472 imperatoris,
1485 4401 1764 4470 nostrique
1799 4400 1981 4456 dilecti
2008 4443 2061 4503 Β
2093 4390 2151 4446 be

1909 4401 1981 4456 cii
2008 4443 2061 4503 Β
2093 4390 2235 4446 beati
2267 4389 2411 4444 Petri
2447 4389 2690 4460 apostoli,
2727 4404 2869 4445 anno
2898 4403 2970 4451 ιχ,
3012 4387 3124 4442 sive
3153 4388 3352 4442 domno
3385 4386 3582 4443 Ottoue
3611 4385 3675 4452 ll,

2089 4498 2278 4503 __-__-
2315 4484 2634 4503 suum---
2729 4496 2835 4503 ,___
2869 4480 3231 4503 ,λη--.τμη
3279 4480 3675 4503 η,,ε,,.,ίιλ,,ε,,,Α

383 4502 500 4564 ﬁlii,
550 4500 970 4556 concederemus
1008 4505 1169 4566 atque
1200 4493 1644 4550 conﬁrmaremus
1667 4493 1819 4548 vobis
1843 4509 1980 4563 prae-

380 4592 590 4647 dictum
627 4588 1014 4646 monasterium
1043 4587 1096 4640 in
1131 4586 1336 4641 honore
1363 4585 1535 4639 sancti
1571 4582 1872 4638 Salvatoris
1915 4599 1977 4639 ac

379 4682 565 4739 sancti
596 4681 738 4737 Petri
773 4687 1174 4746 constructum,
1210 4692 1333 4733 cum
1367 4675 1620 4730 omnibus
1663 4674 1822 4731 rebus
1867 4691 1980 4730 mo-

379 4775 581 4832 bilibus
611 4782 772 4844 atque
800 4770 1185 4836 immobilibus,
1219 4786 1338 4840 qua:
1362 4769 1462 4824 sub
1487 4770 1673 4824 eodem
1704 4776 1979 4822 monaste-

377 4872 466 4926 rio
491 4867 736 4937 adjacere
760 4881 825 4920 ac
850 4863 1122 4934 pertinere
1149 4862 1416 4922 videntur,
1450 4868 1556 4914 tam
1590 4859 1793 4914 mansis
1816 4875 1978 4928 quam

376 4962 547 5018 etiam
583 4959 798 5023 castris,
829 4955 970 5010 villis
998 4965 1156 5025 atque
1187 4954 1475 5016 casalibus,
1527 4962 1634 5007 tam
1681 4967 1800 5022 quze
1843 4966 1978 5022 prae-

374 5065 564 5111 sentes
605 5060 749 5115 sunt,
794 5063 957 5118 quam
990 5062 1108 5117 quae
1134 5047 1293 5102 etiam
1334 5059 1504 5114 usque
1553 5045 1604 5098 in
1649 5044 1810 5099 linem
1862 5056 1979 5096 esse

373 5147 672 5208 debebunt,
727 5142 921 5212 positm
971 5141 1022 5194 in
1078 5141 1212 5208 loco,
1260 5140 1349 5210 qui
1401 5148 1626 5193 vocatur
1681 5135 1974 5199 Cimblaus,

372 5239 727 5300 concedimus
773 5241 938 5301 atque
977 5232 1351 5289 conﬁrmamus
1403 5231 1700 5297 apostolica
1741 5227 1975 5282 auctori-

369 5341 508 5397 tate,
535 5337 594 5384 ut
624 5329 686 5383 de
719 5325 838 5379 alio
870 5326 1189 5380 monasterio
1225 5325 1390 5380 abbas
1425 5321 1502 5378 ibi
1544 5340 1647 5379 non
1672 5321 1976 5377 constitua-

367 5437 480 5489 tur,
537 5423 630 5477 sed
686 5417 796 5490 ipsi
848 5416 982 5468 servi
1025 5415 1112 5472 Dei
1156 5415 1447 5475 secundum
1507 5417 1748 5488 regulam
1804 5412 1976 5466 sancti

2089 4498 2285 4552 magno
2313 4484 2637 4552 imperatore
2664 4522 2677 4546 ,
2727 4496 2838 4536 suae
2864 4480 3234 4537 coronationis
3275 4480 3680 4549 quintodccimo

2092 4600 2255 4648 anno,
2289 4583 2380 4638 sed
2409 4591 2463 4636 et
2493 4580 2650 4650 hujus
2681 4579 2880 4648 Aprilis
2913 4579 3135 4643 mensis,
3171 4576 3463 4632 indictione
3498 4591 3569 4628 xi.
3609 4573 3680 4630 Ut

2087 4691 2182 4741 ea,
2210 4689 2328 4744 quae
2355 4671 2599 4744 legalitcr
2633 4670 2860 4724 diﬂinita
2891 4677 3016 4723 sunt
3046 4677 3170 4722 ante
3203 4666 3489 4736 praesentia
3529 4663 3678 4718 dati-

2087 4783 2274 4822 vorum
2324 4765 2570 4834 judicum
2600 4805 2613 4829 ,
2669 4763 2866 4816 iterum
2917 4776 3138 4815 non.....
3190 4758 3256 4812 Et
3283 4758 3408 4826 quia
3439 4757 3676 4810 humana

2091 4874 2242 4914 mens
2267 4870 2481 4927 semper
2517 4855 2572 4910 in
2622 4852 2951 4922 cogitatione
2976 4858 3301 4922 praesentem
3343 4847 3490 4903 nullo
3521 4849 3684 4902 modo

2084 4950 2380 5021 perfectam
2423 4946 2611 5007 valeat
2653 4944 2855 5012 ubique
2889 4944 3090 5000 habere
3141 4941 3493 5007 memoriam,
3558 4939 3681 4994 ideo

2085 5039 2441 5097 eruditissimi
2495 5052 2780 5104 sanxere,
2826 5045 2886 5089 ut
2912 5051 3004 5105 per
3049 5033 3438 5103 scripturarum
3484 5029 3684 5083 seriem

2086 5141 2340 5189 texuntur
2366 5146 2428 5185 ea
2481 5146 2629 5202 qum
2661 5132 2728 5189 ab
2757 5127 2890 5196 ipsis
2907 5128 3103 5182 iuerint
3121 5124 3369 5186 dilI‘mita,
3399 5129 3452 5175 et
3473 5133 3690 5174 omnem

2087 5226 2250 5280 totius
2286 5223 2393 5278 litis
2424 5230 2749 5294 amoveaut
2777 5216 3137 5285 quaestionem.
3172 5213 3325 5270 Hanc
3351 5209 3567 5280 iudicati
3599 5223 3698 5276 pa-

2082 5318 2262 5388 ginam
2316 5329 2433 5371 esse
2472 5325 2808 5395 inscriptam
2859 5309 3163 5381 juvantibus
3241 5298 3706 5395 asserentibusque

2074 5410 2348 5481 judicibus
2374 5423 2534 5468 sacra
2551 5391 2804 5483 tissime
2835 5402 2982 5457 urbis
3002 5402 3209 5463 Romae,
3247 5395 3465 5470 qualiter
3498 5391 3552 5443 in
3572 5405 3707 5460 pra:-

3367 5506 3396 5522 η
3433 5485 3712 5522 anicnnnn-

2758 5513 2866 5522 -..λη
2916 5507 2956 5522 Α.
3008 5495 3360 5522 “Ann-inid“...
