4472 5522
873 409 973 463 3J7

2121 411 2474 497 BENICDICTI
2516 412 2714 465 ΡΑΡίΕ
2758 414 2840 465 Vll

4008 412 4111 467 348

874 521 1087 573 nomina
1139 521 1371 576 inferius
1387 525 1617 593 prepriis
1666 527 1911 577 manibus
1950 526 2307 578 subnotantur
2340 565 2353 585 ,
2386 532 2437 576 ct
2468 524 2518 581 Α
2546 524 2688 574 dices
2719 527 2961 576 divcrunl
3006 548 3012 576 -.
3048 527 3239 579 Coram
3271 525 3422 579 nobis
3451 525 3728 594 proferant
3754 525 4110 593 scriptiones‘,

872 614 959 667 hic
990 614 1271 682 pnesentia
1299 615 1559 684 incipiunt
1587 618 1798 669 nomina
1834 636 1845 669 :
1883 618 2129 669 videlicet
2153 616 2262 683 jam
2298 619 2439 669 dicto

870 705 1062 773 prz'csul
1130 721 1233 758 una
1289 722 1410 759 cum
1461 707 1763 763 Giribertus
1825 721 2023 763 sancta:
2092 710 2439 761 Tortoncnsis

871 796 1119 849 Hec-lesize
1176 799 1491 868 cpiscopus;
1559 799 1749 853 Petrus
1828 802 2107 869 episcopus
2166 801 2441 867 Papicnsis

874 884 1126 936 Ecclesia:
1176 885 1245 955 (is
1286 888 1427 939 enim
1454 887 1716 941 ambobus
1747 905 1840 958 per
1867 906 2129 942 consmsu
2168 889 2438 956 pontifici,

867 995 927 1031 ac
953 978 1195 1044 jussione
1228 982 1593 1050 imperatoria,
1624 998 1751 1037 cura
1781 983 2031 1036 audiendi
2067 984 2345 1036 veritatem
2376 998 2440 1035 co

867 1068 1011 1121 11ιίδοί
1055 1070 1227 1135 sunt),
1264 1067 1555 1139 Gregorius
1602 1080 1799 1124 sanetae
1836 1070 2153 1124 Albanensis
2186 1071 2440 1124 Ecclesiae

863 1161 1179 1231 cpiscopus;
1214 1161 1323 1218 Leo
1349 1172 1549 1218 sanctae
1572 1163 1823 1217 Ecclesia:
1847 1163 2110 1217 Ostiensis
2131 1164 2435 1231 episcopus;

865 1246 1100 1305 Joannes
1125 1251 1297 1304 virum
1330 1254 1689 1306 venerabilem
1713 1255 1877 1306 abbas
1892 1254 2199 1305 monasterii
2230 1252 2440 1305 Sancta:

874 1338 1073 1402 Marire,
1113 1340 1253 1410 quod
1275 1341 1437 1395 situm
1473 1353 1553 1395 est
1583 1346 1646 1397 ad
1678 1342 1834 1397 Farfa
1863 1362 1875 1406 ;
1911 1344 2059 1397 Boizi
2087 1344 2439 1413 prudentissi-

865 1445 985 1483 mus
1011 1430 1176 1485 abbas
1202 1429 1348 1485 beati
1379 1432 1527 1485 Pauli
1554 1434 1811 1501 apostoli;
1854 1433 2043 1486 Petrus
2071 1433 2355 1501 presbyter
2384 1441 2439 1484 ιιι

864 1521 1031 1575 abbas
1060 1524 1373 1576 monasterii
1406 1525 1577 1578 sancti
1617 1522 1942 1577 confessoris
1974 1534 2135 1593 atque
2169 1524 2439 1590 pontiﬁcis

858 1610 1075 1675 Basilii;
1106 1610 1342 1666 Joannes
1375 1614 1691 1667 venerabilis
1721 1615 1977 1667 diaconus
2006 1624 2204 1667 sanctre
2236 1614 2434 1665 Roma-

858 1716 941 1755 na:
990 1701 1274 1765 Ecclesiae;
1324 1700 1629 1770 Stephanus
1690 1704 1779 1755 Dei
1839 1704 2170 1771 providentia
2238 1713 2436 1756 sanctae

859 1793 1003 1845 sedis
1028 1794 1332 1861 apostolicre
1360 1795 1715 1863 primicerius;
1752 1794 1859 1848 Leo
1893 1795 1981 1847 Dei
2009 1796 2205 1863 pietate
2231 1795 2435 1847 Archa-

2544 626 2597 667 et
2629 632 2689 667 ca
2722 658 2733 675 ,
2790 634 2908 683 ιιιιίυ
2952 620 3252 670 anteriores
3290 627 3549 686 apparent
3574 658 3587 680 ,
3638 618 3690 670 in
3724 617 3852 685 ipsis
3880 623 4116 670 constet.-

2545 705 2693 758 Tnnc
2724 708 2884 760 Leoni
2931 709 3108 761 abbati
3162 708 3441 776 proferens
3469 724 3620 761 suam
3671 708 4019 775 scriptionem
4059 705 4114 760 in

2545 814 2703 851 manu
2748 801 2913 867 judici
2942 840 2955 862 ,
2990 800 3123 852 di\it
3156 818 3168 851 :
3204 799 3389 853 Videte
3414 841 3427 859 .
3471 800 3515 853 si
3566 797 3945 865 nobisjustum
3988 807 4112 863 est;

2544 902 2648 940 non
2689 889 2795 941 litis
2829 888 3059 958 amplius
3087 889 3301 942 faciam.
3337 889 3488 944 Tunc
3520 887 3825 957 Stephanus
3856 889 4113 957 primice-

2544 977 2654 1029 rius
2686 976 2859 1043 legere
2908 979 3087 1045 erepit.
3137 976 3370 1030 Joannes
3418 977 3674 1029 diaconus
3700 976 3921 1039 audito,
3968 975 4116 1045 quod

2545 1075 2782 1133 tempore
2824 1067 3055 1119 Alberici
3111 1067 3236 1120 olim
3270 1067 3630 1121 Romanorum
3666 1066 3876 1134 patricii
3919 1063 4114 1121 fuisset

2545 1156 2595 1208 id
2620 1157 2896 1225 scriptum,
2927 1160 2999 1210 ait
3028 1173 3039 1209 :
3078 1156 3282 1211 Suﬂicit
3312 1158 3484 1211 nobis.
3509 1156 3708 1211 lterum
3742 1156 3898 1211 modo
3922 1156 4113 1209 videa-

2546 1262 2662 1299 mus
2694 1250 3000 1301 monasterii
3028 1250 3199 1301 sancti
3240 1248 3510 1304 Benedicti
3539 1248 3881 1315 scriptiones.
3910 1246 4115 1301 Eadem

2542 1337 2672 1391 hora
2701 1338 3018 1391 Benedictus
3045 1340 3321 1408 presbyter
3347 1355 3408 1392 ac
3431 1342 3749 1407 prmpositus
3767 1338 3882 1391 suis
3901 1335 4120 1405 privile-

2544 1429 2643 1497 giis
2672 1432 2780 1482 lia-c
2808 1441 3076 1498 pra-cepta
3110 1430 3364 1483 ostendit.
3393 1430 3541 1483 Tune
3564 1430 3884 1497 supradictis
3911 1426 4121 1481 Joanne

2544 1519 2771 1571 diaCono
2802 1528 2855 1570 et
2900 1520 3171 1587 judicibns
3219 1522 3423 1587 pariter
3460 1519 3927 1589 apprehenderuut
3961 1518 4075 1587 ipsa
4099 1556 4119 1583 ,

2541 1617 2593 1660 et
2631 1609 2958 1677 incipiebant
3003 1611 3202 1681 legere.
3240 1611 3474 1665 Primum
3530 1614 3802 1665 inventum
3827 1620 3943 1674 est,
3975 1620 4035 1664 ut
4062 1610 4121 1665 in

2541 1701 2910 1768 suprascripto
2940 1704 3264 1756 monasterio
3292 1704 3463 1758 sancti
3498 1701 3773 1755 Benedicti
3823 1701 4117 1756 conﬁrma-

2543 1798 2652 1840 tum
2684 1788 2875 1843 fuisset
2912 1791 3043 1844 locis
3066 1832 3079 1853 ,
3115 1806 3233 1859 qua:
3272 1794 3457 1845 subter
3482 1792 3793 1846 nominandi
3820 1801 3943 1845 sunt
3966 1831 3980 1853 ,
4015 1790 4125 1852 Za-

856 1883 940 1936 rio
971 1892 1172 1937 sancta:
1223 1899 1446 1939 summa:
1497 1886 1801 1953 apostolica:
1840 1886 2015 1945 sedis;
2075 1886 2275 1939 Aczoni
2341 1883 2433 1937 Dei
2465 1894 2510 1952 Β
2540 1880 2734 1932 cheria:
2757 1891 2956 1934 sancte.
2990 1884 3279 1935 memoriae.
3313 1884 3619 1937 Secundum
3645 1882 3972 1937 sanctissimi
4019 1897 4117 1950 pa-

860 1975 1035 2042 gratia
1089 1977 1562 2044 protoscriuiarins
1586 1986 1639 2029 et
1667 1977 2045 2045 apocrisiarius
2067 1988 2265 2029 sancta:
2294 1977 2435 2029 sedis

856 2065 1186 2132 apostolica);
1208 2066 1395 2135 Rigizo
1409 2077 1461 2120 et
1482 2066 1800 2121 Benedictus
1823 2070 2427 2137 dativorumiudicibus;

860 2152 1101 2208 Joannes
1128 2156 1353 2219 consul,
1400 2157 1489 2225 qui
1521 2167 1743 2210 vocatur
1788 2158 2159 2225 primicerius;
2213 2159 2433 2225 Sergius

855 2260 1034 2298 comes
1058 2244 1265 2314 palatii;
1298 2246 1439 2299 Aczo
1456 2248 1544 2313 qui
1578 2257 1629 2299 et
1658 2247 1811 2300 Ahbo
1845 2248 2171 2304 nominatur;
2196 2246 2433 2299 Joannes

852 2337 1223 2405 primicerius;
1258 2337 1526 2391 Berardus
1581 2354 1762 2391 comes
1816 2340 2051 2391 civitatis
2096 2339 2427 2399 'l‘iburtinzc;

849 2428 1040 2497 Agino.
1072 2426 1168 2481 His
1194 2429 1446 2482 omnibus
1474 2437 1527 2481 et
1563 2428 1741 2497 plures
1773 2430 2075 2481 astantibus
2113 2429 2163 2481 in
2208 2428 2429 2480 basilica

852 2520 995 2572 beati
1029 2518 1173 2573 Petri
1204 2519 1569 2588 apostolorum
1603 2520 1862 2587 principis
1897 2521 2035 2571 intro
2066 2519 2303 2587 Ospilale
2329 2561 2341 2580 ,
2378 2520 2428 2570 in

853 2610 1124 2663 consualis
1150 2618 1235 2663 est
1268 2610 1525 2663 nominati
1561 2625 1708 2678 papa:
1731 2610 2127 2672 dormiendum;
2162 2612 2212 2662 in
2242 2624 2429 2661 eorum

850 2702 1133 2771 prwsentia
1165 2703 1344 2756 evenit
1376 2700 1698 2755 Benedictus
1724 2702 1940 2754 humilis
1971 2704 2250 2769 presbyter
2278 2741 2289 2760 ,
2330 2701 2430 2753 hac

850 2796 1200 2863 prmpositum
1231 2795 1557 2850 venerabilis
1588 2796 1896 2850 monasterii
1929 2796 2069 2847 beati
2108 2794 2280 2846 Patris
2329 2792 2427 2843 Be-

851 2887 1049 2940 nedicti
1085 2895 1139 2939 et
1166 2896 1367 2941 sancta:
1397 2887 1769 2949 Seholasticm,
1803 2888 1945 2954 quod
1976 2886 2193 2955 ponitur
2244 2885 2295 2935 in
2329 2882 2433 2936 Su-

849 2976 1004 3030 idath
1032 3018 1044 3041 ,
1102 2990 1209 3031 una
1260 2993 1381 3033 cum
1423 2977 1662 3033 Joannes
1710 2979 1996 3047 presbyter
2025 2987 2079 3030 et
2116 2976 2382 3029 monacho
2410 3014 2425 3037 ,

851 3078 1012 3136 atque
1041 3067 1236 3122 Petrus
1260 3069 1387 3122 item
1414 3070 1682 3123 monacho
1717 3087 1729 3120 :
1769 3084 1959 3122 omnes
1989 3069 2039 3121 hi
2075 3083 2173 3137 pro
2201 3083 2265 3120 ex
2302 3081 2427 3134 per—

838 3174 978 3211 sona
1004 3158 1213 3213 illorum
1246 3160 1426 3213 abbati
1454 3200 1469 3223 ,
1494 3162 1584 3229 qui
1623 3160 1691 3213 ibi
1736 3160 1957 3213 minime
1988 3159 2179 3212 aderat
2208 3167 2429 3227 propter

2540 1986 2617 2038 μυ
2660 1969 2926 2037 Gregorii.
2962 1971 3201 2025 Tertium
3248 1973 3346 2041 pice
3394 1974 3663 2027 memoria:
3696 1972 3897 2025 Nicolai
3934 1972 4121 2028 Romae

2536 2062 2752 2127 przesul.
2787 2064 3047 2127 Quartum
3084 2064 3517 2117 conﬁrmationis
3546 2079 3692 2133 papce
3722 2064 4015 2118 Benedicti.
4046 2064 4119 2118 Et

2546 2153 2728 2205 caeteri
2760 2152 2994 2222 Lodoyci
3027 2162 3081 2206 et
3110 2153 3285 2206 Caroli
3318 2156 3783 2208 sanctissimorum
3822 2156 4119 2223 imperato-

2538 2259 2655 2293 rum
2688 2243 3041 2295 constitutum
3083 2252 3186 2295 est.
3220 2244 3418 2297 Audito
3457 2245 3947 2313 suprascriptornm
3979 2262 4121 2313 pree-

2536 2332 2711 2384 sulnm
2744 2334 2955 2385 numina
2971 2344 3224 2385 eteorum
3249 2345 3448 2388 sanctae
3473 2337 3823 2403 operationis,
3842 2347 3896 2389 et
3918 2338 4113 2389 sunnni

2538 2424 2878 2492 imperatoris
2910 2426 3168 2479 virtutem
3200 2467 3214 2490 ,
3243 2428 3382 2495 quod
3418 2428 3465 2479 ei
3504 2444 3608 2480 non
3649 2428 3813 2491 aliud,
3868 2429 3969 2481 nisi
4019 2446 4125 2498 pro

2536 2516 2748 2568 illorum
2783 2518 3087 2569 sanctitatis
3117 2558 3131 2581 ,
3160 2528 3212 2571 et
3250 2520 3701 2573 remunerationis
3755 2521 3946 2572 anima:
3986 2536 4115 2574 con-

2535 2608 2759 2659 cessisse
2795 2608 3046 2661 dicuntur
3073 2650 3087 2671 ,
3122 2619 3175 2662 et
3218 2610 3310 2678 qui
3342 2612 3453 2665 haec
3499 2611 3749 2681 frangere
3779 2612 3927 2681 cupit
3958 2654 3971 2677 ,
4023 2625 4117 2668 aut

2535 2700 2735 2768 aliquid
2775 2714 3019 2754 nnnuare
3070 2701 3185 2754 sine
3218 2718 3485 2756 consensu
3534 2700 3761 2755 fratrum
3802 2703 4110 2767 voluerint,

2536 2792 2757 2843 dubium
2794 2808 2897 2843 non
2927 2794 3016 2854 sit,
3056 2803 3112 2845 ut
3139 2793 3203 2845 ad
3239 2807 3459 2861 regnum
3506 2792 3597 2845 Dei
3633 2793 3803 2860 possit
3830 2794 4108 2847 accedere.

2536 2880 2684 2933 Tunc
2719 2882 2912 2949 przesul
2944 2881 3265 2934 Benedictus
3295 2897 3397 2933 una
3421 2895 3544 2934 cum
3572 2882 3807 2949 episcopi
3842 2891 3897 2935 et
3920 2882 4114 2951 judici-

2536 2974 2635 3025 hus
2668 2974 2805 3026 dixit
2845 2990 2857 3025 :
2896 2972 3056 3027 Locis
3086 2974 3334 3027 omnibus
3367 2974 3680 3028 nominandi
3717 2984 3859 3028 sunt.
3913 2975 3979 3028 Et
4025 2976 4110 3029 in-

2533 3071 2800 3115 venerunt
2831 3078 3007 3116 massa
3028 3062 3371 3123 Juventiana,
3402 3078 3492 3115 seu
3526 3063 3846 3118 Seminario.
3874 3064 4005 3118 item
4034 3064 4114 3119 lo-

2535 3168 2678 3214 cum,
2712 3153 2801 3219 qui
2834 3162 3057 3205 vocatur
3086 3154 3258 3205 sancti
3289 3151 3496 3205 Paulini
3524 3168 3645 3207 cum
3682 3153 3907 3207 ecclesia
3938 3156 4112 3208 sancti

849 3266 1071 3319 gravem
1102 3250 1498 3315 infirmitatem,
1537 3268 1698 3320 quam
1728 3252 1809 3303 sui
1845 3252 2089 3319 corporis
2120 3250 2424 3303 districtum
2454 3264 2499 3325 ο
2534 3242 2696 3302 Pari.
2735 3243 3024 3311 incipiente
3054 3244 3121 3296 ab
3156 3260 3293 3313 aqua
3324 3253 3378 3297 et
3406 3260 3562 3308 areo,
3595 3245 3685 3313 qui
3715 3252 3935 3298 vocatur
3980 3243 4113 3298 Fer-

847 3341 1096 3393 habebat.
1124 3340 1229 3395 Sed
1242 3342 1511 3411 praedictis
1536 3342 1617 3395 his
1640 3342 1809 3395 tribus
1836 3342 2125 3395 nominatis
2151 3342 2425 3414 monachi,

843 3430 933 3498 qui
966 3430 1152 3498 majori
1188 3438 1243 3484 et
1272 3431 1657 3499 perscrutatori
1707 3432 2063 3499 suprascripti
2107 3432 2425 3485 monasterii

849 3529 993 3583 sunt,
1021 3520 1493 3590 proclamaverunt
1516 3522 1566 3575 in
1595 3530 1862 3576 conventu
1889 3521 2001 3590 jam
2029 3521 2157 3575 dicti
2188 3521 2422 3591 praesuli,

847 3612 1088 3666 dicentes
1121 3629 1133 3663 :

919 3705 1143 3759 Domine
1170 3746 1182 3765 ,
1215 3705 1555 3760 sanctissime
1585 3719 1719 3775 papa
1748 3744 1761 3767 ,
1811 3715 1866 3758 et
1897 3720 1990 3759 vos
2021 3720 2209 3759 omnes
2238 3706 2429 3773 depre-

846 3812 1032 3851 camus
1064 3805 1257 3851 vestra:
1306 3798 1607 3852 clementiae
1633 3840 1645 3861 ,
1696 3808 1751 3852 ut
1783 3800 2015 3852 audiatis
2044 3810 2204 3867 atque
2256 3800 2421 3851 inten~

843 3888 981 3941 datis
1028 3899 1229 3943 nostrae
1278 3889 1659 3958 postulationi,
1703 3906 1863 3959 quam
1922 3907 2062 3944 nunc
2122 3892 2280 3943 modo
2332 3904 2427 3960 per

845 3979 1136 4033 triennium
1176 3995 1376 4033 annum
1424 3982 1475 4033 in
1513 3990 1689 4034 vestro
1716 3997 1871 4035 sacro
1920 3980 2301 4035 Lateranensis
2332 3997 2428 4050 pa-

846 4071 972 4124 latio
1008 4072 1236 4140 egimus,
1270 4082 1325 4125 et
1348 4072 1505 4126 modo
1530 4074 1688 4127 vestri
1720 4076 1866 4128 auris
1899 4085 2117 4142 pateant
2148 4075 2421 4129 audiendi.

832 4150 1087 4217 Dicimus
1109 4164 1175 4218 de
1202 4165 1304 4218 isto
1342 4164 1508 4219 Leoni
1538 4167 1717 4219 abbati
1754 4169 2065 4221 monasterii
2112 4176 2423 4221 sanctorum

845 4256 1051 4309 Cosmre
1107 4255 1471 4320 ctDamiani,
1517 4258 1656 4325 quod
1692 4261 1908 4327 ponitur
1959 4261 2008 4313 in
2057 4261 2237 4323 Cave,
2300 4260 2423 4327 quia

847 4354 1031 4399 (onlra
1069 4346 1238 4400 nostri
1270 4348 1582 4400 monasterii
1620 4348 1906 4402 insidiatus
1929 4358 2029 4409 est,
2072 4360 2123 4402 et
2150 4351 2312 4402 etiam
2342 4365 2427 4403 res

846 4452 981 4504 quas
1026 4448 1335 4491 sanctorum
1385 4446 1597 4491 tuorum
1629 4448 2029 4493 antecessorum
2061 4441 2217 4509 hujus
2247 4441 2428 4494 cathe-

843 4530 936 4580 dra
969 4527 1332 4596 apostolorum
1374 4527 1517 4582 Petri
1557 4543 1653 4598 pro
1697 4530 1989 4599 privilegiis
2034 4544 2095 4583 ac
2145 4532 2427 4599 pracceptis

2536 3348 2673 3392 rata.
2715 3337 2820 3391 Seu
2869 3348 3050 3392 monte
3078 3378 3093 3403 ,
3155 3340 3245 3407 qui
3287 3349 3510 3392 v0catur
3557 3338 3802 3393 Ruviano
3832 3380 3847 3403 ,
3902 3340 3958 3392 in
4001 3353 4112 3409 quo

2529 3429 2751 3484 ecclesia
2771 3429 2869 3481 fuit
2895 3439 3091 3483 sanctae
3120 3429 3317 3483 Marize.
3348 3430 3524 3499 Atque
3548 3438 3750 3495 monte,
3765 3430 3859 3499 qui
3882 3439 4112 3485 vocatur

2527 3520 2738 3574 Arsule.
2792 3518 3011 3573 Necnon
3048 3519 3323 3584 Pantana,
3351 3536 3470 3589 qua:
3516 3521 3713 3574 dicitur
3755 3520 4106 3575 Rudimundi.

2528 3611 2595 3665 Et
2634 3611 2782 3666 locus
2810 3653 2823 3675 ,
2858 3613 2907 3665 in
2936 3627 3041 3680 quo
3068 3622 3149 3666 est
3198 3627 3335 3682 aqua
3373 3625 3491 3681 quae
3527 3612 3728 3665 dicitur
3762 3610 3985 3665 Bullica.
4020 3612 4109 3666 Si-

2528 3703 2746 3773 mulque
2778 3704 2961 3769 Serra,
2988 3719 3107 3772 qua:
3128 3704 3327 3757 dicitur
3356 3704 3528 3757 sancti
3552 3702 3744 3757 Joanni
3764 3746 3777 3768 ,
3807 3704 3925 3772 pari
3948 3703 4109 3757 modo

2527 3806 2581 3851 et
2602 3796 2764 3850 alium
2792 3837 2805 3860 ,
2850 3798 2939 3865 qui
2992 3805 3047 3849 et
3078 3796 3327 3849 Autleolo
3372 3806 3625 3859 vocatur;
3678 3806 3733 3850 et
3760 3795 3972 3862 Monte,
4017 3797 4111 3865 qui

2529 3898 2751 3943 vocatur
2780 3888 2941 3941 Crufo
2974 3905 2986 3939 :
3025 3888 3200 3941 omnia
3232 3888 3332 3943 sibi
3365 3889 3592 3942 invicem
3625 3889 3980 3943 coha‘rentes.

2599 3980 2735 4035 Cum
2775 3991 2952 4033 autem
2986 3981 3085 4033 has
3116 3981 3250 4033 locis
3280 3981 3573 4033 nominatis
3609 3995 3799 4034 omnes
3828 3995 3951 4033 cum
3984 3980 4106 4035 illo-

2528 4090 2647 4127 rum
2688 4074 3009 4127 torminibus
3048 4073 3098 4126 in
3136 4072 3245 4139 jam
3290 4072 3413 4127 fatis
3443 4072 3843 4143 privilegiorum
3873 4113 3886 4136 ,
3919 4087 4113 4133 omnes

2524 4167 2713 4221 dicunt
2744 4182 2771 4219 a
2799 4168 2909 4235 jam
2944 4166 3221 4219 nominato
3254 4165 3415 4218 Leoni
3447 4166 3653 4228 abbati,
3685 4176 3738 4219 et
3780 4182 3809 4220 a
3840 4181 3935 4220 sua
3971 4180 4110 4221 con-

2526 4258 2872 4327 gregatione,
2900 4256 2991 4325 qui
3024 4257 3095 4309 ibi
3124 4258 3351 4309 aderant
3384 4274 3394 4307 :
3444 4256 3517 4310 Te
3544 4258 3795 4311 audiente
3835 4267 4001 4327 atque
4027 4257 4109 4311 vi-

2527 4348 2691 4401 dente
2719 4349 2770 4399 in
2817 4348 2930 4399 istis
2977 4347 3110 4400 locis
3132 4348 3294 4400 vestri
3328 4348 3635 4401 monasterii
3671 4348 3800 4401 nihil
3832 4348 4107 4419 pertinet,

2528 4441 2571 4494 si
2601 4456 2706 4494 nor.
2735 4450 2817 4493 cst
2843 4456 3107 4494 consensu
3134 4440 3233 4494 hoc
3262 4440 3509 4493 fratrum.
3544 4440 3773 4494 Tantum
3804 4442 3973 4507 enim,
3999 4444 4113 4497 sic-

2530 4534 2606 4586 uti
2651 4533 2830 4603 legere
2868 4535 3097 4588 audietis
3121 4575 3135 4599 ,
3169 4535 3458 4589 nominatis
3496 4532 3629 4588 locis
3673 4535 3726 4587 in
3774 4536 4107 4591 monasterio

841 4636 903 4671 cx
936 4620 1101 4673 vestri
1134 4620 1319 4675 scrinii
1361 4630 1549 4677 nostro
1578 4624 1906 4674 monasterio
1938 4637 2256 4676 concessere
2285 4663 2299 4685 ,
2333 4623 2421 4676 hic
2452 4618 2500 4677 D
2525 4626 2695 4680 sancti
2728 4624 2997 4679 Benedicti
3035 4666 3048 4687 ,
3077 4627 3228 4695 cujus
3281 4640 3366 4679 res
3418 4634 3520 4690 est,
3569 4640 3807 4694 przesens
3846 4625 4103 4681 refutent.

842 4719 1145 4772 distrahere
1194 4733 1259 4773 ac
1291 4719 1627 4789 dissumpere
1668 4723 1834 4790 cupit.
1880 4720 2013 4787 Quia
2044 4738 2258 4776 omnem
2299 4738 2424 4792 pos-

840 4807 1154 4861 sibilitatem
1171 4809 1253 4862 sui
1278 4810 1589 4864 monasterii
1619 4810 1893 4873 alienavit,
1918 4822 1966 4865 et
1992 4821 2253 4875 nostrum,
2278 4815 2419 4883 quod

841 4910 999 4967 caput
1026 4908 1129 4961 est,
1157 4900 1544 4953 monasterium
1574 4902 1625 4955 in
1658 4903 1843 4954 eadem
1878 4903 2231 4971 dissipatione
2271 4906 2421 4973 cupit

840 5005 859 5037 κ
877 4991 1043 5044 idcre.
1064 4990 1214 5045 Tunc
1244 4993 1551 5046 nominatus
1568 4992 1757 5061 praesul
1786 4994 1910 5047 dum
1932 4994 2203 5063 judicibus
2230 4996 2421 5049 adver-

838 5096 956 5134 sum
994 5080 1173 5137 Leone
1204 5083 1399 5139 abbate
1429 5084 1683 5139 dixerunt
1716 5104 1727 5139 :
1757 5084 1867 5139 Cur
1898 5096 1950 5137 tu
1985 5096 2131 5139 tanta
2157 5088 2420 5157 supersti-

839 5176 985 5229 tione
1036 5186 1224 5232 contra
1258 5182 1647 5235 monasterium
1695 5182 1867 5235 sancti
1902 5180 2175 5235 Benedicti
2220 5183 2417 5253 egisti,

836 5268 927 5336 qui
959 5284 1025 5322 ex
1079 5269 1195 5339 ejus
1244 5271 1491 5327 doctrina
1524 5272 1764 5327 coelestia
1814 5274 1978 5328 debes
2013 5275 2307 5343 consequi?
2356 5275 2421 5328 Et

838 5358 1031 5414 beatus
1057 5360 1346 5433 Gregorius
1377 5362 1631 5433 loquitur,
1666 5364 1850 5417 dicens
1887 5384 1897 5416 :
1932 5365 1986 5417 Si
2020 5374 2109 5417 tua
2143 5366 2417 5419 dimittere

834 5466 940 5503 non
968 5452 1049 5503 vis
1070 5492 1083 5515 ,
1116 5452 1287 5507 aliena
1316 5456 1437 5508 vide
1465 5472 1802 5522 nequaquam
1852 5466 2122 5522 appetere.
2170 5458 2247 5509 Ad
2301 5458 2415 5509 lucc

2522 4716 2640 4772 Jam
2672 4719 3069 4785 suprascriptus
3099 4716 3207 4769 Leo
3238 4716 3405 4771 abbas
3427 4731 3550 4772 cum
3587 4718 3932 4787 cognovisset
3963 4720 4110 4773 veri-

2523 4821 2712 4875 tatem,
2744 4826 2837 4878 per
2868 4811 3114 4864 baculum
3143 4810 3352 4863 cunctis
3380 4808 3671 4879 locis,qua:
3697 4822 3861 4878 supra
3884 4807 4101 4879 legitur,

2523 4916 2644 4955 cum
2690 4916 2786 4956 sua
2826 4900 2985 4954 simul
3031 4901 3488 4970 congregatione,
3547 4900 3875 4955 monasterio
3923 4901 4101 4955 sancti

2524 4992 2798 5047 Benedicti
2849 4994 2901 5046 in
2934 4992 3184 5045 omnibus
3213 4990 3484 5045 refutavit.
3519 4988 3672 5047 Tunc
3705 4989 3904 5060 praasul
3948 4990 4102 5045 simi-

2523 5081 2649 5136 liter
2690 5098 2755 5136 ex
2799 5097 2905 5136 una
2934 5090 3086 5151 parte
3123 5080 3397 5135 investivit
3440 5080 3626 5135 dicens
3664 5079 3935 5136 :Omnem
3981 5095 4096 5133 rem

2524 5183 2725 5229 sancta:
2764 5174 3004 5229 ecclesiae
3027 5214 3042 5236 ,
3094 5173 3161 5227 de
3192 5188 3294 5242 qua
3326 5172 3502 5226 ablata
3532 5171 3782 5235 fuerant,
3817 5182 3875 5226 ut
3899 5172 4095 5241 praedi-

2522 5275 2669 5319 ctum
2704 5276 2787 5319 est
2819 5266 3029 5334 penitus
3073 5272 3408 5329 revertatur;
3438 5273 3492 5318 et
3534 5264 3585 5317 in
3640 5264 3807 5334 ipsius
3854 5263 4098 5318 dominio

2522 5356 2623 5408 sub
2666 5367 2965 5408 vestrorum
2996 5368 3474 5422 successorumque
3506 5363 3810 5408 vestrorum
3851 5362 4099 5423 potesta-

2524 5456 2633 5499 tem
2688 5447 2805 5499 sine
2864 5459 3077 5499 omnem
3133 5445 3536 5514 ambiguitatem
3596 5454 3947 5515 permaneat.
3971 5461 4098 5499 cunt
