4472 5522
392 427 494 481 πίε)

392 631 650 687 ltuinana:
678 633 951 701 Ecclesiae,
989 637 1262 708 praedictis
1300 643 1575 709 judicihus
1605 649 1799 707 dativis
1830 670 1959 711 con-

390 724 673 779 sentiendo
708 736 762 780 et
792 730 1178 800 promulgando
1209 735 1450 793 scribere
1494 741 1637 795 dicta
1669 744 1850 799 verba.
1903 747 1961 802 In

389 829 523 904 quos
556 815 667 882 jam
724 821 983 875 nominati
1029 826 1264 894 pr0priis
1294 829 1546 884 manibus
1574 846 1672 900 pro
1703 835 1962 904 ampliore

385 911 440 957 et
466 902 703 960 ﬁrmiore
724 908 1022 966 stabilitate
1046 914 1485 984 subscripserunt
1510 920 1610 975 sub
1638 921 1723 977 die
1746 963 1761 989 ,
1795 902 1960 991 anuo,

385 1008 595 1061 mense,
626 1007 681 1053 et
712 998 1006 1057 indictione
1034 1006 1341 1074 supradicta
1369 1025 1444 1063 XI.

456 1088 567 1160 Ego
602 1091 924 1151 Benedictus
968 1110 1167 1154 sanctze
1210 1103 1490 1159 catholicae
1537 1116 1592 1161 et
1642 1109 1955 1178 apostolica

380 1177 639 1236 Ecclesia:
672 1182 756 1236 VII
780 1184 972 1252 praesul
1000 1190 1315 1259 subscripsi.

454 1272 566 1344 Ego
634 1274 949 1334 Geribertus
1013 1292 1215 1337 sanctzc
1287 1284 1644 1343 Turtunensis
1704 1290 1958 1348 Ecclesia

381 1365 663 1435 episcopus
682 1368 806 1423 huic
830 1371 1053 1438 iudicati
1076 1378 1460 1445 pcrpetualiter
1482 1382 1684 1437 chaer
1715 1384 1952 1439 interfui.

453 1479 648 1538 Petrus
673 1482 951 1555 Papiensis
983 1489 1235 1544 Ecclesia:
1262 1492 1543 1561 episcopus
1581 1495 1703 1549 huic
1728 1496 1953 1565 judicati

374 1574 629 1641 paginam
694 1579 1081 1646 perpetualiter
1112 1622 1127 1647 ,
1178 1584 1332 1638 sicuti
1374 1601 1534 1655 supra
1593 1588 1788 1659 legitur
1817 1630 1831 1654 ,
1872 1592 1955 1645 in-

377 1660 562 1716 terfui.

460 1752 572 1823 Ego
596 1753 833 1811 Joannes
886 1759 1134 1831 indignus
1164 1764 1423 1821 diaconus
1451 1779 1650 1822 sancta!
1692 1769 1953 1826 Romanae

375 1840 631 1900 Ecclesia
676 1847 802 1903 huic
844 1848 1180 1909 refutationis
1226 1856 1430 1911 chartae
1469 1857 1687 1913 interfui
1735 1870 1790 1914 et
1825 1861 1952 1916 sub-

372 1936 588 2005 scripsi.

372 2033 376 2037 '
444 2023 735 2097 Gregorius
765 2033 1048 2101 episcopus
1097 2045 1297 2090 sancta;
1326 2036 1646 2093 Albanensis
1696 2040 1950 2097 Ecclesia:

365 2114 503 2171 'huic
532 2118 869 2176 refutationis
896 2125 1095 2180 chartae
1124 2127 1346 2181 interfui
1378 2138 1431 2183 et
1467 2131 1778 2201 subscripsi.

443 2206 551 2261 Leo
579 2207 839 2265 Ostiensis
870 2214 1153 2282 episcopus
1198 2216 1321 2270 huic
1368 2215 1705 2272 refutatiouis
1726 2224 1945 2285 charta,

367 2298 509 2352 sicut
549 2316 707 2370 supra
734 2315 1061 2360 memoratus
1094 2316 1196 2370 est,
1229 2308 1445 2362 interluni
1474 2318 1527 2364 et
1559 2312 1873 2383 subscripsi.

440 2387 744 2458 Stephanus
767 2403 898 2448 nutu
926 2395 1014 2449 Dei
1044 2394 1356 2453 Narniensis
1384 2398 1637 2455 Ecclesia:
1664 2404 1948 2473 episcopus

368 2481 495 2535 huic
526 2482 864 2540 refutationis
891 2487 1090 2543 chartae
1137 2490 1373 2545 interfui.

440 2570 748 2639 Stephanus
777 2575 867 2628 Dei
896 2578 1228 2645 providentia
1259 2580 1599 2648 primicerius
1646 2583 1770 2637 huic
1802 2582 1945 2638 refu-

364 2663 589 2719 tationis
611 2665 814 2720 chartae
838 2667 1073 2722 interfui.

438 2750 550 2807 Leo
575 2751 783 2809 Domini
814 2759 985 2827 gratia
1014 2772 1236 2816 vocatus
1258 2765 1470 2819 arcario
1491 2774 1696 2819 sancta!
1729 2776 1943 2837 aposto-

367 2840 489 2894 lica:
517 2842 657 2897 sedis
694 2844 817 2899 huic
848 2845 1187 2905 refutationis
1215 2852 1415 2908 chartae
1447 2853 1682 2909 interfui.

438 2933 552 2987 Διο
586 2932 679 2988 Dei
711 2934 909 3005 pietate
951 2943 1431 3007 protoscriniarius
1453 2953 1507 2998 et
1552 2948 1939 3017 apocrisiarius

366 3018 623 3077 Romana:
650 3023 903 3082 Ecclesia
930 3028 1149 3085 interfui
1179 3040 1235 3088 et
1271 3034 1586 3106 subscripsi.

439 3111 628 3184 Rigizo
654 3123 786 3169 nutu
837 3116 934 3174 Dei
981 3119 1198 3179 datibus
1227 3122 1397 3193 judex
1441 3126 1566 3182 huic
1600 3128 1941 3186 refutatiouis

362 3204 566 3260 chartae
593 3208 834 3266 interfui.

436 3296 757 3355 Benedictus
787 3302 1003 3359 dntibus
1046 3304 1215 3377 judex
1245 3309 1299 3363 in
1350 3309 1453 3366 hac
1482 3310 1637 3367 brevi
1672 3326 1942 3367 memora-

366 3387 501 3444 turia
525 3402 716 3445 manus
735 3392 1050 3465 subscripsi.

366 3506 369 3509 -
438 3478 657 3551 Sergius
679 3496 867 3541 comes
885 3486 1071 3553 palatii
1100 3489 1228 3546 huic
1260 3491 1573 3549 refutationi
1602 3494 1847 3551 interfui.

362 3592 366 3595 ν
437 3572 950 3651 Berardusinclytus
973 3595 1156 3639 comes
1184 3584 1477 3641 Tiburtinae
1502 3585 1718 3642 interfui
1747 3598 1800 3642 et
1821 3588 1943 3643 sub-

361 3676 575 3719 SCI'IDBI.

359 3678 669 3794 fcggaiiines
699 3738 753 3791 in
783 3737 879 3794 Dei
910 3741 1127 3799 nomine
1150 3743 1339 3800 consul
1364 3754 1418 3801 et
1443 3747 1549 3801 dux
1580 3746 1705 3803 huic
1736 3747 1939 3803 refuta-

362 3813 759 3897 tionis'chartze
782 3829 1024 3887 interfui.

436 3915 547 3987 Ego
576 3918 899 3978 Benedicms
925 3923 1017 3978 Dei
1044 3927 1217 3996 gratia
1249 3929 1570 3985 scriniarius
1604 3940 1808 3985 sanctae
1836 3932 1944 3988 Re-

363 4022 538 4071 nianae
586 4008 839 4068 Ecclesiae
868 4053 885 4079 ,
909 4022 965 4070 et
1012 4018 1244 4087 scriptor
1283 4019 1443 4090 hujus
1473 4061 1489 4085 ,
1538 4031 1660 4091 post
1702 4022 1943 4077 omnium

362 4099 584 4155 testium
625 4102 1079 4175 subscriptionem
1106 4117 1161 4164 et
1190 4110 1539 4167 traditionem
1584 4111 1849 4182 complevi
1889 4120 1947 4169 et

280 4179 287 4186 ’
363 4192 588 4249 absolvi.

1059 4294 1243 4350 XXVI.

360 4435 643 4479 BENEDICTI
700 4439 849 4481 ΡΑῘΒ
887 4442 958 4481 VII
998 4443 1339 4486 Ριὶιγιιεςιυκ
1381 4447 1481 4487 ρκο
1520 4447 1859 4489 IONASTERIO
1893 4448 1938 4489 Β.

843 4512 1023 4553 ΙΔΚῙΒ
1063 4514 1441 4557 NIENBURGENSI
1454 4541 1465 4553 .

968 4612 1029 4685 (A
1054 4629 1144 4668 tno
1181 4612 1326 4685 985.)

358 4714 682 4799 Μοηααςνξο
705 4719 986 4799 S._Mart'_tv
1039 4722 1654 4799 .Vienbargensi,_rogatu
1708 4747 1735 4799 «γ
1764 4728 1940 4783 dilecti

353 4805 361 4813 -
430 4790 805 4867 nc_spiritual_is
843 4790 943 4867 ﬁlii
976 4793 1077 4867 ελιὶ,
1123 4790 1318 4867 (ancile
1357 4797 1493 4850 sedis
1529 4790 1833 4867 apostolica:
1859 4800 1942 4851 di-

424 4858 665 4936 gnissimi
692 4858 952 4936 adnotata“,
981 4860 1185 4936 Orionis
1225 4858 1577 4935 imperatoris'
1597 4885 1797 4936 semper
1830 4869 1943 4921 Au-

425 4929 585 4997 gusti,
614 4930 801 5005 limina
830 4929 1346 5005 apostolorumdigna
1369 4938 1433 4991 de
1452 4940 1655 4993 vatione
1677 4929 1940 4996 visitantis

428 5016 488 5052 ac
515 5016 693 5079 secum
739 5002 969 5079 plurima
1008 5003 1072 5056 de
1121 5002 1261 5079 stata
1305 5018 1502 5079 sancite
1532 5009 1796 5079 religionis
1825 5020 1941 5063 tra-

425 5069 658 5150 ctanti“
694 5074 927 5150 confeth
979 5083 1075 5126 sul
1116 5075 1250 5150 idem
1296 5076 1442 5150 locus
1490 5079 1585 5133 tali
1627 5069 1843 5150 'j'ustitia
1877 5096 1939 5134 ac

425 5138 661 5215 libertate
681 5141 987 5215 perfruatur
1010 5144 1213 5214 qualem
1256 5146 1362 5200 alia
1391 5138 1706 5203 monasteria
1726 5150 1935 5215 habent,

342 5262 343 5265 η
422 5225 541 5291 qua
567 5212 663 5269 sub
694 5212 864 5265 tutela
889 5212 1085 5291 suoque
1105 5218 1376 5291 privilegio
1392 5220 1651 5291 roborata
1684 5220 1791 5275 illis
1817 5212 1940 5291 par;

423 5281 563 5362 tibus
587 5292 710 5362 sunt
765 5298 827 5335 ac
856 5281 1230 5362 mundibu'rdio
1259 5281 1457 5362 domini
1482 5292 1568 5345 sui
1604 5281 1937 5362 imperatoris

423 5352 663 5405 ridentur
695 5367 811 5407 esse
856 5352 1104 5423 subjecta.
1131 5378 1149 5410 ι
1187 5356 1471 5429 Priuilegia
1501 5352 1744 5432 quaedam
1770 5361 1936 5417 addit.

598 5462 807 5522 [Knaut
828 5460 1144 5522 Grundliclte
1179 5469 1539 5522 Furstelluna.
1585 5474 1699 5522 13.]

1555 442 1911 505 EPISTOLE
1949 451 2036 507 ET
2074 454 2481 513 PRIVILEGIA.

393 542 686 595 universali
731 558 898 613 papae,
933 548 1063 601 mihi
1089 548 1409 606 Benedictus
1439 554 1721 612 scriniario
1758 574 1959 619 sancta
1984 572 2036 631 Α

1980 1920 2028 1979 Β

1970 4615 2022 4674 D

3533 472 3638 530 350

2741 574 2949 630 XXVII.

2136 677 2415 719 BENEDIC‘I‘I
2455 680 2600 721 PAPAI
2641 682 2713 721 VII
2752 684 2920 723 BULLA
2959 684 3026 724 AD
3065 685 3277 727 ρετιιυι
3317 687 3563 730 ιιιιτει.

2593 738 2769 808 (Attuo
2818 738 3104 809 9Ἰ4-985.)

2066 816 2245 901 Nobili
2263 822 2721 903 ιξριτᾳρθορὶεοῌο
2743 831 2899 903 dicto,
2925 831 3101 895 militi,
3126 835 3638 903 terraquelfndante

2134 892 2186 945 in
2226 896 2472 967 snburbio
2518 897 2845 954 Ganduvcnsi
2876 892 3176 967 comarclio,
3206 892 3640 967 perBaldninam

2138 980 2156 1041 ς
2188 965 2408 1041 abbatia'
2436 964 2492 1020 S.
2522 967 2747 1022 Batonis
2773 972 2825 1024 in
2850 987 2983 1041 pago
3010 964 3171 1040 prope
3190 964 3451 1036 Candam.
3482 976 3639 1031 Βοαν-

2132 1033 2265 1112 heim
2295 1037 2462 1112 dictu,
2487 1042 2798 1112 arguar/inm
2825 1033 3072 1112 {mittit}
3092 1033 3207 1096 cum
3230 1033 3471 1112 prwsenti
3498 1046 3640 1099 bulla

2141 1108 2241 1181 tria
2274 1107 2504 1181 ossiculis
2537 1106 2635 1163 SS.
2672 1109 2987 1181 Marcellini,
3019 1106 3297 1167 Maximini
3325 1127 3369 1168 et
3405 1114 3636 1181 Quirini,

2131 1180 2193 1249 de
2224 1178 2407 1249 quibus
2422 1178 2724 1249 Δάὲέςροηιννε
2760 1180 2909 1233 liceat
2956 1198 3050 1249 pro
3093 1184 3346 1246 ecclesiis.
3372 1178 3549 1249 nempe
3573 1178 3635 1241 S.

2135 1246 2378 1310 Baronis,
2412 1245 2730 1311 8.1mm...
2765 1267 2854 1303 nec
2897 1245 3000 1303 non
3036 1252 3172 1307 aulw
3206 1253 3265 1308 S.
3299 1245 3639 1309 Pliaraltildis

2129 1320 2183 1373 in
2212 1318 2324 1385 ipsa
2354 1318 2557 1371 civitate
2584 1318 2867 1373 Gandensi.
2895 1339 2910 1369 ι

2063 1408 2353 1482 [Messager
2376 1409 2465 1462 des
2500 1407 2736 1463 Sciences
2780 1410 3237 1554 (1:94a18elgique,
3262 1412 3437 1480 Gand,
3478 1415 3637 1483 1857,

2728 1496 2779 1549 p.
2922 1521 2933 1534 .

2728 1496 2779 1549 p.
2811 1496 2933 1537 sui.

2130 1572 2237 1628 Nos
2266 1572 2474 1640 insigne
2506 1587 2604 1626 nec
2650 1587 2777 1637 non,
2826 1582 2930 1629 etc.
2957 1574 3154 1641 Adisis,
3201 1577 3247 1631 si
3288 1578 3479 1645 placet,
3502 1593 3633 1647 opus

2058 1664 2350 1719 laudatum.

2723 1736 2956 1792 XXVIII.

2128 1841 2471 1883 PRIVILEGIUI
2518 1842 2799 1884 BENEDIC‘I‘I
2855 1845 2998 1885 ΡΑΡΒ
3033 1845 3109 1885 νη
3160 1846 3261 1889 Ριο
3314 1848 3566 1890 ιαςιιειλ

2685 1914 2998 1955 τιιιυειτιηλ.

2603 1991 2779 2061 (Anno
2800 1990 3080 2059 ΕΓΗ-983.)

2235 2079 2470 2151 [Marini,
2504 2078 2687 2151 Papiri
2724 2081 3100 2149 diplomatichi,
3130 2082 3171 2147 Ι,
3212 2099 3266 2155 p.
3303 2083 3457 2159 229.]

2127 2192 2465 2248 BIZNEDICTUS
2513 2194 2797 2263 episcopus
2843 2208 3033 2250 servus
3080 2180 3356 2251 servorum
3406 2196 3500 2251 Dei
3555 2197 3635 2251 tli-

2057 2281 2347 2336 lertisdmo
2392 2293 2555 2353 atque
2596 2287 3035 2341 reverentissimo
3083 2297 3137 2341 et
3184 2288 3637 2345 excellentissimo

2054 2370 2205 2422 fruiti
2235 2383 2417 2425 nostro
2443 2372 2653 2436 JIMNNI,
2682 2374 2889 2429 Domini
2914 2378 3085 2447 gratia
3114 2386 3315 2434 sancta
3340 2378 3637 2434 Tiburtina:

2055 2460 2308 2514 Ecclesiae
2352 2462 2605 2533 episcopo
2653 2473 2707 2518 et
2752 2477 2849 2534 per
2888 2472 2939 2519 te
2991 2465 3042 2519 in
3097 2466 3284 2521 eodem
3338 2468 3634 2524 venerabili

2052 2554 2346 2622 episcnpio,
2378 2554 2587 2623 tuisque
2618 2556 3024 2610 successoribus
3059 2556 3113 2610 in
3154 2567 3491 2627 perpetuum.

2122 2642 2254 2696 Cum
2281 2659 2470 2713 magna
2523 2643 2676 2699 nobis
2719 2644 3077 2700 sollicitudine
3123 2646 3325 2701 insistit
3363 2662 3488 2701 cura
3536 2663 3633 2718 pro

2052 2734 2316 2787 universis
2342 2734 2433 2787 Dei
2482 2734 2738 2789 Ecclesiis
2778 2750 2840 2789 ac
2880 2736 2983 2805 piis
3029 2734 3158 2791 locis
3190 2738 3534 2808 vigilandum,
3564 2753 3632 2793 ue

2051 2824 2283 2892 aliquam
2314 2826 2653 2881 necessitatis
2678 2825 2945 2895 jacturam
2987 2829 3308 2893 sustineant,
3345 2830 3436 2882 sed
3464 2831 3633 2897 magis

2051 2917 2281 2984 proprim
2364 2917 2610 2970 utilitatis
2682 2918 2945 2987 stipendia
3018 2930 3434 2989 consequantur.
3509 2921 3631 2975 Ideo

2049 3006 2300 3060 convenit
2330 3022 2429 3062 nos
2458 3007 2716 3077 pastorali
2751 3016 2859 3063 tota
2903 3010 3097 3063 mentis
3150 3011 3455 3080 integritate
3481 3027 3630 3065 eam-

2047 3096 2169 3151 dem
2200 3099 2586 3153 venerabilinm
2621 3099 2858 3155 locorqu
2892 3101 3125 3154 maxime
3157 3101 3465 3157 stabilitatis
3496 3103 3630 3157 inte-

2049 3190 2299 3260 gritalcm
2327 3206 2617 3260 procurare
2639 3199 2693 3245 et
2721 3191 2908 3245 sedulo
2937 3207 3122 3246 eorum
3150 3192 3363 3245 utilitati
3392 3192 3629 3247 subsidia

1971 3261 2016 3324 (ἶ
2053 3278 2159 3334 illic
2215 3280 2483 3343 conferre,
2517 3291 2573 3335 ut
2610 3280 2717 3335 Deo
2769 3289 2955 3334 nostro
3001 3282 3354 3350 omnipotenti
3401 3281 3453 3335 id
3488 3282 3630 3351 quod

2050 3388 2149 3442 pro
2172 3373 2288 3442 ejus
2314 3374 2486 3427 sancti
2515 3374 2746 3427 nominis
2777 3373 3001 3436 honore,
3026 3382 3077 3427 ct
3112 3372 3289 3437 laude,
3335 3382 3496 3442 atque
3518 3373 3630 3443 gls-

2048 3465 2127 3517 ria
2176 3462 2291 3531 ejus
2347 3463 2742 3518 \eucrahilihus
2794 3480 2888 3517 nos
2940 3472 3146 3517 certum
3198 3473 3281 3517 est
3339 3464 3634 3521 contulisse

2045 3554 2196 3609 locis.
2250 3554 2439 3624 Sitque
2470 3554 2799 3624 acceptzihih-
2850 3554 3109 3622 nobisque
3137 3554 3201 3606 ad
3233 3552 3351 3621 ejus
3390 3554 3629 3622 locuple-

2045 3646 2252 3699 tissitna
2293 3645 2715 3699 misericordiam
2750 3643 3049 3712 liujusmodi
3085 3644 3157 3712 pii
3206 3647 3384 3713 operis
3441 3644 3629 3701 confe-

2047 3745 2265 3801 rantur,
2290 3736 2504 3789 arcibus
2527 3734 3008 3788 remunerationem
3026 3733 3165 3803 (sic).
3191 3733 3357 3805 Igitur
3381 3734 3505 3803 quia
3535 3748 3626 3805 pe-

2049 3828 2142 3892 tita
2204 3828 2357 3881 nohis
2399 3836 2487 3880 tua
2535 3826 2769 3889 dilectio,
2811 3834 3076 3895 quatenus
3129 3825 3474 3879 concedimus
3512 3825 3628 3891 tibi,

2047 3919 2258 3986 tuisque
2289 3918 2692 3971 successoribus
2720 3930 2817 3985 per
2860 3916 2962 3969 hoc
3003 3923 3246 3969 nostrum
3277 3914 3629 3982 apostolicum

2045 4009 2379 4080 privilegium
2434 4022 2621 4061 omnes
2664 4023 2750 4061 res
2781 4006 3021 4076 praedicti
3057 4006 3311 4076 episcopii
3361 4006 3459 4070 tui,
3504 4006 3627 4074 quia

2046 4099 2252 4170 (quam)
2292 4098 2589 4152 'fiburtinrc
2621 4098 2874 4153 Ecclesia:
2901 4099 3070 4153 sancti
3116 4098 3320 4154 Christi
3374 4098 3630 4167 martyris

2046 4190 2220 4245 levitas
2246 4190 2542 4253 Laurentii,
2573 4205 2637 4243 co
2676 4190 2818 4259 quod
2859 4206 2955 4261 per
2987 4190 3364 4262 negligentiam
3413 4200 3628 4244 tuorum

2046 4291 2451 4335 antecesserunt
2483 4282 2856 4352 episcoporum
2890 4283 3184 4338 munimina
3233 4283 3397 4337 multa
3421 4281 3629 4351 perdita

2048 4374 2281 4429 fuerunt.
2330 4375 2570 4429 luclinati
2646 4375 2896 4444 precibus
2953 4375 3058 4429 tuis
3102 4390 3198 4444 pro
3246 4373 3631 4443 omnipotentis

2046 4466 2137 4518 Dei
2171 4480 2374 4529 amore,
2408 4479 2671 4535 suumque
2698 4464 2980 4529 honorem,
3017 4465 3463 4521 restaurationem
3493 4479 3630 4534 pm-

2048 4557 2203 4610 diclze
2234 4556 2487 4611 Ecclesiae
2515 4558 2903 4612 confirmamus
2938 4555 3032 4610 tibi
3064 4556 3276 4625 tuisque
3305 4555 3631 4609 successori-

2050 4648 2147 4701 bus
2175 4662 2365 4702 omnes
2397 4646 2650 4717 episcopii
2681 4656 2735 4700 et
2761 4656 2983 4701 cunctas
3011 4646 3194 4716 plebes
3246 4660 3339 4700 seu
3371 4643 3632 4701 ecclesias

2049 4744 2210 4805 atque
2235 4738 2580 4801 monasteria,
2605 4745 2659 4790 et
2685 4736 2910 4791 diversis
2933 4734 3207 4790 vocabulis
3238 4750 3358 4790 cum
3380 4731 3633 4790 omnibus

2048 4839 2233 4878 eorum
2265 4826 2605 4894 pertinentiis
2634 4822 2717 4877 vel
2754 4823 3068 4892 adjacentiis
3101 4822 3231 4878 sitas
3277 4822 3329 4875 in
3369 4830 3481 4876 toto
3516 4828 3632 4875 ter-

2051 4916 2238 4969 ritorio
2264 4914 2583 4986 Tyhurtino,
2613 4913 2932 4969 nominatim
2961 4913 3213 4969 videlicet
3240 4908 3379 4966 infra
3407 4909 3630 4967 civitate

2051 5002 2351 5082 Tyburtina
2384 5004 2527 5075 (sic).
2988 5079 2992 5082 ἱ

2049 5077 2054 5083 ’
2119 5093 2174 5148 Id
2205 5106 2294 5152 est
2317 5096 2595 5166 regionem
2628 5104 2797 5150 totum
2830 5096 2882 5150 in
2912 5079 3175 5167 integrum
3197 5109 3317 5164 quae
3340 5090 3638 5166 appellatur

2048 5186 2209 5253 Foro,
2258 5200 2312 5247 et
2340 5186 2472 5243 Vicu
2500 5188 2735 5262 patricii,
2772 5197 2827 5244 et
2854 5187 3020 5258 Oripo
3044 5201 3167 5242 cum
3203 5186 3431 5243 ecclesia
3461 5185 3637 5240 sancti

2047 5279 2345 5343 Alexandri
2407 5288 2464 5335 et
2514 5277 2800 5355 aquimolis
2827 5294 2948 5335 cum
2994 5277 3166 5334 forma
3211 5278 3431 5348 antiqua
3482 5269 3648 5340 juxta

2047 5356 2351 5452 epiSCOpio.
2405 5373 2544 5433 Item
2605 5369 2830 5429 ecclesia
2869 5371 3041 5427 sancti
3094 5365 3267 5433 Pauli,
3319 5375 3376 5422 et
3421 5360 3650 5433 regione

2047 5478 2414 5522 auanatur
2448 5462 2724 5522 Formello
2751 5480 2871 5522 cum
2908 5463 3103 5522 grados
3137 5474 3265 5516 suas
3291 5468 3347 5515 et
3378 5468 3501 5515 cum
3522 5468 3650 5511 om-
