4472 5522
809 292 907 348 551

2060 299 2420 356 BENEDICTI
2452 299 2654 356 ΡΑΡΛῑ
2695 302 2780 357 VII

3985 306 4091 359 552

811 408 1087 480 putrerula
1117 423 1239 462 cum
1270 409 1494 465 ecclesia
1524 412 1694 466 sancti
1730 411 2075 469 Pantaleonis
2100 431 2220 469 cum
2258 427 2405 469 turre
2433 421 2483 473 A
2511 414 2725 477 Tufolo,
2780 414 2999 467 fundum
3047 413 3424 479 Torttlianum,
3476 424 3530 467 et
3580 413 3800 467 fundum
3829 414 3995 469 Oriali
4036 420 4097 468 et

810 507 866 552 et
890 497 1035 553 scala
1065 513 1392 562 marmorea,
1434 509 1488 553 et
1518 500 1711 554 deinde
1753 502 2132 557 ascendentem
2184 522 2278 574 per
2317 507 2402 559 via

811 589 1027 659 publica
1058 604 1227 657 usque
1266 591 1332 643 ad
1366 606 1579 644 nutrum
1617 594 1897 662 antiquum
1932 596 2101 649 sancti
2133 596 2303 662 Pauli,
2338 614 2402 651 ex

811 689 1042 750 utraque
1063 695 1193 735 vero
1214 692 1422 751 partem
1447 682 1617 751 ipsum
1644 700 1878 749 murum,
1904 697 1958 740 ct
1978 689 2216 756 pervenit
2236 704 2405 757 usque

816 772 869 825 in
907 788 1061 827 muro
1085 774 1327 828 civitatis.
1358 773 1619 829 Similiter
1640 786 1693 831 et
1723 779 1940 848 regione
1959 796 2077 849 qure
2108 780 2406 850 appellatur

810 861 1062 918 Plazzula
1112 863 1249 919 infra
1304 866 1417 935 ipsa
1461 868 1698 922 civitate.
1747 871 1830 923 Ah
1879 887 1985 924 uno
2034 872 2203 926 latere
2252 890 2406 928 muro

811 953 978 1023 ipsius
1003 956 1241 1010 civitatis
1288 967 1342 1012 et
1379 974 1407 1012 a
1434 960 1670 1014 secundo
1717 960 1887 1015 latere
1913 962 2065 1017 silice
2110 964 2198 1032 qui
2231 964 2406 1034 pergit

810 1044 877 1097 ad
908 1046 1181 1114 posterula
1213 1047 1279 1101 de
1307 1049 1491 1113 Vesta,
1523 1060 1579 1104 et
1628 1066 1655 1103 a
1689 1053 1849 1107 tertio
1886 1054 1999 1107 sive
2043 1070 2070 1105 a
2105 1066 2298 1123 quarto
2331 1056 2406 1109 la-

811 1144 926 1189 tere
957 1138 1286 1192 monasterio
1345 1140 1517 1194 sancti
1563 1139 1861 1207 Benedicti,
1918 1160 2126 1198 necnon
2159 1154 2211 1198 et
2243 1146 2403 1198 alium

811 1225 1085 1295 regionem
1149 1238 1314 1282 totum
1359 1230 1410 1283 in
1464 1231 1729 1303 integrum
1786 1236 1878 1303 qui
1935 1248 2161 1290 vocatur
2213 1238 2405 1293 Caslro

811 1326 1013 1385 vetere,
1052 1336 1172 1373 cum
1203 1321 1430 1376 ecclesia
1479 1334 1678 1379 sancta:
1701 1325 1881 1380 Mariae
1907 1338 1960 1382 et
1996 1331 2166 1383 sancti
2190 1330 2404 1400 Georgii

809 1425 931 1480 quae
980 1422 1104 1465 sunt
1150 1414 1411 1469 diaconia:
1456 1417 1523 1469 ab
1565 1433 1672 1472 uno
1729 1417 1899 1474 latere
1954 1420 2212 1476 fossatum
2265 1424 2405 1477 unde

811 1502 988 1572 pergit
1018 1519 1155 1573 aqua
1191 1506 1241 1559 in
1280 1504 1464 1571 Vesta,
1489 1523 1551 1561 ex
1578 1518 1807 1579 utraque
1840 1527 1968 1565 vero
2019 1523 2171 1581 parte
2220 1531 2404 1569 murus

810 1592 1048 1647 civitatis
1091 1596 1474 1651 circumdatur.
1519 1599 1629 1654 lmo
1672 1602 1867 1658 fitndos
1914 1606 2046 1659 duos
2084 1608 2134 1660 in
2183 1609 2405 1679 integris

810 1680 912 1734 sibi
964 1683 1193 1737 invicem
1267 1688 1602 1743 cobazreutes
1662 1694 1751 1760 qui
1822 1695 2125 1764 appellatur
2176 1699 2402 1766 Sipiano

2508 502 2665 554 vinea
2730 503 2905 571 posita
2972 503 3125 572 juxta
3195 511 3440 557 sanctum
3504 503 3798 558 Pastorem.
3855 504 4094 574 Itemque

2512 600 2651 643 terra
2677 599 2730 644 et
2767 591 2920 644 vinea
2945 592 3033 645 ubi
3061 601 3145 645 est
3172 591 3401 646 ecclesia
3430 601 3630 647 sancta:
3656 593 3854 663 Agnes.
3892 594 4092 647 Verum

2508 680 2670 734 etiam
2694 691 2747 733 ct
2783 680 2998 735 clusura
3046 683 3258 735 vineata
3308 697 3429 735 cum
3480 681 3673 753 griptis
3717 692 3770 736 et
3806 683 4096 751 aquimolis

2508 773 2765 840 antiquis,
2797 782 2851 826 et
2881 780 3021 826 terra
3061 772 3353 827 rationales
3388 774 3563 842 posita
3594 772 3678 842 in)
3699 773 3964 843 Griptulc,
3997 788 4094 828 seu

2511 871 2566 915 et
2594 862 2819 916 fundum
2849 863 2901 916 in
2934 864 3202 934 integrum
3230 864 3320 934 qui
3357 876 3584 919 vocatur
3628 864 3845 931 Cornu;
3871 867 4093 920 fundunt

2510 953 2765 1017 Vineole;
2814 953 3039 1008 fundum
3091 955 3263 1023 Caput
3314 955 3507 1010 Leonis
3570 956 3823 1027 (Capito),
3872 957 4095 1012 fundum

2508 1043 2869 1097 Antonianum
2923 1060 3045 1098 cum
3083 1044 3314 1099 ecclesia
3358 1055 3559 1100 sanctae
3606 1044 3787 1100 Maria:
3819 1048 3871 1100 in
3899 1045 4091 1112 Pesilc,

2510 1133 2731 1188 fundum
2782 1136 3151 1199 (Iarinianum,
3199 1135 3422 1190 fundum
3469 1136 3632 1191 Lame
3690 1152 3811 1191 cum
3864 1137 4095 1192 ecclesia

2509 1227 2681 1279 sancti
2712 1224 2953 1279 Januarii
2996 1243 3009 1290 ;
3038 1225 3259 1280 fundum
3304 1226 3515 1281 Rubeto
3545 1243 3668 1281 cum
3715 1228 3940 1281 ecclesia
3971 1244 4097 1281 san-

2510 1326 2608 1370 cta:
2646 1315 2850 1380 Mariae,
2882 1316 3108 1369 fundum
3156 1315 3304 1371 Balle
3342 1327 3581 1388 petrosa,
3611 1334 3801 1372 omnes
3830 1318 3929 1371 sibi
3958 1318 4094 1371 iuvi-

2509 1423 2624 1461 cem
2680 1407 3116 1473 cohaercntibus,
3176 1423 3297 1464 cum
3352 1410 3553 1474 terris,
3616 1411 3865 1479 campis,
3926 1410 4095 1479 pratis

2508 1500 2745 1569 pascuis,
2788 1500 2956 1565 silvis,
2985 1510 3040 1555 et
3064 1517 3184 1556 cum
3216 1503 3465 1557 omnibus
3520 1518 3707 1557 eorum
3734 1503 4093 1572 pertinentiis,

2510 1592 2788 1645 constituti
2865 1595 2919 1645 in
2971 1593 3339 1662 suprascripto
3412 1593 3689 1647 territorio
3759 1593 4091 1663 Tyhurtino;

2506 1683 2731 1737 fundum
2764 1683 3062 1748 llosarnm;
3093 1683 3313 1736 fundum
3342 1683 3606 1754 Rejanum
3639 1700 3761 1737 cum
3785 1683 3939 1752 plebe
3970 1698 4095 1737 sau-

814 1773 925 1842 (ubi
961 1778 1118 1830 modo
1151 1778 1345 1833 dicitur
1398 1783 1728 1851 episcopium
1763 1801 1883 1840 cum
1932 1790 2159 1843 ecclesia
2202 1801 2403 1845 sanctae
2432 1789 2478 1847 Β
2506 1775 2577 1828 Cll

2337 1801 2403 1845 ιω
2432 1789 2478 1847 Β
2506 1775 2577 1828 eti
2610 1775 2777 1839 Petri,
2818 1784 2871 1827 et
2915 1774 3158 1828 ecclesia:
3200 1774 3374 1829 sancti
3416 1775 3637 1829 'l‘homa:
3660 1775 3908 1844 apostoli,
3937 1785 4098 1844 atque

810 1862 991 1919 Maria:
1028 1877 1212 1935 portas
1240 1872 1431 1937 scura?)
1490 1873 1587 1944 [sic
1621 1876 1689 1929 ad
1715 1894 1862 1931 oram
1891 1883 1982 1933 sed
2014 1884 2193 1935 eadem
2220 1882 2402 1955 manu]

808 1965 863 2009 et
893 1955 1238 2023 Lambrione,
1260 1963 1309 2015 in
1341 1965 1535 2032 quibus
1562 1978 1689 2021 sunt
1717 1970 1888 2025 vineis
1916 1989 2037 2026 cum
2075 1976 2232 2029 trnllo
2265 1977 2403 2031 infra

808 2062 890 2109 se,
924 2058 977 2102 et
1009 2052 1230 2107 arbores
1260 2054 1548 2121 olivarum,
1584 2068 1639 2113 et
1668 2076 1790 2113 cum
1815 2065 2065 2119 omnibus
2092 2068 2157 2119 ad
2187 2068 2404 2122 eosdem

809 2137 1004 2193 fundos
1041 2141 1093 2193 in
1122 2142 1360 2213 integros
1386 2148 1805 2216 pertinentibus,
1835 2154 2162 2208 constitutos
2190 2156 2404 2227 Tybur-

810 2230 923 2284 tino
986 2234 1284 2299 territorio,
1321 2237 1389 2291 ab
1437 2254 1543 2293 uno
1588 2241 1756 2297 latere
1816 2244 1968 2299 silice
2014 2247 2227 2314 publica
2287 2265 2405 2318 quae

814 2324 1057 2377 ascendit
1089 2324 1154 2377 ad
1183 2336 1333 2392 porta
1382 2343 1593 2395 secura,
1624 2340 1676 2385 et
1715 2348 1743 2384 a
1785 2337 2024 2389 secundo
2053 2336 2221 2392 latere
2249 2340 2403 2393 vinea

809 2413 902 2482 qui
933 2413 1228 2483 appellatur
1260 2416 1487 2481 Votano,
1523 2429 1576 2474 et
1606 2436 1635 2474 a
1666 2424 1828 2478 tertio
1873 2426 2040 2482 latere
2078 2429 2161 2482 via
2194 2431 2405 2498 publica

810 2516 930 2571 qua:
972 2504 1251 2561 descendit
1307 2525 1335 2561 a
1386 2514 1754 2583 suprascripta
1801 2516 2017 2582 civitas,
2064 2529 2118 2574 et
2162 2525 2407 2590 pervenit

812 2608 984 2663 usque
1012 2596 1064 2649 in
1096 2598 1269 2664 silice,
1321 2616 1349 2653 a
1384 2603 1622 2675 (quarto)
1676 2610 1848 2675 primo
1884 2610 2053 2667 latere
2101 2614 2207 2683 juri
2236 2617 2403 2671 vestri

816 2686 1071 2757 episcopii
1093 2728 1108 2753 ,
1137 2690 1293 2744 sicuti
1328 2707 1425 2766 per
1447 2693 1548 2748 alia
1576 2709 1847 2767 praecepta
1876 2703 2085 2756 tenetis.
2116 2704 2248 2759 ltem
2287 2706 2407 2761 fun-

812 2775 936 2829 dum
986 2776 1036 2828 in
1087 2777 1356 2848 integrum
1407 2783 1497 2851 qui
1547 2786 1849 2855 appellatur
1894 2790 2173 2857 Pozzalia,
2213 2796 2303 2863 qui
2352 2806 2406 2851 et

809 2864 1063 2921 Alefanto
1093 2877 1332 2933 vocatur,
1360 2887 1481 2926 cum
1511 2876 1685 2930 vineis
1716 2887 1771 2932 et
1793 2882 1971 2945 terris,
1999 2894 2051 2936 et
2079 2900 2199 2939 cum
2232 2889 2407 2942 omni-

810 2953 912 3008 bus
940 2956 1005 3008 ad
1041 2971 1165 3011 eum
1196 2961 1613 3030 pertinentibus,
1645 2968 1752 3023 sito
1782 2976 2155 3044 suprascripto
2187 2979 2407 3033 territo-

811 3046 916 3111 rio,
945 3048 1013 3101 ab
1046 3064 1153 3102 uno
1176 3048 1341 3105 latere
1371 3051 1585 3119 fluvius,
1624 3067 1678 3112 et
1725 3076 1753 3113 a
1791 3064 2028 3119 secundo
2074 3064 2241 3121 latere
2270 3068 2407 3123 Pen-

2508 1881 2629 1919 case
2661 1874 2713 1918 et
2736 1865 2948 1934 plebem
2976 1866 3148 1919 sancti
3183 1864 3440 1934 Stephani
3471 1865 3562 1935 qui
3609 1866 3906 1934 appellatur
3935 1865 4100 1921 Seve-

2512 1957 2638 2022 rini,
2696 1968 2749 2011 et
2795 1956 2952 2025 plebe
2980 1957 3071 2025 qui
3128 1957 3430 2027 appellatur
3456 1958 3625 2011 sancti
3681 1956 3946 2012 Vincentii
3974 1972 4098 2012 cum

2506 2050 2698 2119 griptis
2729 2058 2783 2102 et
2807 2049 3092 2117 parietinis
3136 2050 3269 2115 suis,
3303 2058 3357 2103 et
3381 2048 3551 2115 silvis,
3592 2057 3795 2103 etcum
3842 2049 4097 2104 omnibus

2507 2153 2693 2192 eorum
2745 2137 3105 2207 pertinentiis.
3154 2136 3374 2192 Necnon
3430 2149 3484 2193 et
3526 2139 3705 2195 casale
3746 2141 3799 2194 in
3832 2140 4098 2211 integrum

2512 2231 2602 2298 qui
2646 2229 2945 2299 appellatur
2996 2228 3218 2284 Guaddo
3280 2245 3342 2285 ex
3400 2230 3566 2287 fundo
3625 2232 3914 2290 Ceserano.
3975 2233 4100 2288 Pari

2507 2322 2665 2376 modo
2710 2330 2763 2374 ct
2832 2321 3057 2375 fundum
3118 2322 3208 2389 qui
3276 2332 3501 2378 vocatur
3547 2324 3817 2390 Paterno;
3874 2325 4100 2380 fundum

2507 2411 2597 2479 qui
2627 2420 2852 2465 vocatur
2876 2410 3063 2481 Gripta
3096 2412 3372 2479 tabulicia,
3405 2422 3459 2468 et
3487 2415 3712 2469 Cameto
3757 2431 3882 2469 cum
3926 2416 4102 2469 omni-

2508 2503 2607 2557 bus
2640 2519 2827 2558 eorum
2861 2504 3226 2573 pertinentiis,
3260 2506 3327 2559 ab
3376 2521 3481 2561 uno
3509 2506 3699 2571 latere,
3725 2509 3812 2561 via
3847 2508 4097 2577 publica;

2508 2610 2536 2647 a
2569 2594 2809 2649 secundo
2841 2594 3011 2648 latere
3040 2594 3365 2658 Paternum;
3416 2612 3444 2648 a
3477 2597 3636 2651 tertio
3665 2598 3834 2653 latere
3876 2597 4099 2665 ﬂumen,

2508 2693 2561 2736 et
2608 2700 2637 2737 a
2688 2693 2885 2753 quarto
2931 2684 3101 2738 latere
3130 2699 3404 2740 carrarca.
3433 2685 3739 2742 Praasertim
3795 2698 3848 2742 et
3876 2688 4102 2743 fundum

2510 2773 2729 2827 Silicata
2761 2774 2814 2827 in
2849 2773 3111 2843 integrum
3137 2790 3150 2839 ;
3210 2773 3433 2829 fundum
3465 2775 3809 2830 Paniciauum
3837 2793 3853 2842 ;
3878 2776 4102 2832 fundum

2507 2864 2806 2920 Caecabelli
2864 2880 2985 2918 cum
3038 2866 3211 2920 vineis
3267 2875 3320 2919 et
3371 2867 3552 2933 terris,
3594 2876 3649 2922 et
3701 2884 3821 2922 cum
3852 2869 4103 2925 omnibus

2508 2972 2694 3010 eorum
2724 2956 3088 3026 pertinentiis,
3122 2957 3189 3010 ab
3214 2971 3321 3010 uno
3361 2955 3530 3010 latere
3560 2955 3708 3011 silice
3739 2958 3829 3026 qui
3878 2957 4104 3014 descen-

2510 3049 2587 3103 dit
2613 3063 2644 3102 a
2676 3057 2840 3116 ponte
2868 3046 3088 3102 Lucano
3120 3048 3208 3117 (ad
3236 3057 3398 3116 ponte
3424 3047 3724 3120 Lucanum)
3754 3066 3767 3115 ;
3802 3066 3831 3102 a
3858 3050 4104 3105 secundo

812 3137 962 3191 tonia
989 3137 1213 3207 majore,
1245 3150 1299 3194 et
1326 3158 1352 3194 a
1388 3145 1548 3200 tertio
1580 3147 1749 3204 latere
1776 3149 2001 3207 fundum
2031 3154 2401 3222 Quintilielum
2430 3152 2477 3215 C
2506 3139 2578 3193 1‘“

2330 3175 2401 3213 η,
2430 3152 2477 3215 C
2506 3139 2675 3193 latere
2705 3140 2805 3194 alia
2839 3140 2988 3195 silice
3009 3154 3127 3210 qua:
3168 3140 3345 3211 pergit
3384 3140 3450 3195 ad
3499 3140 3756 3209 palatium
3790 3142 4096 3210 antiquum,

810 3236 867 3283 et
899 3244 931 3283 a
986 3241 1181 3299 quarto
1229 3232 1399 3289 latere
1445 3235 1701 3293 Camarti.
1750 3241 2029 3313 Simulque
2072 3255 2125 3299 et
2177 3248 2403 3303 lundunn

812 3319 903 3387 qui
948 3320 1248 3390 appellatur
1280 3321 1516 3380 Pluzano
1539 3327 1591 3381 in
1634 3329 1927 3401 integrum,
1976 3334 2045 3387 ab
2077 3350 2183 3389 uno
2232 3338 2403 3393 latere

811 3408 1005 3477 ﬂuvio;
1038 3421 1090 3467 et
1120 3428 1148 3467 a
1180 3416 1417 3471 secundo
1440 3417 1606 3472 latere
1626 3418 1897 3488 Camarti;
1930 3433 1985 3477 et
2008 3440 2035 3476 a
2056 3427 2212 3480 tertio
2236 3426 2404 3483 latere

813 3501 1216 3570 Cervinariola;
1258 3520 1314 3561 et
1358 3524 1387 3562 a
1429 3519 1626 3579 quarto
1661 3511 1828 3568 latere
1872 3514 2095 3570 fundum
2133 3517 2402 3589 Purpura-

814 3608 944 3647 num
964 3590 1106 3660 juris
1130 3596 1370 3662 ejusdem
1415 3600 1695 3672 episcOpii.
1742 3613 1905 3673 atque
1933 3606 2049 3675 ipso
2078 3624 2239 3678 supra
2264 3611 2402 3664 scri-

814 3694 908 3755 pto
933 3683 1155 3740 fundum
1187 3687 1563 3759 Purpuranum
1606 3695 1658 3747 in
1691 3695 1959 3767 integrum
1987 3715 2107 3754 cum
2153 3704 2406 3759 omnibus

815 3779 882 3832 ad
914 3788 966 3834 te
1018 3781 1447 3849 pertinentibus;
1500 3786 1567 3840 ab
1618 3802 1725 3841 uno
1779 3789 1947 3846 latere
1992 3792 2309 3850 Africanum
2352 3805 2407 3851 et

816 3884 845 3922 a
875 3872 1112 3927 secundo
1132 3873 1299 3927 latere
1329 3875 1555 3942 ﬂutncn,
1585 3887 1640 3933 et
1675 3894 1704 3933 a
1752 3883 1912 3937 tertio
1942 3883 2111 3939 latere
2142 3884 2402 3956 Pluzano,

817 3970 871 4015 et
925 3978 954 4014 a
1003 3974 1197 4033 quarto
1244 3965 1413 4022 latere
1467 3968 1801 4037 Lauretum;
1856 3978 2063 4045 pariter
2109 3988 2164 4032 et
2211 3978 2406 4038 fundos

816 4053 1095 4120 pertusulo
1150 4055 1378 4111 Rosario
1435 4074 1556 4112 cum
1607 4062 1838 4117 ecclesia
1894 4068 2068 4121 sancti
2109 4068 2401 4124 Valentini.

816 4140 1064 4197 Fundum
1085 4143 1380 4212 Julianum,
1412 4149 1635 4207 fundum
1659 4153 1941 4222 Orianum,
1965 4174 2154 4215 omnes
2184 4162 2235 4215 in
2265 4163 2374 4218 inte
2398 4192 2406 4202 ο

816 4239 928 4310 gris
954 4240 1055 4294 sibi
1088 4241 1317 4299 invicem
1364 4247 1722 4304 cohazrentes.
1774 4249 2081 4306 Constituto
2133 4256 2406 4311 territorio

820 4329 1120 4401 Tyburtino
1154 4334 1386 4391 miliario
1424 4353 1453 4392 a
1484 4354 1642 4408 supra
1670 4341 1870 4410 scripta
1908 4342 2126 4397 civitate
2158 4343 2275 4413 plus
2308 4347 2407 4399 mi-

820 4437 923 4477 nus
949 4424 1139 4493 quinto
1164 4425 1216 4479 in
1257 4442 1448 4499 campo
1480 4430 1721 4500 majore;
1750 4432 1817 4487 ab
1842 4450 1948 4488 uno
1978 4434 2149 4497 latere
2191 4436 2407 4507 Staphi-

818 4510 984 4580 liano,
1007 4524 1060 4569 et
1092 4532 1121 4570 a
1156 4520 1394 4574 secundo
1415 4519 1586 4576 latere
1612 4523 1763 4580 silice
1785 4527 1835 4580 in
1863 4542 1967 4596 qua
1985 4537 2068 4583 est
2089 4528 2408 4599 Ponticello,
2436 4514 2488 4573 Ῑ)

820 4613 874 4660 et
903 4620 933 4663 a
967 4608 1128 4662 tertio
1154 4608 1325 4665 latere
1376 4613 1689 4682 crepidinis,
1724 4626 1779 4671 et
1825 4634 1854 4671 a
1889 4629 2083 4687 quarto
2130 4620 2297 4677 latere
2327 4622 2414 4677 Pi-

826 4698 999 4752 rantis
1022 4697 1312 4772 (Piranis);
1344 4712 1399 4758 et
1428 4707 1665 4775 aquinto
1692 4707 1861 4764 latere
1884 4710 2243 4777 coluntmella,
2266 4714 2417 4769 simi-

822 4787 949 4843 liter
977 4788 1201 4846 l‘nndum
1253 4794 1599 4863 Suberetula,
1642 4798 1866 4853 fundum
1921 4803 2245 4874 Aramagna,
2294 4803 2415 4859 fun-

820 4882 947 4937 dum
988 4883 1292 4941 Bissianum
1315 4904 1436 4942 cum
1469 4890 1699 4944 ecclesia
1727 4892 1901 4947 sancti
1930 4891 2140 4963 Angeli.
2167 4895 2415 4951 Fundum

822 4973 1055 5043 Trulias,
1115 4976 1337 5034 fundum
1383 4983 1733 5048 Castamiola,
1790 4984 2012 5039 fundum
2062 4987 2405 5057 Computum,

819 5065 1044 5123 fundum
1096 5069 1472 5140 Turinianum,
1509 5074 1731 5129 fundum
1778 5075 2009 5145 Jamule,
2060 5078 2281 5134 fundum
2322 5081 2412 5137 Gi-

820 5158 1000 5225 melle,
1028 5159 1253 5217 fundum
1284 5162 1501 5233 Septem
1536 5167 1657 5230 viis,
1695 5166 1918 5221 fundum
1954 5177 2125 5223 matre
2156 5169 2403 5237 Saecula,

816 5251 1044 5309 fundum
1074 5254 1247 5312 Pracli
1288 5256 1533 5331 (Procli),
1585 5260 1810 5314 l'untlum
1866 5261 2109 5328 Planule,
2139 5278 2328 5319 omnes
2352 5265 2406 5319 in

821 5345 1046 5418 integris
1087 5349 1187 5404 sibi
1235 5350 1469 5405 invicem
1512 5353 1911 5409 coluerentibus
1969 5371 2092 5410 cum
2138 5357 2317 5421 terris,
2352 5366 2408 5413 et

818 5438 992 5505 silvis,
1029 5449 1081 5494 et
1110 5457 1233 5495 cum
1257 5442 1507 5498 omnibus
1538 5461 1567 5498 a
1592 5462 1750 5514 supra
1775 5448 2009 5517 scriptus
2030 5446 2223 5503 fundos
2249 5450 2298 5503 in
2329 5450 2409 5504 in-

2508 3246 2538 3285 a
2569 3230 2729 3285 tertio
2763 3230 2933 3285 latere
2965 3231 3050 3284 via
3076 3230 3287 3299 publica
3318 3248 3332 3295 ;
3366 3240 3419 3286 et
3454 3250 3483 3285 a
3527 3242 3721 3301 quarto
3774 3232 3948 3287 latere
3973 3231 4101 3286 fun-

2511 3324 2640 3378 dum
2671 3322 2937 3380 Gostanti.
2979 3322 3267 3378 Enimvero
3296 3322 3513 3379 clusura
3545 3324 3611 3379 de
3647 3324 3804 3380 vinea
3860 3340 4022 3396 super
4044 3340 4106 3381 se

2506 3416 2851 3485 inintegrum
2904 3432 3025 3470 cum
3086 3417 3337 3471 omnibus
3385 3418 3452 3472 ad
3503 3434 3621 3474 eam
3678 3420 4101 3488 pertinentibus,

2506 3510 2607 3566 sita
2647 3511 2698 3564 in
2729 3510 2953 3564 fundum
2999 3511 3091 3580 qui
3126 3520 3349 3566 vocatur
3380 3513 3569 3566 Zetula
3628 3513 3785 3568 sicuti
3822 3527 3919 3584 per
3936 3512 4104 3569 dona-

2510 3601 2676 3656 tionis
2732 3602 2980 3657 chartnla
3038 3604 3219 3657 evenit
3271 3604 3323 3657 in
3381 3605 3754 3673 suprascripto
3806 3605 4099 3674 episcopio.

2506 3694 2756 3749 Fundum
2810 3694 3009 3749 Paconi
3064 3695 3119 3748 in
3162 3695 3466 3766 integrum,
3515 3695 3739 3750 fundum
3794 3695 4099 3762 Piranello;

2508 3784 2733 3839 fundum
2764 3783 3034 3849 Turriele,
3070 3785 3292 3839 fundum
3324 3785 3512 3852 Cecili,
3564 3785 3788 3840 fumium
3818 3784 4104 3840 Set-ianum

2517 3890 2642 3929 cum
2675 3876 2962 3930 arboribus
2984 3876 3283 3941 olivarum;
3318 3876 3540 3931 fundum
3558 3878 3894 3943 Balbinianu,
3929 3880 4104 3948 inquo

2508 3976 2593 4021 est
2613 3966 2837 4021 ecclesia
2888 3968 3063 4021 sancti
3119 3967 3415 4033 Victorini;
3474 3967 3700 4022 fundum
3747 3968 3955 4024 Mollica
3995 3964 4101 4025 sibi

2510 4058 2739 4113 invicem
2767 4058 3100 4113 coluerentes
3150 4073 3272 4113 cum
3308 4059 3559 4114 omnibus
3588 4074 3777 4115 eorum
3828 4060 4107 4130 pertinen-

2513 4152 2619 4206 tiis.
2664 4151 2765 4206 Ubi
2798 4152 2939 4205 inter
2978 4150 3164 4206 alliues
3211 4153 3278 4206 ab
3306 4167 3415 4206 uno
3462 4152 3628 4207 latere
3663 4154 3884 4223 ponitur
3909 4152 4100 4218 lucus;

2511 4260 2540 4297 a
2580 4244 2818 4299 secundo
2848 4242 3019 4299 latere
3041 4244 3155 4297 rivo
3184 4244 3275 4312 qui
3306 4244 3480 4313 pergit
3518 4244 3585 4298 ad
3622 4253 3839 4313 pontem
3866 4242 4058 4298 Marini
4085 4259 4100 4306 ;

2512 4351 2541 4389 a
2593 4335 2753 4390 tertio
2799 4334 2970 4389 latere
3013 4333 3358 4389 Lumbricata
3394 4352 3409 4401 ;
3471 4352 3501 4387 a
3543 4344 3740 4404 quarto
3778 4334 3946 4391 latere
3987 4336 4105 4390 rivo

2512 4424 2769 4479 Puzzulo.

2585 4518 2810 4588 Insuper
2847 4518 3086 4573 concedo
3108 4526 3163 4572 et
3186 4519 3449 4573 conﬁrmo
3476 4515 3838 4573 Marsicanam
3870 4519 4013 4573 viam
4046 4518 4103 4574 in

2515 4612 2810 4683 integrum,
2856 4619 2909 4666 et
2943 4609 3165 4665 fundum
3196 4626 3389 4681 campo
3429 4611 3662 4667 rotundo
3688 4612 3741 4664 in
3794 4610 4101 4682 integrum;

2514 4702 2738 4758 fundum
2767 4702 3126 4758 Pensioniset
3151 4717 3279 4758 case
3319 4703 3373 4756 in
3405 4702 3697 4773 integrum,
3724 4717 3847 4758 cum
3876 4702 4105 4757 ecclesia

2513 4803 2713 4849 sanctte
2744 4796 2943 4857 Marize,
2976 4804 3030 4850 et
3078 4795 3251 4850 sancti
3300 4793 3544 4851 Severini
3570 4793 3712 4863 juris
3750 4792 4107 4867 suprascripti

2512 4886 2787 4956 episcopii.
2826 4886 3101 4956 Quippini,
3145 4888 3262 4957 (sic)
3294 4895 3347 4940 et
3396 4884 3619 4941 fundum
3661 4887 3751 4956 qui
3802 4886 4104 4957 appellatur

2517 4976 2738 5031 Cornuti
2768 4992 2890 5030 cum
2913 4977 3068 5045 plebe
3086 4977 3261 5031 sancti
3286 4975 3544 5047 Stephani
3573 4994 3586 5043 ;
3622 4975 3847 5031 fundum
3868 4977 4105 5031 Parianu

2518 5084 2638 5122 cum
2676 5068 2902 5123 ecclesia
2953 5077 3154 5123 sancta:
3184 5068 3401 5135 Mariaa;
3436 5069 3660 5124 fundum
3709 5068 3931 5125 Circulo
3977 5083 4101 5123 cum

2516 5162 2742 5217 ecclesia
2774 5164 2948 5217 sancti
2977 5163 3249 5217 Benedicti
3271 5172 3326 5217 et
3348 5162 3521 5218 sancti
3542 5162 3842 5229 Anastasii,
3877 5161 4100 5216 fundum

2515 5256 2666 5323 Aqua
2696 5256 2894 5310 ferrata
2924 5272 2938 5319 ;
2970 5254 3193 5308 fundum
3214 5253 3529 5319 Paternum,
3564 5252 3788 5308 fundum
3814 5253 4099 5309 Maranutn

2519 5357 2573 5404 et
2599 5366 2752 5405 mons
2779 5348 3038 5413 Paterui;
3076 5349 3295 5403 fundum
3335 5364 3459 5404 casa
3490 5347 3697 5413 Martis,
3745 5347 3972 5403 fundum
4000 5344 4100 5402 Ve-

2518 5454 2637 5515 gete
2683 5444 2824 5514 quod
2871 5451 2955 5497 est
3004 5457 3124 5497 casa
3156 5442 3461 5510 Projectici,
3510 5441 3734 5496 fumium
3772 5440 4101 5496 Batilianum
