4472 5522
370 353 476 413 355

1510 350 1866 405 lZl‘lSTOLJ‘J
1909 352 1995 405 ΕΤ
2038 353 2446 408 ΡΙΗῊΜΞΟΙᾹ.

3526 349 3633 408 55ὁ

372 478 588 539 pontem
636 465 822 519 Marini
852 482 865 528 ;
924 474 977 518 et
1006 480 1034 518 a
1084 465 1242 518 tertio
1274 465 1442 519 latere
1471 464 1690 516 fundum
1720 464 1883 516 (ῥειιίρί
1909 483 1949 516 z-
1980 473 2022 524 Α
2058 464 2283 517 fumium
2314 465 2619 527 Turritula;
2654 463 2877 517 [titulum
2913 464 3099 519 Vicum
3132 474 3183 518 et
3208 464 3430 529 Arcum,
3462 476 3515 521 et
3544 468 3633 521 Ci-

373 557 654 628 uumjuris
684 567 883 611 sancta:
904 556 1160 610 Romana:
1190 557 1470 619 Ecclesiae;
1502 575 1529 609 ει
1560 565 1753 625 quarto
1786 556 1952 609 latere

373 649 662 704 fundum...
696 657 749 702 et
800 665 828 702 a
861 648 1048 717 quinto
1076 647 1243 702 latere
1288 648 1508 701 fundum
1554 647 1761 701 Paulini
1813 647 1954 715 juris

374 739 685 795 monasterii
709 737 854 792 Cella
879 736 1045 793 Nova.
1074 738 1241 794 Porro
1264 741 1506 809 (necnon)
1530 748 1584 793 et
1609 738 1827 793 fundum
1861 738 1952 809 qui

372 840 596 885 vocatur
617 830 778 885 Prata
805 828 1010 898 majore
1036 846 1157 885 cum
1172 831 1367 895 vineis,
1395 831 1551 884 terris
1572 841 1731 900 atque
1751 831 1950 901 pratis;

373 922 596 977 fundum
630 921 989 975 Baronianum
1030 922 1081 976 in
1120 922 1389 992 integrum
1418 922 1563 975 inter
1604 919 1789 975 amnes
1821 921 1952 975 inci-

372 1016 552 1085 piente
578 1026 672 1082 per
700 1012 815 1066 rivo
850 1026 1018 1081 usque
1049 1012 1100 1065 in
1146 1010 1316 1065 forma
1367 1013 1584 1081 antiqua
1612 1028 1624 1074 ;
1650 1029 1678 1064 a
1718 1012 1953 1065 secundo

373 1104 539 1159 latere
568 1103 869 1169 Monetula;
896 1119 925 1158 a
954 1104 1113 1157 tertio
1142 1103 1309 1158 latere
1347 1103 1570 1157 fundum
1602 1105 1826 1157 llomani
1853 1121 1865 1168 ;
1900 1114 1955 1159 et.

373 1210 403 1248 a
450 1203 645 1264 quarto
690 1193 860 1248 latere
900 1194 1118 1247 lluvium
1175 1193 1422 1265 Tyberis,
1473 1202 1527 1248 et
1581 1195 1954 1262 pervenientes

375 1301 542 1356 usque
574 1286 625 1339 in
657 1285 775 1340 aliis
801 1286 912 1339 arci
951 1286 1039 1340 ubi
1077 1286 1131 1339 in
1178 1284 1453 1355 Poticella.
1484 1284 1683 1339 Verum
1710 1285 1870 1340 etiam
1901 1294 1957 1339 et

371 1378 586 1434 clusura
612 1378 825 1432 vineata
872 1392 1035 1447 super
1085 1392 1143 1432 se
1174 1377 1227 1431 in
1258 1377 1464 1447 integra
1498 1377 1669 1446 posita
1702 1378 1767 1429 ad
1798 1386 1953 1445 porta

371 1470 640 1535 Adriana‘;
671 1470 892 1524 fundunt
914 1470 1170 1533 Ciceiani,
1198 1467 1421 1522 fundum
1444 1467 1701 1530 Allorum,
1733 1466 1955 1520 fundum

372 1563 713 1628 Cieulanum,
745 1563 968 1616 fundunt
1013 1562 1313 1625 Pacciouis,
1363 1576 1549 1616 omnes
1581 1561 1812 1615 invicem
1862 1574 1957 1614 eo-

372 1654 703 1710 haerentibus
753 1656 803 1708 in
842 1654 1112 1723 integris;
1161 1651 1384 1706 fundum
1432 1652 1622 1706 Ziziuii
1673 1651 1750 1723 [id
1800 1651 1955 1705 vallis

375 1744 559 1815 Cotta]
609 1745 711 1816 (sic
743 1745 809 1799 ad
853 1758 1003 1797 oram
1055 1744 1248 1797 litteris
1279 1742 1589 1811 rubricatis)
1633 1758 1754 1796 cum
1804 1742 1957 1811 plebe

2056 554 2310 607 ciliauum
2340 595 2352 615 ,
2394 564 2446 607 et
2480 554 2801 623 Vigiliauum
2826 596 2838 617 ,
2884 564 2938 608 et
2979 556 3205 624 Aspreta
3231 569 3354 609 eum
3402 556 3631 611 ecclesia

2057 646 2230 700 sancti
2266 645 2439 708 Petri,
2490 657 2545 701 et
2588 648 2641 700 iu
2691 648 2810 700 vieu
2855 646 3139 702 ecclesiam
3186 647 3360 701 sancti
3393 648 3631 712 Valerii;

2058 736 2282 791 fundum
2338 735 2685 801 Graecorum,
2739 738 2962 791 l'untlum
3012 736 3370 792 Virdilianum
3415 738 3505 793 tibi
3551 745 3639 793 est

2056 827 2287 882 ecclesia
2320 828 2490 882 sancti
2530 826 2727 897 Magni.
2755 827 2955 883 Omnes
2985 827 3087 881 sibi
3136 827 3368 882 invicem
3410 828 3463 882 in
3497 830 3638 883 inte-

2058 919 2169 989 gris
2199 919 2601 974 coluerentibus
2633 934 2755 973 cum
2785 920 2926 973 casis
2951 927 3005 972 et
3031 918 3238 983 vineis,
3265 919 3425 973 terris
3454 926 3509 972 et
3548 917 3639 972 sil-

2058 1012 2161 1075 vis,
2208 1011 2379 1080 pratis
2401 1052 2414 1075 ,
2447 1012 2692 1080 pascuis,
2740 1010 2945 1065 cultum
2975 1010 3059 1065 vel
3092 1008 3383 1073 incultum;
3414 1007 3637 1064 fundum

2058 1098 2404 1163 Melizauum;
2438 1099 2659 1154 fundum
2690 1099 3001 1163 Paternum,
3052 1099 3275 1154 fundum
3309 1098 3638 1155 Santbueulo

2059 1193 2235 1261 posito
2264 1192 2541 1246 territorio
2569 1191 2871 1261 Tyburtino
2914 1206 2943 1244 a
2989 1191 3209 1245 civitate
3247 1191 3487 1261 ejusdem
3517 1191 3639 1245 mil-

2060 1283 2217 1338 liario
2247 1294 2471 1347 octavo;
2521 1283 2590 1338 ab
2615 1298 2722 1336 uno
2753 1282 2920 1337 latere
2948 1283 3168 1336 fundum
3208 1282 3443 1336 Minianu
3463 1324 3479 1349 ,
3514 1292 3568 1338 et
3609 1297 3641 1337 a

2060 1373 2299 1427 secundo
2345 1374 2513 1427 latere
2556 1372 2882 1437 Bulturella;
2932 1389 2960 1426 a
3001 1375 3159 1427 tertio
3200 1373 3371 1428 latere
3417 1374 3641 1429 l'uudutn

2061 1463 2402 1529 Maternum;
2450 1473 2504 1518 et
2550 1480 2578 1516 a
2613 1474 2811 1533 quarto
2858 1464 3024 1519 latere
3056 1464 3248 1519 lluvius
3289 1466 3379 1533 qui
3416 1476 3645 1519 vocatur

2058 1555 2394 1619 Jubenzanu,
2428 1566 2483 1611 et.
2508 1567 2690 1612 monte
2711 1559 2801 1627 qui
2830 1566 3057 1612 vocatur
3079 1556 3243 1612 Crufo
3277 1558 3418 1625 juris
3453 1573 3643 1627 super-

2062 1649 2284 1717 ascripti
2317 1648 2599 1718 episeopii.
2650 1647 2771 1702 Pari
2805 1648 2964 1703 modo
2995 1663 3060 1703 ex
3107 1649 3211 1702 alia
3253 1658 3407 1717 parte
3448 1649 3647 1703 montis

2063 1736 2211 1791 fundi
2244 1736 2577 1806 Caparacie;
2612 1739 2724 1793 sive
2752 1754 2928 1793 massa
2956 1748 3202 1803 vocatur,
3226 1754 3346 1793 cum
3378 1754 3531 1793 mons
3557 1738 3646 1791 ubi

374 1847 577 1894 sancta:
600 1838 781 1892 Mariae
812 1846 868 1892 et
898 1836 1068 1891 sancti
1097 1835 1354 1900 Joannis;
1382 1836 1603 1889 fundum
1636 1834 1955 1887 Marcianel-
1988 1832 2034 1893 Β
2063 1837 2147 1882 est
2180 1831 2231 1881 in
2277 1831 2560 1884 cacumine
2589 1831 2820 1885 ecclesia
2863 1832 3039 1886 sancti
3086 1831 3275 1901 Angcli
3323 1832 3413 1901 qui
3453 1830 3650 1886 dicitur

374 1931 506 1995 lum,
533 1940 591 1985 et
632 1929 808 1984 casale
852 1928 1024 1983 sancti
1076 1927 1276 1990 Ciriei;
1329 1928 1552 1981 lundum
1600 1925 1955 1990 Columnella,

374 2024 491 2078 sive
551 2023 747 2092 quibus
801 2021 921 2075 aliis
966 2020 1237 2075 vocabulis
1290 2029 1713 2089 nuncupantur:
1761 2019 1827 2072 ab
1856 2033 1961 2071 uno

374 2116 543 2169 latere
570 2113 655 2167 via
694 2111 906 2184 publica
936 2128 948 2175 ;
982 2127 1011 2165 a
1043 2111 1279 2165 secundo
1305 2110 1471 2163 latere
1503 2110 1726 2163 fundum
1754 2109 1963 2178 Apollo-

376 2206 461 2269 ni;
492 2218 523 2257 a
555 2203 715 2259 tertio
754 2202 921 2255 latere
970 2200 1238 2264 Romani;
1290 2217 1319 2253 a
1364 2210 1558 2269 quarto
1604 2199 1770 2253 latere
1819 2198 1963 2253 [lalle

374 2295 555 2366 longa,
582 2303 637 2348 et
665 2310 695 2348 a
728 2296 918 2365 quinto
943 2293 1113 2347 latere
1152 2291 1325 2345 forma
1367 2292 1508 2345 unde
1537 2307 1674 2359 aqua
1723 2292 1964 2345 decurrit

381 2396 530 2442 recte
556 2386 607 2440 in
636 2384 719 2438 via
755 2383 988 2453 publica.
1027 2382 1290 2437 Similiter
1322 2390 1376 2436 et
1426 2380 1649 2434 fundum
1677 2381 1961 2449 (.‘arpiuia-

377 2495 504 2535 num
532 2487 584 2531 ct
620 2481 778 2531 vinea
808 2476 951 2530 inter
973 2475 1108 2529 duos
1142 2472 1338 2537 Ludes,
1380 2489 1501 2526 cum
1546 2471 1772 2525 ecclesia
1818 2472 1964 2525 beati

376 2567 762 2640 Petriapostoli
793 2566 925 2639 [gvid.
961 2566 1107 2633 foras
1134 2562 1333 2634 muros]
1358 2564 1432 2631 (in
1462 2563 1673 2615 rubrica
1701 2560 1767 2613 ad
1787 2567 1962 2627 oram)

376 2670 434 2716 et
463 2661 618 2715 vinea
649 2660 700 2713 in
734 2658 891 2711 trivio
915 2672 1037 2711 cum
1071 2655 1298 2710 ecclesia
1346 2654 1517 2709 sancti
1558 2652 1853 2705 Laurentii.

449 2752 619 2805 lmmo
647 2759 701 2805 ct
735 2750 960 2803 fundum
984 2748 1175 2803 Castro
1204 2746 1254 2800 in
1292 2747 1559 2816 integrum
1583 2759 1704 2798 cum
1732 2742 1964 2798 ecclesia

379 2842 550 2899 sancti
570 2839 792 2911 Angeli;
825 2838 1046 2891 fundum
1071 2837 1352 2891 Balarcese
1399 2836 1499 2890 sibi
1528 2834 1760 2889 invicem
1783 2834 1963 2888 colla:-

382 2936 643 2991 rentibus.
676 2932 890 2986 Pariter
915 2941 971 2985 et
999 2929 1221 2984 fundum
1252 2945 1376 2984 cum
1407 2928 1582 2983 casale
1613 2941 1710 2981 suo
1736 2937 1792 2980 et
1818 2925 1964 2980 Balle

384 3028 537 3098 longa
564 3035 726 3096 atque
740 3024 893 3093 plebe
910 3022 1082 3077 sancti
1102 3019 1213 3093 [hic
1231 3018 1557 3091 dimisimus]
1576 3019 1665 3090 (ad
1692 3034 1839 3071 oram
1855 3017 1963 3069 alia

385 3119 707 3187 manu)cuiu
725 3114 895 3168 vineis
920 3123 973 3167 et
1003 3113 1160 3165 terris
1190 3121 1244 3164 et
1269 3126 1391 3165 cum
1414 3109 1787 3164 omnibussuis
1802 3107 1964 3177 perti-

2062 1917 2285 1982 Faianu,
2320 1934 2419 1974 nec
2453 1935 2557 1974 non
2597 1929 2652 1975 et
2696 1921 2871 1975 locum
2917 1923 3006 1991 qui
3036 1923 3338 1992 appellatur
3367 1921 3650 1977 Trellanus

2066 2006 2163 2079 [id.
2200 2008 2457 2080 Girauus]
2494 2012 2570 2079 (in
2606 2010 2843 2081 rubrica)
2873 2028 2993 2067 cum
3022 2012 3203 2068 fundis
3228 2015 3340 2068 suis
3365 2031 3376 2066 :
3399 2014 3664 2068 videlicet.

2066 2100 2289 2154 fundum
2318 2100 2503 2170 Carpi,
2536 2102 2759 2157 fundum
2789 2103 2989 2170 Marre,
3029 2105 3251 2159 lundum
3282 2106 3493 2171 Plane,
3525 2105 3650 2158 fun-

2066 2192 2192 2245 dum
2220 2192 2506 2247 Rosarium
2529 2237 2542 2260 ,
2576 2195 2802 2250 fundum
2851 2196 3177 2265 Corianum,
3221 2198 3446 2253 fundum
3479 2198 3650 2253 Julia-

2068 2298 2216 2349 num,
2248 2282 2469 2338 fundum
2503 2301 2629 2341 casa
2659 2286 2886 2342 Martelli
2907 2329 2920 2351 ,
2958 2289 3181 2345 fundum
3212 2300 3415 2346 sanctze
3446 2290 3651 2346 Anato-

2069 2373 2152 2427 lia:
2183 2383 2237 2427 et
2262 2375 2398 2428 valle
2429 2376 2765 2443 Fortiniane,
2796 2389 2851 2434 et
2881 2396 3056 2451 usque
3085 2382 3137 2435 in
3164 2382 3270 2438 line
3302 2382 3470 2438 stella:
3490 2424 3505 2448 ,
3534 2382 3655 2437 l'un-

2069 2466 2197 2518 dum
2237 2464 2511 2539 [Crapola]
2534 2483 2687 2523 mons
2710 2484 2863 2539 aqua:
2891 2472 3043 2525 vivae.
3074 2471 3274 2528 Omnes
3297 2474 3396 2528 sibi
3423 2474 3656 2529 invicem

2067 2554 2403 2611 cohaerentes
2446 2558 2498 2612 iu
2532 2559 2757 2630 integris
2779 2600 2794 2625 ,
2828 2575 2951 2615 cum
2999 2562 3144 2617 casis
3172 2572 3226 2617 et
3256 2564 3459 2629 vineis,
3497 2565 3657 2620 terris

2068 2646 2286 2701 etsilvis
2306 2689 2318 2712 ,
2349 2651 2783 2720 campis,pratis,
2807 2653 3045 2720 pascuis,
3078 2654 3253 2723 aquis,
3284 2670 3659 2726 aquarumque

2070 2738 2425 2805 decursibus,
2460 2742 2539 2795 vel
2580 2758 2704 2797 cum
2743 2744 2995 2798 onmibus
3044 2760 3231 2800 eorum
3276 2748 3655 2816 pertinentiis;

2070 2831 2367 2885 constituto
2398 2831 2511 2899 jam
2540 2834 2821 2889 nominato
2865 2837 3142 2891 territorio
3187 2837 3509 2907 Tyburtino,
3538 2839 3661 2893 mil-

2070 2920 2228 2975 liario
2250 2923 2317 2975 ab
2348 2923 2460 2991 ipsa
2492 2924 2681 2978 civitas
2710 2927 2828 2994 plus
2858 2928 3039 2982 minus
3070 2927 3282 2984 decem.
3327 2931 3409 2985 Ab
3436 2947 3543 2986 uno
3576 2932 3659 2986 la-

2073 3020 2185 3065 tere
2227 3011 2451 3067 fundum
2490 3013 2839 3081 Graecorum;
2883 3033 2913 3071 a
2953 3021 3195 3075 secundo
3234 3021 3404 3077 latere
3435 3021 3663 3078 fundum

2074 3099 2235 3156 Sassa
2263 3141 2276 3164 ,
2310 3112 2365 3156 et
2409 3119 2438 3156 a
2470 3105 2629 3159 tertio
2675 3106 2846 3162 latere
2893 3107 3117 3164 fundum
3162 3111 3500 3181 Grunzanu,
3544 3125 3600 3170 et
3631 3130 3664 3172 a

384 3182 584 3264 neutiis
607 3207 856 3261 Fundum
882 3202 1165 3277 [Fullonis]
1196 3203 1474 3258 Fullonius
1503 3203 1556 3256 in
1590 3204 1881 3271 integrum,
1910 3210 1966 3256 et
1991 3182 2037 3245 (ἶ
2071 3203 2264 3263 quarto
2292 3195 2462 3250 latere
2498 3196 2725 3252 fundum
2750 3198 3125 3272 Longiaznum.
3157 3203 3421 3261 Similiter
3451 3216 3505 3263 et
3529 3207 3658 3263 run-

385 3310 618 3371 quatuor
644 3298 814 3353 uncia:
830 3295 978 3350 fundi
994 3295 1083 3365 qui
1114 3294 1417 3365 appellatur
1438 3294 1725 3362 Apollonii.
1745 3292 1966 3348 Necnon

384 3401 439 3447 et
462 3390 687 3445 fundum
711 3387 1060 3450 Claudianus,
1090 3383 1315 3439 fundum
1346 3383 1567 3449 Juliani,
1596 3383 1822 3438 fundum
1851 3381 1970 3436 Tri-

386 3484 578 3554 peutis,
614 3481 835 3536 fundum
864 3479 1215 3543 Cisternulaa,
1244 3476 1467 3531 fundum
1505 3475 1815 3541 Pontecclo,
1850 3475 1970 3529 fun-

387 3577 510 3631 dum
553 3573 769 3638 Silveri,
802 3572 1026 3627 fundum
1067 3584 1193 3625 casa
1225 3569 1518 3633 Marciana,
1553 3568 1778 3623 fundum
1816 3567 1971 3622 Parsi

387 3680 509 3721 cum
531 3664 694 3736 sylvis
714 3672 769 3717 et
788 3663 1018 3726 olivetis,
1032 3671 1086 3716 et
1104 3660 1263 3715 terris
1283 3676 1405 3715 cum
1428 3660 1656 3715 ecclesia
1676 3662 1847 3715 sancti
1872 3660 1973 3714 Ce-

387 3755 501 3820 cili,
527 3762 583 3810 et
611 3768 734 3809 cum
758 3752 1013 3807 oumibus
1033 3765 1217 3806 eorum
1242 3751 1602 3821 pertinentiis;
1622 3750 1783 3805 simul
1808 3751 1972 3805 etiam

389 3856 444 3902 et
464 3844 687 3901 fundum
717 3843 1010 3898 Paternum
1041 3858 1164 3896 cum
1195 3842 1425 3896 ecclesia
1448 3853 1651 3897 sancta:
1673 3842 1968 3907 Columba);

387 3936 609 3993 fundum
640 3936 930 3999 olivarum;
965 3933 1188 3988 fundum
1219 3932 1412 3987 Janule
1436 3949 1559 3989 cum
1580 3935 1814 3991 ecclesia
1840 3950 1972 3990 san-

386 4032 459 4085 cti
484 4029 666 4094 Pauli;
696 4027 921 4083 fundum
960 4027 1325 4081 Anterranum
1358 4027 1412 4080 in
1446 4026 1719 4097 integrum
1759 4028 1863 4082 sibi
1894 4028 1973 4081 iu-

386 4123 561 4177 vicem
594 4120 992 4175 cohzereutibus
1021 4117 1173 4188 (sic),
1222 4116 1476 4172 niilliario
1516 4119 1583 4171 ab
1630 4117 1761 4173 urbe
1791 4119 1977 4173 Roma:

383 4213 509 4285 plus
526 4214 706 4269 minus
734 4212 995 4268 vicesimo
1024 4219 1198 4265 sexto.
1223 4209 1394 4265 Porro
1416 4219 1469 4265 et
1495 4208 1719 4265 {nudum
1751 4194 1977 4265 Βυιιιεο-

388 4307 519 4373 lum,
549 4303 773 4359 fundum
796 4302 1080 4367 Facundii,
1112 4301 1337 4356 fundum
1366 4301 1560 4368 Licini,
1597 4302 1819 4356 fundum
1849 4303 1979 4357 Bas-

388 4414 615 4464 sanum,
660 4396 885 4452 fundum
917 4396 1307 4451 Barbatianum
1330 4434 1345 4460 ,
1395 4394 1620 4449 fundum
1644 4393 1977 4462 Corsanum,

387 4493 617 4549 fundum
674 4491 805 4548 Bico
854 4491 1106 4563 longum;
1163 4490 1388 4545 fundum
1438 4490 1681 4556 Antoni,
1753 4488 1979 4545 fundum

2073 3287 2199 3338 dum
2230 3300 2357 3339 casa
2391 3285 2609 3342 Herculi
2643 3305 2767 3344 cum
2807 3293 2949 3347 casis
2970 3302 3025 3349 et
3053 3295 3260 3362 vineis,
3303 3307 3357 3351 et
3388 3314 3510 3354 cum
3543 3316 3664 3357 om-

2074 3376 2234 3431 nibus
2263 3379 2331 3431 ad
2366 3392 2491 3433 eum
2519 3380 2950 3450 pertinentibus;
2986 3386 3054 3440 ab
3095 3402 3202 3442 uno
3235 3387 3403 3444 latere
3435 3390 3664 3450 fundum

2073 3469 2433 3538 Licilianum,
2486 3488 2516 3527 a
2560 3475 2801 3529 secundo
2835 3475 3004 3530 latere
3050 3477 3276 3534 fundum
3325 3480 3584 3551 Foranu;
3634 3500 3667 3541 a

2074 3562 2239 3615 tertio
2271 3561 2440 3617 latere
2466 3563 2691 3619 fundum
2726 3567 2819 3637 qui
2866 3567 3167 3639 appellatur
3209 3571 3520 3640 Pasiuianu,
3554 3586 3608 3632 et
3637 3593 3670 3634 a

2075 3663 2271 3722 quarto
2300 3654 2469 3710 latere
2508 3655 2734 3711 fundum
2765 3657 3080 3715 Barbaranu
3105 3660 3245 3729 juris
3267 3663 3524 3721 Ecclesia:
3552 3668 3666 3739 Ty-

2075 3744 2327 3799 burtinaz.
2348 3745 2616 3801 Praaterea
2644 3758 2697 3803 et
2719 3759 2949 3819 quatuor
2975 3750 3152 3807 fundis
3173 3754 3225 3807 iu
3252 3754 3499 3826 integris,
3517 3757 3668 3813 vide-

2079 3833 2205 3889 licet
2253 3837 2425 3905 capud
2464 3835 2691 3912 [capito]
2720 3839 2908 3908 leonis,
2941 3853 2994 3897 et
3025 3842 3368 3911 Priscianus,
3402 3846 3671 3905 Caesaria-

2079 3942 2212 3992 nus,
2246 3927 2579 4000 Magianum.
2623 3931 2827 3989 Omnes
2874 3935 2977 3991 sibi
3025 3938 3255 3995 invicem
3306 3943 3668 4001 coluereutes.

2080 4018 2248 4075 lmmo
2274 4030 2329 4076 et
2356 4022 2579 4077 fundqu
2606 4024 2728 4078 villa
2762 4024 3008 4093 Pertusa,
3039 4027 3263 4086 fundum
3292 4031 3621 4092 Saturanum
3648 4077 3664 4104 ,

2080 4116 2304 4170 fundum
2340 4113 2654 4173 Valueolum
2700 4128 2755 4174 et
2799 4121 2976 4176 casale
3018 4138 3142 4179 cum
3190 4126 3421 4183 ecclesia
3464 4141 3668 4189 sancta:

2082 4208 2405 4263 Secundinae
2438 4225 2609 4280 usque
2638 4212 2690 4265 in
2723 4212 2840 4269 rivo
2866 4214 2957 4284 qui
2987 4216 3186 4273 dicitur
3216 4219 3283 4273 de
3330 4220 3370 4274 Τ
3378 4223 3665 4293 rabicella;

2082 4308 2137 4352 et
2166 4300 2394 4354 ecclesia
2424 4302 2596 4356 sancti
2628 4301 2892 4373 Stephani
2927 4322 3050 4360 cum
3088 4309 3268 4364 casale
3306 4325 3424 4376 suo,
3468 4324 3522 4368 et
3551 4315 3675 4371 fun-

2082 4390 2208 4444 dum
2239 4391 2573 4447 Marcianum
2605 4409 2795 4449 omnes
2824 4396 2879 4451 in
2908 4397 3135 4469 integris
3179 4403 3340 4470 positi
3367 4404 3523 4473 juxta
3554 4407 3679 4463 fun-

2086 4482 2211 4535 dum
2236 4481 2522 4549 Giranum,
2552 4494 2607 4540 et
2634 4485 2945 4554 Finestelle,
2991 4491 3270 4549 territorio
3300 4494 3676 4556 Trellaneuse.

387 4585 594 4656 cum“,
641 4583 867 4639 fundum
910 4552 1217 4653 Νξείιίδηίε,
1254 4582 1535 4646 Resiariu;
1580 4552 1807 4637 {uadum
1843 4582 1980 4638 Buc.
2010 4552 2328 4647 DItemque
2384 4578 2606 4634 fundum
2659 4552 3032 4641 Cantoranuni
3087 4603 3211 4644 cum
3261 4593 3491 4649 ecclesia

388 4678 683 4734 cunianum
735 4676 880 4745 quod
927 4685 1015 4730 est
1062 4676 1340 4730 territorio
1373 4673 1702 4737 Savinense;
1752 4674 1979 4729 fundum

390 4770 548 4837 Gelli,
580 4768 807 4824 fundum
838 4767 1201 4823 Cartellorum
1230 4766 1323 4838 qui
1355 4775 1439 4823 est
1472 4767 1651 4838 posita
1674 4775 1798 4822 ante
1820 4776 1983 4836 ponte

392 4862 668 4918 Lucanum
694 4902 711 4927 ,
754 4860 981 4917 fundum
1029 4860 1260 4916 Corconi
1306 4861 1360 4915 in
1414 4861 1685 4931 integrum
1711 4899 1726 4925 ,
1757 4858 1982 4913 fundum

394 4948 586 5010 Maiani
617 4955 673 5010 in
698 4952 974 5022 integrum
1005 4954 1239 5022 positum
1267 4954 1422 5023 juxta
1463 4952 1698 5015 silicem,
1756 4950 1985 5006 fundum

394 5044 769 5110 Jemilianum;
816 5044 1042 5100 fundum
1086 5044 1442 5117 Aquilonem;
1489 5044 1714 5102 fundum
1744 5044 1978 5100 Mutilia-

402 5152 522 5191 num
542 5138 701 5209 juxta
729 5140 906 5194 sancti
954 5137 1215 5208 Stephani
1260 5138 1312 5191 in
1357 5138 1615 5209 Cornuti,
1666 5138 1892 5193 fundum
1924 5138 1979 5194 in

402 5224 540 5284 Balle
560 5231 824 5299 positum,
848 5229 941 5300 qui
981 5229 1282 5300 appellatur
1313 5227 1487 5298 Capra
1516 5230 1771 5295 niolente;
1796 5238 1850 5284 et
1878 5227 1982 5283 Ca-

407 5321 673 5377 stanneola
698 5322 755 5377 in
784 5321 1010 5392 integris
1036 5339 1048 5374 :
1083 5321 1151 5376 ab
1176 5335 1287 5376 uno
1314 5320 1481 5377 latere
1504 5322 1717 5378 colonia
1740 5336 1861 5391 quae
1881 5336 1979 5376 vo-

409 5419 552 5467 catur
577 5413 816 5469 Minianu
840 5428 854 5478 ;
889 5425 918 5464 a
945 5410 1182 5465 secundo
1218 5409 1393 5463 latere
1417 5408 1643 5468 fundum
1672 5409 1975 5478 Veranum;

2087 4667 2309 4724 fundum
2338 4669 2675 4739 Bulziniauo,
2702 4673 2930 4731 fundum
2961 4677 3186 4735 Marano
3214 4682 3268 4737 in
3302 4683 3597 4757 integrum;
3625 4702 3680 4745 et

2084 4765 2317 4821 ecclesia
2344 4778 2547 4823 sanctae
2577 4768 2882 4827 Felicitatis
2909 4789 3033 4830 cum
3070 4778 3251 4834 casale
3278 4796 3379 4837 suo
3412 4797 3588 4853 usque
3613 4787 3680 4841 ad

2086 4856 2318 4925 ﬂumen;
2348 4875 2540 4916 omnes
2569 4864 2670 4917 sibi
2718 4864 2949 4921 invicem
2980 4868 3318 4928 cohaerentes
3345 4874 3397 4929 in
3429 4875 3682 4950 integris.
3778 4928 3781 4931 ,

2162 4951 2333 5008 Porro
2358 4962 2413 5007 et
2451 4955 2607 5024 plebe
2637 4959 2812 5013 sancti
2838 4958 3121 5017 Laurentii
3150 4965 3241 5033 qui
3286 4966 3605 5037 appellatur
3630 4972 3685 5026 in

2090 5044 2346 5110 Sublaco,
2383 5062 2509 5101 cum
2551 5048 2727 5103 forma
2752 5059 2807 5104 et
2834 5053 3068 5109 ecclesia
3101 5064 3306 5113 sanctae
3336 5057 3519 5112 Maria:
3571 5078 3694 5132 qua:

2088 5148 2173 5195 est
2196 5156 2357 5211 supra
2387 5142 2705 5207 castellum;
2742 5142 2967 5203 fundum
3002 5147 3399 5216 Pateruellum,
3457 5152 3699 5211 l‘undum

2088 5230 2297 5287 Bullica
2331 5246 2455 5286 cum
2482 5234 2653 5291 vineis
2680 5243 2737 5290 et
2765 5240 2954 5307 terris,
2982 5248 3037 5295 et
3066 5254 3186 5294 cum
3214 5243 3468 5298 omnibus
3489 5257 3698 5302 eorum

2088 5323 2469 5394 pertinentiis,
2501 5326 2809 5381 constitutis
2836 5329 3115 5386 territorio
3148 5328 3477 5388 Sublaeiano
3514 5347 3707 5407 usque

2093 5417 2149 5470 in
2180 5413 2348 5471 ﬂuvio
2374 5418 2555 5475 medio
2586 5416 2842 5473 Ecclesia:
2874 5420 3209 5494 Tyburtinae.
3266 5421 3517 5477 Funtlum
3564 5424 3709 5483 Pon-
