4472 5522
848 359 954 422 555

1720 373 2083 429 BENEDIGTI
2123 374 2322 430 PAP;'E
2366 374 2454 428 \'ll
2500 373 2714 428 EPIST.
2760 373 2847 428 ET
2887 369 3226 426 PRIVILEG.

3973 358 4082 416 35:6

835 490 1002 538 latere.
1033 479 1273 547 Territa,
1306 485 1519 538 atertio
1549 486 1715 538 latere
1744 487 2040 550 Gaianello,
2066 497 2119 540 et
2147 503 2175 539 a
2207 496 2402 556 quarto
2433 495 2477 548 Α
2509 486 2790 550 Severini,
2820 495 2872 538 et
2900 485 3184 549 Trellano,
3215 491 3270 536 et
3315 483 3434 537 vicu
3474 495 3597 536 cum
3645 480 3875 536 ecclesia
3905 476 4081 534 sancti

833 573 1001 632 latere
1043 573 1439 630 Palerclanutn.
1498 577 1757 631 Similiter
1806 578 2028 631 fluidum
2081 578 2303 632 Orarius
2351 587 2407 631 et

831 661 1212 728 Gratiuianus;
1246 663 1467 718 fundum
1511 667 1908 731 Puzzorosano,
1939 666 2165 721 fumium
2198 667 2404 721 Ponza-

831 766 922 816 uo,
951 751 1170 807 fundum
1187 752 1493 817 Cetreiano;
1520 755 1742 810 fundum
1768 757 2061 812 Toriniano
2087 759 2138 812 in
2158 759 2404 825 integris,

810 841 919 910 _siti
951 843 1226 898 territorio
1255 844 1612 910 Sub‘laciano;
1644 847 1709 900 ab
1736 863 1842 901 uno
1874 847 2044 902 latere
2075 849 2313 914 Cisiano,
2337 851 2404 906 ab

831 932 937 988 alio
964 933 1133 989 latere
1161 935 1496 1001 Balneolum,
1528 953 1556 990 a
1585 938 1744 991 tertio
1778 937 1946 991 latere
1970 937 2318 1002 Glasterano,
2351 951 2407 993 et

829 1037 860 1076 a
891 1033 1088 1092 quarto
1119 1024 1286 1079 latere
1313 1025 1535 1080 fundum
1567 1026 1877 1082 Nuscanum
1898 1070 1913 1096 ,
1953 1039 2008 1084 et
2039 1047 2065 1081 a
2098 1031 2285 1100 quinto
2330 1031 2404 1085 la-

831 1125 945 1171 tere
971 1117 1193 1172 fundum
1224 1118 1470 1189 Caprola;
1504 1136 1533 1174 a
1563 1136 1724 1189 supra
1749 1123 1950 1190 scripto
1983 1122 2154 1178 latere
2179 1121 2404 1177 hntdum

833 1207 1130 1264 Calcuano.
1161 1209 1374 1266 Pariter
1401 1222 1456 1266 et
1487 1211 1748 1268 fundoras
1779 1215 2018 1284 quinque
2068 1215 2120 1268 iu
2187 1216 2409 1284 integris

830 1301 925 1370 qui
971 1313 1234 1356 vocantur
1276 1303 1478 1358 Moreni
1511 1323 1521 1357 :
1556 1305 1750 1372 Oreta,
1803 1305 2166 1360 Plumbariola
2195 1348 2208 1371 ,
2257 1308 2408 1376 Aqua

830 1391 1115 1457 Combula,
1145 1395 1492 1465 Pagatianum
1518 1412 1639 1450 cum
1673 1397 1788 1450 laco
1817 1412 1913 1451 suo
1938 1406 1993 1450 et
2017 1397 2240 1452 introitu
2275 1414 2393 1463 suo,

830 1486 1007 1557 posita
1031 1488 1310 1542 territorio
1332 1487 1663 1558 Tyburtino,
1686 1491 1751 1542 ah
1780 1491 1894 1560 ipsa
1924 1490 2147 1545 civitate
2175 1491 2406 1544 miliario

826 1579 948 1648 plus
975 1580 1152 1634 minus
1175 1589 1446 1649 quatuor;
1485 1583 1538 1635 in
1581 1598 1773 1651 eampo
1818 1582 2055 1650 majore,
2087 1598 2317 1637 necnon
2356 1592 2410 1638 et

827 1669 1149 1726 Monticellis
1171 1679 1224 1726 et
1255 1671 1451 1726 casalis
1473 1687 1593 1725 cum
1627 1675 1876 1728 ecclesia.

896 1760 1023 1816 Hice
1049 1776 1211 1831 supra
1248 1763 1467 1832 scriptis
1499 1766 1752 1820 onmibus
1791 1765 1971 1820 fundis
2014 1777 2068 1820 et
2113 1767 2404 1832 casalibus,

2511 579 2729 640 Valerii,
2758 588 2810 630 et
2834 578 3041 630 Zizinni
3075 578 3126 629 in
3156 590 3264 644 quo
3293 582 3376 628 est
3398 573 3551 644 plebe
3571 581 3769 627 sanctae
3800 570 4002 632 Maria},
4026 577 4085 625 et

2509 673 2679 726 sancti
2707 671 2930 723 Joannis
2956 710 2969 731 ,
3001 684 3123 722 eum
3162 667 3285 720 aliis
3326 664 3594 720 casalibus
3619 705 3631 726 ,
3665 662 3874 716 scilicet
3917 669 3976 715 et
4026 661 4085 714 in

2509 762 2801 816 herbaticis
2823 800 2839 825 ,
2867 770 2922 814 et
2951 759 3269 829 glandaticis
3290 799 3304 820 ,
3353 756 3495 810 nulla
3531 754 3776 809 molestia
3815 750 4082 806 habeatis.

2509 850 2713 906 Caetera
2746 865 2872 903 vero
2900 849 3079 904 omnia
3111 847 3403 900 immobilia
3427 845 3562 909 loca,
3585 843 3742 897 cultis
3764 850 3819 896 et
3844 839 4082 904 incultis,

2511 958 2632 996 cum
2658 941 2908 995 omnibus
2930 955 3114 994 eorum
3141 937 3504 1009 pertinentiis,
3520 935 3602 989 vel
3623 932 3952 1002 adjacentiis,
3974 930 4082 985 sic-

2512 1045 2571 1089 ut
2600 1036 2850 1103 superius
2880 1033 3092 1103 legitur.

2585 1128 2624 1179 A
2661 1125 2916 1194 przesenti
2960 1124 3193 1178 secunda
3225 1122 3514 1176 indictione
3560 1119 3712 1174 vobis
3761 1126 3814 1172 et
3859 1132 3952 1186 per
3993 1129 4089 1172 vos

2512 1217 2858 1270 concedimus
2887 1227 2939 1269 et
2971 1213 3356 1285 perpetualitcr
3380 1212 3681 1266 stabilimus
3709 1209 4082 1279 suprascripta

2515 1306 2653 1369 loca,
2695 1321 2816 1359 eum
2849 1305 3114 1374 plebibus,
3139 1303 3405 1366 ecclesiis,
3439 1303 3604 1365 casis,
3637 1299 3776 1354 villis
3805 1309 3859 1352 et
3888 1297 4086 1353 castel-

2514 1398 2600 1462 lis,
2637 1397 2791 1450 terris
2821 1396 2980 1449 cultis
3010 1406 3062 1449 et
3089 1394 3326 1457 incultis,
3358 1392 3576 1446 urbanis
3605 1401 3660 1446 et
3693 1389 3931 1454 rusticis,
3964 1403 4088 1442 nec-

2515 1507 2619 1546 non
2652 1501 2704 1546 et
2733 1492 2912 1546 omnia
2955 1491 3079 1560 jura
3107 1530 3121 1554 ,
3171 1498 3224 1543 et
3247 1487 3400 1556 juxta
3449 1485 3865 1543 consuetudines
3889 1498 4006 1552 quae
4035 1482 4090 1535 in

2515 1587 2706 1637 eadem
2731 1581 2960 1636 ecclesia
2994 1596 3088 1648 per
3111 1580 3384 1649 prxeterita
3411 1587 3648 1647 tempora
3681 1576 3940 1629 hactenus
3969 1588 4090 1643 pcr-

2514 1683 2860 1736 manserunt,
2895 1672 3087 1726 amodo
3121 1670 3324 1725 illibata
3357 1684 3569 1738 semper
3603 1666 3898 1722 consistere
3929 1664 4089 1734 jube-

2514 1781 2649 1819 mus.
2684 1764 2964 1832 Simulque
2989 1763 3170 1816 omnia
3196 1761 3515 1823 munimina,
3544 1774 3638 1813 seu
3665 1767 3860 1845 cuneta
3891 1756 4091 1809 instru-

827 1861 884 1906 et
907 1852 1090 1922 plebes
1115 1894 1130 1918 ,
1158 1863 1212 1907 et
1255 1855 1581 1908 monasteria
1620 1866 1674 1909 et
1702 1858 1961 1913 ecclesias
1990 1874 2112 1927 quae
2156 1859 2408 1929 superius
2441 1869 2487 1928 Β
2518 1867 2698 1912 menta
2727 1857 3039 1910 chartarum
3080 1855 3144 1909 de
3173 1863 3265 1909 tuo
3303 1853 3577 1921 episc0pio
3602 1866 3720 1921 qua:
3761 1864 3790 1902 a
3835 1845 4090 1918 paganis,

829 1942 1117 2011 adscriptis
1152 1957 1272 1998 esse
1299 1942 1418 2015 (sic)
1459 1944 1727 1999 videnlur.
1771 1947 1883 2000 lino
1923 1948 2086 2001 etiam
2117 1947 2407 2013 ecclesias,

827 2048 963 2102 quas
995 2032 1207 2087 Bosone
1239 2034 1492 2104 episcopo
1520 2045 1642 2089 tuus
1670 2046 1987 2092 antecessor
2015 2040 2117 2092 isto
2143 2050 2410 2108 praasente

831 2139 976 2178 anno
1005 2125 1391 2192 consecravit,
1423 2125 1674 2180 videlicet
1717 2129 1890 2182 sancti
1921 2127 2146 2184 Joannis
2176 2140 2230 2184 et
2268 2130 2411 2184 beati

825 2212 1122 2269 Juvenalis.
1154 2215 1303 2285 (Haec
1329 2217 1380 2270 in
1414 2217 1556 2271 bulla
1581 2216 1737 2273 Joan.
1770 2217 1911 2283 XIX,
1946 2236 1992 2273 a.
2025 2221 2207 2289 1029.)

900 2307 1300 2364 Conﬁrmamus
1329 2310 1496 2363 etiam
1527 2321 1586 2364 ut
1616 2326 1712 2378 per
1739 2311 1928 2366 attines
1952 2322 2005 2366 et
2034 2313 2292 2365 terminos
2319 2327 2411 2365 cos

828 2398 1161 2454 deliberatis.
1192 2400 1338 2454 Inter
1363 2399 1550 2454 alIines
1578 2401 1869 2470 incipiente
1898 2418 1927 2454 a
1974 2403 2175 2456 sanctis
2206 2413 2411 2470 septem

827 2491 1114 2557 fratribus,
1152 2502 1205 2548 et
1227 2507 1396 2560 usque
1441 2494 1493 2547 in
1531 2493 1836 2548 conﬁnibus
1863 2495 2034 2548 sancti
2064 2493 2290 2549 Joannis
2322 2495 2412 2564 qui

833 2581 1133 2654 appellatur
1161 2583 1214 2636 in
1247 2583 1539 2653 argentella
1560 2624 1574 2649 ,
1602 2592 1656 2637 et
1697 2583 1893 2638 exinde
1925 2586 1975 2638 in
2005 2599 2196 2654 campo
2249 2585 2411 2649 sacri,

832 2674 922 2728 ubi
951 2683 1076 2729 sunt
1110 2673 1344 2743 Staphili
1380 2675 1486 2728 [icti
1514 2716 1527 2738 ,
1569 2685 1624 2729 et
1665 2685 1814 2730 recte.
1843 2675 1893 2728 in
1926 2676 2078 2730 silice
2122 2692 2314 2745 magna
2349 2677 2414 2730 de

831 2761 1173 2828 Penestrina,
1222 2765 1586 2819 descendente
1615 2781 1742 2820 vero
1767 2783 1862 2836 per
1890 2767 2002 2835 ipsa
2037 2767 2188 2820 silice
2233 2767 2412 2821 omnia

829 2863 982 2925 parte
1005 2857 1194 2910 dextra
1228 2856 1506 2911 territorio
1540 2857 1846 2926 Tyburtino
1865 2859 2005 2927 juris
2034 2859 2208 2912 eidem
2235 2858 2414 2913 Eccle-

829 2947 922 3001 sia:
968 2947 1301 3017 Tyburtinze.
1356 2947 1517 3001 Parte
1561 2963 1692 3003 vero
1740 2948 1852 3003 leba
1883 2948 1998 3020 (sic)
2049 2951 2229 3018 omnia
2272 2951 2410 3019 juris

830 3049 1032 3093 sanctae
1065 3038 1500 3094 Penestrinensis
1532 3039 1806 3096 Ecclesia}.
1835 3039 2004 3095 Sicuti
2043 3051 2414 3097 antecessores

831 3130 999 3184 nostri
1029 3145 1125 3197 per
1155 3139 1422 3200 prazcepta
1457 3131 1808 3185 deﬁnierunt.
1861 3132 2126 3186 Praeterea
2158 3134 2414 3187 concedi-

2516 1953 2629 2004 sive
2665 1964 2760 2018 per
2781 1947 3056 2002 hominum
3088 1946 3466 2016 negligentiam
3493 1945 3780 1998 subtractae
3810 1942 3891 1996 vel
3917 1933 4092 1995 inuni-

2515 2051 2679 2102 nutuc,
2703 2053 2796 2092 seu
2820 2039 2888 2092 ab
2910 2039 3032 2107 igne
3059 2046 3314 2091 crematae
3340 2023 3575 2098 fuerunt,
3604 2049 3712 2103 per,
3729 2035 3829 2088 hoc
3850 2041 4094 2086 nostrum

2515 2129 2866 2200 apostolicum
2900 2127 3240 2196 privilegium
3287 2140 3478 2180 onmes
3523 2141 3608 2179 res
3639 2125 3848 2178 illorum
3877 2123 4096 2178 stabiles

2515 2237 2729 2291 semper
2763 2221 3061 2274 consistant
3084 2219 3136 2272 in
3168 2218 3419 2272 omnibus
3457 2216 3704 2286 plenitcr,
3748 2214 4098 2284 legaliterque

2516 2314 2858 2369 continentes
2909 2311 3169 2381 vigorem.
3221 2310 3327 2364 Res
3360 2325 3487 2363 vero
3514 2324 3705 2364 omnes
3757 2325 3876 2380 qua:
3906 2309 3972 2361 ab
4007 2323 4098 2362 or-

2520 2403 2768 2456 thodoxis
2796 2400 3120 2456 Christianis
3151 2410 3204 2453 et
3226 2402 3484 2470 piissimis
3515 2417 3612 2470 pro
3638 2401 3850 2455 illorum
3885 2401 4097 2454 anima-

2515 2497 2639 2560 bus,
2671 2511 2768 2548 seu
2799 2493 2970 2549 salute
3002 2502 3106 2546 tua:
3134 2493 3377 2546 ecclesiae
3406 2494 3521 2546 sive
3563 2507 3660 2561 per
3686 2491 3954 2555 chartula,
3986 2490 4101 2544 sive

2519 2594 2814 2656 spontanea
2846 2583 3118 2637 voluntate
3159 2582 3355 2637 oﬂ'errc
3399 2593 3562 2653 atque
3605 2598 3880 2637 concessa:
3935 2581 4102 2635 fuisse

2517 2681 2789 2744 videntur,
2822 2678 2903 2734 vel
2929 2676 3155 2741 fuerint,
3180 2679 3383 2746 absque
3413 2678 3518 2730 ulla
3550 2677 3791 2732 molestia
3820 2685 3872 2728 ct
3899 2675 4103 2742 absque

2492 2770 2666 2827 .omni
2693 2767 2908 2838 querela
2937 2767 3238 2837 aliquorum
3268 2769 3546 2821 hominum
3586 2777 3901 2837 perpetuam
3930 2764 4100 2819 stabi-

2521 2859 2725 2914 litatem
2756 2869 2810 2914 et
2839 2868 3099 2929 perpetuo
3120 2858 3244 2928 jure
3275 2859 3327 2913 in
3357 2869 3446 2912 tua
3479 2858 3707 2913 ecclesia
3739 2858 3856 2922 tibi,
3887 2857 4102 2924 tuisque

2521 2952 2927 3007 successoribus
3012 2950 3307 3004 sancimus.
3365 2949 3709 3019 Quapropter
3767 2957 4103 3014 statuentes,

2521 3053 2683 3114 atque
2717 3042 3122 3113 promulgantes
3146 3055 3332 3096 coram
3374 3041 3485 3095 Deo
3516 3051 3570 3094 et
3618 3040 3840 3094 terribili
3872 3038 3988 3108 ejus
4020 3038 4105 3092 fu-

2524 3144 2644 3187 turo
2671 3133 2918 3188 examine
2945 3173 2958 3197 ,
2987 3148 3084 3202 per
3129 3130 3288 3199 hujus
3321 3133 3492 3186 nostri
3525 3130 3805 3202 apostolici
3834 3130 4106 3200 privilegii

844 3237 963 3274 mus
992 3221 1168 3291 [atque
1208 3219 1581 3289 conﬁrmamus
1619 3222 1714 3274 tibi
1743 3229 1941 3292 tuoque
1971 3224 2265 3277 venerabili
2293 3227 2409 3294 epi-
2443 3223 2487 3284 C
2519 3227 2898 3282 auctoritatem
2929 3226 3204 3280 sancimus
3225 3268 3237 3290 ,
3283 3233 3336 3280 et
3367 3226 3506 3280 beati
3537 3223 3682 3280 Petri
3738 3224 4106 3294 apostolorum

845 3313 1055 3385 seopiu]
1105 3314 1196 3366 tibi
1238 3323 1437 3383 tu0que
1468 3313 1777 3383 episcopio,
1827 3323 1885 3366 ut
1905 3314 2052 3368 omni
2085 3323 2326 3382 tempore
2351 3315 2414 3368 li-

831 3406 1069 3487 ccntiau:
1093 3414 1147 3458 et
1175 3413 1494 3474 potestatem
1515 3403 1762 3459 habeatis
1795 3419 1916 3459 cum
1939 3406 2137 3459 vestris
2164 3404 2416 3460 omnibus

835 3494 1144 3548 hominibus
1177 3494 1510 3563 ingrediendi
1555 3504 1608 3547 et
1635 3495 1950 3562 egredieudi
1983 3511 2106 3549 cum
2141 3496 2289 3550 omni
2328 3512 2418 3550 ve-

832 3598 947 3641 stra
979 3585 1210 3640 utilitate
1241 3601 1339 3656 per
1365 3594 1582 3656 pontem
1608 3587 1698 3654 qui
1723 3596 1948 3640 vocatur
1977 3587 2252 3642 Lucanum
2286 3589 2418 3643 abs-

834 3693 938 3746 que
987 3678 1132 3732 onmi
1192 3677 1442 3742 redditu,
1495 3677 1577 3730 vel
1633 3675 1872 3745 qualibet
1918 3679 2174 3743 datione,
2222 3680 2418 3734 exinde

832 3767 1245 3838 persolvendum
1302 3782 1402 3838 pro
1479 3766 1859 3837 qualicumque
1932 3784 2112 3822 causa.
2198 3769 2419 3839 insuper

837 3862 1184 3916 concedimus
1213 3859 1367 3915 vobis
1395 3875 1609 3914 omnem
1635 3861 1980 3924 districtum,
2027 3871 2082 3916 et
2131 3862 2323 3932 placita
2353 3863 2419 3916 de

834 3953 1084 4008 omnibus
1109 3952 1478 4016 monasteriis,
1517 3953 1630 4006 sive
1650 3952 1896 4007 ecclesiis
1926 3955 2000 4007 tui
2031 3955 2286 4024 cpiscOpii
2313 3964 2418 4008 tant

838 4043 977 4099 infra
1013 4045 1124 4115 ipsa
1155 4044 1396 4111 civitate,
1423 4059 1697 4113 quamque
1731 4046 1894 4099 etiam
1927 4054 1981 4098 et
2017 4045 2080 4098 de
2123 4044 2273 4109 foris,
2309 4047 2421 4101 sive

837 4138 1136 4193 monachos
1167 4147 1223 4192 et
1243 4137 1470 4191 ancillas
1502 4137 1598 4191 Dei
1633 4148 1796 4208 atque
1829 4140 2175 4208 presbyteros
2208 4148 2258 4193 et
2309 4141 2426 4194 dia-

838 4248 1038 4297 conos,
1095 4230 1177 4284 vel
1205 4246 1420 4284 ontnctu
1451 4230 1678 4295 clerum,
1711 4232 1803 4300 qui
1833 4233 1932 4285 sub
1963 4241 2052 4286 tua
2086 4235 2422 4300 protectioue

837 4335 983 4390 sunt,
1013 4324 1095 4378 vel
1126 4323 1178 4377 in
1207 4334 1297 4377 tua
1325 4321 1545 4377 dimccsi
1591 4323 2023 4391 permanebunt,
2070 4332 2129 4374 ut
2173 4323 2223 4375 in
2278 4333 2421 4377 tuam

839 4419 1052 4488 tuisque
1083 4414 1487 4470 successoribus
1517 4413 1588 4466 sit
1618 4421 1942 4482 potestatem
1987 4413 2340 4482 distt‘ingcndi
2371 4425 2425 4468 et

831 4510 1134 4580 judicandi.
1190 4509 1430 4577 Denique
1479 4507 1864 4562 conlirmamus
1903 4506 1999 4561 tibi
2030 4522 2128 4575 per
2175 4507 2277 4560 hoc
2326 4524 2425 4562 no-

2522 3317 2784 3388 principzs
2812 3316 3194 3370 auctoritatem
3226 3315 3569 3370 decernimus
3595 3355 3610 3381 ,
3656 3325 3765 3370 tam
3798 3314 4108 3385 apostolicae

2523 3409 2668 3464 sedis
2693 3407 2904 3462 futuros
2930 3407 3234 3477 poutilices,
3264 3421 3427 3475 quam
3458 3407 3549 3475 qui
3577 3406 3974 3462 ecclesiasticas
3999 3408 4096 3460 ad-

2527 3497 2958 3553 ministraverint
2985 3496 3250 3560 actiones,
3293 3495 3376 3549 vel
3404 3496 3568 3550 etiam
3601 3511 3792 3566 magna
3827 3510 4103 3566 parvaque

2525 3605 2790 3658 persona,
2847 3597 2940 3643 aut
2977 3587 3248 3656 quispiam
3291 3575 3659 3655 cujuscunque
3715 3587 3786 3641 sit
3827 3587 4108 3656 dignitatis

2525 3681 2783 3750 praeditus
2811 3687 3098 3749 potestate.
3149 3676 3275 3732 Ideo
3303 3693 3423 3747 quae
3454 3694 3482 3731 a
3531 3677 3689 3732 nobis
3731 3679 3814 3746 pie
3843 3679 4109 3748 disposita

2528 3779 2674 3833 sunt,
2699 3777 2860 3838 atque
2891 3783 2920 3821 a
2950 3767 3106 3822 nobis
3133 3783 3389 3822 concessa
3412 3781 3630 3837 quoquo
3651 3766 3809 3821 modo
3833 3783 4109 3837 nunquam

2529 3862 2802 3918 licentiam
2828 3861 3023 3916 habeat
3048 3860 3112 3915 de
3139 3859 3553 3930 praanoatiuatis
3584 3862 3837 3915 omnibus
3861 3860 4112 3916 immobi-

2527 3957 2663 4034 libus
2700 3955 2839 4012 locis
2863 3955 2915 4008 in
2943 3969 3049 4008 uno
3091 3953 3369 4017 adunatis,
3413 3961 3574 4024 atque
3620 3953 3941 4024 spiritaliter
3971 3969 4105 4025 apo-

2526 4048 2714 4104 stolica
2744 4047 3058 4101 exaratione
3086 4045 3388 4114 conjunctis
3417 4045 3741 4118 disjungere,
3777 4047 3861 4103 vel
3887 4063 3996 4103 uno
4029 4047 4101 4103 ab

2529 4156 2636 4193 uno
2664 4140 2838 4193 altero
2866 4138 3125 4193 alienare.
3159 4138 3218 4191 Si
3245 4137 3368 4208 quis
3413 4138 3638 4204 interea,
3669 4139 3811 4207 quod
3840 4155 3946 4195 non
3989 4153 4112 4194 cro-

2530 4234 2728 4298 dimus,
2757 4233 2822 4287 de
2847 4232 3138 4286 temerario
3167 4245 3303 4286 ausu
3324 4240 3512 4284 contra
3549 4246 3614 4285 ea
3639 4247 3759 4301 qua:
3788 4231 3857 4285 ab
3881 4231 3996 4302 hac.
4014 4246 4114 4286 no-

2530 4339 2638 4380 stra
2671 4326 3022 4387 auctoritate,
3057 4333 3112 4378 et
3141 4323 3354 4379 Domini
3393 4323 3562 4378 nostri
3592 4322 3718 4378 Jesu
3747 4323 3946 4378 Christi
3974 4338 4112 4394 apo-

2531 4418 2790 4474 stolorum
2835 4417 3098 4488 principis
3142 4397 3285 4471 Petri
3339 4413 3628 4482 cujuslibet
3674 4415 3959 4470 innueritis
3989 4415 4111 4471 vice

2529 4509 2772 4580 agimus,
2806 4506 3172 4562 anathematis
3221 4504 3433 4559 vinculo
3469 4505 3824 4569 innodatum,
3875 4516 3927 4560 et
3983 4522 4110 4561 cum

840 4613 1012 4659 strum
1047 4600 1400 4671 apostolicum
1443 4598 1784 4670 privilegium
1817 4613 2034 4653 omnem
2077 4601 2424 4654 consuetudi-
2454 4590 2504 4648 D
2530 4599 2742 4654 diabolo
2769 4606 2826 4653 et
2877 4596 2994 4667 ejus
3016 4596 3368 4652 atrocissimis
3387 4595 3620 4666 pompis,
3646 4605 3806 4665 atque
3828 4611 3948 4650 cum
3969 4594 4110 4651 Juda

842 4709 966 4750 nem
997 4708 1134 4763 quos
1160 4691 1263 4746 tuis
1286 4690 1694 4746 successoribus
1720 4689 1862 4745 soliti
1887 4697 2045 4743 erant
2062 4689 2260 4744 habere
2281 4690 2421 4760 (sic),

845 4795 905 4841 ut
930 4794 986 4841 et
1009 4793 1064 4840 tu
1087 4785 1302 4854 tuisque
1348 4782 1747 4838 successoribus
1771 4782 1976 4852 absque
2021 4781 2125 4834 ulla
2152 4784 2428 4838 contradi-

843 4881 1024 4937 ctione
1055 4879 1309 4949 perennis
1325 4875 1657 4946 temporibus
1673 4876 1928 4941 retineas;
1960 4874 2160 4930 etnulli
2187 4892 2425 4946 unquam

847 4972 1054 5036 comiti,
1084 4978 1177 5024 aut
1199 4968 1482 5032 castaldio,
1524 4967 1608 5021 vel
1647 4967 1806 5022 alicui
1838 4967 2076 5032 homini,
2110 4968 2200 5037 qui
2229 4967 2428 5023 ibidem

849 5066 1095 5139 publicas
1124 5063 1434 5118 functiones
1465 5061 1696 5116 fecerint
1720 5060 1881 5115 liceat
1913 5069 2016 5114 tua:
2045 5060 2289 5114 ecclesia:
2319 5077 2433 5116 ser-

848 5171 964 5221 vos,
993 5164 1087 5210 aut
1117 5152 1362 5216 ancillas,
1387 5151 1501 5207 sive
1525 5149 1722 5204 liberos
1749 5149 2016 5212 homines,
2040 5150 2129 5218 qui
2162 5150 2214 5203 in
2245 5165 2434 5218 supra-

847 5247 978 5302 dicti
1007 5247 1082 5300 tui
1115 5243 1377 5315 episcopii
1405 5241 1676 5298 casalibus
1706 5241 1946 5296 resident
1967 5241 2032 5294 ad
2064 5240 2323 5311 placitum
2352 5240 2435 5296 vel

847 5337 1101 5407 guadiam
1129 5334 1270 5406 (sic),
1302 5335 1417 5388 sive
1447 5332 1626 5402 aliqua
1657 5331 1995 5386 districtione
2024 5346 2318 5401 provocare
2344 5342 2438 5387 aut

848 5433 1166 5503 perducere,
1201 5429 1317 5485 sine
1364 5436 1491 5493 tuo,
1524 5437 1848 5497 tuorumque
1889 5441 2264 5481 successorum
2308 5443 2434 5483 con-

2533 4689 2793 4744 traditore
2830 4687 3041 4743 Domini
3071 4687 3242 4741 nostri
3268 4685 3393 4741 Jesu
3436 4685 3668 4751 Christi,
3704 4686 3891 4740 aeterni
3925 4686 4110 4742 incen-

2533 4783 2606 4837 dii
2639 4780 2906 4851 supplicio
2936 4779 3394 4835 concremandum
3427 4776 3517 4844 sit,
3551 4776 3889 4846 deputatum,
3920 4792 3989 4831 ne
4009 4793 4109 4831 un-

2533 4890 2694 4944 quam
2723 4890 2752 4928 a
2785 4861 3025 4942 przelatis
3053 4868 3414 4924 anathematis
3449 4868 3679 4924 nexibus
3706 4869 3777 4924 sit
3804 4868 4106 4925 absolutus.

2533 4969 2604 5022 At
2626 4981 2753 5020 vero
2779 4965 2870 5035 qui
2912 4963 3001 5032 pio
3033 4961 3228 5015 intuitu
3256 4959 3571 5014 observator
3609 4959 3862 5014 omnibus
3882 4961 4107 5016 exstite-

2538 5058 2628 5121 rit,
2654 5053 2964 5110 custodicns
2999 5049 3158 5120 hujus
3185 5049 3354 5103 nostri
3387 5048 3664 5118 apostolici
3699 5050 4106 5107 constitutionis

2537 5150 2602 5203 ad
2633 5147 2836 5202 cultum
2866 5143 2955 5197 Dei
2992 5141 3422 5211 respicientibus,
3459 5140 3846 5195 benedictionis
3875 5141 4110 5209 gratiam

2537 5259 2566 5297 a
2629 5235 3140 5296 misericordissima
3181 5233 3406 5287 Domino
3453 5230 3565 5287 Deo
3611 5245 3799 5288 nosuo
3852 5234 4113 5304 cousequi

2538 5342 2819 5391 mereatur
2837 5372 2851 5395 ,
2883 5339 3046 5398 atque
3073 5327 3281 5382 meritis
3302 5328 3444 5384 beati
3478 5327 3730 5401 martyris
3762 5328 3938 5383 levita:
3965 5326 4112 5383 Lau-

2539 5425 2724 5488 rentii,
2754 5431 2974 5477 aeternae
3001 5419 3125 5474 vita:
3152 5419 3420 5490 particeps
3443 5418 3580 5475 ellici
3603 5410 3895 5478 mereatur.
