4472 5522
822 266 929 323 559

1397 264 1884 319 IHEODEIHCUS
1928 261 2277 317 METENSIS
2320 259 2716 317 lil’lSCOl'US.
2747 290 2808 301 -——
2834 262 3110 319 ΝΟΤΙΤΙΛ
3154 263 3547 321 HISTORICA.

3994 270 4100 324 560

821 383 986 437 sicuti
1018 381 1180 437 etiam
1203 390 1259 435 ct
1290 381 1342 434 in
1365 380 1656 434 festivitate
1685 380 1742 433 Β.
1770 378 2048 432 Michaelis
2080 376 2412 446 archangeli,
2444 376 2491 432 A
2525 376 2766 439 rcfrmna,
2794 385 2850 430 et
2871 377 3212 445 disciplinam
3238 392 3450 432 reserva
3476 387 3535 432 ut
3556 378 3697 433 sicut
3727 378 3886 434 Pater
3915 381 4101 449 culpas

822 480 877 527 et
920 471 1278 527 translatione
1330 472 1573 539 corporis
1614 470 1672 523 B.
1726 468 2103 521 Uarlltoloutzci
2160 468 2410 535 apostoli,

820 562 1092 632 simulque
1124 561 1414 616 tribuimus
1440 570 1602 629 atque
1625 560 1975 612 concedimus
2018 558 2286 610 licentiam
2318 557 2411 609 tibi

819 655 1035 723 tuisque
1077 651 1482 707 successoribus
1509 650 1792 719 episcopos
1818 647 2102 702 ordinandi
2141 647 2191 699 in
2225 647 2309 700 his
2337 647 2416 698 vi-

818 745 1016 801 delicet
1047 744 1362 799 civitatibus
1389 752 1590 797 sancta:
1636 741 1883 811 Agathm,
1912 740 2161 802 Ahellini,
2191 738 2419 805 Quinto-

819 839 1045 902 decimi,
1075 836 1293 901 Ariani,
1319 834 1497 889 Asculi
1523 875 1536 897 ,
1577 833 1750 887 Bibini
1779 873 1791 893 ,
1831 832 2173 895 Vullurariae,
2208 829 2413 893 Larini,

819 930 1079 989 Thelesiae
1099 970 1113 993 ,
1141 926 1263 982 Alifi
1286 968 1300 991 ,
1333 925 1619 989 Termulm,
1654 922 1894 978 Triventi
1924 932 1976 976 et
2006 920 2258 987 Sessulte,
2288 935 2418 974 con-

822 1019 1106 1074 ﬁrmantes
1165 1016 1262 1071 tibi
1340 1016 1557 1085 tuisque
1626 1012 2033 1068 successoribus
2119 1010 2415 1065 Ecclesiam

829 1106 889 1162 S.
925 1106 1199 1162 Michaelis
1230 1106 1281 1160 in
1314 1113 1498 1160 monte
1535 1104 1787 1173 Gargano
1819 1117 1942 1156 cum
1976 1103 2093 1171 ipsa
2135 1100 2416 1170 Sipontina

822 1198 1087 1263 ecclesia,
1140 1208 1195 1252 et
1236 1213 1359 1253 cum
1403 1196 1654 1252 omnibus
1702 1210 1890 1250 eorum
1938 1194 2316 1264 pertinentiis,
2365 1194 2419 1245 et

820 1291 1075 1346 omnibus
1119 1290 1337 1361 prrediis
1363 1289 1605 1351 familiis,
1631 1288 1917 1357 utriusque
1960 1301 2143 1351 sexus,
2172 1286 2417 1340 ecclesiis

818 1392 876 1437 et
903 1381 1203 1451 massisque
1240 1395 1360 1450 qua:
1403 1380 1678 1449 pra-dictis
1723 1378 1969 1434 ccclesiis
2019 1378 2296 1447 pertinere
2338 1376 2418 1432 di-

819 1482 1173 1545 gnoscunlur.
1222 1469 1387 1539 Cujus
1438 1480 1642 1525 autem.
1687 1513 1698 1524 .
1745 1512 1756 1525 .
1800 1510 1814 1525 .
1861 1510 1874 1523 .
1941 1471 2117 1525 honor
2171 1470 2415 1524 modesta

819 1575 1037 1621 actuum
1070 1565 1361 1619 vivacitate
1384 1565 1687 1619 servandus
1717 1574 1820 1619 est.
1852 1564 2147 1619 Hortamur
2196 1564 2415 1631 insuper

817 1667 878 1710 ut
922 1670 1099 1709 mores
1127 1656 1462 1710 ornamentis
1497 1657 1857 1721 conveniant,
1892 1671 1954 1710 ac
1982 1656 2411 1719 conformentur,

2518 468 2701 531 ferias,
2754 479 2808 521 ct
2858 486 2885 521 a
2916 470 3206 524 dilectione
3257 470 3488 525 filiorqu
3538 486 3673 540 quos
3717 473 3944 543 corrigis
3993 488 4101 527 non

2520 564 2757 615 recedas.
2790 562 3188 616 Miscricordem
3224 573 3273 616 te
3295 572 3349 616 et
3386 572 3544 633 prout
3569 565 3740 617 virtus
3764 565 3984 634 patitur.
4029 603 4042 615 .
4085 602 4102 619 .

2518 652 2729 716 exhibe,
2756 653 3030 720 Oppressis
3056 650 3300 706 defensio
3339 662 3427 705 tua
3463 653 3769 718 subveniat,
3796 654 4106 724 Opprimen-

2520 744 2659 798 tibus
2704 744 2999 808 modestia,
3030 753 3081 797 et
3129 744 3267 797 ratio
3308 745 3659 799 contradicat.
3714 743 3926 798 Nullum
3970 758 4105 800 con-

2525 846 2628 889 tra.
2671 876 2683 888 .
2732 877 2743 889 .
2789 876 2800 889 .
2845 877 2857 889 .
2898 837 3201 906 despicias,
3230 836 3437 891 nullum
3469 845 3797 906 quaerentem
3838 835 4107 903 justitiam

2520 941 2766 994 spernas,
2816 927 3058 981 custodia
3087 928 3139 981 in
3181 934 3235 981 te
3280 925 3556 994 mquitatis
3585 927 3847 992 excellat,
3903 935 3961 981 ut
4006 942 4109 983 nec

2519 1018 2747 1071 divitum
2773 1020 3014 1087 potentia
3038 1018 3242 1087 aliquid
3266 1017 3407 1087 apud
3441 1026 3493 1071 te
3529 1026 3683 1071 extra
3714 1017 3857 1071 viam
3880 1017 4111 1072 suadeat

2521 1110 2718 1164 audere
2744 1109 3003 1173 rationis,
3050 1124 3150 1163 nec
3176 1124 3469 1179 pauperem
3500 1110 3565 1163 de
3593 1117 3644 1163 te
3674 1124 3771 1163 sua
3808 1108 3972 1163 faciat
4001 1110 4112 1164 huc

2521 1202 2722 1257 militas
2764 1202 3087 1271 desperare,
3153 1210 3421 1269 quatenus
3477 1201 3589 1255 Deo
3642 1201 3933 1271 adjuvante
3984 1200 4110 1256 talis

2520 1294 2698 1365 possis
2724 1294 2955 1349 existere
2978 1293 3191 1363 qualem
3222 1308 3378 1348 sacra
3407 1292 3569 1348 lectio
3595 1293 3841 1362 praecipit
3878 1293 4104 1348 dicens:

2524 1385 2736 1455 Oportet
2796 1386 3089 1454 episcopum
3141 1384 3645 1454 irreprehensibilem
3686 1401 3817 1439 esse.
3876 1384 3981 1441 Sed
4022 1385 4110 1439 his

2521 1477 2773 1530 omnibus
2819 1477 3020 1544 poteris
3053 1474 3348 1529 salubriter
3372 1476 3451 1530 uti
3500 1475 3547 1530 si
3585 1475 3901 1545 magistram
3930 1474 4111 1529 chari-

2521 1577 2688 1622 tatem
2719 1567 2993 1630 habueris,
3021 1581 3183 1637 quam
3209 1566 3254 1620 si
3282 1566 3404 1637 quis
3446 1573 3664 1621 secutus
3694 1564 3878 1630 fuerit,
3900 1580 3929 1617 a
3960 1572 4110 1620 recto

2522 1658 2811 1727 aliquando
2837 1657 3050 1711 tramite
3081 1671 3186 1711 non
3218 1656 3455 1711 recedet.
3488 1655 3649 1721 Ecce,
3692 1654 3862 1710 frater
3903 1655 4114 1711 charis-

821 1759 1114 1821 quatenus,
1140 1757 1362 1804 auctore
1386 1749 1615 1803 Domino
1646 1748 1986 1818 (rererendc)
2019 1748 2216 1817 ubique
2239 1749 2412 1815 possis
2443 1738 2491 1797 Β
2519 1752 2655 1804 sime
2676 1791 2689 1814 ,
2738 1749 2917 1818 qualia
2972 1749 3112 1801 inter
3148 1746 3316 1800 multa
3346 1748 3423 1801 tui
3475 1747 3587 1801 sint
3622 1745 3945 1810 sacerdotii;
3993 1745 4111 1801 haec

822 1858 944 1898 esse
968 1842 1314 1911 conspicuus.
1341 1839 1463 1893 Vita
1495 1840 1658 1911 igitur
1684 1848 1773 1893 tua
1807 1839 1931 1893 filiis
1964 1839 2068 1891 tuis
2098 1838 2167 1893 sit
2202 1837 2407 1908 regula,

819 1948 943 1989 cum
992 1933 1266 2003 profectus
1319 1946 1505 1986 eorum
1539 1944 1567 1983 a
1624 1939 1713 1983 tuo
1754 1930 1989 1999 pendeat
2037 1928 2301 1998 exemplo,
2354 1937 2412 1980 ut

820 2030 970 2076 tuum
1003 2030 1123 2090 post
1169 2021 1309 2075 diem
1343 2020 1525 2075 valeas
1574 2035 1800 2075 securus
1830 2020 2050 2074 dicere:
2082 2019 2189 2073 Cor
2232 2032 2411 2071 meum

822 2126 998 2181 neque
1036 2124 1317 2181 prospera,
1358 2120 1452 2164 aut
1492 2126 1612 2179 qua:
1665 2109 2033 2180 temporaliter
2062 2108 2413 2163 blandiuntur

821 2203 1154 2266 extulerunt,
1181 2218 1356 2272 neque
1394 2202 1621 2257 adversa
1659 2203 2006 2272 dejecerunt,
2038 2203 2130 2257 sed
2155 2202 2414 2272 quicquid

822 2295 952 2351 illud
1010 2296 1170 2351 fuerit
1217 2297 1491 2367 patientia:
1553 2298 1869 2353 devineatur
1920 2300 2137 2353 virtute.
2198 2298 2413 2353 Nullum

822 2389 963 2458 apud
993 2398 1044 2442 te
1094 2388 1267 2444 locum
1317 2391 1596 2444 inveniant
1634 2392 1779 2456 odia,
1830 2392 2282 2461 quemadmodum
2314 2406 2415 2445 nec

827 2494 980 2534 amor
1008 2479 1331 2535 indiscretus
1363 2490 1414 2536 te
1439 2490 1702 2553 occupet;
1736 2483 2026 2551 benignum
2054 2492 2104 2537 te
2139 2483 2261 2537 boni
2287 2497 2415 2537 sen-

822 2575 981 2639 tiant,
1013 2575 1306 2629 discretum
1351 2584 1401 2628 te
1431 2576 1558 2629 mali
1592 2585 1936 2645 cognoscant.
1984 2575 2182 2630 Facile.
2229 2613 2243 2628 .
2285 2615 2297 2627 .
2344 2615 2355 2627 .
2398 2614 2410 2628 .

817 2662 1090 2720 Justitiam
1143 2666 1283 2733 apud
1335 2674 1387 2721 te
1439 2666 1763 2736 culpabilem
1817 2668 2091 2736 suggestio
2140 2666 2278 2720 mala
2308 2682 2415 2722 non

824 2756 1051 2820 reddat;
1089 2766 1373 2810 nocentem
1407 2758 1578 2826 gratia
1610 2766 1702 2811 aut
1742 2756 1894 2811 favor
1920 2773 2023 2811 non
2049 2766 2293 2820 excuset,
2327 2773 2415 2811 re-
2484 2798 2489 2805 .

820 2847 1045 2900 missum
1098 2856 1149 2899 te
1188 2847 1628 2916 delinquentiluts
1673 2864 1778 2900 non
1828 2848 2123 2913 ostendas,
2171 2865 2238 2903 ne
2273 2850 2416 2918 quod

818 2936 962 2990 ultus
990 2951 1093 2989 non
1123 2935 1315 3001 fueris,
1350 2936 1640 2991 tolerantia
1674 2937 1972 3007 perpetrari
2011 2938 2245 2992 videaris
2269 2939 2416 3007 [per—

817 3025 1058 3078 mittere.
1106 3023 1189 3078 Sit
1222 3025 1273 3079 in
1319 3033 1369 3079 te
1418 3025 1545 3080 boni
1598 3026 1832 3096 pastoris
1863 3025 2112 3090 dulcedo,
2142 3025 2416 3094 etjudicis

2517 1841 2738 1911 pallium
2794 1839 3160 1903 comitantur,
3212 1853 3331 1907 quae
3378 1838 3423 1892 si
3491 1838 3732 1893 studiose
3785 1836 4105 1901 servaveris,

2518 1933 2661 2003 quod
2689 1931 2821 1985 foris
2848 1930 3120 2000 accepisse
3136 1930 3444 1985 ostenderis
3468 1930 3612 1985 intus
3640 1930 3887 1985 habebis.
3920 1928 3959 1983 F
3965 1928 4109 1984 idem

2518 2034 2700 2079 autent
2747 2038 2909 2092 quam
2972 2023 3027 2075 in
3076 2022 3182 2076 tuis
3227 2020 3469 2090 epistolis
3512 2021 3750 2075 breviter
3788 2020 4109 2089 ascripsisti,

2519 2112 2647 2167 licet
2692 2112 2851 2165 latins
2884 2109 3178 2179 explanare
3204 2109 3488 2171 debueras,
3529 2107 3878 2179 Redemptori
3930 2118 4110 2164 tamen

2519 2213 2707 2258 nostro
2733 2203 2936 2272 gratias
2979 2201 3189 2270 agimus
3236 2198 3379 2269 quod
3405 2214 3525 2254 eam
3553 2200 3606 2254 in
3654 2200 3767 2269 ipsa
3796 2200 3960 2255 etiam
3987 2200 4112 2255 bre-

2518 2298 2687 2351 vitate
2727 2304 2929 2351 certam
2978 2308 3099 2349 esse
3146 2294 3542 2363 cognoscimus.
3606 2293 3805 2348 Sancta
3873 2294 4112 2349 Trinitas

2518 2389 2915 2445 fraternitatem
2950 2395 3094 2441 luant
3135 2388 3308 2457 gratia
3346 2403 3457 2441 suae
3498 2387 3875 2457 protectionis.
3915 2425 3933 2443 .
3974 2428 3988 2441 .
4033 2430 4047 2442 .
4093 2428 4107 2443 .

2521 2490 2682 2551 atque
2711 2482 2783 2535 ita
2826 2480 3047 2534 honoris
3092 2481 3174 2533 sui
3203 2481 3288 2533 via
3338 2494 3437 2533 nos
3477 2480 3698 2550 dirigat,
3729 2488 3791 2533 ut
3819 2491 3941 2549 post
3986 2481 4114 2538 vitae

2522 2575 2681 2643 hujus
2732 2574 3146 2636 amaritudines,
3192 2572 3256 2625 ad
3305 2580 3565 2626 aeternam
3620 2570 3779 2626 simul
3829 2574 4113 2642 pervenire

2521 2666 2859 2720 dulcedinem
2891 2679 3217 2718 mereamur.
3246 2663 3441 2717 Amen.

2594 2756 2864 2825 Scriptum
2914 2771 3011 2825 per
3056 2768 3275 2807 manum
3332 2752 3529 2808 Leonis
3602 2754 3798 2808 notarii
3870 2758 4115 2827 regiona-

2521 2846 2588 2900 rii
2614 2846 2671 2899 S.
2701 2845 2767 2898 R.
2805 2845 2867 2898 Ε.
2907 2846 2959 2898 in
2995 2842 3309 2897 Decembris
3337 2856 3545 2907 mense,
3579 2844 3874 2900 indictione
3906 2848 4113 2903 duode-

2523 2938 2679 2992 cima.

2598 3030 2793 3084 Datum
2845 3044 2943 3082 vni
2995 3028 3116 3081 ldus
3165 3026 3480 3082 Decembris
3508 3040 3606 3096 per
3648 3043 3840 3084 manus
3884 3028 4110 3087 Joannis

819 3128 1009 3169 severa
1066 3115 1337 3173 districtio
1357 3157 1369 3181 ,
1405 3132 1572 3171 unum
1601 3118 1744 3187 quod
1774 3128 1920 3173 recte
1949 3119 2191 3175 viventes
2218 3120 2415 3183 foveat,
2445 3112 2491 3175 C
2522 3122 2760 3193 episcopi
2796 3130 2851 3175 et
2872 3120 3265 3175 hibliothecarii
3306 3118 3367 3173 S.
3399 3119 3557 3174 Sedis
3586 3120 3913 3190 apostolica),
3944 3138 4111 3189 anno,

819 3206 1049 3261 alterum
1100 3209 1242 3277 quod
1277 3209 1547 3278 inquietos
1599 3225 1628 3263 a
1664 3212 1929 3279 pravitate
1957 3220 2289 3282 compescat.
2336 3252 2348 3265 .
2396 3252 2409 3265 .

824 3336 838 3351 .
886 3337 898 3351 .
942 3338 956 3352 .
999 3339 1012 3352 .
1054 3315 1260 3355 amore.
1310 3300 1415 3356 Sed
1462 3304 1717 3372 quoniam
1766 3318 2004 3374 persaepe
2056 3304 2204 3358 zelus
2253 3321 2415 3374 super

819 3402 1172 3461 peccatores,
1224 3395 1349 3448 dum
1395 3394 1509 3449 vult
1560 3396 1753 3450 vindex
1812 3397 2137 3452 indiscretus
2183 3398 2418 3452 existere

820 3484 1020 3538 transit
1043 3484 1093 3537 in
1127 3484 1505 3540 crudelitatem
1537 3488 1812 3557 correptio
1840 3528 1852 3552 ,
1887 3488 2023 3542 iram
2054 3487 2175 3543 ideo
2211 3488 2416 3559 judicio

893 3594 968 3665 (l)
1014 3594 1092 3649 Ex
1136 3594 1249 3662 jam
1299 3596 1508 3651 recitati
1562 3597 1870 3666 diplomatis
1904 3596 2132 3651 lectione
2181 3596 2414 3654 observo

819 3680 886 3720 eo
937 3666 1166 3728 swenlo,
1221 3668 1363 3735 quod
1419 3668 1660 3721 onmium
1709 3684 1976 3723 consensu
2022 3668 2153 3722 rude
2208 3668 2409 3723 barba-

819 3752 1052 3808 rumque
1097 3735 1231 3799 fuit,
1275 3746 1383 3790 tam
1430 3739 1673 3806 apposite
1726 3738 2173 3807 concinnatisque
2232 3740 2413 3808 perio-

819 3806 905 3861 dis
932 3822 995 3859 ac
1018 3808 1305 3861 sententiis
1342 3808 1443 3862 hoc
1468 3809 1633 3862 fuisse
1668 3810 1929 3878 scriptum
1965 3806 2411 3878 dipldmafqnod

819 3878 1065 3932 evenisse
1113 3888 1243 3946 puto
1274 3879 1396 3946 quia
1452 3878 1518 3932 ab
1569 3878 1799 3947 ipsomet
1850 3880 2101 3948 pontifice
2141 3882 2212 3933 sit
2258 3881 2414 3934 dicti-

820 3956 1025 4012 tatum;
1071 3948 1396 4018 pastoralem
1427 3949 1630 4003 ctenim
1682 3949 1859 4018 potius
1891 3949 2097 4005 redolet
2126 3950 2410 4019 epistolam

2521 3216 2749 3271 Domino
2770 3214 3023 3285 propitio,
3047 3211 3395 3283 pontificatus
3416 3212 3477 3266 D.
3500 3209 3726 3269 Joannis
3746 3222 3899 3282 pont.
3913 3223 3969 3269 et
3988 3218 4115 3269 uni-

2520 3306 2749 3363 versalis
2781 3304 2896 3359 XIV
2924 3319 3094 3374 papae,
3125 3303 3178 3358 in
3214 3301 3585 3357 sacratissima
3619 3302 3749 3359 sede
3786 3303 3931 3359 beati
3960 3302 4112 3360 Petri

2523 3400 2774 3473 apostoli,
2800 3400 2973 3469 primo
3001 3399 3100 3469 (1).

2521 3616 2683 3673 quam
2717 3596 3055 3673 pontiﬁcium
3086 3594 3352 3673 diploma;
3384 3593 3674 3673 barcenim
3708 3591 4002 3673 (ut-videre
4023 3602 4114 3649 est

2522 3663 2575 3731 in
2595 3674 2706 3742 jam
2721 3663 2999 3742 recitatis)
3026 3682 3093 3721 ex
3111 3663 3440 3742 formulario
3478 3664 3674 3742 aliquo
3688 3663 4112 3742 traducebantur

2521 3734 2646 3800 cuin
2680 3741 2793 3795 fere
2822 3734 3063 3795 omnium
3109 3738 3358 3806 idemque
3399 3736 3470 3790 sit
3506 3734 3776 3805 galeatum
3803 3734 4107 3799 exordium,

2521 3813 2664 3886 quod
2714 3826 2882 3881 usque
2944 3810 3010 3864 ad
3057 3807 3252 3863 Leonis
3297 3806 3367 3862 1X
3416 3816 3658 3877 tempora
3699 3812 3973 3861 servatum
4023 3818 4110 3859 re-

2520 3885 2693 3958 peric.

847 4111 4107 4175 ﬂ

2054 4290 2222 4333 ANNO
2268 4289 2501 4333 DOMINI
2546 4286 2823 4332 DCCCCLX
2833 4286 3007 4330 XXIV.

1528 4446 3418 4663 THEODEBICUS

2082 4783 2295 4828 METEN
2306 4784 2393 4827 SlS
2438 4777 2774 4825 EPISCOPUS
2784 4807 2799 4825 ο

1232 5057 1741 5153 NOTITIA
1812 5059 2464 5153 HISTORICA
2538 5058 2663 5148 IN
2737 5056 2998 5147 THEl

1911 5059 2464 5153 ISTORICA
2538 5058 2663 5148 IN
2737 5053 3662 5148 THEODERICUM.

2087 5262 2250 5335 (Gali.
2290 5260 2492 5317 Christ.
2526 5268 2653 5315 tom.
2699 5259 2861 5331 xw.)
