4472 5522
874 466 979 523 563

1148 580 1216 635 Et
1242 581 1331 637 hic
1359 592 1505 648 erat,
1538 582 1627 638 hic
1657 584 1857 638 multus
1886 594 1942 638 et
1971 584 2224 645 intimus.

1069 671 1149 727 Ad
1180 687 1241 729 os
1261 713 1275 739 ,
1307 672 1372 728 ad
1404 689 1593 741 aures,
1625 688 1718 728 cor
1746 689 1960 745 quoque
1988 672 2232 728 Caesaris.

1067 762 1172 817 Per
1200 764 1345 819 hunc
1373 764 1620 834 placebat
1655 765 1744 835 qui
1779 763 2021 834 placebat
2053 780 2065 816 :

1069 852 1181 909 Hoc
1209 854 1327 909 sine
1356 854 1442 908 vix
1477 854 1674 924 aliquis
1704 854 1939 909 valebat.

1136 945 1248 1000 Hae
1278 946 1687 1017 praeminentem
1722 946 2120 1017 magniﬁcentia

1061 1037 1263 1093 Omnes
1295 1039 1563 1094 honorant
1594 1038 2000 1104 muniﬁcentia,

1065 1127 1214 1184 Facti
1248 1144 1344 1200 per
1375 1129 1523 1184 illum
1554 1130 1815 1201 gratiosi,

1066 1220 1135 1276 Ut
1165 1237 1260 1277 sua
1292 1230 1414 1277 vota
1446 1231 1651 1292 queant
1684 1222 1899 1278 mereri.

1137 1312 1237 1380 Qui
1270 1328 1377 1367 non
1409 1328 1574 1369 avare
1603 1313 1699 1369 sed
1731 1313 1957 1383 cupidus
1985 1314 2073 1383 pie

1063 1402 1174 1457 Hoc
1205 1404 1457 1474 exigebat
1486 1404 1628 1473 quod
1668 1403 1808 1459 foret
1834 1403 1998 1469 utile,

1904 470 2315 528 'IHEODORICI
2356 471 2695 528 METENSIS
2734 472 3041 530 EPISCOPI

2470 592 2518 648 A

4021 478 4126 534 56's

2759 585 3001 655 Notaque
3033 586 3201 657 culpa:
3234 588 3373 658 quod
3406 599 3616 644 careret

2751 677 2901 743 Quod
2936 678 3037 732 sibi
3068 693 3219 747 spem
3252 679 3419 733 venia:
3450 691 3687 750 pararet.

2818 766 2951 822 Nam
2986 776 3161 822 vestra
3195 769 3366 823 sancti
3400 782 3629 839 corpora
3662 778 3965 839 martyres,

2755 858 3041 925 Quaerebat
3072 858 3231 927 hujus
3260 867 3446 914 sancta
3480 858 3578 913 viri
3612 860 3742 914 ﬁdes
3762 900 3776 924 ,

2749 949 3031 1004 Translata
3061 950 3423 1020 qualicunque
3454 966 3583 1005 cura
3608 992 3621 1014 ,

2750 1039 2821 1094 Ut
2854 1049 3166 1095 reverenter
3197 1042 3421 1096 haberet
3452 1041 3564 1098 illa.

2817 1131 3097 1187 Gaudebat
3127 1133 3228 1189 hoc
3257 1136 3385 1188 urbs
3419 1133 3573 1189 Metis
3598 1135 3857 1207 episcopo
3880 1177 3894 1200 ,

2748 1221 2944 1277 Fidens
2976 1224 3028 1275 in
3059 1223 3176 1293 ejus
3202 1224 3451 1293 praesidio
3482 1224 3673 1294 duplo,

2756 1314 2971 1369 Pollens
3000 1330 3097 1385 per
3126 1316 3243 1386 ejus
3273 1318 3616 1372 sanctitatem

2752 1405 2994 1477 Tutaque
3022 1423 3117 1477 per
3144 1410 3581 1479 generositatem.

1541 1745 2295 1834 EPITAPHIUM
2374 1744 2894 1835 EVRARDI
2977 1747 3471 1838 COMITIS

2057 1935 2386 1992 AUCTORE
2423 1936 2889 1994 TIIEODERICO.

1631 2092 1727 2163 (Ex
1771 2090 2053 2161 Sigeherto
2093 2090 2147 2143 in
2194 2090 2311 2143 Vita
2354 2089 2557 2145 Theod.
2599 2092 2737 2159 apud
2781 2091 2939 2145 Pcrtz
2983 2094 3071 2145 ubi
3102 2051 3322 2162 supra.)

911 2374 1066 2427 Anno
1097 2371 1391 2426 Dominicm
1423 2367 1812 2424 incarnationis
1838 2368 1943 2425 978
1970 2368 2427 2427 Deodericushu—
2460 2370 2500 2429 Β
2604 2368 2715 2424 Hac
2745 2372 2931 2440 requie
2962 2371 3148 2439 hctus,
3180 2374 3420 2445 lucisque
3448 2376 3714 2435 levamine
3740 2380 3942 2446 fretus,

842 2464 989 2521 milis
1019 2463 1247 2537 pra-sul,
1283 2461 1351 2517 ab
1379 2461 1509 2532 ipsis
1537 2461 1824 2532 parietinis
1853 2459 2012 2530 hujus
2039 2460 2140 2515 loci
2173 2470 2421 2515 constru-

842 2566 979 2621 ctor,
1012 2556 1100 2626 pio
1140 2554 1318 2609 studio
1358 2552 1693 2607 Everardum
1726 2550 2042 2607 fratruelcm
2079 2551 2212 2615 sibi,
2246 2552 2424 2621 quoad

841 2650 1028 2705 vivere
1065 2649 1250 2704 datum
1291 2657 1376 2703 est
1413 2649 1632 2703 unicum
1678 2662 1950 2713 amorem,
1992 2648 2310 2702 orthodoxis
2341 2660 2426 2700 re-

838 2741 1016 2810 giique
1048 2738 1328 2808 sanguinis
1364 2738 1680 2807 parentibus
1712 2737 1958 2801 clarum,
1994 2737 2243 2806 ipsosque
2273 2748 2427 2804 egre-

838 2832 921 2901 gia
956 2829 1133 2885 indole
1162 2829 1382 2899 puerilis
1416 2828 1601 2899 gratim
1631 2828 2096 2897 repromitteutem
2118 2868 2133 2892 ,
2164 2840 2227 2880 ac
2255 2834 2426 2880 semet

837 2922 982 2991 genti
1014 2920 1310 2991 patrimque
1338 2934 1448 2975 sua:
1478 2920 1533 2973 in
1563 2934 1713 2989 spem
1749 2918 2041 2973 maximam
2069 2918 2134 2972 ab
2166 2917 2296 2985 ipsis
2325 2931 2421 2970 cu-

839 3014 923 3068 uis
959 3013 1101 3068 dulci
1140 3012 1336 3067 alfectu
1372 3012 1695 3079 educatum,
1732 3011 2019 3064 immatura
2057 3008 2196 3064 falce
2231 3008 2423 3063 mortis

836 3102 1054 3156 vixdum
1093 3102 1388 3156 decennem
1423 3100 1694 3156 absz-isum
1726 3140 1741 3163 ,
1776 3098 1919 3154 luctu
1956 3098 2130 3168 plebis
2166 3106 2408 3168 patrum-

833 3207 939 3260 que
996 3191 1286 3245 inunodico
1340 3190 1567 3245 charum
1629 3188 1823 3259 pignus
1859 3188 1996 3242 silici
2035 3188 2134 3241 sub
2188 3187 2421 3241 humana

831 3290 977 3334 sorte
1009 3294 1059 3333 tv
1092 3279 1228 3334 Non.
1263 3278 1603 3348 Septembris
1635 3277 1934 3332 mandavit.

1384 3416 1410 3469 Ι
1418 3426 1519 3471 tem
1559 3414 1895 3485 epitaphium.

905 3530 1018 3585 Non
1046 3539 1131 3584 est
1158 3529 1457 3599 dampnosa
1488 3543 1635 3584 mors
1656 3526 1791 3596 justi
1812 3568 1826 3594 ,
1860 3536 1941 3582 set
1972 3529 2215 3599 preciosa
2235 3568 2248 3591 ,

970 3621 1113 3675 Ante
1143 3619 1238 3674 Dei
1267 3618 1459 3675 faciem
1491 3634 1706 3689 semper
1736 3616 1982 3673 habendo
2010 3618 2170 3672 diem.

900 3710 1016 3781 Ipse
1043 3710 1157 3766 dies
1183 3710 1375 3781 plenus
1393 3751 1408 3777 ,
1439 3709 1638 3765 lucenti
1667 3709 1778 3764 sole
1806 3723 2059 3773 serenus,

979 3804 1075 3858 Est
1103 3804 1220 3860 sine
1248 3812 1411 3858 nocte
1440 3803 1557 3858 dies
1586 3811 1638 3857 et
1670 3802 1786 3856 sine
1818 3800 1923 3856 ﬁne
1949 3801 2123 3870 quies.

2670 2461 2950 2517 Evrardus
2979 2475 3230 2532 maneat,
3264 2483 3490 2523 cernere
3518 2486 3626 2540 quo
3657 2472 3832 2527 valeat

2601 2551 2803 2624 Regem
2834 2567 3182 2626 regnantem,
3218 2571 3537 2631 regnantum
3573 2578 3732 2632 regna
3767 2577 4072 2633 regentem,

2673 2647 2949 2703 Christum
2968 2690 2982 2715 ,
3012 2664 3173 2719 quem
3204 2651 3397 2720 coluit,
3426 2653 3608 2709 vivere
3633 2656 3758 2710 dum
3785 2658 3977 2726 potuit.

2599 2738 2647 2791 Is
2676 2752 2809 2806 puer
2834 2738 3063 2809 insignis
3090 2741 3357 2795 viventem
3385 2741 3516 2797 ﬁore
3542 2744 3800 2800 decennis

2671 2825 2883 2882 Ornans
2914 2829 3186 2883 mundieia
3213 2844 3439 2899 quaeque
3465 2832 3545 2885 sui
3577 2832 3789 2898 studia,

2599 2916 2839 2971 Transiit
2865 2932 2895 2972 e
2922 2918 3123 2973 mundo
3154 2918 3493 2989 Septembris
3527 2922 3640 2977 sole
3667 2926 3922 2980 secundo.

2678 3008 2872 3065 Lector
2901 3011 2988 3065 dic
3019 3012 3235 3066 tandem
3261 3030 3274 3066 :
3306 3012 3449 3069 Pace
3475 3015 3759 3083 quiescat!
3796 3032 3973 3073 amen.

2670 3141 2805 3197 Item
2836 3145 3158 3215 epitaphium
3188 3145 3422 3214 ejusdem
3457 3148 3658 3201 comitis
3692 3147 3966 3203 Everardi.

2608 3276 2891 3331 Clauditur
2920 3278 3022 3332 hac
3053 3277 3233 3332 tumba
3262 3277 3468 3347 pridem
3496 3279 3611 3334 sine
3642 3277 3763 3334 felle
3790 3279 4036 3335 columba
4055 3319 4068 3341 .

2666 3370 2847 3424 infans
2875 3368 3177 3436 Evrardus,
3210 3370 3405 3425 nobilis
3435 3378 3595 3439 atque
3625 3371 3777 3440 pius,

2596 3459 2868 3530 Sanguine
2898 3459 3166 3530 magniﬁci
3200 3473 3496 3529 generosus
3526 3460 3805 3514 Dcoderici

2666 3548 2921 3604 Praesulis
2943 3589 2956 3612 ,
2991 3562 3057 3603 cx
3086 3548 3240 3617 cujus
3270 3548 3439 3604 fratre
3469 3548 3566 3604 fuit
3598 3550 3831 3620 genitus.

2594 3643 2839 3697 Crastina
2869 3640 3206 3712 Septembris
3233 3639 3319 3695 lux
3351 3640 3436 3696 his
3452 3640 3560 3695 fuit
3585 3640 3770 3694 ultima
3801 3642 4079 3695 membris.

2668 3734 2883 3789 Christe
2915 3742 3058 3787 tuam
3092 3730 3333 3801 requiem
3362 3731 3429 3785 da
3459 3731 3560 3786 sibi
3592 3739 3750 3801 teque
3779 3731 3918 3786 diem
3948 3732 3961 3784 ε

1634 4164 2337 4286 INVENTIO
2427 4161 3294 4276 SANCTORUM

832 4403 881 4463 Α
914 4400 1137 4461 domno
1175 4394 1551 4458 Throderico
1589 4393 1880 4472 episcopo
1915 4389 2175 4449 Metenst'
2211 4394 2603 4466 repertarum
2629 4394 2811 4463 atque
2846 4382 2927 4442 ad
2948 4383 3258 4442 civitatem
3280 4382 3607 4443 Metemem
3624 4383 4077 4444 translatorum

1766 4551 1940 4621 (Apud
1977 4550 2269 4604 Achcrium
2311 4546 2496 4616 Spicil.
2540 4554 2643 4598 vet.
2689 4544 2818 4599 edit.
2864 4554 2991 4598 tom.
3032 4542 3145 4613 iV.)

889 4842 1046 4894 Anno
1094 4830 1487 4889 lucarnationis
1530 4829 1823 4884 Dominicm
1854 4828 1959 4883 870
1985 4843 2181 4899 magno
2210 4826 2410 4898 et'glo-
2439 4828 2487 4888 D
2520 4828 2767 4893 Palatina
2796 4827 3094 4895 agebantur
3124 4832 3335 4898 negotia
3373 4849 3385 4881 :
3422 4832 3475 4885 in
3508 4832 3699 4887 eadem
3726 4832 3907 4891 Italica
3938 4851 4103 4908 expe-

818 4927 1122 4985 riosissimo
1166 4922 1384 4979 Cmsare
1412 4920 1660 4990 Augusto
1692 4917 1912 4985 Ottone,
1957 4934 2080 4973 cum
2130 4921 2405 4991 seqnivoco

820 5037 918 5076 suo
959 5016 1297 5075 admirabilis
1345 5013 1540 5069 indolis
1570 5012 1915 5068 adolescente
1966 5010 2074 5067 ﬁlio
2117 5025 2270 5080 mque
2296 5012 2405 5066 Au-

818 5122 996 5185 gusto,
1023 5108 1292 5179 simulque
1344 5119 1662 5177 magnarum
1706 5105 1967 5158 virtutum
2011 5102 2241 5173 conjuge
2267 5102 2407 5157 Ade-

818 5202 1022 5266 lheide,
1051 5214 1154 5269 qua
1186 5196 1320 5251 nihil
1364 5209 1600 5265 unquam
1635 5194 1852 5263 justius,
1883 5191 2243 5254 mansuetius,
2275 5206 2403 5260 pru-

817 5291 1053 5355 dentius,
1087 5304 1186 5345 nec
1231 5286 1405 5357 magis
1429 5286 1577 5356 pium
1608 5285 1904 5355 quidquam
1933 5282 2109 5353 potuit
2140 5297 2278 5345 esse,
2304 5280 2408 5334 lta-

818 5385 907 5420 Ιίω
959 5391 1171 5420 cnnnlro
1212 5380 1304 5420 nin
1358 5377 1612 5420 inermum
1662 5375 2036 5420 mmini-nmine.
2078 5373 2304 5420 naeiﬁm
2345 5388 2406 5420 ac

2516 4920 2720 4976 ditionc
2751 4918 3097 4982 constitutus,
3131 4920 3183 4972 in
3220 4936 3324 4989 qua
3355 4921 3643 4976 triennium
3674 4922 3787 4980 fere
3819 4925 4098 4990 militarit;

2517 5011 2642 5063 dum
2690 5009 2871 5062 divino
2896 5009 3164 5079 przecipue
3201 5012 3347 5065 cultu
3374 5013 3604 5077 deditus,
3640 5029 3867 5084 quaeque
3912 5018 3977 5071 ad
4002 5019 4101 5071 ho-

2515 5117 2701 5156 norem
2753 5101 3112 5170 decoremque
3168 5116 3261 5156 seu
3314 5105 3707 5159 munimentum
3751 5122 3862 5163 sua:
3898 5119 4101 5165 sancta:

2514 5193 2678 5254 sedis,
2715 5191 2964 5245 certatim
3007 5191 3338 5260 exquireret,
3380 5204 3435 5248 et
3483 5193 3771 5251 efﬁcaciter
3800 5200 3941 5254 votis
3980 5199 4099 5267 ejus

2517 5292 2707 5337 cuncta
2732 5291 3077 5353 suppetereut
3098 5324 3111 5347 ,
3150 5298 3433 5353 corporum
3461 5295 3775 5341 sanctorum
3799 5290 4093 5344 maximam

2516 5377 2726 5420 enniam
2764 5390 2827 5420 ex
2889 5375 3121 5420 diversis
3171 5374 3334 5420 Italian
3382 5374 3531 5420 Ineie.
3596 5377 3775 5420 divina
3818 5393 3876 5420 cn
3924 5382 4092 5420 (tralia
