4472 5522
396 384 500 441 εδδ

1392 366 1477 419 LE
1514 360 1925 417 ΙΝΥΕΝΤΙΟΧΕ
1964 356 2382 413 SANCTOHL'}!
2408 399 2419 421 ,
2463 356 2609 409 [ΤΕ.

3542 354 3645 409 365

397 490 764 547 confessorem
793 486 1053 542 Etrtotou
1086 498 1146 538 ex
1178 482 1475 535 Marsorum
1520 476 1791 547 provincia
1834 490 1971 527 sum-
2003 480 2043 535 Α
2081 472 2220 524 vium
2262 468 2520 529 Tiberim,
2568 468 2655 536 qui
2688 467 2754 517 ibi
2812 466 3061 519 mediocri
3092 481 3151 517 va
3176 466 3223 517 ὀ
3253 465 3643 533 praeterﬂuens,

401 584 527 651 psit,
554 581 883 635 concedente
906 576 1147 635 Albrico,
1179 573 1347 640 ipsius
1376 570 1579 622 Marsi-at
1606 567 1877 634 episcopo,
1906 579 1971 615 ex

401 675 631 742 quadam
662 670 889 723 ecclesia
930 666 1041 720 sedi
1091 662 1378 732 episcopali
1415 660 1658 728 proxima
1694 672 1705 707 :
1738 671 1856 723 qua:
1890 669 1971 705 se-

400 765 499 819 des
539 777 699 832 super
732 762 905 813 laeum
967 757 1227 809 Fucinum
1274 752 1398 811 sita,
1452 749 1580 817 quid
1617 747 1742 801 olitn
1793 746 1972 806 fuetil,

402 856 572 907 ruime
609 853 761 905 urbis
813 860 868 904 et
917 848 1271 917 plurimarum
1320 844 1463 895 circa
1508 839 1858 894 ecclesiarum
1913 850 1975 887 ac

400 944 854 997 monasteriorum
909 936 1208 1005 frequentia
1237 940 1544 985 attestatur.
1608 928 1759 982 lluuc
1827 928 1978 979 nobis

403 1033 517 1101 ipse
564 1032 848 1099 cpiscopus
894 1027 1181 1093 casterique
1227 1022 1415 1075 incola:
1451 1017 1773 1078 retulerunt,
1814 1015 1977 1068 fuisse

401 1138 467 1174 ex
493 1122 720 1190 collegio
748 1117 1107 1188 quorumdam
1144 1128 1424 1167 servorum
1459 1111 1571 1170 Dei,
1608 1108 1696 1177 qui
1737 1116 1978 1173 tempore

400 1213 707 1281 antiquiore
738 1228 803 1265 ex
832 1208 1075 1277 partibus
1100 1205 1342 1267 Grrecim,
1374 1216 1598 1254 numero
1631 1199 1974 1267 septuaginta

404 1307 457 1357 in
488 1304 730 1357 eamdem
784 1301 1081 1353 Marsorum
1131 1295 1464 1364 provinciam
1513 1292 1885 1351 adventantes,
1918 1304 1979 1343 ac

400 1392 629 1445 diversis
655 1391 1076 1455 circumquaque
1108 1385 1244 1437 locis
1281 1382 1362 1435 vel
1385 1380 1692 1433 civitatibus
1716 1379 1979 1431 universis

402 1482 728 1535 mirabilium
777 1480 1055 1548 signorum
1103 1474 1300 1527 lumine
1332 1471 1619 1540 fulgentes,
1672 1471 1980 1537 ubicunque

402 1576 456 1625 in
492 1582 679 1625 sancta
718 1568 1131 1622 conversatione
1178 1564 1299 1617 filiis
1333 1564 1453 1615 vitae
1492 1563 1785 1614 advenerat
1814 1576 1978 1613 vene-

402 1662 557 1714 rabili
615 1660 887 1728 sepultura
940 1655 1222 1716 reconditi,
1281 1652 1443 1703 multa
1489 1650 1789 1703 vicinorum
1830 1650 1982 1718 longe

402 1753 618 1821 lateque
641 1751 966 1811 reverentia,
996 1763 1094 1816 pro
1118 1746 1334 1799 aSsidua
1378 1744 1756 1797 miraculorum
1786 1742 1981 1809 jucun-

398 1843 574 1895 ditate
624 1842 893 1895 coluntur.
954 1838 1154 1890 Horum
1213 1844 1342 1897 tres,
1393 1849 1622 1901 quorum
1652 1834 1737 1886 hic
1793 1833 1982 1885 tertius

400 1930 522 1991 fuit,
581 1932 632 1983 in
675 1931 861 1983 eodem
903 1925 1215 1981 cazmeterio
1251 1923 1619 1992 quiescebant,
1655 1922 1985 1974 CALIJSTlu-

403 2036 529 2081 vos,
560 2020 886 2079 Eurvcutus,
927 2027 979 2069 et
1026 2016 1112 2069 hic
1140 2015 1409 2067 Ecetotos.
1453 2013 1622 2065 Porro
1665 2011 1983 2080 Etttycltium

400 2109 701 2177 imperator
728 2105 1042 2165 sustulerat,
1074 2112 1127 2155 et
1163 2117 1230 2155 ne
1253 2117 1356 2169 qua
1383 2102 1433 2152 in
1459 2100 1773 2167 accipiendo
1802 2108 1987 2165 ροεερι

402 2198 650 2251 adhiberi
684 2196 917 2256 fallacia,
959 2192 1205 2262 sepulcro
1237 2192 1460 2250 intacto,
1490 2190 1726 2256 satisque
1758 2190 1982 2249 munito,

401 2304 504 2343 nec
558 2305 587 2340 a
643 2288 729 2341 die
772 2285 1112 2354 repositionis
1148 2283 1252 2335 ttlla
1300 2280 1611 2333 violationis
1651 2280 1801 2347 signa
1835 2294 1984 2332 tuon-

405 2384 638 2437 strante,
683 2375 995 2442 priusquam
1030 2372 1097 2424 ab
1126 2369 1305 2437 aliquo
1341 2367 1686 2421 incolentium
1712 2368 1990 2435 prmsrire-

402 2475 517 2530 tur,
546 2464 801 2532 episcopo
826 2472 1036 2515 tantum
1062 2460 1301 2523 Albrico,
1334 2468 1389 2512 et
1417 2458 1603 2525 paucis
1631 2459 1751 2527 ejus
1775 2458 1986 2512 clericis

406 2553 813 2614 assistentibus,
852 2552 1138 2620 presbyter
1164 2559 1348 2603 noster
1375 2547 1579 2612 Teudo,
1610 2563 1737 2602 eum
1770 2549 1991 2619 presby-

407 2653 530 2697 tero
557 2643 897 2712 imperatoris
920 2640 1256 2703 llerivvardo,
1288 2654 1469 2692 arcam
1498 2640 1692 2701 sancti,
1719 2640 1861 2707 quod
1887 2640 1987 2692 nisi

406 2732 568 2786 altari
606 2734 840 2800 desuper
872 2730 1099 2783 eﬂracto
1128 2730 1508 2797 nequiverant,
1554 2730 1836 2796 aperiunt;
1865 2730 1991 2797 ipsi-

406 2838 517 2892 que
538 2839 632 2893 per
654 2837 809 2876 saera
838 2836 963 2875 ossa
989 2820 1112 2873 miri
1139 2819 1411 2881 candoris,
1438 2832 1535 2870 nec
1558 2818 1737 2871 minus
1759 2816 1991 2888 ﬂagran-

408 2916 482 2970 tis
534 2915 737 2979 odoris,
785 2913 965 2967 omnia
1006 2926 1232 2965 numero
1290 2926 1352 2964 ac
1398 2910 1700 2979 quantitate
1757 2910 1987 2978 integra,

409 3006 712 3074 excipiunt,
753 3004 1066 3071 scrinioque
1122 3001 1443 3055 recondunt.
1492 2998 1683 3067 (Hujus
1722 2999 1863 3052 diem
1901 3013 1987 3051 xu

410 3096 773 3153 Kalendarum
821 3095 1139 3150 Octobrium
1170 3093 1440 3147 celebrem
1473 3090 1775 3159 habemus.)

562 3188 635 3242 De
672 3189 867 3241 sanctis
903 3186 1188 3255 Eutycltio,
1229 3183 1497 3236 Victorino
1524 3192 1569 3234 et
1607 3180 1848 3233 Marone.

486 3278 725 3333 Veniens
749 3278 990 3347 proxime
1022 3276 1219 3329 abhinc
1250 3276 1303 3328 in
1333 3272 1669 3327 territorium
1699 3271 1991 3325 Amiterni-

413 3384 498 3422 nae
542 3368 708 3431 urbis,
747 3382 866 3435 qua:
894 3375 949 3420 et
997 3367 1111 3433 ipsa
1146 3366 1329 3418 ruinas
1363 3372 1571 3416 tantum
1626 3362 1895 3425 ostendit,
1925 3360 1993 3414 ab

412 3460 606 3513 eodem
629 3458 846 3511 Albrico
869 3457 1124 3526 episcopo
1155 3456 1221 3509 de
1247 3454 1605 3515 monasterio,
1637 3467 1748 3506 suae
1776 3452 1994 3505 ditionis

414 3550 600 3604 Reatze
646 3548 921 3615 subjecto,
961 3546 1413 3616 pretiosissimum
1461 3551 1753 3611 martyrem
1812 3540 1994 3595 Eun-

412 3658 580 3698 cntmt
608 3642 835 3710 accepit,
866 3639 1018 3706 cujus
1055 3639 1196 3692 beati
1228 3638 1359 3692 socii
1401 3634 1683 3689 Vtcroauvt
1706 3632 1817 3700 jam
1848 3647 1993 3687 anno

412 3734 696 3804 superiore
747 3732 1007 3801 reliquias
1061 3739 1290 3792 emerat,
1351 3726 1618 3793 simulque
1684 3735 1739 3779 et
1788 3734 1996 3794 partem

411 3830 590 3885 sancti
626 3828 870 3883 Mutatus
919 3827 1123 3896 pariter
1170 3823 1336 3894 passi,
1384 3837 1613 3891 quorum
1643 3829 1698 3874 et
1724 3820 1841 3875 loca
1873 3835 1997 3888 pas-

416 3920 588 3976 sionis
611 3919 949 3987 aspeximus,
982 3926 1038 3969 et
1061 3917 1204 3985 ipsas
1235 3928 1405 3982 aquas
1433 3912 1634 3967 Cotilas
1666 3910 1743 3982 [id
1772 3921 1866 3976 est,
1890 3912 1996 3966 Cu-

416 4007 610 4082 tilias],
641 4008 785 4064 {cedo
814 4008 980 4061 odore
1011 4007 1300 4076 spirantes,
1340 4005 1391 4057 in
1415 4004 1611 4074 quibus
1640 4019 1798 4058 verso
1824 4004 1999 4071 capite

417 4115 717 4169 suspensus
748 4099 923 4153 fuerat
944 4106 1169 4167 martyr.
1211 4095 1522 4149 Passioncm
1551 4096 1783 4163 denique
1811 4108 1996 4148 eorum

416 4196 623 4265 scripta
664 4195 899 4249 retinent
924 4200 1235 4246 sanctorum
1268 4188 1426 4243 Nerei
1457 4196 1509 4241 et
1547 4187 1774 4242 Achillei
1809 4202 1824 4238 :
1857 4187 1999 4240 hunc

416 4289 537 4356 ipse
566 4285 889 4342 venerabilis
935 4285 1163 4337 domnus
1200 4280 1564 4335 Theodericus
1622 4278 1817 4333 ibidem
1862 4278 2000 4332 assi-

419 4386 594 4441 stens,
619 4391 687 4430 ex
724 4376 837 4445 ipsa
874 4387 1002 4427 arca
1027 4385 1299 4425 marmore
1353 4369 1566 4423 fortiter
1604 4370 1834 4429 munita,
1862 4369 1997 4421 mira

419 4480 546 4519 cum
590 4464 952 4519 exsultatione
990 4477 1050 4516 ac
1077 4459 1426 4514 veneratione
1480 4458 1690 4527 excepit
1732 4473 1827 4511 vut
1880 4457 1995 4510 Kal.

2079 556 2161 607 sui
2199 556 2393 608 exinde
2436 569 2604 623 usque
2631 554 2695 605 ad
2730 554 2916 606 urbem
2950 553 3172 605 Romam
3207 552 3376 620 pelagi
3428 554 3652 622 profun—

2076 645 2245 697 ditate
2288 654 2533 713 augetur.
2570 643 2681 697 Hoc
2722 644 2968 711 sepulcro
2999 644 3267 710 quondam
3313 658 3474 711 opere
3502 660 3646 698 mar-

2079 752 2369 805 moreoque
2415 746 2630 800 ornatu,
2683 746 2740 787 ut
2773 736 2941 789 videri
2981 737 3227 797 dabatur,
3283 746 3647 797 cxstructum,

2079 826 2169 877 sed
2195 834 2319 878 tunc
2344 835 2608 878 venustate
2635 824 2952 892 collapsum,
2977 825 3231 893 martyris
3252 826 3450 893 egregii
3475 825 3652 879 Ascle—

2080 914 2279 981 piodoti
2328 916 2564 967 membra
2619 912 2997 967 venerabiliter
3025 914 3244 965 humata
3284 914 3530 976 tenebat;
3561 929 3652 966 cu-

2074 1004 2161 1071 jus
2193 1004 2453 1067 tumbam,
2488 1003 2607 1057 forti
2658 1004 2817 1056 nimis
2853 1018 3105 1056 saxorum
3153 1013 3207 1055 et
3247 1012 3402 1057 terrae
3461 1019 3658 1073 conge-

2082 1095 2160 1149 rie
2192 1096 2493 1158 obclusam,
2537 1097 2663 1149 dum
2699 1110 2820 1149 cum
2886 1110 3078 1164 magna
3144 1094 3355 1147 tandem
3431 1093 3657 1149 difﬁcul-

2084 1196 2193 1241 tate
2266 1186 2507 1249 Theutlo,
2560 1187 2861 1249 Bertraus,
2926 1185 3231 1238 llotbardus
3299 1195 3654 1253 penetratam,

2082 1294 2353 1333 marmore
2405 1288 2591 1332 sancto
2652 1278 2866 1346 corpori
2930 1276 3280 1345 proximiore,
3340 1278 3652 1338 nudassent,

2084 1368 2361 1421 inveniunt
2397 1377 2830 1429 monumentum,
2878 1367 2985 1421 imo
3017 1381 3184 1433 usque
3227 1364 3548 1433 profundum
3578 1367 3661 1420 di-

2085 1461 2326 1514 missum.
2390 1460 2452 1512 Et
2484 1476 2578 1528 per
2611 1460 2844 1512 medium
2878 1475 2906 1511 a
2949 1460 3123 1525 capite
3152 1472 3324 1525 usque
3377 1460 3442 1510 ad
3474 1459 3659 1527 pedes,

2085 1553 2316 1619 quodam
2352 1551 2543 1612 limite,
2578 1565 2642 1603 ex
2675 1552 2789 1616 ipso
2820 1551 3137 1602 naturaliter
3164 1565 3295 1603 saxo
3324 1552 3477 1619 quasi
3523 1552 3660 1603 divi-

2086 1659 2225 1707 sum,
2251 1643 2390 1710 quod
2442 1650 2619 1694 tamen
2656 1642 2966 1709 diligentius
2992 1642 3311 1707 inspectum,
3339 1657 3502 1694 unum
3529 1657 3662 1694 con-

2088 1735 2401 1801 tinuumque
2433 1734 2733 1785 conualuit.
2772 1730 2921 1783 Beati
2976 1746 3100 1784 vere
3139 1732 3383 1799 corporis
3422 1731 3657 1785 medium

2017 1824 2057 1883 Β
2089 1826 2237 1886 hinc,
2295 1824 2525 1875 medium
2583 1822 2770 1882 illinc,
2814 1823 3071 1875 membris
3123 1822 3442 1875 altrinsecus
3499 1838 3661 1875 ttmun

2089 1923 2275 1968 contra
2305 1912 2531 1966 alterum
2576 1912 2853 1980 appositis,
2882 1922 3108 1980 excepto
3149 1914 3323 1981 capite
3353 1914 3489 1975 solo,
3522 1915 3666 1982 quod

2087 2006 2139 2058 in
2188 2020 2347 2057 unam
2402 2005 2668 2072 integram
2724 2014 2932 2072 partem
2989 2004 3205 2071 jaeebat
3258 2005 3668 2072 diligentissime

2088 2096 2425 2151 cotlocatum.
2459 2096 2568 2149 Hoc
2596 2097 2824 2149 :ndituus
2865 2105 2919 2149 et
2947 2096 3132 2163 reliqui
3165 2097 3439 2157 dixerunt,
3468 2097 3667 2151 indicio

2088 2190 2325 2244 voluisse
2355 2190 2729 2257 antiquitatem
2774 2190 3008 2258 signare,
3034 2190 3174 2257 quod
3201 2198 3253 2243 et
3286 2190 3382 2257 ipsi
3422 2204 3548 2243 vere
3577 2205 3667 2243 as-

2090 2280 2435 2342 severabant,
2488 2279 2733 2331 eumdem
2769 2288 3060 2346 martyrem
3082 2278 3289 2332 crudeli
3319 2292 3517 2347 genere
3542 2292 3669 2345 pas-

2089 2370 2279 2432 sionis,
2307 2369 2484 2422 medio
2511 2383 2737 2435 corpore
2770 2368 2945 2420 vivmn
2994 2377 3296 2431 exsectum,
3343 2369 3501 2436 eique
3528 2377 3640 2421 atto
3672 2396 3675 2399 -

2091 2460 2295 2513 stantia:
2344 2459 2414 2510 ita
2468 2458 2519 2511 in
2579 2467 2927 2510 monumento
2974 2458 3193 2511 dividuo
3229 2458 3480 2525 positum.
3517 2457 3670 2510 lluno

2090 2548 2295 2616 pariter
2340 2548 2517 2617 digno,
2579 2560 2760 2617 utpar
2810 2547 3006 2611 fuerat,
3038 2550 3240 2601 honore
3279 2549 3543 2603 sublatum
3594 2566 3670 2604 vti

2094 2638 2209 2691 Kal.
2262 2638 2511 2693 Octobris
2566 2637 2889 2691 venerabilis
2937 2636 3172 2706 pontifex
3230 2640 3486 2706 suscepit.
3520 2639 3668 2692 Diem

2096 2728 2286 2781 natalis
2312 2727 2426 2794 ejus
2453 2729 2519 2779 ab
2556 2727 2745 2781 incolis
2775 2743 2826 2781 ιχ
2863 2726 2981 2779 Kal.
3013 2727 3331 2781 Novembris
3362 2729 3670 2782 didicimus.

2095 2820 2225 2873 Nam
2271 2828 2418 2887 gesta
2463 2816 2578 2885 ejus
2626 2820 2846 2872 minime
2898 2819 2963 2872 ab
3017 2819 3268 2886 episcopo
3299 2820 3365 2872 de
3410 2818 3571 2883 Cisa,
3608 2822 3672 2871 ad

2095 2924 2253 2979 quem
2288 2909 2437 2962 locus
2462 2911 2786 2978 pertinebat,
2813 2909 3084 2977 quivimus
3116 2922 3456 2979 extorquere.

2167 3000 2244 3053 De
2268 3010 2454 3053 sancta
2487 3000 2681 3054 Serena
2715 3011 2761 3054 et
2804 3010 2988 3054 sancto
3028 3001 3285 3072 Gregorio
3310 3004 3600 3073 Spoletina.

2169 3091 2518 3145 Sanctissima
2551 3091 2701 3160 virgo
2738 3091 2949 3145 Sensus
2982 3094 3120 3162 apud
3159 3091 3436 3161 Spoletum
3467 3097 3517 3148 in
3562 3112 3674 3151 mo-

2020 3165 2065 3226 (ἶ
2100 3184 2335 3238 nasterio
2382 3183 2553 3236 sancti
2606 3184 2861 3252 martyris
2890 3182 3097 3247 Saviui,
3124 3184 3255 3240 foris
3290 3202 3471 3242 muros
3501 3190 3673 3257 urbis,

2098 3276 2186 3330 ubi
2215 3284 2268 3330 et
2292 3274 2534 3344 pluribus
2576 3274 2852 3329 miraculis
2879 3278 3224 3341 coruscabat,
3262 3279 3562 3346 quieverat.
3595 3282 3677 3337 Ad

2096 3381 2257 3435 quam
2320 3381 2454 3435 pene
2496 3365 2735 3433 quotidie
2780 3381 3006 3435 magnus
3047 3368 3364 3435 populorum
3425 3372 3675 3429 veniebat

2095 3472 2413 3519 concursus,
2470 3457 2542 3510 ita
2599 3465 2656 3509 ut
2706 3466 2892 3511 noctes
2936 3473 3149 3527 quoque
3177 3460 3463 3530 pervigiles
3504 3464 3677 3519 turbat

2097 3568 2219 3606 cum
2266 3551 2501 3605 lucernis
2542 3551 2859 3619 exterisque
2908 3552 3149 3606 donariis
3204 3553 3274 3606 ibi
3330 3564 3675 3623 peragerent.

2098 3642 2248 3697 Hanc
2289 3657 2503 3712 quoque
2552 3657 2673 3696 cum
2730 3643 2955 3712 integris
3002 3653 3113 3697 toto
3152 3660 3379 3713 corpore
3434 3648 3671 3709 ossibus,

2099 3735 2264 3789 misso
2292 3735 2417 3790 illuc
2438 3734 2718 3790 Rotbarilo
2737 3735 2965 3790 diacono
2992 3752 3114 3791 cum
3140 3737 3262 3791 aliis
3292 3738 3390 3791 sibi
3426 3738 3673 3793 fidelibus

2099 3827 2252 3892 viris,
2286 3826 2607 3882 venerabilis
2637 3826 2875 3896 pontifex
2921 3836 3068 3881 esset
3119 3830 3380 3898 adeptus;
3421 3830 3676 3897 reliquias

2101 3929 2315 3983 quoque
2349 3916 2494 3970 beati
2548 3916 2804 3985 martyris
2853 3915 3113 3971 Gascoau
3147 3916 3406 3987 Spoletini
3477 3919 3674 3973 ibidem

2100 4006 2354 4069 obtinuit,
2397 4005 2554 4072 cujus
2607 4007 2787 4074 passio
2835 4006 3034 4074 scripta
3090 4016 3191 4061 est.
3241 4006 3422 4061 Beate
3461 4007 3677 4063 Sereme

2100 4101 2295 4163 prteter
2324 4094 2466 4163 quod
2496 4093 2549 4146 in
2596 4096 2846 4161 passione
2894 4096 3063 4151 sancti
3112 4096 3294 4150 Savini
3357 4099 3675 4167 reperimus,

2103 4200 2221 4239 eam
2252 4185 2424 4253 ipsum
2450 4184 2667 4238 beatum
2710 4194 2999 4256 martyrem
3034 4187 3352 4250 tumulasse,
3392 4188 3524 4242 nihil
3558 4189 3676 4259 plus

2102 4284 2373 4344 gestorum
2409 4275 2722 4343 perquirere
2759 4277 3060 4344 potuimus;
3095 4292 3214 4346 quae
3245 4288 3423 4332 tamen
3457 4290 3565 4333 tam
3594 4298 3681 4333 as-

2104 4366 2275 4419 siduis
2315 4381 2372 4419 se
2403 4367 2658 4419 virtutum
2708 4370 3051 4423 commendat
3095 4370 3409 4439 insignibus,
3472 4384 3530 4425 ut
3561 4374 3679 4425 viva

2106 4457 2298 4510 harum
2354 4457 2584 4512 lectione
2634 4458 2808 4513 oculis
2862 4457 3070 4525 objecta
3125 4471 3400 4531 gestorum
3457 4472 3674 4518 atteSSa-

419 4554 694 4610 Octobris.
726 4552 835 4607 Hos
858 4553 995 4606 duos
1019 4549 1354 4604 Adbelardus
1402 4547 1545 4601 filius
1570 4520 1794 4602 Gerardi
1823 4547 1875 4600 in
1908 4563 2001 4614 pa-
2034 4520 2079 4577 D
2107 4548 2271 4611 tione,
2303 4548 2430 4617 quid
2456 4547 2619 4601 fuerit
2646 4549 2696 4601 in
2739 4549 2844 4601 vita
2875 4520 2979 4601 non
3007 4520 3180 4619 egeat
3218 4550 3341 4606 Dies
3365 4552 3482 4619 ejus
3512 4570 3542 4606 χ
3574 4553 3682 4607 Ka-

421 4644 584 4698 triam
609 4645 929 4714 asportavit.

560 4737 635 4789 De
686 4745 868 4789 sancto
904 4733 1175 4789 Feiiciano
1233 4732 1469 4800 episcopo
1517 4741 1565 4783 et
1608 4739 1853 4798 martyre.

495 4828 755 4889 Fulinias,
794 4836 1031 4880 castrqu
1069 4842 1173 4879 non
1198 4824 1383 4895 procul
1410 4838 1439 4875 a
1482 4822 1721 4892 Spolcto,
1760 4820 2002 4876 Paucu—

421 4934 524 4974 ncs
550 4933 746 4989 magno
774 4919 1127 4985 undecunque
1153 4930 1417 4971 concursu
1445 4913 1720 4967 hominum
1749 4910 1999 4965 aﬂluente

420 5025 653 5081 corpore
701 5025 861 5064 sacro
911 5011 1179 5075 tuebatur,
1232 5024 1356 5062 eum
1408 5004 1728 5061 Benedictus
1761 5004 1997 5074 ejusdem

419 5098 752 5156 Fuliniensis
775 5099 937 5151 castri
958 5098 1259 5168 episcOpus,
1286 5096 1454 5150 mtilto
1479 5112 1599 5149 cum
1629 5095 1753 5149 ﬂetu
1778 5092 2002 5161 largitur

418 5187 838 5258 per'Bertraum
886 5187 1166 5241 diaconum
1196 5196 1253 5243 ct
1298 5186 1669 5241 Heriwardum
1724 5184 2001 5253 presbyte-

420 5294 543 5334 rum
582 5294 633 5331 ιν
674 5276 858 5330 Nonas
896 5277 1164 5343 Octobris,
1196 5294 1262 5332 ex
1290 5278 1484 5332 intimo
1535 5279 1651 5350 ipso
1688 5284 1841 5329 antro
1884 5288 1998 5326 sus-

418 5370 648 5424 tollitur.
676 5367 871 5421 Passio
896 5371 1010 5440 ejus
1039 5371 1307 5441 descripta
1338 5380 1438 5425 est.

713 5459 796 5512 De
840 5474 1016 5517 sancto
1063 5462 1430 5522 Asclepiodoto
1469 5474 1714 5522 marture.

2106 4639 2380 4693 lendarmn
2414 4639 2805 4699 Decembrium,
2844 4640 3033 4693 eodem
3065 4656 3171 4708 quo
3212 4650 3265 4693 et
3301 4642 3468 4697 sancti
3498 4642 3681 4695 Savini

2107 4732 2382 4801 martyris,
2408 4731 2729 4785 celebratur.

2469 4822 2544 4875 De
2577 4834 2759 4876 catena
2803 4822 2859 4877 S.
2902 4822 3045 4879 Petri
3084 4826 3327 4894 apostoli.

2180 4914 2329 4970 Inter
2379 4914 2493 4968 lucc
2535 4914 2755 4968 Romam
2800 4915 2968 4969 misso
3017 4916 3274 4986 praedicto
3316 4918 3543 4973 diacono
3578 4921 3688 4975 Ro—

2111 5007 2330 5071 thardo,
2364 5004 2505 5059 dono
2533 5002 2714 5059 domui
2742 5017 2893 5073 papze
2920 5004 3151 5062 Joannis
3171 5047 3186 5070 ,
3210 5007 3302 5075 qui
3326 5007 3518 5063 tertius
3553 5010 3703 5065 deci-

2111 5114 2237 5154 mus
2270 5101 2320 5155 in
2370 5112 2434 5153 eo
2463 5098 2679 5152 nomine
2704 5103 2840 5158 erat,
2876 5108 3088 5163 partem
3121 5112 3225 5150 non
3257 5100 3525 5153 modicam
3558 5112 3709 5155 cate-

2109 5205 2190 5244 na:
2248 5192 2390 5247 beati
2419 5188 2563 5243 Petri
2593 5189 2644 5242 in
2691 5186 2914 5242 basilica
2954 5205 3075 5261 quae
3118 5188 3314 5243 dicitur
3341 5192 3405 5244 ad
3443 5185 3676 5244 Vincula
3700 5230 3712 5248 ,

2107 5284 2367 5339 eamdem
2407 5281 2707 5347 portionem
2739 5290 3056 5344 exsecante,
3088 5281 3388 5348 promeruit
3433 5295 3446 5329 ε
3480 5291 3616 5333 cum
3657 5294 3719 5332 ea

2109 5388 2339 5446 quoque
2410 5360 2750 5441 privilegium
2808 5370 3135 5431 mOnasterii
3188 5371 3361 5425 sancti
3419 5366 3724 5426 Vincentii,

2107 5477 2247 5519 cum
2280 5463 2571 5520 dalmatica
2596 5456 2933 5515 etsandaliis
2959 5459 3142 5518 abbati
3181 5455 3421 5522 ejusdem
3461 5454 3569 5507 loci
3603 5471 3725 5522 apo.
