4516 5500
886 449 988 504 367

1276 560 1348 613 De
1374 572 1552 613 saneto
1590 558 1854 611 Vincentio
1885 559 2059 612 levita.

956 657 1175 711 Beatum
1201 663 1489 724 martyrem
1516 666 1763 720 magnum
1792 660 1845 704 et
1879 648 2094 703 levitam
2122 649 2457 703 Vincentem

882 749 936 805 in
981 746 1203 801 civitate
1243 742 1476 814 quadam
1537 740 1933 810 antiquissima,
1989 754 2108 809 qnze
2158 741 2223 793 ad
2285 739 2458 793 solum

880 853 1053 909 usque
1076 837 1187 907 jam
1214 835 1371 904 longo
1399 842 1640 902 tempore
1661 831 1839 885 diruta
1865 830 2065 894 fuerat,
2091 829 2308 883 nomine
2328 828 2461 884 Cor-

881 930 1045 992 duno,
1074 941 1195 997 qua:
1225 924 1292 978 ab
1328 924 1544 977 Arretio
1586 937 1662 976 xu
1696 919 1932 975 millibus
1953 919 2139 984 distat,
2171 936 2234 974 ex
2273 935 2458 974 mona-

882 1021 1049 1076 sterio
1087 1018 1336 1090 proximo
1389 1017 1522 1071 satis
1562 1013 1789 1084 pulchro
1834 1021 2049 1075 ornatu,
2097 1012 2239 1081 quod
2294 1010 2460 1065 multa

881 1111 1067 1166 itidem
1145 1107 1448 1177 frequentia
1522 1104 1925 1167 venerabatur,
2002 1102 2259 1157 Bertraus
2345 1102 2461 1155 dia-

880 1216 1074 1265 conus,
1131 1200 1424 1255 comitante
1477 1209 1665 1250 secum
1719 1193 1951 1262 quodam
1993 1192 2191 1246 clerico
2221 1191 2457 1261 episcopi

880 1291 1116 1347 Arretini
1174 1290 1244 1362 (ei
1297 1302 1492 1343 nomen
1542 1285 1864 1353 Crisulfus),
1924 1284 2101 1338 indice
2150 1283 2274 1349 loci,
2336 1298 2458 1336 cum

882 1402 1075 1457 magna
1131 1384 1255 1440 licet
1294 1381 1629 1445 difﬁcultate,
1672 1379 1795 1433 vita:
1850 1390 2064 1448 quoque
2104 1392 2209 1429 non
2239 1375 2460 1428 minimo

881 1477 1123 1550 periculo
1172 1473 1406 1531 sustulit.
1446 1471 1599 1527 Hunc
1625 1486 1693 1526 ex
1742 1468 2001 1539 Hispania
2048 1467 2099 1520 in
2138 1465 2342 1519 italiam
2372 1466 2460 1519 de-

882 1578 1153 1641 portatum
1184 1568 1412 1624 ﬁrmiter
1436 1571 1807 1621 asseruerunt.
1844 1559 2009 1629 Cujus
2036 1558 2248 1614 modum
2284 1567 2460 1612 trans-

881 1663 1098 1718 lationis
1147 1669 1331 1731 postea
1402 1660 1597 1715 domno
1657 1653 1888 1727 praesule
1945 1653 2308 1707 Beneventum
2362 1663 2456 1703 ve—

882 1753 1086 1815 niente,
1119 1751 1248 1805 dum
1292 1749 1453 1803 nurui
1511 1745 1875 1817 imperatoria:
1905 1758 1934 1796 a
1983 1741 2193 1797 Graecia
2225 1737 2460 1794 venienti

878 1844 1093 1897 obviam
1125 1841 1323 1895 missus
1345 1848 1509 1904 esset,
1528 1838 1741 1909 plenius
1767 1834 2118 1906 cognovimus
2144 1831 2329 1900 :juxta
2357 1829 2462 1883 Ca-

1313 448 1723 503 TllliODOlthl
1766 446 2104 502 METENSIS
2144 443 2444 500 EPISCOPI
2499 448 2582 501 DF.
2624 447 3036 507 INVENTIONE
3078 449 3516 516 SANCTOHUM,
3557 452 3706 506 ΕΠΖ.

4030 449 4134 505 568

2488 572 2533 630 Α
2566 569 2932 623 verterentur,
2968 562 3018 615 in
3074 562 3272 616 vicinio
3312 561 3491 615 "orta.-
3529 563 3763 616 civitatis
3810 571 3890 616 est
3930 573 4128 618 actum.

2909 653 2985 705 De
3019 654 3211 706 sanctis
3241 653 3409 723 Digna
3447 665 3493 706 et
3525 654 3775 707 Emerita.

2634 739 2739 795 Sed
2781 741 2965 795 Romae
2998 750 3123 795 tunc
3166 744 3320 796 nobis
3346 744 3673 805 constitutis,
3701 758 3922 799 munere
3950 746 4133 799 damni

2560 846 2709 900 papze
2758 830 2999 895 Joannis,
3033 831 3254 901 pignora
3288 841 3597 886 sanctarum
3648 832 3826 886 DIGN£
3852 842 3903 887 et
3934 834 4137 888 Eueni-

2564 935 2667 982 ne,
2719 935 2947 988 quarum
2975 935 3203 989 corpora
3240 922 3291 974 in
3316 922 3523 990 porticu
3555 923 3795 976 ecclesiae
3823 924 3963 977 beati
3995 923 4137 977 Mar-

2561 1011 2680 1065 celli
2715 1012 2971 1081 martyris
3018 1024 3144 1066 sunt
3178 1014 3473 1077 recondita,
3506 1029 3624 1083 qure
3652 1023 3733 1068 est
3764 1026 3889 1069 ante
3921 1026 4139 1069 sanctos

2561 1100 2863 1169 apostolos;
2896 1102 3054 1155 simul
3078 1114 3130 1155 et
3175 1103 3307 1157 alias
3329 1105 3639 1174 singillatim
3691 1108 3974 1175 repositas,
4010 1123 4137 1163 cum

2560 1194 2794 1263 propriis
2849 1194 3305 1260 adnotationibus,
3339 1196 3673 1252 diversorum
3716 1208 4024 1254 sanctorum
4057 1215 4139 1254 re-

2560 1281 2758 1351 liquias
2797 1285 3027 1352 accepit,
3060 1285 3111 1337 in
3153 1287 3349 1355 quibus
3374 1296 3429 1341 et
3470 1288 3769 1342 sandalium
3814 1290 3985 1344 sancti
4015 1288 4139 1344 Ste-

2560 1372 2724 1440 phani
2761 1391 2771 1425 :
2817 1374 2928 1428 inec
2952 1375 3132 1429 omnia
3164 1391 3262 1446 per.
3298 1377 3609 1432 Willardum
3641 1380 3963 1434 monachum
3992 1379 4139 1435 Mau-

2564 1465 2608 1517 ri
2651 1467 2966 1521 monasterii
3002 1468 3164 1522 missa
3194 1479 3339 1524 sunt.

2912 1556 2987 1611 De
3012 1569 3193 1612 sancto
3232 1558 3497 1614 Vincentio
3520 1563 3776 1633 episcopo.

2630 1645 2872 1700 Alterum
2912 1656 3158 1701 sanctum
3194 1649 3532 1703 Vincentium
3565 1653 3874 1721 episcopum
3911 1669 3975 1707 ex
4019 1669 4137 1707 nio-

2564 1738 2805 1791 nasterio
2854 1737 3084 1805 quodam
3133 1739 3183 1791 in
3232 1740 3489 1792 comitatu
3544 1740 3753 1805 Urbini,
3800 1757 3829 1795 a
3878 1741 4138 1797 Ravenna

2565 1825 2817 1880 milliario
2841 1826 2955 1881 fere
2983 1843 3021 1891 ι,
3058 1828 3210 1896 juxta
3238 1827 3452 1882 Petram
3507 1829 3807 1893 Pertusam,
3848 1831 3916 1885 ab
3945 1833 4141 1886 abbate

881 1949 1068 2003 puam,
1122 1932 1388 2003 siquidem
1422 1929 1812 1985 monasterium
1853 1926 1968 1994 jam
2017 1937 2153 1995 pene
2195 1922 2456 1985 dirutum,
2488 1909 2533 1968 Β
2563 1918 2725 1972 rebus
2749 1919 3071 1973 necessariis
3115 1919 3279 1973 nimis
3306 1921 3515 1985 attrito,
3546 1921 3673 1989 quia
3702 1921 3845 1975 aliud
3872 1923 4012 1990 quod
4040 1923 4138 1975 da-

879 2027 1097 2079 nomine
1142 2024 1311 2079 sancti
1347 2020 1615 2077 Vincentii
1648 2018 1967 2090 reperimus,
2000 2015 2142 2085 quod
2188 2014 2375 2084 grandi
2406 2021 2460 2066 ct

880 2118 1020 2170 miro
1071 2131 1231 2186 opere
1293 2113 1565 2183 quondam
1606 2127 1635 2165 a
1664 2110 1836 2164 tribus
1891 2107 2147 2161 fratribus
2194 2103 2460 2159 nobilibus

880 2214 1275 2270 constructum,
1323 2202 1561 2258 veterani
1608 2201 1699 2271 qui
1748 2201 1821 2253 ibi
1847 2208 1973 2253 tunc
2002 2197 2158 2267 pauci
2209 2194 2458 2249 monachi

880 2300 1211 2361 visebantur,
1274 2297 1547 2352 dixerunt.
1606 2293 1674 2347 Et
1702 2306 1899 2360 corpus
1961 2290 2132 2345 sancti
2189 2286 2461 2342 Vineentii

880 2402 1067 2462 postea
1099 2407 1127 2444 a
1152 2390 1360 2445 duobus
1389 2386 1670 2442 monachis
1698 2398 1764 2438 ex
1793 2382 2048 2451 Hispania
2080 2380 2150 2434 ibi
2190 2379 2325 2433 clam
2363 2378 2458 2432 de-

880 2492 1174 2553 portatum,
1204 2490 1366 2550 atque
1396 2478 1580 2533 multis
1603 2475 1858 2545 deinceps
1875 2472 2207 2542 temporibus
2229 2469 2460 2524 maxima

880 2576 1228 2630 veneratione
1278 2571 1541 2630 habitum.
1571 2570 1743 2624 donec
1770 2581 1799 2619 a
1846 2563 2071 2635 paganis
2105 2561 2296 2616 eodem
2341 2576 2459 2614 nu-

878 2667 1118 2723 nastcrio
1146 2672 1380 2729 vastato,
1424 2676 1621 2731 corpus
1666 2667 1919 2713 sanctum
1956 2655 2080 2709 inde
2111 2652 2381 2708 sublatum
2408 2660 2463 2706 et

879 2761 946 2815 ad
975 2758 1289 2831 praedictam
1321 2754 1727 2810 Cordunensem
1758 2751 2033 2806 civitatem
2088 2757 2234 2803 esset
2280 2755 2460 2800 trans-

881 2851 1068 2905 latum.
1097 2847 1249 2901 Tunc
1292 2845 1455 2900 etiam
1501 2842 1785 2913 episcopus
1818 2838 2104 2894 Arretinus
2152 2850 2258 2889 non
2289 2834 2460 2888 modi-

879 2957 1000 2995 cam
1032 2938 1337 3008 portionem
1387 2934 1666 3005 sanguinis
1711 2929 2008 2985 beatissimi
2048 2924 2463 2997 protomartyris

880 3035 1147 3086 STEPHANI
1194 3028 1249 3081 in
1299 3040 1425 3079 vase
1462 3022 1797 3093 crystallino,
1821 3020 2024 3089 optime
2052 3031 2186 3071 auro
2211 3015 2462 3087 gemmis-

877 3137 983 3191 que
1014 3116 1335 3188 composito,
1377 3124 1433 3168 et
1476 3115 1541 3169 de
1590 3112 1852 3181 sanguine
1883 3110 2238 3163 lunocentum
2271 3105 2326 3158 in
2360 3103 2463 3157 alia

877 3211 1085 3280 piside,
1115 3218 1168 3261 et
1200 3207 1267 3260 de
1296 3203 1503 3274 capillis
1526 3202 1698 3258 sancti
1723 3200 1892 3265 Petri,
1922 3195 2215 3252 breviculis
2236 3208 2332 3265 per
2352 3192 2464 3246 sin~

880 3302 1003 3373 gula
1035 3298 1319 3369 appositis,
1365 3294 1614 3366 quamvis
1664 3292 1881 3355 invitus,
1918 3298 1971 3345 et
2003 3302 2214 3345 summo
2262 3288 2315 3340 in
2353 3285 2463 3339 dis-

880 3396 1109 3450 crimine
1156 3391 1296 3463 apud
1338 3391 1720 3460 imperatorem
1769 3387 1850 3441 sui
1908 3397 2199 3453 rerumque
2245 3395 2463 3437 suarum

879 3487 1091 3561 positus
1132 3488 1300 3542 dedit.
1354 3484 1417 3539 Et
1458 3481 1586 3553 quia
1646 3477 2035 3549 redemptionis
2092 3490 2205 3530 suae
2242 3473 2468 3528 facultas

883 3598 1006 3636 cum
1030 3578 1393 3650 angustiabat,
1418 3584 1754 3645 precatorem
1786 3570 1868 3624 sui
1901 3577 2148 3623 nostrum
2174 3562 2464 3619 venerabi—

878 3674 984 3728 lem
1009 3669 1292 3743 praesulem
1340 3682 1437 3737 per
1483 3666 1587 3719 hoc
1632 3672 1686 3717 et
1714 3678 1807 3733 per
1833 3675 2030 3729 corpus
2060 3657 2119 3713 S.
2168 3654 2464 3718 Vincentii,

880 3762 1126 3835 paravit;
1162 3769 1324 3829 atque
1360 3757 1515 3810 sicin
1550 3753 1778 3823 gratiam
1804 3747 2168 3820 imperatoris,
2199 3760 2264 3801 eo
2292 3746 2462 3800 inter.

881 3855 1159 3919 veniente,
1187 3852 1275 3905 vix
1318 3849 1497 3904 rediit.
1534 3847 1607 3900 De
1631 3845 1732 3899 hoc
1755 3844 1869 3914 ipso
1897 3843 2053 3895 beato
2085 3836 2463 3908 martyre'plu-

881 3965 972 4005 res
999 3946 1253 4003 Italorum
1284 3939 1519 4012 episcopi
1564 3938 1675 4007 jam
1700 3945 1826 3989 ante
1853 3947 1995 4000 saepe
2036 3936 2381 3984 tentaverant
2409 3933 2468 3979 ut

880 4041 936 4095 id
966 4038 1250 4108 acquirere
1288 4038 1540 4104 possent;
1596 4028 1649 4082 in
1682 4026 1880 4096 quibus
1909 4020 2229 4077 Ambrosius
2269 4017 2468 4086 Berga-

880 4130 1107 4192 mensis,
1136 4142 1236 4196 pro
1257 4139 1322 4179 eo
1354 4120 1496 4191 quod
1518 4118 1676 4173 sedes
1704 4115 2045 4185 episcopatus
2068 4111 2147 4165 sui
2174 4110 2228 4163 in
2262 4109 2467 4164 honore

882 4221 1060 4278 saneti
1102 4214 1369 4273 Vincentii
1421 4219 1588 4273 esset,
1646 4215 1700 4261 et
1733 4212 1858 4258 ante
1902 4204 2067 4257 breve
2106 4210 2316 4269 tempus
2343 4212 2468 4251 cum

884 4314 1080 4383 quibus
1100 4314 1369 4379 potuerat,
1388 4304 1529 4359 diem
1547 4314 1654 4371 quo
1676 4312 1799 4352 eum
1820 4302 2148 4363 excepturus
2169 4298 2462 4345 statuerat:

883 4381 978 4462 sed
1008 4403 1235 4459 Domino
1264 4398 1579 4457 ordinante,
1606 4400 1663 4445 ut
1690 4390 1743 4444 in
1769 4386 2067 4443 crastinum
2101 4383 2186 4436 ille
2212 4381 2470 4437 eondixe-

883 4506 991 4562 rat,
1036 4504 1193 4549 nocte
1220 4484 1543 4561 prazcedenti
1591 4496 1621 4535 a
1655 4478 1854 4534 nostris
1892 4480 2324 4546 prmoccupatum
2361 4476 2465 4522 est.

883 4590 1001 4647 Hoc
1022 4585 1204 4643 clerici
1227 4584 1293 4637 de
1312 4580 1493 4635 Monte
1511 4572 1767 4631 Romaric
1789 4564 2190 4642 (Remiremont)
2210 4562 2464 4618 tulerunt.
2495 4595 2548 4655 Β

1204 4674 1279 4727 De
1307 4670 1503 4726 sanctis
1552 4665 1715 4720 Proto
1748 4672 1795 4717 et
1827 4659 2149 4730 Hyacinthe.

959 4771 1017 4825 ln
1049 4766 1271 4823 Sabinis
1321 4761 1564 4831 regione,
1617 4770 1724 4810 non
1768 4751 1955 4823 procul
2005 4749 2073 4803 ab
2113 4748 2246 4803 urbe
2276 4746 2467 4810 Roma,

885 4858 1141 4917 milliario
1165 4855 1278 4911 fere
1307 4868 1385 4918 χι,
1411 4847 1585 4905 sancti
1618 4855 1885 4915 martyres
1909 4840 2128 4895 Pnorus
2157 4848 2211 4894 et
2242 4838 2471 4892 Πυθικ-

881 4968 1028 5010 auus
1058 4957 1216 5005 erant
1243 4941 1529 5005 reconditi,
1558 4938 1837 5008 aliquanto
1860 4933 2253 5005 negligentiore
2289 4939 2471 4985 custo—

882 5048 999 5102 dia.
1030 5044 1141 5099 Hos
1192 5040 1359 5095 abbas
1403 5036 1624 5107 quidam
1656 5032 1723 5087 de
1754 5028 2086 5085 monasterio
2133 5033 2334 5080 sancta:
2362 5023 2471 5077 Ma-

886 5141 1005 5205 ria),
1057 5132 1199 5206 quod
1244 5130 1442 5185 dicitur
1468 5124 1716 5187 Farfara,
1751 5119 2044 5177 venerabili
2082 5115 2325 5189 pontiﬁci
2375 5130 2472 5206 no-

890 5241 1023 5295 stro,
1063 5205 1189 5283 dum
1217 5224 1281 5279 de
1308 5234 1471 5275 causa
1497 5231 1594 5274 sua
1626 5224 1749 5270 eum
1780 5211 1922 5283 apud
1958 5210 2342 5280 imperatorem
2371 5205 2473 5260 sibi

892 5324 1010 5380 ﬁeri
1060 5321 1480 5375 intercessorem
1511 5316 1747 5381 rogaret,
1776 5305 1905 5377 quia
1946 5302 2093 5358 nullo
2124 5309 2331 5355 tantum
2360 5315 2476 5354 mu-

891 5430 1023 5472 nere
1042 5427 1163 5467 eum
1201 5412 1528 5477 cognoverat
1566 5398 1846 5463 delectari,
1888 5407 2094 5466 partem
2118 5393 2293 5463 primo
2322 5392 2477 5446 obtu-

2564 2016 2647 2061 ret
2669 2022 2765 2075 pro
2798 2005 3127 2060 relevatione
3154 2007 3254 2061 loci
3280 2024 3386 2060 non
3417 2009 3699 2073 habuerat,
3734 2020 3942 2077 partem
3964 2012 4141 2079 primo

2563 2096 2840 2160 olferente,
2897 2096 2989 2151 sed
3024 2096 3249 2150 Bertrao
3302 2097 3427 2151 illuc
3488 2099 3675 2162 misso,
3715 2100 3988 2168 multaque
4024 2110 4143 2153 arte

2564 2194 2782 2239 strenue
2822 2193 3057 2255 agente,
3110 2185 3173 2256 [1⁸.
3218 2186 3358 2239 deest
3425 2186 3618 2258 totum]
3669 2190 3931 2257 percepit.
3972 2187 4144 2258 Hujus

2566 2275 2867 2342 passionem
2892 2273 3295 2343 descripsimus.
3324 2274 3422 2328 llic
3446 2290 3544 2345 per
3566 2276 3858 2331 lmmonem
3885 2278 4145 2334 comitem

2567 2369 2762 2421 missus
2787 2376 2888 2421 est.

2849 2459 2924 2512 Dc
2947 2462 3139 2514 sanctis
3177 2460 3441 2515 Vincentio
3465 2473 3511 2516 et
3541 2461 3852 2532 Carpoforo.

2635 2551 2838 2606 Civitas
2863 2552 3143 2605 Vincentia
3160 2563 3241 2606 est
3263 2568 3367 2607 non
3395 2554 3588 2622 longea
3618 2557 3860 2620 Venetia,
3884 2556 3948 2609 ad
3978 2572 4146 2625 quam

2565 2640 2692 2693 olim
2737 2639 3101 2709 Longobardi,
3134 2640 3258 2694 dum
3290 2641 3497 2695 Italiam
3543 2643 3886 2710 invaderent,
3911 2648 4143 2714 primam

2566 2733 2776 2786 urbium
2832 2732 3044 2785 venisse
3096 2730 3368 2786 dicuntur.
3424 2734 3482 2788 In
3529 2750 3593 2789 ea
3631 2745 3837 2804 martyr
3872 2736 4145 2791 Lcosrics

2566 2822 2895 2877 monasterio
2944 2822 3143 2877 celebri
3189 2824 3571 2878 venerabatur.
3640 2822 3807 2891 Hujus
3859 2826 4147 2894 episcopus

2567 2911 2667 2965 loci
2696 2910 2956 2980 reliquias
2998 2918 3184 2965 nostro
3226 2912 3666 2965 reverentissimo
3703 2912 3938 2982 priesnli,
3977 2914 4019 2966 si
4044 2929 4147 2982 pro

2566 3014 2731 3053 causa
2766 3014 2862 3053 sua
2904 2999 3309 3069 imperatoriam
3355 3000 3753 3070 interpellasset
3782 3003 4143 3071 majestatem,

2570 3090 2898 3160 repromisit.
2928 3090 3048 3144 Mox
3082 3091 3246 3145 misso
3270 3091 3395 3145 illuc
3436 3091 3713 3146 Rothardo
3742 3092 3993 3156 diacono,
4022 3107 4146 3146 cum

2569 3182 2856 3251 episcopus
2900 3181 3123 3234 nimium
3172 3195 3230 3235 se
3274 3181 3493 3236 fecisset
3541 3182 3814 3236 diiiicilem
3861 3184 3914 3235 in
3947 3182 4145 3244 dando,

2570 3281 2765 3341 praeter
2795 3272 2934 3340 quod
2967 3272 3227 3326 duntaxat
3273 3273 3620 3342 promiserat,
3646 3274 3861 3328 tandem
3893 3274 4148 3327 continua

2572 3364 2837 3433 exigentis
2860 3364 3035 3418 victus
3058 3363 3335 3428 instantia,
3371 3372 3565 3433 praeter
3593 3379 3763 3434 pauca
3794 3365 3896 3419 sibi
3922 3366 4148 3433 pignora

2569 3462 2797 3515 retenta,
2829 3453 3094 3522 reliquum
3119 3454 3367 3522 corporis
3390 3463 3559 3508 totum
3594 3454 3822 3525 largitus
3845 3465 3950 3509 est.
3994 3454 4151 3509 llunc

2569 3555 2621 3599 et
2651 3545 2868 3600 beatum
2900 3545 3260 3602 Canroronuu
3310 3546 3492 3601 Roma:
3518 3562 3722 3616 passos,
3753 3548 3822 3602 ab
3852 3547 4038 3601 eadem
4066 3549 4151 3603 ci—

2571 3636 2736 3690 vitate
2757 3652 2863 3691 non
2887 3636 3045 3706 longa
3076 3646 3201 3691 ante
3226 3647 3468 3706 tempora
3487 3638 3816 3702 -translatos,
3846 3638 4035 3693 incola:
4063 3654 4152 3692 as-

2573 3726 2897 3780 severabant
2938 3741 2954 3778 :
3003 3725 3092 3778 ubi
3129 3735 3184 3780 et
3234 3724 3409 3780 nobile
3439 3728 3710 3796 quondam
3760 3728 4152 3781 monasterium

2575 3815 2749 3870 sancti
2772 3814 2969 3869 Felicis
2996 3814 3294 3878 visebatur,
3329 3816 3417 3868 ubi
3441 3824 3496 3869 et
3519 3816 3697 3885 primo
3719 3815 3979 3870 reconditi
4014 3815 4154 3883 fere:

2572 3907 2789 3971 bantur,
2844 3907 2938 3961 sed
2969 3921 3033 3961 eo
3060 3907 3127 3961 ab
3156 3906 3375 3972 Ungi-is,
3413 3909 3503 3976 qui
3540 3922 3679 3978 pene
3718 3908 3957 3963 locorum
4006 3909 4153 3981 ipso-

2572 4015 2688 4052 rum
2745 3998 2904 4052 vicini
2968 4006 3111 4059 sunt,
3156 4006 3370 4060 exusto,
3401 4008 3562 4067 atque
3586 3999 3805 4052 assidua
3845 3999 4154 4053 incursione

2570 4104 2756 4143 eorum
2801 4088 3198 4157 reparationem
3242 4088 3582 4157 prohibente,
3622 4090 3690 4141 ad
3730 4089 3912 4143 sedem
3942 4089 4155 4159 episco-

2571 4180 2745 4251 palem
2775 4178 2911 4232 infra
2940 4180 3129 4232 urbem
3152 4180 3252 4233 sub
3279 4178 3451 4233 altare
3477 4180 3728 4248 depositi,
3760 4180 3903 4233 unde
3936 4189 3992 4233 et
4016 4195 4154 4248 pra:-

2575 4272 2716 4326 fatus
2750 4270 3101 4325 Rhothardus
3141 4270 3421 4334 diaconus,
3454 4280 3702 4325 sanctum
3734 4270 3952 4341 quidem
3981 4272 4155 4325 Leon-

2574 4366 2707 4419 tium
2762 4371 2954 4428 totum,
2989 4364 3161 4417 sancti
3218 4379 3348 4418 vero
3396 4363 3680 4433 Carpol‘ori
3735 4364 3996 4433 reliquias
4044 4379 4156 4416 non

2575 4453 2814 4507 modicas
2859 4453 2927 4507 ab
2977 4453 3093 4520 ipso
3145 4467 3254 4521 quo
3284 4451 3675 4507 claudebantur
3702 4454 3931 4522 sumpsit
3974 4454 4157 4519 altari,

2576 4542 2800 4601 eiTracto
2829 4545 3097 4615 sepulcro.
3131 4545 3451 4599 Passionem
3500 4559 3687 4598 eorum
3720 4545 3970 4599 incendio
4000 4546 4161 4615 deper.

2583 4634 2719 4689 risse
2744 4634 3015 4688 dixerunt.
3047 4633 3254 4689 Natalis
3276 4649 3463 4689 eorum
3492 4650 3588 4688 xm
3620 4634 3739 4688 Kal.
3766 4634 3992 4705 Augusti
4018 4637 4161 4691 cele-

2582 4727 2788 4781 bratur.
2819 4726 3001 4782 Teudo
3031 4743 3123 4783 eos
3144 4728 3356 4783 detulit.

2831 4818 2909 4873 De
2937 4832 3121 4874 sancta
3155 4820 3321 4875 Lucia
3360 4822 3551 4893 virgine
3585 4831 3634 4876 et
3661 4833 3908 4893 martyre.

2653 4920 2840 4990 Magna
2875 4929 2927 4975 et
2962 4921 3287 4976 universalis
3329 4922 3584 4976 Ecclesiae
3615 4922 3928 4977 celebritate
3953 4937 4163 4977 memo-

2581 5012 2765 5067 rabilis
2786 5013 2938 5083 virgo
2963 5022 3016 5067 et
3038 5023 3241 5084 martyr
3264 5013 3429 5068 Lucu
3456 5014 3821 5083 Syracusana,
3845 5029 3952 5083 quo
3974 5013 4166 5068 ordine

2586 5102 2651 5157 ad
2685 5102 3075 5173 religiosissimi
3112 5102 3355 5170 praesulis
3400 5103 3568 5157 nostri
3600 5102 3968 5156 avidissimam
3998 5101 4163 5155 devo-

2585 5193 2783 5248 tionem
2810 5192 3134 5263 pervenerit,
3166 5191 3470 5261 Wigericus
3513 5193 3799 5263 presbyter
3822 5201 4005 5246 noster
4036 5200 4163 5245 tunc

2582 5285 2844 5350 cantoris,
2898 5298 3040 5338 nunc
3070 5283 3311 5337 custodis
3340 5284 3482 5337 beati
3514 5282 3776 5352 Stephani
3800 5280 4032 5336 oilicium
4072 5295 4165 5349 ge—

2584 5394 2730 5443 rens,
2762 5379 2852 5448 qui
2906 5394 2971 5433 ea
3009 5392 3163 5431 sacra
3195 5392 3318 5431 ossa
3364 5376 3634 5442 manibus,
3665 5377 3730 5429 ab
3771 5375 3885 5445 ipsa
3926 5389 4029 5443 qua
4055 5387 4163 5427 non

2585 5471 2685 5500 In":
2723 5470 3019 5500 nn...‘:n1:nn
3046 5470 3356 5500 nrnlnhnIn-I
3391 5470 3576 5500 nvlnlil
3618 5484 3748 5500 lanna
3836 5482 3992 5500 nnnnn
4031 5466 4163 5500 aonie
