4516 5500
817 448 915 506 571

1870 453 2158 509 CEZONIS
2197 451 2484 506 ABBATlS
2526 450 2997 507 DERTcNENSlS

3969 452 4071 506 Z73

816 564 1019 636 notitiis.
1052 564 1180 630 Quae
1202 568 1381 620 omnia
1428 568 1628 621 faciunt
1666 576 1723 619 ut
1758 566 2028 619 afﬁrmare
2062 568 2263 636 absque
2301 567 2516 618 errandi
2549 567 2785 633 periculo
2827 569 3116 635 possimus,
3150 568 3419 622 Gezonem
3452 580 3662 636 quoque
3700 575 3943 620 nostrum
3973 565 4070 619 ﬂo-

814 634 991 686 ruisse
1020 644 1143 688 ante
1169 651 1368 688 annmn
1400 636 1599 690 Christi
1632 637 1996 689 milli-simum.

889 701 1075 775 Nobile
1096 718 1226 758 vero
1253 706 1636 759 monasterium
1666 706 1777 759 suis
1802 706 2106 773 sumptibus
2133 706 2497 775 Gisepiandus
2526 706 2770 759 Det-tonse
2792 706 3087 761 aediﬁcarat
3117 708 3217 761 sub
3246 705 3398 760 titulo
3420 704 3477 759 S.
3507 705 3756 759 Martiani
3792 707 4066 775 martyris,

816 772 907 825 ubi
942 786 1159 845 sacrum
1188 790 1403 843 quoque
1439 776 1580 829 illius
1610 790 1805 843 corpus
1830 770 2178 845 reconditum
2212 770 2327 829 fuit.
2366 770 2619 841 Ughellus
2650 776 2813 828 refert
2856 776 3063 830 illustre
3092 777 3323 845 diploma
3350 775 3577 830 Othonis
3614 775 3683 845 iV
3730 770 4072 845 imperatoris

818 856 960 895 anno
984 842 1121 914 1210
1147 842 1486 903 concessum.
1518 846 1569 897 in
1597 842 1897 913 quomulta
1930 846 1995 898 de
2021 847 2207 899 eodem
2232 846 2564 899 monasterio
2586 846 2807 914 ejusque
2836 842 3514 914 institutore'Giselprando
3538 844 3822 897 habentur.
3854 843 4071 897 Primus

818 922 997 965 autem
1023 912 1163 967 illius
1197 915 1427 968 cautobii
1458 912 1642 973 abbas.
1679 914 1891 968 vivente
1922 916 2098 969 adlmc
2124 915 2340 968 laudato
2370 912 2623 983 episcopo
2660 912 2759 967 fuit
2790 916 2933 970 Gezo
2963 926 3170 979 noster,
3194 916 3267 969 uti
3303 912 3348 969 is
3378 917 3427 970 in
3458 915 3771 982 prcefatione
3815 923 4069 983 testatur.

817 995 925 1053 quo
954 996 1176 1053 munere
1204 984 1421 1037 fuitetus
1448 992 1531 1038 est
1568 993 1689 1051 post
1721 984 1990 1038 sublatum
2014 986 2174 1039 etiam
2200 1002 2230 1039 e
2264 982 2413 1038 vivis,
2434 985 2865 1053 Gisalprandum.
2897 986 3075 1052 Quare
3104 1002 3225 1039 cmn
3262 986 3379 1052 ejus
3412 986 3546 1039 liber
3576 985 3900 1038 inscrihatur
3931 1002 3942 1036 :
3976 982 4067 1034 Di-

817 1049 1109 1125 lectissimis
1123 1053 1404 1125 fratribus,
1440 1049 1628 1123 quibus
1651 1069 1716 1107 ex
1737 1054 1912 1107 diriua
1935 1055 2318 1125 dispensatione
2344 1095 2357 1118 ,
2384 1064 2486 1109 etc.
2512 1049 2781 1123 paternam
2815 1049 3053 1125 impendo
3091 1049 3495 1109 sollicitudinem
3524 1096 3536 1118 ,
3567 1057 3631 1107 ad
3656 1056 3799 1124 ipsos
3827 1053 4069 1122 ejusdem

817 1122 1132 1191 inquasterii
1162 1124 1453 1179 monachos
1481 1125 1761 1191 scripsisse
1791 1122 2049 1179 dicendus
2075 1134 2157 1177 est
2184 1124 2347 1178 Gezo.

890 1189 1019 1244 Post
1066 1192 1435 1263 pra-tationem
1482 1189 1730 1263 leguntur
1778 1210 1967 1247 versus
1996 1196 2173 1246 domui
2204 1193 2425 1255 Odonis,
2476 1195 2575 1247 hoc
2600 1204 2682 1247 est
2710 1196 2919 1248 abbatis
2946 1194 3334 1256 Cluniacensis,
3374 1196 3464 1262 qui
3504 1195 3796 1249 sanctitate
3820 1194 3939 1247 vitze
3962 1208 4071 1246 non

820 1259 1185 1334 minusquam
1218 1262 1380 1334 editis
1404 1259 1567 1334 libris
1587 1264 1791 1328 clarus,
1824 1266 2003 1334 vivere
2032 1263 2191 1317 desiit
2222 1280 2309 1317 an.
2338 1266 2537 1317 Christi
2562 1264 2685 1327 942,
2720 1275 2769 1334 ut
2802 1282 2867 1318 ex
2894 1264 3008 1328 ejus
3040 1265 3154 1319 Vita
3188 1280 3251 1318 ac
3285 1259 3470 1334 elogiis
3497 1274 3724 1319 constat.
3751 1265 3905 1318 Tom.
3935 1263 4072 1323 γη..

822 1327 961 1383 Szec.
982 1327 1058 1403 _V,
1089 1346 1207 1403 pag.
1237 1332 1363 1396 124,
1388 1333 1506 1387 Act.
1541 1332 1789 1387 Sanctor.
1817 1334 1934 1387 ord.
1976 1332 2033 1387 S.
2067 1334 2364 1397 Benedicti,
2393 1344 2447 1387 et
2470 1350 2531 1387 ex
2561 1344 2684 1387 tom.
2727 1332 2861 1388 XVII
2886 1327 3230 1388 Bibliotheeze
3259 1327 3503 1398 Patrum,
3537 1336 3623 1387 ubi
3657 1350 3777 1403 pag.
3808 1335 3911 1388 515
3940 1333 4071 1387 editi

818 1400 1161 1473 reperiuntur
1192 1402 1243 1461 bi
1274 1403 1371 1470 ipsi
1396 1418 1604 1457 versus.
1645 1403 1830 1473 Atqui
1861 1404 2279 1471 subseqmmtur,
2311 1403 2658 1457 Paschasitnn
2690 1404 3000 1458 Itatbertnm
3032 1406 3297 1459 celebrem
3326 1404 3500 1457 virum
3528 1400 3803 1473 auctorem
3836 1404 4070 1467 habent;

816 1469 911 1520 sed
944 1485 1007 1523 ex
1039 1472 1104 1544 iis
1135 1469 1452 1544 quindecim
1482 1469 1911 1527 duntaxat'editi
1956 1469 2205 1541 leguntur
2236 1483 2363 1526 tom.
2401 1473 2541 1536 XIV,
2570 1488 2690 1544 pag.
2742 1474 2860 1533 720,
2892 1474 3133 1539 ejusdem
3176 1474 3521 1527 Bibliothecm
3559 1472 3800 1544 Patrmn,
3840 1475 4070 1544 boeest,

816 1542 1085 1611 usquead
1124 1539 1364 1607 Disponit
1392 1559 1628 1606 causam,
1653 1552 1759 1598 etc.
1785 1544 1962 1608 Quare
1986 1539 2375 1611 subsequentes
2406 1544 2455 1595 in
2483 1539 2667 1597 codice
2696 1556 2883 1595 nostro
2912 1546 3105 1609 opinor
3132 1544 3368 1596 noodunt
3402 1543 3626 1611 publica:
3665 1542 3769 1596 luci
3808 1541 4064 1601 redditos.

819 1607 871 1658 in
896 1609 1090 1683 quibus
1113 1611 1765 1683 ιναηεεᾳὺδιαηιίαιἰοηινιη,
1796 1607 1869 1666 uti
1895 1623 1947 1667 et
1975 1614 2026 1666 in
2055 1607 2274 1682 reliquis
2297 1615 2407 1667 suis
2432 1615 2647 1681 scriptis
2680 1607 2999 1667 Paschasius
3022 1624 3201 1683 aperte
3230 1607 3441 1675 statuit,
3467 1611 3679 1666 Gczone
3705 1611 3889 1680 procul
3913 1610 4075 1664 dubio

816 1679 1140 1733 sententiam
1167 1682 1411 1734 eamdem
1445 1683 1724 1749 probante.

818 1882 1321 1907 Μ

2052 2042 2835 2160 εεῑοιπιε

2274 2278 2630 2365 LIBER

1087 2489 1267 2599 DE
1354 2488 2000 2603 CORPORE
2098 2490 2278 2599 ET
2371 2486 3079 2603 SANGUINE
3176 2493 3835 2618 CHRISTL-

2211 2719 2517 2736 αι’-*ῤ-

848 2839 1043 2879 ΙΝΕΙΡΙΤ
1086 2837 1353 2878 PROLOGUS
1393 2837 1490 2874 νει.
1529 2837 1784 2876 ειηδτοιλ
1826 2837 2113 2885 εερυεκτιε
2150 2834 2355 2875 OPERIS.

885 2915 1263 2970 Dilectissimis
1294 2912 1569 2975 fratribus,
1604 2914 1799 2981 quibus
1822 2928 1887 2967 ex
1912 2912 2090 2966 divina
2121 2914 2397 2983 dispensa-

814 3007 983 3070 tione,
1024 3015 1283 3075 quantmn
1324 3003 1537 3074 propria
1580 3003 1843 3072 permittit
1882 3002 2189 3066 infirmitas,
2220 3011 2399 3070 pater-

813 3112 935 3149 nam
970 3095 1217 3165 impcndo
1241 3094 1677 3157 sollicitmlinem,
1700 3091 1848 3147 Gezo
1872 3090 1966 3145 Dei
1992 3102 2043 3145 et
2066 3092 2273 3145 Domini
2299 3110 2395 3146 no-

811 3189 907 3243 stri
930 3187 1055 3242 Jcsu
1088 3188 1286 3241 Christi
1311 3202 1515 3240 servus.

884 3281 1238 3335 Dccrevcmm
1277 3280 1493 3348 quidem
1522 3280 1669 3343 olim,
1703 3279 1896 3334 fratres
1918 3279 2240 3339 charissimi,
2276 3294 2398 3347 gra-

810 3372 1156 3426 vissimorum
1201 3371 1330 3423 mihi
1382 3369 1699 3423 delictorum
1734 3372 1988 3425 conscius
2039 3372 2267 3439 patriam
2300 3384 2395 3437 pa-

811 3473 1101 3532 rentesque
1141 3462 1463 3528 relinquere,
1500 3470 1554 3513 et
1603 3461 1652 3513 in
1696 3462 1912 3529 aliquod
1936 3477 2020 3514 me
2043 3460 2290 3515 conferre
2315 3475 2397 3513 se-

812 3564 1063 3615 cretum,
1122 3553 1209 3607 ubi
1274 3567 1303 3605 a
1366 3552 1707 3605 satcularium
1776 3553 2110 3621 negotiorum
2168 3552 2395 3621 strepitu

811 3643 1125 3699 unmimodo
1163 3658 1221 3699 se
1244 3652 1567 3711 ptestratus,
1604 3643 1653 3694 in
1684 3642 2071 3710 omnipotentis
2108 3641 2198 3696 Dei
2232 3642 2398 3695 servi-

811 3737 885 3789 tio
910 3750 1083 3789 rerum
1118 3734 1494 3802 transigerem.
1546 3741 1766 3800 peccata
1816 3747 1933 3785 mea
1980 3732 2183 3802 jugiter
2217 3731 2395 3799 deplo-

816 3840 967 3888 rans,
1002 3834 1057 3879 et
1091 3824 1343 3879 continua
1387 3822 1721 3894 pteuitentia:
1764 3821 2134 3876 satisfactione
2162 3821 2399 3875 clemen-

815 3917 1082 3971 tissimum
1143 3916 1425 3968 Dominum
1486 3922 1540 3967 et
1593 3912 1828 3980 judicem
1892 3912 2267 3965 universorum
2335 3912 2398 3964 ad

812 4009 1176 4063 miserendmn
1210 4008 1463 4061 invitans.
1494 4006 1764 4072 Quantum
1812 4012 1990 4058 autem
2030 4004 2155 4058 huic
2181 4004 2400 4057 decreto

809 4100 1107 4154 voluntatis
1156 4100 1634 4154 nte:e.reverendtc
1680 4098 1954 4150 memoria:
1984 4097 2213 4150 domnus
2250 4096 2399 4151 Gise-

2426 2823 2467 2878 Α
2505 2820 2814 2872 monasterii
2875 2819 3131 2872 fabricam
3192 2830 3360 2874 totmn
3418 2835 3475 2874 se
3530 2824 3822 2887 transtulit,
3877 2825 4081 2880 indulta

2504 2910 2631 2962 mihi
2662 2910 2799 2963 bono
2829 2911 3010 2964 animo
3041 2910 3255 2965 licentia
3283 2912 3604 2966 monachum
3639 2916 3942 2983 prolitondi.
3974 2916 4079 2970 Nec

2503 3001 2588 3052 diu
2620 3011 2879 3062 moratus,
2908 3001 2996 3053 ubi
3019 3002 3325 3070 prosperari
3359 3002 3409 3054 in
3443 3003 3688 3057 manibus
3717 3006 3829 3059 suis
3848 3018 4083 3074 emptum

2500 3106 2634 3158 opus
2665 3089 2891 3143 Domino
2936 3100 3261 3159 cooperante
3309 3093 3607 3160 perspexit,
3639 3095 3787 3147 omni
3839 3096 3967 3149 mihi
4006 3098 4083 3149 in-

2501 3180 2695 3231 stantia
2741 3181 2905 3248 caipit
2952 3179 3321 3234 imminerent
3371 3183 3533 3235 totius
3561 3182 3660 3235 loci
3692 3198 3876 3237 curam
3916 3187 4088 3239 susci-

2502 3284 2705 3337 perem,
2728 3279 2783 3321 et
2815 3270 2865 3320 in
2892 3269 3164 3322 lucrandis
3203 3270 3312 3323 Deo
3355 3271 3639 3325 animabus
3669 3271 3958 3327 sollicitum
4002 3290 4090 3326 me

2504 3360 2824 3429 vigilemque
2869 3361 3186 3428 prteherem.
3242 3360 3579 3431 Repugnanti
3626 3362 3805 3431 itaque
3836 3364 3988 3428 mihi,
4036 3376 4089 3417 et

2500 3454 2709 3522 pondus
2738 3453 3014 3522 regiminis
3042 3467 3146 3505 nor.
3190 3454 3428 3522 segniter
3469 3452 3776 3524 refugienti,
3809 3470 3874 3508 eo
3916 3470 4087 3524 usque

2502 3545 2693 3599 institit
2724 3553 2779 3598 et
2810 3544 3181 3598 irrevocabilis
3213 3544 3432 3610 mansit,
3464 3553 3521 3597 ut
3548 3544 3690 3597 nulla
3736 3559 3766 3597 a
3813 3559 3899 3597 me
3928 3560 4090 3599 excu-

2502 3638 2711 3690 satione
2738 3646 2989 3705 suscepta
3020 3635 3119 3689 sub
3161 3636 3326 3690 divini
3360 3651 3417 3690 se
3449 3636 3680 3698 nominis
3727 3636 4090 3693 obtestatione

2503 3730 2923 3799 constringeret,
2955 3729 3096 3797 quod
3144 3730 3246 3783 nisi
3275 3744 3341 3784 eo
3372 3731 3457 3784 die
3488 3731 3778 3786 voluntatis
3806 3731 3923 3800 ejus
3947 3734 4091 3787 arbi-

2504 3819 2607 3871 trio
2645 3833 2729 3871 me
2773 3820 3187 3883 committerem,
3217 3830 3275 3873 ut
3330 3820 3569 3875 subirem
3608 3823 3875 3877 sarcinam
3921 3839 4084 3894 quam

2496 3906 2735 3975 jubebat,
2767 3910 2882 3962 sine
2905 3909 3081 3979 aliqua
3114 3911 3368 3966 dilatione
3386 3912 3676 3968 eliminatis
3690 3915 4082 3985 hinchisipsis,

2502 4002 2593 4069 qui
2640 4002 2795 4069 pauci
2845 4002 3130 4055 admodum
3181 4003 3537 4070 trahebantur,
3589 4008 3894 4071 monachis,
3930 4022 4092 4061 cano-

2505 4092 2659 4150 nicis.
2692 4104 2827 4159 quos
2850 4090 2959 4158 jam
2992 4092 3057 4145 ad
3079 4092 3179 4145 hoc
3201 4104 3621 4162 praeparaverat,
3650 4095 3824 4149 locum
3853 4097 4093 4152 traderet

808 4192 1065 4261 prandus,
1117 4190 1206 4243 illo
1243 4199 1368 4243 tunc
1402 4198 1643 4258 tempore
1691 4196 1875 4240 noster
1909 4186 2217 4255 episcopus,
2268 4195 2323 4239 et
2352 4186 2399 4238 vi
2438 4170 2476 4223 Β
2508 4182 2867 4236 incolendum.
2903 4178 3124 4253 Suscepi
3157 4184 3341 4253 itaque
3391 4182 3898 4243 inflrmis'lmmeris
3927 4204 4094 4259 grave

811 4295 866 4341 et
894 4284 1219 4339 auctoritate
1250 4282 1545 4346 restiterit,
1570 4296 1675 4334 non
1703 4280 1913 4333 habetis
1939 4280 2287 4347 incognitum,
2315 4292 2402 4331 as-

811 4392 1002 4437 serens
1025 4391 1129 4429 non
1159 4390 1279 4428 esse
1308 4374 1625 4427 canonicum
1649 4380 1727 4437 ut,
1753 4371 1933 4425 relicta
1956 4370 2193 4425 Ecclesia
2222 4369 2273 4422 in
2296 4382 2400 4436 qua

812 4468 1407 4524 nutritusetordinatus
1424 4464 1654 4527 fueram,
1691 4479 1812 4518 meo
1842 4463 2068 4516 arbitrio
2102 4460 2206 4514 alio
2232 4458 2402 4513 demi—

809 4575 1047 4631 grarem,
1065 4574 1123 4613 se
1138 4573 1265 4612 vero
1281 4572 1553 4627 nunquam
1572 4556 1699 4610 mihi
1716 4557 1781 4609 ad
1799 4556 1899 4608 ista
1916 4552 2264 4623 pra-biturum
2284 4564 2404 4604 esse

810 4666 1161 4707 consensum.
1180 4648 1488 4703 Prmserlim
1503 4663 1623 4701 cum
1635 4648 1747 4717 jam
1764 4646 1878 4714 ipse
1892 4642 2190 4699 decreverit
2207 4642 2258 4695 in
2282 4655 2404 4708 pro-

809 4744 925 4814 pria
946 4742 1210 4805 Ecclesia,
1234 4741 1322 4795 ubi
1345 4740 1641 4795 beatissimi
1668 4738 1921 4807 martyris
1946 4735 2193 4789 Martiani
2211 4746 2405 4802 corpus

812 4839 1093 4888 humatum
1126 4831 1377 4901 quiescit,
1428 4829 1815 4885 monasterium
1846 4835 2181 4889 construere,
2214 4824 2265 4876 in
2296 4837 2403 4891 quo

810 4928 857 4979 si
881 4923 1195 4980 omnimodo
1221 4932 1519 4977 statueram
1548 4928 1761 4975 mutare
1793 4916 2146 4987 propositum,
2191 4922 2245 4968 et
2280 4912 2400 4966 soli-

811 5020 943 5073 tudo
970 5018 1099 5072 mihi
1142 5032 1245 5071 non
1280 5016 1510 5077 deesset,
1543 5024 1598 5067 et
1627 5012 1692 5066 ad
1727 5010 2067 5066 serviendum
2110 5008 2219 5060 Deo
2248 5006 2402 5074 juxta

810 5109 1025 5165 libitum
1056 5117 1250 5163 cuncta
1279 5112 1648 5177 suppeterent.
1699 5101 1871 5169 Quam
1917 5116 2017 5170 ego
2056 5095 2407 5167 pollicitatio-

812 5216 936 5255 nem
990 5214 1090 5271 pro
1145 5214 1265 5253 mea
1317 5208 1447 5252 tunc
1493 5195 1761 5264 imperitia
1812 5207 1953 5261 a'gre
2004 5189 2237 5257 suscepi,
2278 5186 2402 5256 quia

1888 5284 1940 5314 .Ιῖ
1975 5282 2227 5314 Ιοηιηηπιῖο
2256 5280 2404 5316 νίιῖο-

1523 5303 1543 5310 ι
1577 5284 1779 5312 -ΑισιιΙίιση

2507 4273 2714 4341 pondus
2765 4273 3065 4343 regiminis,
3120 4282 3175 4328 et
3219 4275 3383 4328 nimia
3421 4277 3745 4333 necessitate
3786 4279 4095 4350 compulsus

2507 4364 2648 4416 illius
2699 4362 3052 4432 professionis
3096 4365 3350 4433 magister
3401 4365 3574 4419 factus
3626 4382 3765 4430 sum,
3798 4368 3952 4436 cujus
3981 4385 4092 4423 non

2509 4452 2713 4507 fueram
2763 4464 2887 4508 ante
2920 4454 3232 4523 discipulus.
3273 4439 3703 4525 Dispensationis
3746 4458 3912 4529 igitur
3959 4460 4092 4516 mihi

2507 4544 2561 4597 in
2589 4558 2681 4597 vos
2713 4544 2930 4597 creditae
2958 4560 3023 4598 ex
3051 4560 3114 4597 eo
3148 4554 3273 4598 tunc
3304 4555 3543 4614 tempore
3573 4546 3720 4601 curis
3746 4547 4095 4602 mordacissi-

2508 4637 2610 4689 mis
2655 4644 2973 4704 occupatus,
3023 4638 3146 4690 dum
3195 4636 3415 4690 utilitati
3462 4648 3656 4691 vestrae
3697 4638 3987 4707 plurimum
4012 4641 4095 4694 in-

2510 4728 2687 4793 tendo,
2720 4738 2774 4781 ct
2814 4742 2933 4796 qua:
2963 4728 3301 4798 potissimum
3350 4728 3502 4782 vobis
3531 4730 3844 4795 expediunt,
3879 4746 4092 4786 mecum

2506 4820 2619 4887 ipse
2647 4828 2941 4888 pertracto,
2967 4819 3206 4872 occurrit
3235 4820 3417 4872 animo
3446 4820 3512 4873 de
3556 4820 3817 4875 Dominici
3850 4824 4096 4890 corporis

2508 4904 2565 4964 et
2587 4910 2866 4978 sanguinis
2891 4918 3236 4963 sacramento
3262 4910 3523 4963 mellitum
3549 4910 3701 4965 vobis
3727 4921 3890 4981 atque
3930 4909 4094 4965 ﬂoru-

2508 5000 2727 5060 lentum,
2747 5000 3021 5067 sacrisque
3035 4999 3477 5067 promistionibus
3510 5000 3689 5055 sobrie
3712 5010 4092 5071 temperatum,

2508 5092 2756 5161 poculum
2796 5106 2893 5160 pro
2941 5092 3045 5144 mei
3095 5091 3290 5159 ingenii
3324 5100 3641 5160 paupertate
3681 5092 3912 5156 efﬁcere,
3947 5096 4089 5163 quod

2508 5183 2778 5239 dilectioni
2807 5192 2998 5236 vestrae
3027 5191 3083 5235 et
3109 5181 3368 5250 voluptati
3392 5184 3462 5235 sit
3486 5191 3539 5233 et
3568 5182 3747 5235 saluti.
3770 5182 4095 5237 Sanctorum

2510 5276 2773 5316 cinnitlnm
2810 5276 3027 5316 patrum
3058 5273 3257 5316 ser-ints
3290 5272 3517 5316 lectimm
3554 5288 3898 5316 norem-rene
3930 5283 3984 5316 et
4012 5275 4094 5316 in-
