4516 5500
409 362 513 417 375

1231 370 1426 426 LIBER
1471 370 1555 423 DE
1596 363 1915 424 CORPORE
1958 360 2040 413 ET
2086 364 2427 421 SAXGL'INE
2462 370 2750 423 CIlIiISTI.

3573 365 3673 416 374

409 491 549 542 ceat,
584 492 637 535 ct
664 498 724 534 ex
754 484 833 536 sui
869 486 1131 551 parvitate
1160 486 1511 555 complaceat.
1542 484 1781 537 Imitatus
1806 482 1857 534 in
1881 480 1982 533 hoc
2011 481 2058 540 Δ
2091 496 2248 539 nunc,
2291 492 2344 534 et
2385 497 2617 549 semper,
2670 490 2723 533 et
2775 479 2825 530 iu
2863 492 3039 531 omnia
3087 474 3279 527 smeula
3329 474 3670 526 sau‘nlaruau.

410 572 669 640 epuscdlo
690 572 1405 646 PaschasiumRatbertum,
1436 575 1523 645 qui
1557 576 1621 628 dc
1662 575 1761 627 hac
1792 569 1980 625 eadem
2086 572 2279 625 Amen.

414 677 472 716 re
507 662 742 717 Placidio
768 666 977 719 cuidam
1017 683 1114 721 suo
1143 667 1405 735 discipqu
1444 666 1679 719 libellum
1716 662 1985 717 luculento

412 766 664 807 sermone
690 757 1007 825 composuit,
1041 758 1252 811 eosdem
1282 758 1392 826 ipse
1416 772 1550 825 quos
1571 766 1623 809 et
1645 770 1743 824 ego
1770 761 1986 807 secutus

414 852 685 907 auctores,
736 845 1076 901 beatissimos
1129 849 1333 901 scilicet
1388 848 1596 901 Domini
1659 845 1985 903 sacerdotes,

413 936 777 1006 Cyprianum,
832 940 1122 1006 Hilarium,
1173 942 1547 1004 Ambrosium,
1613 937 1987 1008 Augustinum,

412 1027 758 1097 Gregorium,
804 1029 1088 1097 Joannem,
1132 1032 1414 1096 Isidorum,
1468 1032 1692 1095 lsitium,
1729 1028 1991 1097 Ilicrony-

414 1136 561 1173 mum
584 1130 635 1175 ct
656 1120 871 1177 Bedam.
891 1123 963 1177 De
986 1139 1212 1192 quorum
1235 1125 1475 1178 onmium
1500 1122 1712 1192 scriptis
1732 1120 1992 1185 quosdam

412 1212 808 1265 sententiarum
857 1213 1221 1282 decerpsimus
1250 1215 1431 1277 liores,
1486 1227 1659 1266 causa:
1704 1210 1857 1263 vaIJe
1897 1222 1991 1260 ne-

413 1301 704 1363 cessarios,
740 1302 791 1355 id
824 1312 902 1356 cst
928 1302 1187 1358 Dominici
1218 1304 1461 1373 corporis
1483 1312 1537 1357 et
1565 1301 1841 1371 sanguinis
1869 1314 1993 1353 sua-

415 1389 693 1443 vissimum
722 1393 943 1446 odorem
970 1394 1304 1449 exhalantes.
1338 1394 1507 1463 Ipsius
1559 1408 1684 1447 vero
1723 1390 1995 1445 Paschasii

414 1478 654 1531 libellum
680 1489 848 1535 totum
877 1498 1032 1552 pene,
1068 1483 1207 1538 sicut
1235 1485 1556 1547 invenimus,
1582 1482 1655 1535 ita
1679 1481 1730 1534 in
1756 1489 1994 1535 nostrum

416 1573 809 1639 transtulimus,
844 1593 1058 1631 sensum
1088 1578 1203 1649 ejus
1250 1579 1426 1648 potius
1464 1580 1513 1631 in
1562 1577 1829 1647 aliquibus
1867 1576 1997 1631 locis

416 1678 581 1728 quam
608 1666 767 1719 verba
799 1678 1104 1736 sequentes,
1128 1678 1179 1723 et
1202 1668 1464 1737 superflua
1490 1684 1715 1738 qumque
1741 1669 1994 1721 vitantes.

420 1755 494 1809 L‘t
526 1771 704 1811 autem
750 1762 885 1814 tanti
921 1762 1162 1830 mysterii
1196 1763 1368 1832 gratia
1406 1761 1660 1831 liquidius
1706 1771 1759 1814 et
1814 1760 1999 1829 purius

418 1849 615 1901 vestris
659 1850 930 1905 mentibus
969 1852 1154 1906 favore
1199 1851 1429 1920 Spiritus
1458 1856 1629 1907 sancti
1661 1850 1999 1906 commende-

418 1948 533 2001 tur,
568 1942 946 1995 miraculorum
979 1944 1189 2011 copiam
1224 1942 1467 2013 congessi
1491 1983 1505 2005 ,
1538 1957 1657 2011 qua:
1688 1942 1889 1996 sanctis
1938 1956 1999 1995 ac

416 2029 766 2099 diligentibus
797 2050 852 2087 se
900 2034 1024 2088 olim
1059 2035 1318 2090 Dominus
1361 2035 1600 2089 revelare
1644 2036 1892 2104 dignatus
1921 2041 2002 2086 cst

416 2123 488 2174 ad
516 2121 724 2177 laudem
750 2134 801 2178 et
825 2125 1050 2193 gloriam
1089 2142 1262 2188 suam,
1302 2134 1358 2178 ut
1402 2126 1712 2179 ostenderet
1748 2125 1876 2195 quid
1925 2125 2003 2178 eis

418 2216 805 2280 [ircharavcrit
845 2216 897 2269 in
947 2217 1117 2279 cwlis,
1161 2216 1357 2285 quibus
1390 2226 1596 2269 tantum
1650 2231 1841 2269 munus
1874 2215 1999 2269 reli—

418 2305 540 2370 quit
592 2305 645 2357 in
680 2306 856 2359 terris.
910 2304 1079 2360 Simul
1122 2307 1286 2360 ctiatn
1330 2306 1457 2360 illud
1504 2306 1811 2368 attendens,
1865 2307 2001 2360 utsi

417 2396 615 2463 quibus
639 2396 773 2450 forte
800 2398 881 2451 ch
926 2408 1146 2468 propter
1173 2399 1483 2454 tarditatem
1512 2414 1723 2463 sensus,
1769 2398 1851 2453 vel
1883 2414 2004 2468 pro-

418 2494 544 2551 pter
584 2485 886 2539 litterarum
936 2488 1258 2556 imperitiam
1302 2488 1687 2558 redemptionis
1719 2485 1878 2554 hujus
1919 2502 2005 2541 Sa-

419 2586 761 2631 cramentum
811 2595 877 2633 cx
925 2578 1146 2633 Patrum
1196 2582 1417 2651 scriptis
1470 2598 1576 2637 non
1637 2582 1835 2652 poterit
1887 2597 2004 2636 csse

420 2673 788 2739 perspicuum,
820 2673 1095 2742 signorum
1143 2673 1236 2727 fiat
1271 2674 1600 2729 revelationc
1636 2672 2001 2729 manifestum.

420 2765 538 2828 Qua
567 2777 691 2816 vero
720 2766 1025 2817 reverentia
1058 2779 1232 2833 quove
1275 2765 1466 2818 timore
1498 2780 1653 2819 sacro
1701 2764 1853 2818 altari
1908 2764 2004 2817 de-

420 2856 598 2907 beatis
627 2854 899 2916 aSsistere,
952 2856 1419 2924 participationem
1465 2864 1626 2909 tantm
1653 2855 1841 2925 gratiae
1864 2871 2002 2924 prae-

420 2943 703 3007 stolanlcs,
754 2960 820 2998 ne
876 2943 1035 3008 forte,
1087 2946 1227 3014 quod
1276 2946 1434 3010 absit,
1483 2944 2007 2998 communicantihus

421 3042 665 3088 vertatur
696 3034 747 3087 in
797 3035 1088 3103 perniciem
1122 3021 1269 3102 quod
1303 3049 1515 3088 sumere
1546 3034 1739 3103 cupitis
1776 3033 1841 3086 ad
1871 3016 2005 3086 salu-

425 3132 566 3186 tem;
596 3122 776 3176 libello
806 3123 931 3177 lmic
969 3133 1227 3192 quantum
1264 3124 1409 3191 potui
1458 3124 1698 3178 studiose
1748 3122 2001 3183 adnexui,

426 3222 488 3263 ut
520 3214 573 3264 in
599 3213 851 3266 onmibus
879 3213 985 3266 Deo
1016 3213 1307 3282 placentes,
1346 3222 1399 3267 et
1438 3228 1537 3281 ego
1583 3229 1647 3268 ex
1676 3223 1855 3267 vestro
1885 3229 2005 3283 pro-

424 3311 602 3363 \crtu,
659 3314 714 3355 ct
760 3319 825 3356 ex
884 3319 1002 3357 meo
1052 3318 1146 3357 vos
1204 3304 1386 3357 labore
1444 3312 1606 3372 atque
1656 3304 2012 3357 sollicitudine

428 3392 851 3449 misericordiam
909 3395 1148 3449 invenire
1200 3396 1475 3450 valeamus
1529 3396 1581 3449 in
1642 3396 1726 3450 die
1779 3395 2009 3449 Domini.

424 3482 666 3551 Accipite
722 3485 902 3554 igitur,
960 3484 1153 3541 fratres
1179 3486 1508 3550 charissimi,
1546 3501 1610 3540 eo
1640 3501 1745 3554 quo
1773 3485 2013 3540 defertur

427 3574 620 3630 affectu
678 3577 1046 3646 qualecunque
1094 3580 1375 3649 parvitatis
1429 3593 1562 3633 mea:
1612 3578 2009 3641 munusculum,

429 3684 530 3722 nec
558 3685 625 3723 cx
668 3686 784 3724 mea
835 3673 983 3726 vobis
1032 3672 1335 3726 humilitate
1366 3671 1611 3735 vilescat,
1638 3671 1778 3739 quod
1827 3683 1891 3722 ex
1930 3669 2012 3722 sui

430 3772 625 3813 sensus
652 3761 978 3813 continentia
1010 3760 1299 3830 gloriosum
1329 3768 1411 3813 est
1455 3768 1616 3828 atque
1662 3758 2010 3827 prtcclarum;

432 3865 539 3901 non
567 3850 708 3903 enim
736 3851 849 3904 sine
874 3851 1110 3921 periculo
1152 3851 1347 3921 poterit
1394 3867 1425 3904 a
1476 3851 1685 3921 legente
1715 3849 2009 3913 contemni,

432 3939 557 4007 quia
588 3940 689 3993 etsi
717 3942 895 3994 minus
920 3942 1079 3995 habet
1108 3942 1309 4010 aliquid
1338 3944 1388 3995 in
1412 3942 1645 4011 eloquio,
1675 3943 1804 3995 nihil
1835 3953 2011 3996 tamen

432 4030 781 4098 praistantius
810 4044 929 4084 esse
970 4039 1142 4099 potest
1177 4032 1228 4084 in
1274 4031 1522 4093 materia,
1572 4047 1678 4099 qua
1711 4032 1869 4101 digne
1896 4048 2012 4085 crc-

432 4120 688 4174 dentibus
740 4120 847 4174 vita
898 4129 1187 4190 praastatur
1242 4120 1663 4190 incorruptibilis
1693 4128 1746 4174 ct
1787 4130 2009 4174 (eterna.

433 4208 546 4263 Nec
594 4210 1014 4278 parvipendatis,
1066 4210 1314 4274 obsecro,
1369 4211 1597 4281 gratiam
1654 4211 1887 4275 Domini,
1920 4212 2010 4266 sed

433 4300 502 4354 de
535 4298 651 4368 ejus
679 4298 907 4355 lectione
956 4300 1234 4371 intelligite
1272 4309 1474 4369 quanta
1526 4302 1597 4355 sit
1647 4301 1816 4355 virtus
1848 4301 2012 4355 vitam

433 4400 696 4444 :cternam
748 4391 801 4445 in
853 4392 1012 4445 terris
1059 4392 1306 4461 accipere
1362 4391 1727 4462 augelicisque
1787 4391 2015 4460 dapibus

2618 641 2839 705 lfxplicit
2873 638 3137 705 profugus.

2305 770 2568 808 ιδεηηυκτ
2608 769 2870 808 εΑΡιτῑιλ
2930 763 3214 811 θνρυεκτηε
3252 762 3453 800 ονεηιε

2091 869 2125 923 1.
2162 868 2309 933 Quod
2341 870 2570 921 humana
2605 858 3234 933 infirmitasnonfacile
3274 858 3464 933 debeat
3494 858 3671 933 divina

2166 927 2455 993 disrutere.
2482 953 2545 991 cx
2574 936 2708 989 libro
2732 933 2871 988 beati
2900 930 3085 984 Ililarii
3115 928 3349 997 episcopi
3381 938 3432 979 ct
3464 927 3675 981 confes-

2168 1010 2306 1062 soris
2328 1010 2391 1060 de
2420 1007 2709 1061 Trinitate.

2096 1080 2156 1134 ll.
2184 1079 2256 1131 De
2286 1077 2544 1131 Dominici
2576 1075 2818 1142 corporis
2844 1073 3069 1142 origine.

2097 1150 2179 1203 lll.
2221 1148 2296 1201 De
2326 1148 2602 1199 nativilale
2633 1145 2725 1198 Dci
2758 1144 2875 1197 Filii
2905 1158 2968 1195 ex
3001 1141 3177 1192 Patre.

2098 1218 2184 1273 IV.
2212 1217 2363 1283 Quod
2394 1216 2579 1272 formis
2605 1230 2745 1282 schc
2772 1210 3224 1283 comparabilibus
3263 1207 3579 1260 erudiamur
3611 1204 3675 1258 ad

2174 1286 2515 1355 intelligenda
2557 1286 2756 1339 divina.

2103 1360 2164 1412 V.
2210 1358 2281 1411 De
2314 1358 2404 1410 Dei
2433 1356 2608 1409 Patris
2636 1355 2953 1407 substantia.

2101 1430 2187 1483 Vl.
2223 1429 2296 1481 De
2326 1427 2604 1479 nativitatc
2632 1424 2752 1478 Filii
2788 1424 2876 1476 Dei
2907 1438 2973 1476 ex
3000 1418 3176 1471 Patre.

2102 1500 2209 1552 \‘ll.
2244 1498 2315 1552 De
2345 1496 2460 1551 Filii
2491 1496 2580 1550 Dei
2611 1495 2957 1565 generatione
2984 1506 3048 1543 ex
3085 1498 3272 1540 matre.

2106 1569 2233 1624 VIII.
2256 1568 2537 1621 Dominum
2566 1561 2806 1619 nostrum
2830 1561 2877 1615 J.
2902 1562 2961 1615 C.
2991 1574 3088 1627 per
3111 1566 3435 1623 assumptam
3458 1568 3674 1627 carnem

2177 1638 2491 1692 naturaliter
2517 1650 2733 1689 manere
2764 1635 2813 1685 in
2844 1624 3014 1693 nobis,
3066 1637 3119 1680 ct
3146 1642 3243 1679 nos
3268 1641 3361 1693 per
3384 1624 3679 1692 perceptio-

2178 1725 2295 1762 nem
2322 1705 2584 1773 corporis,
2616 1715 2670 1758 et
2704 1702 2979 1771 sanguinis
3009 1698 3123 1765 ejus
3151 1710 3369 1749 manere
3408 1696 3459 1747 in
3488 1694 3585 1748 co.‘

2104 1781 2193 1834 lX.
2229 1772 2481 1833 Ecclesiae
2510 1776 2639 1828 fides
2665 1772 2950 1826 catholica.

2106 1850 2169 1903 X.
2198 1848 2307 1901 Nec
2327 1845 2702 1901 confidendum
2737 1842 2788 1895 in
2826 1842 3060 1895 humana
3093 1837 3394 1907 prudentia.

2106 1920 2195 1974 XI.
2229 1918 2301 1970 De
2325 1918 2417 1969 Dei
2452 1916 2649 1968 Verbo.

2110 1989 2215 2042 XII.
2245 1985 2499 2055 Cypriani
2537 1979 3009 2055 assertio_v_era_de
3039 1978 3164 2031 Deo.

2104 2058 2237 2113 XIII.
2270 2049 2553 2124 Augustini
2590 2056 2654 2107 de
2691 2052 2781 2124 Dei
2820 2049 3013 2103 Verbo.

2108 2112 2241 2183 XIV.
2272 2112 2470 2180 CliFisti
2514 2122 2944 2177 communionem
3001 2131 3185 2170 verum
3239 2128 3433 2182 corpus
3478 2112 3593 2180 ejus
3629 2123 3685 2165 et

2175 2197 2488 2264 sanguinem
2519 2208 2625 2246 non
2654 2207 2773 2245 esse
2796 2188 3173 2264 dubitamlum.

2106 2251 2220 2322 XV.
2276 2251 2428 2332 Quod
2476 2266 2577 2318 ltoc
2627 2260 2943 2330 mysterium
3000 2255 3201 2311 Christi
3261 2252 3439 2307 nullus
3493 2251 3685 2305 debeat

2180 2350 2442 2390 ιαηυτατο.

2582 2409 2918 2457 sacramenta
2954 2397 3033 2451 vel
3066 2409 3233 2470 quare
3266 2392 3539 2470 dicantur.

2108 2476 2266 2532 XVII.
2288 2462 2491 2529 "Utrum
2523 2474 2623 2527 sub
2661 2472 2853 2539 ﬁgura,
2885 2485 2952 2522 an
2986 2462 3237 2529 veritate,
3266 2465 3368 2518 hoc
3398 2462 3685 2531 mysticum

2179 2546 2361 2601 calicis
2386 2546 2479 2598 fiat
2504 2549 2924 2597 sacramentum.

2108 2616 2291 2672 XVIII.
2316 2616 2454 2683 Quid
2484 2612 2695 2667 intersit
2723 2611 2862 2683 inter
2890 2605 3283 2662 immolationes
3312 2612 3521 2683 veteres
3552 2602 3683 2681 [ἰκμτ

2180 2671 2373 2754 νίὶείιυῖε
2404 2683 2675 2752 legalium,
2707 2680 2936 2754 etintcr
2977 2684 3378 2731 sacramentum
3426 2671 3684 2724 Dominici

2179 2752 2424 2825 corporis
2456 2764 2510 2825 et
2539 2752 2835 2825 sanguinis.

2110 2828 2247 2882 XIX.
2280 2812 2423 2901 Quid
2472 2812 2740 2901 5“deng
2786 2819 2852 2871 ad
2893 2818 3061 2871 vitam
3102 2812 3376 2883 percipere
3411 2825 3605 2880 corpus
3635 2820 3689 2861 ct

2180 2890 2498 2962 sanguinem
2528 2890 2752 2962 Christi.

2108 2968 2225 3021 XX.
2264 2951 2469 3031 Quibus
2495 2962 2666 3015 modis
2696 2960 2889 3013 dicitur
2918 2970 3114 3031 corpus
3141 2951 3361 3031 Christi.

2110 3038 2250 3091 XXI.
2276 3021 2443 3102 ~Quod
2473 3034 2523 3085 in
2554 3021 3058 3102 hacicommunion'e
3086 3032 3179 3077 aut
3210 3021 3471 3092 judicium
3510 3021 3686 3091 perci-

2183 3101 2350 3171 pitur,
2377 3113 2470 3156 aut
2494 3101 2794 3171 prmmiutn.

2038 3172 2078 3231 C
2116 3163 2276 3231 XXII.
2319 3163 2456 3241 Quid
2487 3163 2708 3225 necesse
2751 3167 2930 3241 fuerit,
2959 3164 3105 3241 quod
3147 3163 3553 3241 semelgestum
3586 3170 3689 3241 est,

2192 3230 2431 3317 quotidie
2474 3241 2747 3317 Christum
2791 3230 3077 3317 immolari,
3107 3233 3198 3315 .ch
3244 3231 3372 3317 quid
3419 3230 3545 3284 boni
3598 3232 3694 3283 tri—

2190 3304 2356 3369 linanl
2386 3314 2497 3367 haec
2527 3308 2783 3381 mysteria
2817 3308 2975 3381 digne
3008 3304 3416 3381 accipientibus.

2118 3387 2299 3440 XXIII.
2368 3384 2476 3439 Cur
2516 3372 2599 3435 in'
2628 3392 2767 3449 pane
2814 3372 3036 3430 et'vino
3092 3375 3192 3427 hoc
3248 3372 3560 3441 mysterium
3602 3384 3691 3424 ce-

2187 3458 2443 3511 lehretur.

2116 3527 2300 3579 XXIV.
2343 3524 2453 3578 Cur
2488 3523 2539 3576 in
2576 3519 2743 3575 calice
2772 3532 2907 3585 aqua
2949 3516 3260 3569 misceatur.

2116 3596 2283 3651 XXV.
2330 3594 2518 3649 Utrum
2566 3592 2682 3661 plus
2731 3582 2929 3661 aliquid
2980 3586 3175 3661 habeat
3208 3584 3308 3637 hoc
3354 3582 3691 3661 mysterium.

2188 3666 2400 3736 quoties
2428 3678 2457 3715 a
2480 3651 2651 3736 bono,
2682 3674 2749 3711 an
2779 3651 3450 3736 minusquidpiamqnam
3483 3651 3697 3706 Veritas

2190 3723 2611 3806 repromittit,_s_i
2634 3746 2662 3784 a
2696 3726 2836 3806 man
2863 3723 3185 3806 conficiatur
3206 3723 3479 3803 ministro.

2119 3793 2307 3862 XXVI.
2353 3793 2568 3885 thuin
2591 3802 2705 3855 haec
2743 3797 2975 3885 colorem
3019 3804 3113 3849 aut
3142 3807 3393 3865 saporem
3425 3793 3477 3847 in
3515 3808 3699 3848 sacra-

2189 3884 2371 3931 mento
2399 3873 2619 3928 minime
2650 3875 2979 3940 permutant.

2117 3946 2329 4003 XXVII.
2374 3944 2526 4011 Quod
2557 3932 2670 3997 haec
2694 3935 3061 4011 sgepevisibili
3106 3934 3287 4011 specie
3326 3932 3697 4011 apparuerint.

2118 4016 2355 4073 XXVIII.
2384 4004 2603 4080 Quibus
2634 4004 2812 4063 verbis
2834 4008 2936 4061 hoc
2958 4006 3277 4075 mysterium
3303 4004 3646 4080 conficiatur.

2116 4087 2310 4143 XXIX.
2360 4076 2551 4142 Utrum
2589 4083 2689 4135 hoc
2716 4092 2914 4146 corpus
2942 4084 3066 4146 post
3101 4076 3568 4130 consecrationem
3608 4088 3703 4141 pa-

2191 4160 2272 4212 nis
2290 4154 2411 4223 jure
2440 4161 2603 4223 queat
2631 4146 2830 4203 vocari.

2117 4211 2308 4283 XXX:
2333 4211 2519 4281 Utru'm
2551 4221 2670 4292 plus
2700 4233 2766 4272 cx
2807 4231 2872 4272 eo
2903 4215 3099 4272 habeat
3141 4214 3230 4284 qui
3280 4215 3452 4285 majus
3490 4228 3555 4265 an
3603 4211 3695 4281 qui

2191 4299 2368 4353 minus
2394 4292 2680 4362 acceperit.

2120 4367 2312 4425 XXXI.
2355 4366 2462 4420 Cur
2486 4352 2587 4417 hoc
2613 4358 2933 4430 mysterium
2962 4366 3088 4410 ante
3132 4354 3437 4424 passionem
3462 4352 3698 4420 discipu-

2193 4441 2256 4492 lis
2286 4436 2531 4490 traditur.

434 4484 676 4553 qumidie
725 4484 983 4552 saginari'
1037 4483 1322 4550 Quonim"
1369 4484 1471 4574 tim
1511 4484 1638 4574 Pw
1701 4482 1853 4574 Ρ¹θ¹ῗ³
1892 4492 2019 4574 sum
2052 4514 2098 4574 ι)
2668 4501 2721 4555 in
2773 4498 3034 4570 sanguine
3099 4495 3293 4550 Christi
3337 4495 3700 4564 fragmentum

434 4573 640 4638 omnia,
674 4588 773 4626 nos
800 4587 1015 4642 quoque
1045 4587 1229 4626 coram
1279 4572 1450 4627 oculis
1494 4571 1688 4626 divina:
1718 4569 2018 4639 majestatis

434 4679 650 4735 semper
697 4663 1327 4734 versatnurzplutimum
1369 4672 1545 4717 tamen
1590 4679 1773 4719 coram
1820 4663 2021 4718 sanctis

436 4754 718 4820 altaribus,
762 4765 819 4809 et
856 4755 951 4809 Dei
1002 4754 1206 4809 vultum
1252 4763 1307 4809 et
1336 4755 1646 4822 angelorum
1677 4755 2022 4825 praesentiam

434 4844 727 4901 observare
772 4854 1007 4915 oportet,
1053 4854 1212 4914 atque
1245 4846 1443 4911 vereri,
1482 4847 1571 4901 ubi
1615 4855 1760 4901 tanta
1806 4856 2021 4915 tamque

434 4936 753 4993 excellentia
811 4936 967 4992 nobis
1016 4939 1162 4993 verbi
1213 4939 1305 4994 Dei
1350 4939 1548 4993 virtute
1606 4949 1769 5010 atque
1797 4940 2020 4993 misera—

426 5043 585 5094 tione
633 5048 980 5108 praastantur,
1035 5049 1233 5109 quanta
1294 5039 1470 5094 nullus
1515 5042 1788 5095 hominum
1841 5039 2016 5108 eloqui

424 5149 629 5210 jotest.
658 5141 779 5213 Ipse
810 5149 989 5193 autem
1014 5139 1154 5195 Deus
1185 5150 1236 5195 et
1262 5140 1520 5196 Dominus
1551 5152 1734 5198 noster
1765 5141 2014 5201 Verbum,

431 5242 618 5296 \‘irtus
664 5251 721 5299 et
772 5241 1053 5308 Sapientia
1097 5240 1272 5296 Patris
1322 5241 1460 5294 hanc
1491 5245 1737 5298 eamdem
1768 5242 2015 5310 gratiam,

427 5358 591 5410 quam
616 5340 903 5415 praestitit,
945 5351 1223 5397 conservet
1249 5341 1405 5396 simul
1437 5353 1493 5396 et
1524 5355 1734 5402 tueatur
1762 5344 1811 5397 in
1845 5343 2015 5403 nobis,

430 5457 486 5500 et
517 5450 710 5500 oculos-
775 5460 921 5500 auos
975 5447 1120 5500 vobis
1174 5448 1383 5500 aperire
1424 5443 1536 5500 iam
1592 5450 1774 5500 cmnit.
1811 5446 2014 5500 plenius

2194 4576 2437 4644 corporis
2471 4572 2818 4627 admiscetur.

2123 4635 2359 4704 XXXIII.
2401 4645 2579 4712 Quare
2630 4640 2957 4712 generaliter
2997 4654 3139 4712 nunc
3189 4655 3215 4690 a
3258 4635 3712 4712 jejunissmyste-

2197 4720 2331 4772 rium
2354 4703 2523 4771 sacra:
2545 4703 2941 4768 communionis
2962 4703 3287 4771 celebratur,
3304 4722 3426 4762 cmn
3450 4703 3711 4757 Dominus

2196 4798 2555 4863 postcmAnam
2586 4780 2854 4863 apostolis.
2873 4780 2975 4863 hoc
2998 4778 3238 4863 tradidit.

2128 4841 2367 4916 XXXIV.
2406 4854 2545 4922 Quid
2593 4841 2682 4916 sit,
2714 4850 2856 4919 quod
2903 4848 3164 4922 Dominus
3217 4848 3335 4922 ait:
3374 4841 3496 4922 Non
3537 4842 3718 4893 bibam

2200 4930 2388 4983 amodo
2416 4914 2478 4980 de
2500 4926 2597 4978 Itoc
2624 4914 2879 4988 geni-mine
2910 4919 3044 4983 uilis,
3068 4919 3227 4971 donec
3253 4917 3382 4969 illud
3412 4914 3583 4966 bibam
3621 4928 3715 4964 no-

2426 5012 2583 5065 regno
2618 4980 2794 5065 Patris
2820 4989 2981 5065 m_ei._
3032 4980 3051 5065 ⁷-
3129 5060 3139 5065 _
3392 5062 3401 5065 _
3474 5053 3484 5062 .
3572 5049 3581 5059 .

2128 5053 2345 5129 XXXV.
2384 5068 2441 5121 Si
2472 5053 2583 5120 ulla
2610 5060 2909 5121 diﬂ'ercntia
2940 5058 3013 5111 sit
3043 5058 3094 5110 in
3129 5060 3228 5112 hoc
3267 5072 3345 5125 my
3360 5053 3525 5109 sterio
3566 5053 3727 5117 justo

2199 5151 2252 5195 et
2287 5137 2574 5195 omniteuti
2617 5129 2975 5192 reconciliato.

2606 5187 2762 5276 digne
2796 5198 2885 5276 vel
2910 5197 3128 5276 indigne
3160 5187 3729 5276 sntitciitibus_potiii-

2202 5262 2315 5337 dicit
2336 5262 2691 5345 corporiset?
2709 5266 2979 5340 sanguinis
3004 5262 3227 5345 praestet
3257 5262 3609 5345 euclia‘r‘istia.

2133 5330 2415 5408 XXXVII:
2435 5330 2598 5412 Quia
2624 5330 3047 5412 'beatus'marty'r
3071 5338 3373 5412 Cyprianus
3396 5330 3634 5412 allirmat
3668 5346 3729 5410 se

2208 5399 2483 5492 ii'iais’é'mé
2496 5399 2919 5492 cb‘niigisse_liis
2944 5399 3042 5489 qui.
3078 5399 3267 5490 poiluti
3307 5399 3735 5492 tICAlI-IDID‘II-lylji

2210 5478 2240 5500 L
2286 5478 2289 5479 ν
2352 5493 2362 5500 ι
2410 5490 2420 5500 ι
2459 5487 2470 5498 ο
2585 5478 2621 5484 -’
2674 5478 2701 5488 II
2727 5487 2737 5497 ο
2799 5490 2832 5500 -ο
2865 5497 2877 5500 -
2922 5479 3129 5500 ..ρ-.--ἶ-.ἶ-
3172 5496 3212 5500 ...
3260 5485 3493 5500 ...ι-..ΛιιΙη
3525 5478 3737 5500 Ιη11.ιι’1ὶ

3322 5485 3493 5500 ...ιιι-1η
3525 5484 3632 5500 Inll.
