4516 5500
894 408 1000 468 375

1927 404 2213 460 CEZOXIS
2250 404 2536 458 ABBATIS
2581 406 3051 465 DEIITONENSIS

4022 419 4126 472 376

964 526 1080 601 dos,
1113 520 1377 590 praecipue
1425 519 1512 574 ubi
1560 518 1987 574 Christianorum
2018 516 2321 571 celebratur
2359 520 2454 571 ob-
2483 525 2528 581 Α
2560 521 2690 573 Tant
2740 524 3008 577 modicum
3052 534 3285 595 sumptu,
3321 536 3427 582 tam
3468 527 3723 596 perfacile
3764 540 3921 601 atque
3959 550 4119 601 pura-

964 593 1111 645 latio.

893 661 1002 715 XL.
1043 661 1281 728 Qualiter
1309 658 1664 728 accedendum
1695 659 1764 711 sit
1794 658 1859 710 ad
1902 658 2161 711 Dominici
2213 658 2453 726 corporis

962 741 1014 785 et
1040 730 1317 799 sanguinis
1347 727 1590 799 mirabile
1619 739 2035 799 sacramentum.

891 800 1023 855 XLI.
1067 794 1575 853 De'revelationibns
1613 798 1805 864 quibus
1835 795 2093 849 Dominus
2125 794 2187 847 de
2225 796 2451 851 veritate

958 870 1200 938 corporis
1225 877 1280 921 et
1320 867 1593 937 sanguinis
1644 866 1723 918 sui
1761 864 2119 919 htesitantium
2152 866 2312 919 corda
2364 866 2454 919 tir-

958 955 1040 992 ma
1051 939 1141 992 vit.

886 1008 1042 1062 XLII.
1088 1007 1398 1061 Miracnhnn
1430 1004 1494 1059 de
1521 1004 1752 1073 quodam
1781 1003 1985 1059 Iudaeo.

885 1078 1063 1131 XLIII.
1101 1077 1229 1132 Item
1274 1077 1339 1129 de
1381 1070 1610 1143 quodam
1642 1088 1767 1128 sene
1813 1075 2057 1134 cremita.
2102 1070 2254 1143 cujus
2298 1073 2449 1143 dulii-

956 1149 1211 1203 tationem
1237 1142 1493 1199 Dominus
1521 1146 1705 1199 eadem
1734 1144 1975 1198 veritatis
2004 1142 2329 1197 revelatione
2359 1142 2448 1196 lir-

884 1229 1234 1349 Xliiliiiiitcm
1268 1283 1581 1338 miraculum
1614 1283 1755 1352 quod
1784 1281 1967 1335 Romae
1996 1288 2171 1334 actum
2200 1289 2303 1334 est.

883 1357 1040 1411 XLV.
1083 1358 1208 1410 Item
1249 1354 1410 1408 aliud.

883 1425 1063 1479 XLVI.
1108 1428 1180 1479 De
1221 1432 1559 1479 sacramento
1595 1420 1777 1476 calicis
1830 1420 1971 1489 quod
2032 1421 2321 1475 revelatum
2377 1421 2446 1475 sit

954 1498 1010 1547 ll.
1045 1496 1330 1566 Cypriano.

879 1559 1363 1631 XIA’II-fQualiter
1391 1564 1440 1615 in
1469 1563 1527 1615 D.
1574 1560 1636 1613 N.
1676 1560 1722 1618 .1.
1766 1559 1833 1631 C.
1866 1560 2112 1631 passione
2161 1561 2440 1629 mysticum

950 1638 1016 1690 sit
1045 1630 1248 1689 Pascha
1291 1633 1572 1695 abolitum,
1606 1641 1661 1683 et
1714 1632 1765 1683 in
1793 1630 1907 1698 ejus
1950 1630 2319 1684 immolatione
2366 1631 2439 1682 rei

948 1707 1149 1759 \eritas
1173 1705 1243 1756 sit
1270 1714 1505 1757 ostensa.

879 1775 1100 1829 XLVIII.
1146 1774 1332 1828 Utruut
1373 1770 1574 1825 l’ascha
1624 1768 1761 1821 istud
1812 1767 2103 1829 legitimum
2146 1777 2263 1835 post
2314 1768 2438 1819 anni

944 1846 1198 1913 spatium,
1217 1844 1296 1894 γυι
1325 1852 1441 1910 post
1460 1840 1623 1913 longa
1650 1836 1921 1913 intervalla
1951 1836 2181 1900 dierum,
2216 1853 2281 1888 an
2309 1853 2441 1905 quo-

947 1907 1073 1968 tidie
1104 1931 1131 1966 a
1164 1907 1405 1967 lidelibus
1427 1911 1495 1964 sit
1529 1907 1810 1962 edendum.

879 1983 1063 2039 XLIX.
1107 1984 1373 2050 Quantum
1417 1995 1585 2035 sacra:
1628 1976 1916 2050 oblationis
1959 1976 2254 2030 immolatio
2298 1992 2440 2030 mor-

955 2046 1166 2107 tuorum
1198 2051 1477 2121 spiritibus
1505 2046 1691 2121 prosit.

873 2125 934 2178 L.
979 2126 1049 2177 De
1074 2115 1304 2191 quodam
1338 2115 1601 2191 monacho
1628 2116 1717 2185 qui
1752 2128 1845 2184 per
1884 2115 2173 2170 salutarem
2211 2116 2439 2169 hostiam

944 2194 1259 2261 sapplit-ium
1288 2190 1480 2261 evasit.

875 2265 957 2317 LI.
1002 2254 1073 2316 De
1101 2262 1329 2331 quodam
1359 2258 1511 2326 cujus
1540 2255 1749 2331 vincula
1802 2254 1852 2306 in
1904 2254 2234 2323 captivitate,
2260 2254 2439 2308 oblato

940 2350 1037 2401 pro
1065 2326 1132 2385 eo
1162 2330 1442 2387 sacriﬁcio,
1477 2326 1839 2401 solveb:_tntur.

878 2393 985 2456 1.1.3.
1028 2402 1100 2454 De
1126 2402 1356 2468 quodam
1388 2407 1547 2449 nauta
1592 2395 1680 2461 qui
1715 2402 1833 2461 post
1876 2394 2027 2468 longa
2063 2393 2227 2447 maris
2251 2393 2438 2445 discri-

949 2475 1091 2526 mina
1128 2465 1391 2525 Dominici
1435 2469 1632 2519 virtute
1670 2465 1993 2517 Sacramcnti
2042 2472 2269 2516 mortem
2306 2478 2436 2516 eva-

941 2545 1029 2594 sit.

868 2613 994 2667 LIII.
1038 2611 1241 2676 Quibus
1277 2605 1569 2665 immolalio
1616 2603 1877 2658 Dominici
1925 2602 2167 2673 corporis
2212 2602 2437 2655 mortuis

957 2684 1128 2735 irosit.

867 2701 1152 2820 Ll!t"'.ozjliia
1207 2749 1674 2820 disciplina,_qna
1728 2744 1986 2797 modestia
2034 2742 2294 2820 orandum
2342 2741 2432 2801 sit,

938 2812 1081 2877 cum-
1115 2812 1366 2875 sacerdos
1418 2812 1704 2877 sacriﬁcat,
1744 2823 1797 2868 et
1836 2814 2202 2880 unusquisque
2248 2812 2297 2864 in
2338 2826 2435 2872 suo

936 2894 1124 2945 ordine
1156 2892 1340 2943 horam
1372 2902 1541 2942 sacra:
1573 2885 1965 2938 communionis
1994 2891 2289 2950 exspectat.

865 2963 973 3016 LV.
1019 2962 1154 3027 Quid
1191 2958 1493 3027 cavendum
1522 2956 1571 3008 in
1600 2955 1847 3027 oratione
1884 2954 1970 3005 sit.

865 3033 996 3086 LVI.
1030 3022 1333 3101 Cyprianus
1358 3028 1421 3079 ad
1437 3026 1651 3101 _t-lerum
1687 3023 2021 3101 deprecando
2049 3022 2235 3073 Deum.

866 3102 1016 3156 I.\II.
1060 3094 1209 3165 Quod
1244 3099 1403 3150 etiam
1437 3097 1487 3147 in
1537 3094 1789 3165 exteriori
1828 3094 1969 3144 cultu
2022 3098 2428 3144 sacrosanctum

939 3164 1142 3223 Domini
1177 3169 1344 3221 ιιιιίιιιτ
1373 3166 1672 3218 ornandum
1710 3164 1800 3215 sit.

865 3242 1037 3295 LVIII.
1080 3239 1231 3306 Quod
1265 3236 1394 3291 nihil
1424 3249 1582 3306 super
1608 3234 1778 3286 altare
1814 3230 2113 3301 ponendum
2160 3228 2247 3291 sit,
2294 3241 2432 3296 prze-

938 3324 1017 3364 tcr
1046 3305 1386 3363 sacrosancta
1426 3305 1643 3357 oblatio.

864 3381 997 3436 LIX.
1041 3379 1189 3446 Quod
1221 3392 1317 3445 pro
1350 3374 1628 3430 ltomicidis
1672 3381 1718 3426 et
1760 3369 2053 3423 latronibus
2104 3383 2207 3421 non
2233 3368 2299 3421 sit
2344 3380 2428 3418 sa-

934 3452 1149 3505 crilicatt
1162 3451 1299 3498 :lttttt.

863 3521 972 3574 LX.
1017 3520 1090 3573 De
1138 3519 1221 3570 his
1250 3516 1339 3583 qui
1390 3514 1782 3582 clecmosynam
1820 3511 2060 3564 tribuunt
2110 3516 2163 3561 et
2210 3516 2427 3575 peccata

930 3606 1035 3643 non
1068 3589 1362 3641 dimittunt.

862 3660 997 3715 LXI.
1038 3657 1367 3725 Stupemlum
1407 3652 1566 3707 nimis
1594 3653 1658 3705 de
1684 3650 1913 3725 quodam
1955 3648 2290 3725 presbytero.

861 3730 1018 3784 LXII.
1050 3715 1198 3795 Quod
1224 3724 1610 3795 qualiscunque
1636 3715 1929 3775 sacerdotis
1944 3715 2428 3795 exconitnunicatio

934 3786 1092 3852 valde.
1156 3786 1489 3850 formidanda
1524 3786 1638 3855 'sit,
1698 3804 1795 3843 nec
1841 3788 2222 3841 attendemhnn
2276 3786 2428 3852 cujus

932 3870 1109 3923 meriti
1147 3868 1234 3927 sit,
1266 3865 1356 3918 sed
1386 3864 1535 3931 cujus
1565 3854 1884 3931 auctoritate
1914 3858 2013 3911 hoc
2041 3857 2187 3931 facit,
2214 3854 2425 3931 etiamsi

932 3940 1127 4007 injusta
1161 3926 1391 4007 videtur,
1423 3926 1561 4007 quod
1603 3926 2322 4007 absit,_exc0t_nmtm.ic‘atio.'
2392 3992 2424 4003 η

861 3994 1037 4065 LXIII.
1081 3994 1551 4061 Laudabiletti—mis
1577 3999 1878 4068 exemplum
1907 3997 2121 4066 gloriosi
2142 3994 2428 4048 Theodosii

934 4076 1290 4148 imperatoris.

861 4135 1044 4205 LXIV.
1081 4148 1210 4200 Item
1241 4141 1381 4197 aliud
1413 4138 1713 4207 exemplum
1745 4137 1906 4189 nimis
1940 4135 2259 4207 pavendum.

863 4202 1019 4275 LXV.
1060 4217 1269 4283 Quanta
1310 4202 1913 4283 reverentiagepiscopali
1941 4202 2209 4283 catbedrw
2239 4202 2425 4283 sitita-

934 4274 1126 4352 hcnda,
1174 4294 1226 4339 et
1268 4288 1332 4337 de
1369 4284 1565 4337 domno
1607 4274 1764 4332 I’etro
1805 4276 2168 4330 Alexandrino
2193 4274 2427 4344 patriar-

930 4362 1051 4415 cha.

858 4413 1040 4485 LXVI.
1081 4425 1249 4493 Quam
1298 4437 1460 4494 grave
1492 4433 1768 4494 peccatum
1808 4418 1897 4483 sit,
1930 4430 2084 4470 sacra
2114 4413 2225 4467 loca
2258 4422 2423 4466 teme-

932 4489 1383 4562 rareﬂelaliq'ua
1408 4493 1565 4562 sorde
1596 4489 1852 4562 polluere.
2034 4555 2045 4562 _
2108 4552 2143 4562 ﬁ
2207 4550 2226 4562 υ
2377 4550 2388 4560 ⁶

856 4550 1070 4625 LXVII.
1105 4567 1179 4620 De
1203 4550 1433 4633 quddam
1455 4550 1662 4613 latrone
1688 4559 1742 4611 in
1771 4555 2085 4612 cremetcrio
2106 4552 2166 4606 Β.
2198 4550 2389 4606 Joanni

856 4637 1321 4773 Lng’liI'llfoincipit
1348 4696 1661 4773 epistolas.
1695 4695 1977 4767 Augustini
2036 4693 2103 4750 ad
2149 4688 2420 4773 ᾼιιξὶιίιιηι

938 4761 1257 4847 episcopum.
1276 4788 1371 4847 pro
1383 4761 1569 4847 causa
1587 4761 1804 4847 injustae
1822 4761 2419 4847 exemnmunicati‘onis.

856 4838 1043 4907 LXIX.
1086 4838 1215 4903 It'em
1244 4838 1473 4913 capitula
1506 4842 1571 4913 ad
1595 4838 1841 4913 eamdem
1881 4838 2361 4913 r-enrpertinentia.

857 4904 1019 4975 LXX.
1063 4918 1138 4972 De
1166 4904 1508 4971 sacramento
1535 4906 1874 4976 baptismatis
1895 4904 1956 4957 Β.
1982 4904 2317 4957 Ambrosius.

1352 5001 1653 5060 Exn/icium
1687 4997 1932 5067 capitula.

1526 5100 1769 5117 ——-’

897 5187 1085 5228 νωιευδ
1126 5182 1285 5223 DDHNI
1328 5180 1514 5221 ODONIS
1550 5180 1615 5219 DE
1652 5174 1998 5217 SACRAMENTO
2037 5167 2287 5211 CORPORIS
2326 5165 2393 5204 ΕΤ

1375 5250 1646 5291 SANGUINIS
1685 5247 1888 5287 DOIIINI.

857 5333 1122 5394 Convivas
1150 5329 1291 5399 epuli
1319 5326 1547 5382 mundos
1575 5326 1715 5380 Deus
1750 5336 1873 5377 esse
1909 5318 2125 5389 superni

856 5428 928 5482 Ut
959 5427 1169 5486 doceat,
1195 5421 1366 5477 servis
1392 5419 1646 5473 Dominus
1669 5415 1891 5481 vestigia
1923 5412 2068 5474 lavit,

3988 634 4122 691 tum,

3988 634 4038 677 tu

2556 702 2687 756 Tam
2718 704 2945 761 sublime
2971 714 3146 762 tamen
3173 709 3313 776 quod
3349 718 3512 764 totam
3546 712 3740 766 habeat
3766 622 4044 766 Deitatelm.

2555 790 2761 845 Sullicit
2794 794 2894 848 hoc
2919 795 3091 849 solum
3124 798 3303 852 mundi
3335 814 3562 867 purgare
3586 801 3831 869 piaclum.

2553 882 2686 937 lIinc
2711 884 2884 951 placet
2907 887 3006 940 hoc
3039 903 3233 942 mtmns
3274 889 3415 957 quod
3448 890 3504 941 Iit
3523 895 3587 943 de
3608 890 3849 959 pluribus
3873 907 4061 955 unum,

2551 971 2757 1040 Corpus
2790 975 2913 1029 huic
2942 977 3126 1045 capiti,
3159 988 3316 1045 caput
3345 978 3465 1030 inde
3488 980 3720 1033 cohaeret
3744 988 3799 1032 et
3829 980 3936 1043 illi;

2551 1062 2663 1116 lloe
2688 1079 2874 1131 genus.
2902 1065 3000 1119 hoc
3032 1081 3193 1118 unum
3220 1066 3411 1133 placet,
3441 1068 3540 1121 hoc
3577 1069 3790 1121 (Iurabit
3836 1070 3886 1121 in
3918 1085 4113 1123 aevum.

2550 1149 2661 1205 Iioc
2690 1151 2844 1205 facile
2865 1160 2968 1215 est,
2995 1154 3245 1218 nitidum,
3270 1155 3513 1224 simplex,
3544 1155 3854 1226 Deitateque
3875 1158 4112 1225 plenum.

2548 1279 2817 1320 INCIPIUNT
2857 1279 3052 1318 VERSUS
3104 1280 3368 1319 PASCHASII
3420 1283 3681 1323 BADBERTI
3723 1284 3788 1322 AD
3832 1285 4113 1325 PLACIDIUH

3174 1352 3502 1390 ιιιδειιιυιωι.

2758 1442 2915 1514 (Vide
2945 1446 3078 1499 inter
3109 1445 3279 1516 Opera
3304 1445 3580 1503 I’ascltusii
3608 1450 3899 1524 Radberli.)

2546 1556 2671 1631 Car.
2771 1556 3019 1631 ——_Quod
3048 1564 3275 1631 Immrmo
3307 1561 3584 1628 inﬁrmitas
3614 1581 3719 1617 non
3746 1564 3900 1631 facile
3933 1567 4114 1618 debeat

2615 1626 2789 1705 divum
2820 1626 3113 1705 discutere;
3136 1644 3218 1705 ξι.
3239 1626 3371 1681 libro
3400 1632 3534 1684 beati
3578 1626 3771 1685 Hilarii
3804 1635 4023 1703 episCOpi
4063 1646 4112 1687 et

2615 1695 2926 1761 confessoris
2960 1694 3033 1747 De
3073 1695 3347 1751 Trinimw.

2618 1784 2774 1837 Vetat
2812 1785 2998 1837 beatus
3024 1785 3311 1852 Apostolus
3335 1788 3613 1843 Timotheo
3639 1792 3898 1861 discipulo
3920 1808 4115 1863 genea-

2546 1876 2700 1945 logis:
2726 1875 2937 1945 eloquia
2971 1878 3210 1940 tractari,
3242 1888 3295 1931 et
3320 1879 3551 1933 l'abulam
3590 1882 3945 1937 interminata:
3970 1900 4114 1953 quze-

2545 1966 2737 2019 stionis
2774 1967 2986 2036 attingi.
3020 1966 3456 2023 Edilicationem
3481 1986 3606 2023 vero
3637 1971 3728 2024 Dei
3762 1974 3813 2025 itt
3843 1972 3945 2026 title
3970 1987 4111 2034 esse,

2544 2069 2601 2113 ut
2630 2060 2875 2113 humanae
2908 2061 3245 2114 verecundia:
3282 2062 3495 2114 modum
3529 2062 3668 2116 tideii
3713 2065 4114 2133 omnipotentiae

2543 2149 2638 2202 Dei
2664 2147 2921 2216 religione
2964 2148 3268 2202 concludat.
3299 2148 3482 2219 Neque
3509 2165 3566 2203 se
3602 2150 3888 2205 inﬁrmitas
3930 2162 4112 2206 nostra

2542 2238 2607 2291 ad
2657 2238 3031 2307 perspicienda
3075 2253 3135 2293 ea
3188 2255 3307 2308 qua:
3340 2242 3697 2310 perspiciendi
3730 2252 3975 2297 naturam
4008 2258 4113 2296 non

2543 2330 2743 2383 habent
2772 2329 3046 2383 extendat.
3088 2330 3240 2395 Quod
3268 2331 3312 2384 si
3342 2334 3719 2387 contuentibus
3746 2333 3874 2388 solis
3897 2333 4114 2387 clarita~

2543 2428 2648 2472 tem
2678 2419 2850 2472 virtus
2881 2419 3072 2471 intenti
3102 2419 3319 2473 luminis
3356 2420 3709 2489 obstupescit,
3735 2432 3793 2476 ut
3820 2425 3863 2476 si
3895 2427 4115 2492 quando

2540 2520 2756 2560 causam
2801 2506 3062 2562 radiantis
3095 2506 3228 2562 lucis
3259 2509 3509 2563 solertius
3548 2512 3694 2565 acies
3723 2513 3949 2566 curiosa:
3987 2528 4114 2566 con-

2542 2598 2905 2666 templationis
2936 2598 3193 2665 iuquirat.
3237 2614 3404 2668 usque
3441 2598 3508 2652 ad
3555 2610 3855 2655 emortuum
3898 2603 4112 2656 videndi

2539 2704 2757 2743 sensum
2802 2690 3079 2743 oculorum
3118 2698 3309 2744 natura
3342 2700 3647 2757 revocetur,
3676 2694 3989 2763 accidatqne
4024 2697 4111 2747 ni-

2540 2781 2701 2834 tendo
2730 2781 2901 2850 magis
2935 2780 3139 2843 videre,
3189 2795 3255 2833 ne
3306 2781 3508 2835 videas.
3562 2781 3699 2848 Quid
3747 2782 3901 2835 nobis
3930 2783 3981 2835 in
4019 2783 4113 2835 Dei

2538 2868 2697 2922 rebus
2735 2877 2791 2921 et
2823 2867 2932 2922 sole
2955 2867 3176 2935 justitize
3212 2870 3629 2937 exspectandum
3658 2871 3775 2924 est?
3814 2870 4001 2923 Nonne
4032 2870 4113 2922 in-

2537 2959 2753 3012 cumbet
2802 2957 3104 3011 volentibus
3149 2972 3503 3027 supersapere
3550 2958 3870 3013 stultitiam?
3924 2957 4115 3011 Nonne

2536 3050 2709 3117 ipsum
2740 3046 2872 3101 illud
2893 3048 2905 3065 ‘
2934 3062 3072 3101 acra:
3095 3048 3459 3115 intelligentia?
3481 3048 3801 3117 occupabit?
3828 3047 3941 3101 Non
3966 3050 4111 3101 enim

2480 3165 2501 3223 3
2536 3149 2725 3192 natura
2767 3139 2991 3192 inferior
3028 3155 3246 3193 causam
3295 3150 3500 3194 natura:
3538 3141 3762 3208 potioris
3809 3140 4063 3209 intelliget
4094 3181 4111 3202 ,

2534 3243 2633 3281 nec
2656 3226 2894 3294 subjacct
2910 3228 3154 3281 humana:
3176 3229 3509 3297 conceptioni
3539 3231 3675 3282 ratio
3698 3228 3948 3283 cwlestis.
3976 3229 4110 3283 Nam

2534 3319 2674 3370 intra
2708 3318 3073 3372 conditionem
3100 3318 3426 3372 infirmitatis
3452 3320 3571 3381 erit,
3611 3320 3873 3389 quidquid
3913 3322 4111 3375 infirmi

2531 3406 2880 3460 conscientia:
2895 3405 3173 3459 subdetur.
3201 3406 3428 3460 Excedit
3449 3408 3628 3477 itaque
3648 3411 3936 3463 humanam
3961 3424 4113 3462 men-

2533 3505 2639 3549 tem
2678 3494 2770 3548 Dei
2796 3504 3052 3563 potestas,
3098 3497 3163 3549 ad
3205 3511 3364 3565 quant
3402 3498 3445 3552 si
3493 3499 3776 3552 intirmitas
3806 3497 4110 3567 protendet,

2532 3588 2701 3656 magis
2748 3586 2957 3640 inlirma
2998 3585 3271 3651 reddetur,
3308 3588 3431 3642 dum
3458 3590 3563 3644 hoc
3596 3591 3766 3658 ipsum
3796 3590 3938 3658 quod
3972 3590 4112 3644 obti-

2532 3688 2639 3740 net,
2660 3677 2859 3729 amittit
2887 3676 3095 3744 potiore
3127 3678 3192 3729 ad
3217 3677 3619 3731 obtundendtmt
3643 3694 3760 3732 eam
3781 3694 3962 3733 rerum
3993 3694 4109 3733 co:-

2531 3773 2742 3825 lestium
2777 3780 3002 3834 natura,
3037 3788 3154 3840 qua:
3195 3787 3409 3825 omnem
3458 3771 3574 3839 ejus
3629 3773 3994 3827 consectantis
4050 3789 4110 3827 se

2529 3864 2884 3933 pervicaciam
2921 3864 3033 3930 ipsa
3066 3863 3345 3932 complexu
3382 3863 3496 3931 ejus
3529 3863 3697 3930 major
3742 3865 3995 3918 inﬁrmat.
4039 3864 4113 3918 Ut

2531 3956 2693 4025 igitur
2716 3956 2792 4007 sol
2823 3956 2895 4008 ita
2926 3956 3182 4008 videndus
3209 3963 3292 4008 est
3314 3963 3369 4007 ut
3393 3964 3571 4022 potest
3597 3954 3788 4019 videri,
3820 3946 4111 4024 tantusque

2529 4044 2879 4115 excipiendus
2908 4054 3003 4119 est
3049 4044 3270 4109 lmnine,
3317 4053 3551 4111 quantus
3596 4045 3923 4111 admittitur,
3960 4062 4025 4100 ne
4060 4050 4106 4100 si

2530 4137 2646 4206 plus
2678 4137 2899 4190 velimus
2937 4137 3261 4205 inspectare,
3296 4136 3472 4190 minus
3493 4150 3705 4204 quoque
3728 4152 3884 4205 quam
3918 4152 4109 4207 possu-

2531 4244 2649 4282 mus
2680 4240 3095 4293 consequamur,
3133 4226 3204 4277 ita
3235 4232 3292 4278 et
3331 4225 3470 4277 ratio
3501 4225 3740 4280 caelestis
3767 4227 3819 4279 in
3844 4236 4103 4294 quantum

2530 4334 2586 4373 se
2622 4317 2883 4387 permittit
2924 4313 3144 4381 intelligi
3184 4313 3235 4366 itt
3267 4320 3476 4366 tantum
3518 4314 3876 4382 exspectanda
3903 4324 4006 4378 est,
4050 4316 4107 4369 in

2527 4418 2785 4477 quantum
2818 4404 3324 4475 apprehendendum
3370 4418 3430 4457 se
3478 4403 3642 4457 dedit.
3676 4402 3752 4457 Ne
3782 4404 3824 4457 si
3866 4408 4104 4459 conlenti

2396 4565 2420 4603 S
2456 4531 2502 4587 ο
2531 4498 2877 4568 indulgentia:
2911 4497 3277 4550 moderatione
3323 4509 3425 4547 non
3474 4495 3660 4557 simus,
3689 4497 3997 4549 amittamus
4024 4498 4109 4549 in-

2528 4591 2696 4645 dulta.
2720 4590 2815 4643 Est
2838 4602 2968 4657 ergo
2990 4588 3043 4641 in
3070 4587 3178 4640 Deo
3203 4587 3344 4655 quod
3369 4585 3570 4653 percipi
3606 4595 3800 4654 potest,
3823 4596 3904 4640 est
3924 4587 4103 4655 plane,

2526 4682 2569 4735 si
2606 4680 2763 4734 modo
2801 4677 2942 4747 quod
2975 4684 3150 4745 potest
3182 4675 3331 4729 velis.
3385 4672 3539 4727 Sicut
3587 4675 3728 4728 enim
3767 4684 3849 4729 est
3895 4675 3947 4728 in
3992 4678 4112 4730 sole

2529 4768 2672 4842 quod
2703 4768 2906 4831 videas,
2931 4766 2973 4819 si
3008 4767 3109 4818 hoc
3136 4764 3267 4818 velis
3293 4763 3475 4817 videre
3494 4764 3635 4831 quod
3660 4764 3854 4832 possis,
3886 4765 4111 4821 amittas

2532 4871 2712 4917 autem
2747 4860 2888 4928 quod
2911 4867 3085 4926 potest
3114 4855 3303 4921 videri,
3345 4856 3469 4910 dum
3499 4855 3644 4926 quod
3683 4871 3790 4910 non
3820 4866 3995 4927 potest
4028 4860 4115 4912 ni-

2536 4956 2696 5018 teris;
2748 4954 2818 5005 ita
2847 4960 2901 5006 et
2931 4952 2983 5004 in
3014 4948 3172 5004 rebus
3215 4948 3309 5003 Dei
3348 4948 3516 5003 habes
3555 4949 3697 5018 quod
3729 4949 4023 5020 intelligas,
4062 4955 4107 5007 si

2530 5045 2829 5115 intelligere
2858 5043 3000 5113 quod
3028 5050 3179 5110 potes
3200 5039 3351 5094 velis.
3380 5039 3646 5094 Caaterum
3679 5039 3723 5091 si
3759 5039 3898 5093 ultra
3942 5056 4107 5110 quam

2531 5147 2686 5210 potes
2729 5148 2935 5206 Speres,
2991 5134 3042 5187 id
3090 5146 3302 5202 quoque
3333 5131 3474 5201 quod
3523 5131 3760 5201 potuisti,
3811 5146 3967 5202 posse
3997 5147 4103 5187 non

2531 5230 2753 5299 poteris.
2794 5226 2916 5281 Illos
2956 5239 3098 5277 nunc
3141 5236 3461 5277 arcanorum
3500 5220 3799 5276 cmlestium
3830 5231 4106 5277 serutares

2532 5317 2774 5380 consulo,
2804 5324 2862 5369 ut
2890 5312 3181 5368 secundum
3209 5320 3459 5366 naturam
3486 5326 3634 5366 suam
3666 5312 3775 5365 uati
3799 5326 3864 5366 ex
3883 5312 4104 5382 Virgine

2527 5407 2733 5464 Christi
2762 5412 3155 5460 sacramentum
3184 5402 3486 5471 loquantur.
3519 5400 3671 5456 Unde
3694 5402 3872 5456 dicent
3897 5400 4102 5471 Virgini
