4516 5500
417 415 515 466 ῗἹἹ

1233 415 1435 470 LIBER
1478 396 1925 470 υεέοιιιιοιιε
1965 410 2051 462 E'l‘
2092 410 2436 469 SANGL’INE
2477 418 2770 475 CHRISTI.

3576 426 3677 482 573

418 533 563 584 disse
587 530 652 584 de
680 531 832 584 cwlis
859 530 1055 585 Filium
1088 531 1364 585 hominum
1396 533 1448 585 in
1485 532 1621 587 caelo
1658 535 2003 587 manentem?
2031 536 2078 593 Α
2107 542 2287 586 secuta
2320 543 2421 587 est.
2458 534 2520 587 Et
2545 550 2665 588 cum
2700 536 2775 587 ait
2808 535 3098 589 secundum
3135 537 3404 589 hominem
3433 537 3495 590 de
3521 538 3677 600 unto,

420 620 534 675 Non
568 623 709 675 enim
757 622 997 690 ejusdem
1029 634 1111 677 εει
1146 624 1440 678 secundum
1470 626 1779 695 corporales
1807 641 1998 679 causas

421 713 749 767 descendere
779 724 834 768 et
863 730 1086 769 manere
1118 731 1348 783 quorum
1372 716 1600 769 alterum
1633 717 2000 770 descensionis

424 806 808 859 transmutatio
857 816 982 871 est,
1031 808 1259 861 alterum
1302 809 1553 862 manendi
1592 810 2000 878 imperturbatio

420 905 521 949 est.
556 894 710 965 Vagit
740 897 939 961 infans,
970 900 1061 951 sed
1092 901 1141 952 iu
1184 899 1324 952 cmlo
1352 909 1455 952 est.
1487 900 1627 954 Puer
1652 902 1872 966 crescit,
1908 902 1999 956 sed

421 986 773 1054 plenitudinis
803 989 943 1043 Deus
974 1000 1275 1059 permanet.
1303 988 1419 1043 iam
1448 1006 1575 1045 vero
1612 1008 1731 1045 cum
1760 994 2003 1047 ascendit

424 1075 512 1128 ubi
548 1086 701 1129 antea
738 1078 855 1139 fuit,
887 1088 939 1133 et
978 1080 1256 1134 descendit
1302 1083 1391 1150 qui
1439 1093 1639 1146 manet,
1670 1100 1778 1152 quo
1809 1084 2003 1138 intelli-

424 1166 617 1234 gentia:
648 1168 892 1222 humame
932 1185 1089 1223 sensu
1121 1172 1520 1226 continebitur?
1562 1174 1818 1229 Dominus
1859 1176 2001 1228 enim

424 1262 503 1311 ait
536 1276 547 1309 :
587 1258 723 1324 Quid
775 1262 818 1314 si
862 1262 1104 1315 viderizis
1133 1262 1323 1315 Filium
1360 1265 1593 1318 hominis
1623 1266 2003 1319 ascendentem

424 1348 515 1400 ubi
544 1360 701 1401 antea
729 1348 861 1402 fuit?
890 1352 1146 1405 Ascendit
1173 1352 1339 1407 Filius
1367 1356 1453 1407 ubi
1488 1364 1643 1409 antea
1665 1355 1784 1419 fuit,
1811 1365 1863 1409 et
1885 1358 2005 1425 quis

424 1440 527 1493 hoc
552 1456 743 1493 εειινυε
777 1444 1081 1507 concipiet?
1124 1443 1409 1497 Descendit
1440 1445 1504 1499 de
1534 1447 1671 1499 cmlo
1716 1446 1883 1500 Filius
1911 1448 2006 1500 ho-

422 1531 603 1593 minis,
636 1533 725 1600 qui
760 1533 811 1584 in
840 1533 990 1587 cmlis
1032 1542 1134 1598 εει,
1165 1542 1218 1587 ct
1244 1551 1363 1603 qtta‘.
1394 1536 1495 1589 hoc
1524 1538 1661 1590 ratio
1684 1537 2005 1605 prmstabit?

424 1623 660 1677 Verbum
693 1639 819 1677 caro
851 1622 1051 1677 factum
1084 1637 1185 1689 εει,
1219 1644 1336 1695 quae
1363 1629 1463 1681 hoc
1491 1630 1652 1682 verba
1678 1630 2006 1698 loquentur?

421 1715 511 1769 Fit
551 1733 678 1773 caro
713 1722 964 1787 Verbum,
1000 1724 1049 1776 id
1102 1734 1185 1777 est
1240 1726 1399 1779 homo
1430 1724 1586 1787 Deus,
1624 1735 1678 1779 et
1724 1727 1814 1795 qui
1846 1727 2005 1779 homo

420 1815 527 1868 est,
565 1810 614 1861 in
644 1811 794 1865 cmlis
816 1822 918 1875 est,
953 1825 1005 1867 et
1038 1815 1127 1881 qui
1165 1816 1322 1877 Deus,
1353 1816 1417 1868 de
1445 1816 1596 1869 cmlis
1617 1825 1718 1869 est.
1749 1817 2005 1869 Ascendit

2103 623 2367 693 originem
2406 626 2523 693 ejus
2552 640 2614 677 ex
2652 626 3082 693 supervenienlis
3118 627 3166 678 in
3201 627 3471 693 Virginem
3505 627 3676 696 Spiri-

2106 723 2189 768 tus
2218 717 2388 768 sancti
2423 717 2565 768 aditu
2603 725 2827 769 testatus
2860 726 2960 769 est.
2995 716 3169 784 Atque
3203 718 3272 769 ita
3298 734 3418 771 cum
3446 728 3497 771 et
3521 719 3680 771 homo

2102 813 2203 868 est,
2227 814 2281 857 et
2310 805 2361 857 in
2392 805 2529 859 ccelo
2550 815 2653 869 est,
2683 806 2917 859 hominis
2946 807 3103 874 hujus
3128 815 3178 859 et
3198 817 3385 876 partus
3413 824 3441 861 a
3466 809 3682 877 Virgine

2103 902 2203 956 est,
2246 903 2299 947 et
2322 904 2588 963 conceptu
2618 909 2682 948 ex
2714 894 2914 963 Spiritu
2941 904 3039 948 est.
3073 894 3229 949 Novit
3256 896 3493 950 Ecclesia
3518 913 3682 951 unum

2106 985 2292 1047 Deum,
2323 1001 2386 1038 ex
2415 1002 2521 1054 quo
2559 988 2757 1050 omnia,
2802 988 2947 1039 novit
2977 997 3031 1040 et
3056 1004 3219 1041 unum
3268 988 3551 1042 Dominum
3587 1008 3683 1042 no-

2105 1084 2274 1127 strum
2298 1074 2479 1128 Jesum
2503 1074 2774 1128 Christum
2791 1090 2885 1144 per
2900 1078 3271 1145 quemomuia,
3294 1093 3455 1129 unum
3478 1094 3541 1131 ex
3559 1094 3685 1147 quo,

2106 1176 2159 1221 et
2181 1183 2342 1221 unum
2360 1183 2456 1236 per
2471 1183 2650 1238 quem.
2668 1169 2747 1223 Ab
2777 1170 3569 1239 unouniversorumoriginem,
3596 1187 3692 1239 per

2106 1276 2270 1313 unum
2294 1270 2609 1315 cunctorum
2647 1262 2998 1315 creationem.
3032 1261 3085 1313 In
3118 1276 3223 1314 uno
3250 1277 3313 1315 ex
3352 1278 3478 1330 quo,
3504 1273 3691 1316 auclo-

2108 1352 2321 1403 ritatem
2343 1350 2775 1404 innascibilitatis
2796 1350 3057 1419 intelligit.
3082 1349 3134 1402 lu
3159 1365 3265 1403 uno
3281 1366 3375 1419 per
3388 1366 3569 1419 quem,
3600 1366 3694 1420 po-

2111 1450 2358 1495 testatem
2386 1440 2863 1494 nihildichrentem
2888 1442 2955 1493 ab
2995 1449 3214 1493 auctore
3229 1449 3534 1494 veneratur.
3554 1441 3689 1496 Cum

2109 1547 2172 1585 ex
2194 1546 2321 1599 quo,
2353 1540 2406 1584 et
2430 1546 2522 1599 per
2549 1546 2708 1600 quem
2734 1530 2799 1583 ad
2826 1530 2876 1582 id
2903 1540 3119 1583 creatur
3144 1530 3195 1583 in
3225 1530 3309 1584 his
3349 1547 3467 1600 qua:
3506 1542 3691 1585 creata

2110 1631 2235 1674 sunt
2281 1622 2677 1674 communionis
2721 1620 3015 1673 auctoritas
3057 1621 3147 1674 sit.
3208 1620 3365 1673 Novit
3398 1622 3448 1674 in
3489 1621 3692 1691 Spiritu

2115 1712 2278 1763 Deum
2324 1710 2581 1777 Spiritum
2617 1710 3000 1778 impassibilem
3033 1718 3086 1763 ει
3126 1710 3564 1763 indesecabilem.
3600 1711 3691 1764 Di-

2113 1798 2242 1877 dicit
2271 1799 2413 1851 enim
2467 1814 2493 1850 a
2532 1798 2756 1851 Domino
2805 1798 3015 1866 spiritui
3060 1814 3279 1851 carnem
3327 1808 3380 1851 et
3420 1814 3542 1852 Ossa
3588 1814 3694 1853 non

422 1898 777 1965 descendens,
811 1904 903 1955 sed
935 1903 1214 1956 descendit
1258 1919 1362 1957 non
1396 1904 1748 1959 descendens.
1794 1905 1885 1958 Est
1917 1905 2007 1973 qui
2044 1883 2083 1940 Β
2112 1902 2205 1942 955‘

1917 1905 2007 1973 qui
2044 1883 2083 1940 Β
2112 1902 2254 1951 εεεε,
2286 1905 2351 1943 ne
2384 1889 2522 1943 forte
2547 1888 2741 1943 cadere
2774 1889 2827 1941 in
2850 1904 2971 1942 eum
2992 1889 3351 1955 corporalium
3383 1890 3692 1956 passionum

421 1997 562 2053 crat,
596 1998 650 2043 et
676 1992 815 2058 quod
847 2001 929 2046 cst
963 2010 1067 2046 ncn
1097 2004 1231 2048 erat.

604 2082 729 2136 Car.
766 2084 826 2136 ΙΙ.
863 2115 930 2123 -
965 2086 1037 2137 De
1066 2086 1330 2139 Dontinici
1364 2089 1594 2155 corporis
1626 2088 1841 2156 origine.

494 2171 702 2238 Corpus
730 2175 829 2227 sibi
862 2173 1122 2229 Dominus
1168 2177 1238 2229 ita
1286 2178 1597 2245 assumpsit,
1628 2187 1683 2229 ut
1709 2178 1759 2229 id
1792 2193 1857 2231 ex
1897 2176 2012 2231 Vir-

421 2263 548 2330 gine
590 2273 907 2332 conceptum
954 2263 1181 2318 formam
1230 2282 1352 2320 cum
1401 2267 1541 2319 servi
1594 2281 1713 2319 esse
1754 2264 2010 2320 eﬂ'eccrit.

428 2352 589 2422 Virgo
634 2357 776 2409 enim
821 2358 1035 2410 nonnisi
1075 2374 1140 2411 ex
1177 2359 1380 2425 Spiritu
1422 2368 1612 2412 sancto
1654 2359 1840 2427 genuit
1870 2357 2011 2426 quod

423 2448 630 2515 genuit.
666 2447 729 2499 Et
760 2449 1007 2515 quamvis
1040 2457 1246 2502 tantum
1284 2449 1349 2501 ad
1394 2450 1686 2503 navitatem
1735 2450 1915 2503 carnis
1948 2461 2013 2500 ex

425 2550 487 2588 se
516 2534 687 2599 daret,
719 2546 979 2604 quantum
1012 2552 1076 2590 cx
1106 2552 1163 2591 se
1195 2536 1405 2590 femina:
1449 2537 1779 2591 edendorum
1820 2551 2011 2604 corpo-

427 2638 549 2675 rum
578 2625 844 2692 susceptis
874 2625 1171 2694 originibus
1196 2625 1584 2693 impenderent,
1605 2641 1708 2679 non
1728 2636 1903 2678 tamen
1927 2624 2015 2678 Je-

428 2726 523 2765 sus
554 2712 804 2767 Christus
835 2730 929 2783 per
964 2714 1215 2767 humanm
1242 2714 1612 2782 conceptionis
1635 2715 1836 2767 coaluit
1860 2724 2016 2766 uatu—

429 2819 573 2857 ram.
599 2803 702 2857 Sed
724 2806 901 2857 innuis
925 2820 1086 2858 causa
1117 2805 1371 2858 nascendi
1403 2806 1608 2858 invecta
1637 2821 1733 2872 per
1758 2804 2016 2874 Spiritum

431 2895 607 2947 tenuit
638 2894 689 2947 in
721 2894 953 2947 hominis
1001 2894 1286 2946 nativitate
1326 2894 1469 2962 quod
1516 2896 1703 2948 matris
1751 2904 1855 2958 est,
1896 2909 2016 2947 cum

434 2994 615 3037 tamen
668 2984 893 3037 haberet
927 2985 978 3036 in
1011 2984 1235 3052 originis
1268 2985 1545 3036 nativitate
1586 2985 1728 3053 quod
1777 2984 1866 3038 Dei
1910 2993 2014 3037 est.

432 3073 573 3127 Ilinc
595 3074 753 3142 igitur
780 3073 1072 3125 maximum
1094 3074 1219 3125 illud
1246 3088 1307 3125 ac
1334 3073 1755 3141 pulcherrimum
1784 3074 2016 3142 susu-pli

432 3164 669 3216 hominis
696 3171 1097 3216 sacramentum
1124 3161 1379 3215 Dominus
1405 3162 1516 3231 ipse
1540 3162 1779 3215 ostendit
1800 3162 2014 3215 dicens:

438 3252 608 3306 Nemo
637 3254 867 3306 ascendit
904 3254 956 3304 in
988 3253 1193 3317 (mlum,
1240 3255 1338 3305 nisi
1367 3255 1455 3322 qui
1486 3254 1750 3305 descendit
1782 3253 1843 3305 de
1869 3252 2014 3315 caelo,
2047 3226 2093 3285 Ο

434 3341 611 3395 Filius
646 3344 891 3406 hominis,
936 3344 1023 3411 qui
1059 3353 1131 3395 est
1165 3344 1215 3393 in
1268 3343 1412 3395 caelo.
1466 3342 1619 3407 Quod
1650 3342 1715 3395 de
1745 3343 1885 3396 coelo
1916 3343 2017 3395 de-

434 3435 664 3497 scendit,
698 3443 971 3501 conceptre
997 3435 1060 3487 de
1087 3434 1291 3502 Spiritu
1322 3434 1546 3503 originis
1575 3450 1737 3488 causa
1768 3444 1881 3498 est;
1916 3449 2019 3487 non

433 3525 578 3578 enim
607 3526 819 3593 corpori
853 3524 1019 3577 Maria
1050 3525 1314 3595 originem
1355 3525 1521 3587 dedit,
1572 3525 1695 3579 licet
1736 3526 1802 3579 ad
1850 3526 2021 3579 incre-

435 3627 616 3669 menta
645 3627 968 3686 partumque
997 3617 1243 3685 corporis
1273 3632 1432 3670 onmc
1457 3618 1599 3686 quod
1630 3619 1710 3671 sui
1745 3634 1903 3671 sexus
1928 3636 2021 3671 na-

436 3706 611 3759 turale
640 3716 744 3769 est,
775 3706 1086 3760 contulerit.
1112 3707 1263 3772 Quod
1298 3723 1425 3762 vero
1456 3710 1689 3763 hominis
1716 3709 1883 3763 Filius
1913 3718 2019 3774 est,

435 3799 702 3868 susceptae
736 3798 953 3869 Virgine
982 3800 1161 3853 carnis
1206 3810 1288 3853 est
1332 3810 1535 3869 partus.
1566 3800 1718 3867 Quod
1751 3813 1928 3857 autem
1969 3804 2020 3857 in

433 3890 588 3944 caelis
626 3899 752 3952 est,
803 3899 1010 3943 natura:
1060 3904 1274 3958 semper
1307 3893 1575 3946 manentis
1626 3901 1869 3959 potestas
1916 3902 2021 3958 est,

434 3996 557 4049 qua:
596 3982 803 4034 initiata
846 3982 1171 4050 conditaque
1198 3996 1294 4049 per
1325 3997 1381 4035 se
1413 3998 1575 4036 carne
1616 3999 1721 4035 non
1750 3998 1813 4036 ex
1846 3984 2019 4037 tinitaa

434 4074 508 4126 tis
557 4090 664 4127 sum
697 4075 897 4127 virtute
938 4076 1075 4127 intra
1124 4076 1397 4143 regionem
1443 4090 1501 4128 se
1542 4075 1748 4128 detiniti
1782 4077 2026 4143 corporis

434 4164 749 4217 coarctavit.
781 4162 1016 4232 Spiritus
1043 4164 1239 4216 virtute
1259 4164 1358 4217 hac
1376 4164 1536 4217 Verbi
1564 4165 1653 4217 Dei
1679 4174 1947 4233 potestate
1973 4167 2023 4219 in

438 4251 611 4305 forma
666 4253 808 4306 servi
846 4267 1070 4305 manens
1098 4252 1165 4305 ab
1198 4253 1341 4304 omni
1386 4253 1523 4305 intra
1569 4262 1830 4323 extis-ique
1878 4254 2021 4317 cmli,

437 4344 732 4411 mundique
762 4343 965 4397 circuio
996 4344 1142 4407 cadi,
1192 4358 1253 4395 ac
1283 4344 1465 4396 mundi
1501 4344 1759 4397 Dominus
1788 4360 1892 4397 non
1925 4345 2017 4397 ah—

435 4432 558 4483 fuit.
590 4430 691 4485 Per
719 4433 821 4485 hoc
843 4446 972 4503 ergo
999 4440 1053 4485 ct
1074 4432 1138 4485 de
1167 4432 1306 4484 emlo
1334 4432 1627 4493 descendit,
1658 4443 1710 4485 et
1739 4432 1905 4487 Filius
1930 4433 2025 4485 ho-

437 4522 599 4575 minis
629 4531 730 4586 εει,
765 4523 898 4575 etin
929 4522 1082 4576 caelis
1109 4530 1210 4574 est.
1239 4520 1374 4587 Quia
1404 4520 1635 4575 Verbum
1662 4536 1791 4576 caro
1818 4520 2020 4575 factum

434 4622 543 4677 est,
575 4628 678 4665 non
728 4612 987 4666 amiserat
1020 4626 1239 4666 manere
1280 4612 1422 4679 quod
1469 4610 1702 4664 Verbum
1748 4618 1850 4674 est,
1900 4626 2023 4664 nam

435 4702 563 4754 dum
594 4700 833 4755 Verbum
860 4708 964 4761 est,
995 4709 1050 4754 et
1094 4701 1145 4753 in
1191 4699 1343 4756 ccelis
1372 4710 1478 4763 est,
1511 4700 1633 4753 dum
1676 4714 1803 4753 caro
1838 4709 1941 4762 est,
1971 4710 2025 4754 et

436 4790 673 4843 hominis
707 4789 893 4843 Filius.
929 4790 1064 4843 Dum
1089 4787 1328 4843 Verbum
1353 4800 1434 4843 est
1460 4804 1587 4842 caro
1628 4787 1854 4853 factum,
1885 4790 2025 4843 etde

436 4878 579 4934 cado
602 4890 705 4945 est,
742 4891 798 4934 et
822 4880 1058 4934 hominis
1083 4889 1166 4934 est
1192 4878 1379 4944 Filius,
1411 4887 1465 4933 et
1496 4879 1547 4933 in
1578 4880 1716 4934 cmlo
1739 4888 1841 4934 est.
1871 4880 2022 4946 Quod

404 4988 407 4991 ·
434 4981 492 5024 ει
525 4969 684 5025 Verbi
718 4972 891 5025 virtus
912 4988 1020 5025 non
1055 4970 1429 5041 corporalibus
1457 4969 1632 5025 modis
1668 4984 1893 5023 manens
1917 4984 2023 5023 non

436 5062 648 5124 deerat,
680 5062 819 5115 unde
844 5058 1222 5124 descenderat,
1247 5067 1302 5113 et
1338 5073 1467 5112 caro
1491 5074 1595 5113 non
1627 5058 1841 5112 aliunde
1864 5058 2028 5127 origi-

408 5166 568 5206 -nem
622 5158 929 5221 sumpserat
982 5166 1144 5220 quam
1170 5164 1232 5203 ex
1269 5150 1468 5211 Verbo,
1517 5157 1571 5202 et
1618 5147 1852 5201 Verbum
1900 5163 2028 5201 caro

408 5266 411 5267 ν
439 5244 646 5299 factum
672 5255 775 5311 est,
804 5258 930 5300 cum
958 5259 1086 5300 caro
1116 5252 1279 5307 esset,
1326 5257 1432 5295 non
1478 5250 1653 5295 tamen
1691 5254 1796 5293 non
1824 5249 1945 5294 erat
1971 5250 2026 5293 et

439 5334 699 5390 Verbum.
738 5334 1001 5391 Absolute
1030 5345 1212 5391 autem
1241 5334 1302 5389 Β.
1333 5333 1625 5402 Apostolus
1665 5332 1832 5386 etiam
1866 5331 2027 5399 hujus

441 5428 815 5484 inenarranda:
845 5442 1122 5495 corporea:
1165 5424 1465 5479 nativitatis
1506 5431 1904 5477 sacramentum
1948 5422 2026 5475 lo-

2112 1977 2433 2031 detrimenta
2489 1978 2804 2032 credantur.
2871 1975 3030 2029 Novit
3096 1992 3261 2029 unum
3324 1977 3695 2031 innascibilem

2114 2068 2300 2129 Deum,
2354 2070 2501 2122 novit
2550 2078 2603 2122 et
2647 2067 2980 2137 unigenitum
3017 2066 3109 2119 l)ei
3143 2066 3359 2119 Filium.
3396 2068 3697 2121 Conlitetur

2112 2157 2327 2210 Patrem
2381 2168 2661 2223 internum,
2706 2165 2761 2210 ει
2788 2157 2855 2209 ab
2883 2156 3091 2223 origine
3122 2155 3376 2218 liberum,
3412 2157 3698 2211 conﬁtetur

2112 2257 2166 2299 et
2196 2246 2458 2314 originem
2499 2244 2615 2297 Filii
2644 2246 2711 2299 ab
2739 2256 2963 2308 mteruo,
2991 2260 3095 2297 non
3126 2260 3220 2312 per
3263 2261 3321 2299 se
3368 2246 3562 2314 ipsum,
3605 2246 3699 2300 sed

2114 2338 2179 2389 ab
2207 2351 2290 2401 eo,
2319 2336 2408 2403 qui
2442 2352 2470 2387 a
2514 2336 2728 2389 nemine
2758 2350 2972 2403 semper
2996 2343 3099 2396 est,
3134 2345 3317 2387 natum
3366 2337 3431 2389 ab
3473 2346 3696 2397 mterno,

2116 2424 2451 2476 nativitatem
2485 2422 2734 2476 videlicet
2775 2438 2839 2476 ex
2877 2430 3101 2491 paterna
3138 2422 3441 2475 aeternitate
3484 2437 3701 2475 sumen-

2119 2523 2247 2567 tem.
2282 2512 2439 2565 Novit
2477 2512 2542 2566 de
2574 2513 2685 2567 Deo
2732 2528 2835 2565 non
2877 2526 2997 2565 esse
3028 2510 3280 2565 humanis
3318 2512 3535 2579 judiciis
3580 2526 3701 2565 sen-

2120 2604 2393 2668 tiendum;
2430 2619 2603 2672 neque
2636 2604 2780 2657 enim
2812 2604 2968 2658 nobis
2999 2620 3060 2659 ea
3102 2617 3295 2658 natura
3327 2612 3433 2665 cst,
3466 2611 3521 2656 ut
3552 2616 3613 2656 se
3645 2601 3699 2655 iu

2119 2696 2391 2749 cmlestem
2423 2695 2783 2764 c0gnitionem
2816 2697 2927 2749 suis
2950 2697 3152 2752 viribus
3175 2694 3380 2749 eﬂ‘erat.
3418 2696 3457 2746 A
3490 2694 3599 2748 Deo
3623 2692 3703 2746 di-

2120 2786 2375 2839 scendum
2399 2794 2479 2838 est
2507 2784 2649 2853 quod
2677 2784 2743 2837 de
2772 2785 2878 2837 Deo
2903 2785 3305 2854 intelligendum
3330 2784 3419 2846 sit,
3449 2784 3569 2851 quia
3594 2797 3701 2836 non

2123 2877 2223 2929 nisi
2255 2891 2311 2929 se
2336 2884 2556 2929 auctore
2578 2875 2943 2944 cognoscitur.
2976 2877 3132 2929 Adsit
3158 2876 3282 2927 licet
3314 2873 3585 2927 sxcularis
3608 2873 3703 2925 do-

2121 2969 2308 3021 ctrina:
2330 2966 2601 3018 claborata
2630 2966 2916 3028 institutio,
2935 2966 3074 3018 adsit
3100 2966 3223 3018 vita:
3245 2964 3571 3024 innocentia,
3591 2962 3703 3015 hau:

2123 3059 2336 3127 quidem
2366 3056 2653 3125 proﬁcient
2677 3056 2742 3108 ad
2766 3056 3108 3109 conscientiie
3131 3054 3573 3125 gratulationem,
3599 3067 3702 3103 non

2126 3161 2303 3203 tamen
2350 3148 2716 3217 cognitionem
2764 3147 2856 3201 Dei
2889 3158 3305 3215 consequentur.
3342 3143 3550 3212 Moyses
3581 3157 3703 3194 cum

2127 3243 2177 3294 in
2212 3253 2355 3296 terra
2400 3240 2608 3293 Madian
2649 3240 2829 3291 ovium
2861 3248 3043 3308 pastor
3078 3249 3240 3299 esset,
3279 3238 3452 3305 ignem
3486 3235 3536 3286 in
3574 3232 3704 3285 rubo

2126 3334 2243 3385 sine
2275 3332 2716 3385 coucremationc
2750 3330 2866 3383 rubi
2898 3338 3177 3391 contuens,
3207 3329 3371 3381 Dcum
3402 3326 3625 3387 audivit,
3654 3332 3707 3375 et

2126 3440 2317 3478 Imucn
2343 3424 2717 3491 interrogavit,
2742 3430 2795 3473 ct
2822 3430 3067 3473 naturam
3094 3420 3365 3487 cognovit.
3393 3416 3576 3484 Neque
3595 3414 3707 3467 lucc

2125 3516 2189 3569 de
2224 3517 2349 3580 Deo,
2377 3516 2479 3567 uisi
2518 3530 2613 3583 per
2648 3514 2815 3565 Deam
2845 3512 3057 3580 cognita
3089 3526 3209 3564 esse
3248 3509 3567 3578 potuissent.
3601 3503 3704 3558 Lo—

2124 3606 2393 3675 quendum
2429 3621 2557 3673 ergo
2602 3620 2705 3657 non
2739 3602 2898 3657 aliter
2934 3603 2998 3655 de
3034 3602 3140 3655 Dco
3178 3611 3260 3654 εει
3297 3615 3455 3668 quam
3499 3607 3557 3650 ut
3595 3597 3707 3664 ipse

2125 3701 2190 3753 ad
2220 3698 2627 3765 intelligentiam
2662 3707 2903 3749 nostram
2930 3696 2993 3747 de
3021 3709 3078 3747 se
3112 3692 3322 3745 locutus
3349 3700 3450 3744 est.
3482 3688 3590 3741 Deo
3612 3688 3702 3741 cui

2124 3791 2304 3845 omnia
2350 3790 2403 3841 in
2439 3788 2665 3840 mortuis
2712 3787 2919 3848 vivunt,
2976 3783 3077 3837 hoc
3126 3781 3295 3835 solum
3352 3780 3512 3847 perit,
3562 3776 3707 3845 quod

2126 3880 2228 3935 sibi
2257 3877 2483 3947 deperit.
2515 3874 2647 3928 Nam
2678 3872 3018 3941 judicaturus
3062 3872 3174 3939 ipse
3230 3870 3293 3922 de
3337 3866 3606 3928 omnibus,
3656 3872 3713 3915 ει

2126 3984 2224 4039 pro
2256 3966 2556 4035 majestatis
2586 3981 2697 4019 suae
2722 3963 3093 4018 misericordia
3122 3974 3258 4030 pene
3284 3959 3533 4013 meritum
3564 3958 3711 4025 igno-

2128 4060 2269 4113 ranti
2296 4056 2675 4111 moderaturns
2698 4054 2893 4118 errori,
2922 4064 3177 4121 negantes
3200 4067 3257 4105 se
3279 4050 3389 4117 jam
3422 4065 3525 4102 non
3562 4047 3707 4114 judi-

2128 4148 2501 4216 cabitutique,
2533 4146 2626 4200 sed
2653 4144 2889 4215 negabit.
2941 4143 3091 4197 Fidei
3136 4158 3275 4196 verae
3319 4138 3584 4210 professio
3636 4137 3711 4189 ita

2127 4240 2293 4293 Deum
2318 4254 2382 4294 ex
2411 4238 2520 4292 Deo
2552 4246 2758 4301 natum,
2788 4245 2845 4289 ut
2873 4235 3049 4287 lumen
3085 4248 3151 4287 ex
3182 4233 3404 4294 lmniue,
3429 4229 3569 4298 quod
3598 4228 3714 4280 sine

2128 4329 2456 4382 detrimento
2495 4341 2593 4380 suo
2624 4335 2873 4378 naturam
2908 4339 3059 4379 suam
3116 4330 3335 4392 prastat
3379 4336 3444 4373 ex
3488 4333 3627 4381 sese,
3657 4327 3717 4371 ut

2128 4420 2219 4474 det
2253 4420 2395 4489 quod
2429 4420 2618 4480 habet,
2644 4427 2698 4470 et
2738 4416 2879 4485 quod
2932 4414 3138 4467 dederit
3186 4413 3402 4465 habeat.
3450 4409 3716 4462 Nascatur

2130 4527 2345 4581 quoque
2378 4509 2522 4580 quod
2563 4510 2661 4571 sit,
2691 4523 2812 4563 cum
2870 4522 2973 4559 non
3030 4505 3172 4558 aliud
3224 4518 3385 4573 quam
3434 4502 3575 4570 quod
3634 4510 3718 4555 cst

2130 4613 2316 4657 natum
2364 4603 2454 4656 sit.
2499 4601 2564 4654 Et
2614 4599 2871 4653 nativitas
2914 4597 3185 4667 acceperit
3236 4594 3379 4664 quod
3432 4602 3571 4657 erat,
3618 4608 3719 4647 nec

2125 4695 2389 4749 ademerit
2448 4692 2590 4761 quod
2652 4690 2892 4759 accepit,
2950 4691 3130 4758 sitque
3190 4698 3480 4757 utrumque
3551 4700 3719 4739 unum

2126 4788 2253 4840 dum
2301 4800 2365 4839 ex
2428 4799 2493 4838 eo
2538 4783 2681 4852 quod
2744 4789 2826 4835 est
2873 4781 3137 4844 nascitur,
3177 4788 3233 4832 et
3285 4776 3427 4845 quod
3476 4773 3727 4828 nascitur

2127 4892 2301 4947 neque
2335 4874 2551 4930 aliunde
2580 4888 2753 4946 neque
2789 4871 2935 4926 aliud
2963 4880 3079 4937 est;
3121 4878 3204 4925 est
3244 4868 3391 4922 enim
3440 4867 3623 4920 lumen
3666 4868 3734 4921 de

2126 4971 2349 5025 lumine.

2238 5058 2370 5114 CAP.
2397 5058 2481 5113 lll.
2519 5087 2594 5096 —
2626 5057 2701 5112 De
2730 5053 3019 5108 Nativitale
3050 5051 3177 5106 Filii
3215 5049 3308 5103 Dei
3340 5065 3403 5102 ea:
3440 5047 3621 5101 Patre.

2201 5150 2318 5205 Non
2353 5166 2445 5223 per
2486 5144 2938 5206 consuetudinem
2984 5140 3208 5198 humani
3252 5146 3443 5207 partus
3480 5134 3629 5187 Deus
3694 5150 3770 5192 ex

2132 5247 2241 5302 Deo
2274 5244 2539 5306 nascitur,
2569 5255 2747 5315 neque
2776 5250 2869 5307 per
2920 5233 3194 5291 elementa
3242 5228 3470 5299 originis
3510 5231 3781 5287 nostr-3',

2131 5348 2189 5392 ιη
2218 5337 2382 5392 [mmo
2409 5347 2475 5387 εχ
2519 5331 2755 5394 hom'me
2790 5324 3135 5395 pr0pellitur.
3162 5323 3377 5389 Integra
3406 5318 3501 5381 illi,
3531 5321 3587 5368 et
3620 5327 3791 5380 pcr—

2136 5429 2300 5495 fecla,
2332 5438 2385 5485 ει
2414 5425 2856 5487 ἱιιεοηιωηίηιιιε
2900 5419 3163 5473 nativitas
3203 5420 3303 5474 est,
3354 5409 3504 5477 cujus
3552 5418 3581 5455 a
3646 5403 3801 5465 Deo
