4516 5500
909 434 1014 490 579

1957 443 2249 499 CEZONIS
2289 445 2576 502 ABBATIS
2619 449 3096 511 DERTONENSIS

4058 474 4163 528 380

907 547 1016 598 Deo
1045 545 1249 608 exiens,
1275 564 1382 603 non
1413 559 1662 604 creatura
1697 551 1750 604 in
1781 552 1871 606 Dei
1901 555 2115 608 nomine
2137 555 2323 610 electa.
2345 555 2480 621 Non,
2511 559 2556 618 Α
2589 573 2750 614 eenso
2784 562 2982 618 lumine
3008 581 3073 619 ex
3098 566 3300 622 lumine
3322 586 3415 638 per
3441 575 3727 640 quemdam
3770 579 3919 643 quasi
3972 583 4164 634 nativi-

905 645 961 687 ot
989 645 1149 694 esset,
1199 638 1341 706 cepit
1379 653 1441 692 ex
1484 640 1670 698 nihilo.
1699 643 1791 696 sed
1835 644 1967 698 exiit
2013 660 2042 698 a
2099 656 2369 700 manente.
2420 647 2486 701 Et

897 727 1076 780 exisse
1114 727 1562 795 signiﬁcationem
1609 731 1771 786 habet
1819 736 2141 802 nativitatis,
2172 754 2276 792 non
2325 740 2484 794 habet

897 817 1277 876 inchoationis.
1325 821 1439 876 Non
1487 825 1628 878 enim
1672 826 1812 880 idem
1856 837 1936 881 est
1975 829 2184 898 cepisse
2233 833 2481 887 subsmn-

898 911 1054 974 tiaui,
1082 923 1135 965 ct
1164 913 1331 968 Deum
1365 917 1544 972 exisse
1583 919 1648 972 de
1679 919 1804 974 Deo.
1860 922 1926 976 Et
1965 924 2266 980 nativitatis
2321 928 2480 996 hujus

896 1005 1120 1058 scientia
1147 1008 1270 1062 licet
1295 1025 1398 1064 non
1424 1012 1666 1081 subjecta
1726 1016 1905 1070 verbis
1958 1018 2050 1081 sit,
2095 1034 2218 1072 cum
2266 1021 2480 1074 inenar-

898 1094 1082 1150 rabilis
1110 1098 1198 1162 sit,
1233 1100 1393 1154 habet
1423 1112 1602 1157 tamen
1633 1104 1684 1157 in
1717 1106 1962 1160 doctrina
2006 1108 2126 1163 Filii
2160 1109 2282 1164 ﬁdei
2329 1126 2477 1166 seco-

893 1189 1112 1242 ritatem
1144 1205 1172 1243 a
1224 1193 1333 1246 Deo
1377 1209 1434 1248 se
1481 1197 1878 1253 manifestantis
1915 1200 2110 1255 exisse.
2157 1201 2329 1256 liabet
2376 1204 2476 1258 hoc

891 1282 1218 1335 sacramenti
1275 1283 1388 1337 sola
1433 1286 1706 1352 nativitas,
1750 1298 1806 1340 ut
1833 1291 2227 1358 complectatur
2253 1292 2304 1346 in
2333 1307 2390 1348 se
2423 1302 2477 1349 et

890 1381 1108 1429 nomen,
1137 1380 1192 1423 et
1221 1384 1488 1438 naturam,
1529 1385 1584 1429 et
1615 1385 1959 1444 potestatem,
1983 1389 2037 1434 et
2065 1380 2472 1448 professionem,

888 1459 1031 1521 quod
1065 1461 1314 1518 universa
1344 1466 1600 1522 nativitas
1641 1484 1746 1522 non
1777 1480 1956 1538 potest
2000 1487 2104 1526 non
2145 1475 2198 1527 in
2243 1491 2304 1529 ea
2355 1491 2476 1533 esse

888 1558 1079 1603 natura
1115 1554 1256 1608 unde
1283 1567 1558 1612 nascatur.
1592 1559 1708 1614 Non
1743 1562 1896 1616 aliert
1927 1577 1992 1617 ex
2031 1567 2228 1619 terreni
2262 1570 2476 1637 generis

887 1641 1268 1710 substantiam,
1301 1653 1444 1715 quod
1470 1664 1536 1703 ex
1567 1667 1672 1705 uno
1704 1668 1807 1706 non
1838 1654 2084 1709 subsistit
2109 1657 2303 1712 alieno.
2321 1659 2473 1724 Quod

887 1742 1069 1785 autem
1110 1735 1346 1791 alienum
1380 1756 1407 1791 a
1439 1755 1497 1794 se
1527 1757 1630 1795 non
1679 1754 1779 1806 est,
1823 1746 1874 1799 id
1921 1762 2084 1800 unum
2137 1759 2220 1802 est
2277 1767 2472 1819 genere

884 1831 1113 1886 naturae,
1145 1835 1199 1880 et
1231 1829 1487 1899 quidquid
1519 1848 1680 1887 unum
1725 1845 1802 1890 est
1846 1851 1943 1906 per
1970 1839 2328 1906 nativitatem,
2365 1857 2467 1896 non

884 1913 1046 1970 habet
1074 1919 1441 1976 solitudinem.

882 2025 1011 2081 Car.
1043 2028 1132 2083 IV.
1168 2062 1253 2106 —”
1276 2033 1431 2098 Quod
1470 2036 1653 2104 [armis
1691 2055 1826 2106 srrpe
1869 2043 2304 2103 comparubilibus
2347 2061 2468 2096 cru-

1199 2103 1412 2156 diamur
1446 2103 1514 2158 ad
1563 2103 1898 2177 intelligenda
1949 2112 2146 2164 divina.

953 2188 1214 2245 Humana:
1241 2192 1424 2262 itaque
1458 2197 1758 2252 nativitatis
1794 2201 2184 2256 conscientiam
2217 2205 2461 2270 consulo,

878 2290 1058 2334 utrum
1092 2299 1194 2335 non
1230 2283 1367 2337 intra
1409 2285 1586 2342 Patris
1625 2289 1891 2355 originem
1939 2301 2154 2346 maneat
2181 2294 2334 2360 origo
2370 2311 2466 2348 na-

879 2373 1180 2438 scentium;
1229 2391 1353 2429 nam
1382 2385 1491 2431 tam
1529 2380 1630 2433 etsi
1661 2379 1926 2434 elementa
1977 2383 2063 2436 illa
2111 2384 2347 2438 inanima
2403 2403 2465 2441 ac

877 2467 1052 2535 turpia
1082 2468 1277 2537 quibus
1309 2472 1566 2528 nascendi
1603 2489 1781 2529 causze
1819 2477 2160 2545 inchoantur,
2196 2480 2248 2533 in
2293 2482 2463 2536 homi-

878 2573 999 2612 nem
1036 2559 1262 2614 alterum
1296 2561 1536 2628 emuant,
1581 2579 1678 2634 per
1719 2576 1927 2621 natura:
1977 2578 2155 2623 tamen
2207 2571 2461 2626 virtutem

877 2649 1016 2703 intra
1067 2666 1125 2704 se
1175 2651 1404 2706 invicem
1448 2664 1724 2720 maneant,
1756 2659 1882 2710 dum
1931 2667 1985 2713 et
2012 2675 2106 2727 per
2131 2661 2310 2714 datam
2345 2679 2372 2715 a
2405 2678 2464 2718 se

873 2746 1083 2791 naturre
1122 2737 1361 2806 ejusdem
1410 2743 1673 2811 originem
1720 2755 2029 2802 nascentem
2076 2751 2322 2818 sequitur
2373 2751 2460 2805 ille

872 2829 964 2897 qui
996 2829 1186 2900 gignit,
1221 2841 1274 2886 et
1315 2849 1412 2902 per
1439 2843 1714 2906 acceptam
1748 2839 2084 2893 nativitatem
2106 2882 2119 2905 ,
2152 2840 2304 2908 cujus
2356 2842 2460 2896 vir-

870 2929 960 2975 tus
987 2921 1281 2984 derivetur,
1314 2938 1421 2976 non
1450 2935 1628 2979 tamen
1665 2926 1941 2981 auferatur
1991 2929 2045 2982 in
2097 2931 2372 3000 gignente,
2415 2935 2456 2987 si

872 3022 1052 3067 manet
1082 3014 1168 3068 ille
1196 3015 1288 3085 qui
1317 3017 1571 3086 gignitur.
1619 3019 1682 3072 Et
1725 3021 1829 3074 hoc
1874 3022 2092 3090 quidem
2139 3033 2344 3079 tantum
2391 3027 2457 3081 ad

873 3106 1120 3160 humana:
1170 3108 1471 3164 nativitatis
1521 3110 1932 3182 intelligentiam
1972 3128 2454 3172 commemoratum

871 3221 898 3256 a
934 3202 1088 3257 nobis
1111 3205 1202 3265 sit,
1233 3221 1339 3258 non
1389 3205 1550 3260 etiam
1594 3208 1661 3260 ad
1707 3208 2004 3276 perfectum
2061 3211 2112 3264 in
2165 3211 2455 3282 Unigenito
2484 3243 2528 3302 ρ

872 3294 981 3347 Deo
1023 3295 1321 3349 nativitatis
1372 3296 1710 3365 exemplum,
1776 3300 1900 3367 quia
1952 3311 2158 3354 natura:
2209 3302 2456 3358 humanae

871 3382 1158 3438 inﬁrmitas
1187 3400 1252 3438 ex
1290 3385 1594 3455 disparibus
1625 3399 1990 3457 comparatur,
2021 3400 2076 3444 et
2105 3404 2213 3446 nec
2248 3407 2312 3445 ex
2341 3394 2458 3447 ina-

869 3477 1030 3530 nimis
1081 3479 1394 3531 continetur
1441 3481 1507 3533 ad
1547 3482 1736 3546 vitam,
1781 3497 1880 3537 nec
1921 3487 2103 3538 statim
2157 3487 2208 3539 in
2259 3502 2318 3540 ea
2368 3487 2456 3555 qui

870 3567 1109 3635 gignitur
1156 3567 1309 3631 vivit,
1347 3585 1520 3638 neque
1571 3580 1738 3625 totum
1784 3574 1914 3628 vivit
1949 3591 2014 3629 ex
2054 3577 2184 3639 vita,
2225 3593 2344 3631 eum
2403 3578 2455 3631 in

868 3672 928 3708 ea
960 3655 1123 3731 multa
1156 3658 1268 3711 sint
1298 3675 1418 3726 quae
1449 3661 1567 3714 sine
1598 3671 1804 3716 natura:
1833 3678 1944 3717 sure
1989 3680 2150 3719 sensu
2194 3681 2316 3720 cum
2365 3681 2456 3720 ex-

865 3748 1141 3800 creverint
1192 3749 1532 3803 desecentur.
1582 3750 1637 3804 lu
1689 3752 1796 3806 Deo
1827 3769 1955 3807 vero
1978 3755 2119 3824 quod
2150 3766 2254 3819 est,
2287 3766 2454 3809 totum

869 3836 1035 3900 vivit;
1069 3835 1207 3890 Dens
1239 3838 1383 3892 enim
1433 3839 1541 3892 vita
1590 3850 1691 3903 est,
1733 3851 1787 3895 et
1835 3843 1948 3898 haec
1975 3845 2084 3898 vita
2131 3862 2233 3900 non
2281 3855 2457 3914 potest

866 3927 1157 3994 quidquam
1199 3942 1319 3982 esse
1369 3928 1471 3982 nisi
1515 3930 1718 3996 vivum,
1763 3947 1936 4001 neque
1983 3950 2049 3988 ex
2100 3935 2451 3999 derivatione,

864 4018 958 4072 sed
985 4033 1051 4071 ex
1078 4019 1278 4073 virtute
1317 4020 1572 4075 nativitas
1594 4032 1694 4076 est.
1738 4024 1816 4077 Ac
1845 4024 1923 4079 sic
1953 4025 2077 4079 dum
2113 4035 2281 4080 totum
2311 4027 2454 4095 quod

863 4118 946 4163 est
981 4110 1131 4172 vivit,
1160 4119 1212 4164 et
1235 4109 1362 4163 dum
1397 4119 1565 4166 totum
1593 4113 1734 4182 quod
1781 4131 1848 4169 ex
1888 4131 1954 4171 eo
2001 4119 2241 4172 nascitur
2281 4119 2453 4172 virtus

861 4214 961 4269 est,
997 4206 1155 4260 habet
1188 4207 1547 4273 nativitatem,
1578 4223 1683 4262 non
1723 4207 1886 4262 habet
1929 4208 2373 4272 demutatiouem,
2400 4217 2446 4262 el

862 4298 1454 4367 impertitprofeetum,
1501 4315 1608 4352 non
1655 4299 1862 4352 amittit
1902 4308 2171 4352 naturam.
2219 4299 2286 4352 Et
2324 4299 2448 4352 dum

861 4391 1199 4446 nativitatem
1257 4408 1419 4462 quam
1464 4392 1611 4447 dedit
1648 4408 1746 4462 per
1786 4392 2090 4446 indiscreta:
2129 4402 2335 4446 naturae
2375 4394 2450 4446 si-

859 4483 1214 4538 militudinem
1248 4485 1584 4554 sequitur,et
1613 4483 1868 4537 nativitas
1899 4499 2050 4548 eam,
2101 4498 2220 4551 qua:
2264 4484 2449 4538 vivens

857 4591 921 4629 ex
950 4576 1164 4629 vivente
1186 4586 1300 4640 est,
1333 4586 1580 4630 naturain
1615 4577 1888 4631 nascendo
1931 4592 2032 4630 non
2075 4577 2298 4631 deserit.
2350 4577 2445 4630 ΛΓ-
2481 4606 2525 4664 υ

857 4668 960 4719 fert
983 4676 1159 4720 autem
1197 4682 1295 4735 pro
1318 4677 1470 4738 parte
1496 4668 1615 4721 ﬁdei
1644 4667 1801 4735 hujus
1824 4668 2272 4737 signiﬁcationem
2304 4669 2440 4738 ignis

857 4759 908 4811 in
934 4773 991 4812 se
1017 4758 1190 4828 ignem
1224 4759 1450 4822 habens,
1475 4769 1529 4814 et
1556 4759 1608 4813 in
1652 4761 1771 4830 igne
1814 4760 1951 4828 ignis
2009 4774 2252 4814 manens.
2307 4759 2442 4813 Nam

853 4866 974 4906 eum
1013 4851 1082 4904 sit
1111 4851 1161 4904 in
1190 4865 1254 4904 eo
1283 4850 1536 4920 splendor
1564 4850 1804 4914 luminis,
1830 4860 2039 4905 natura:
2073 4851 2239 4914 calor,
2274 4851 2444 4904 virtus

855 4940 1060 5001 ureudi,
1091 4940 1360 4995 mobilitas
1406 4942 1691 5005 mstuandi,
1725 4950 1894 4994 totum
1951 4950 2128 4994 tamen
2172 4941 2312 5009 ignis
2339 4949 2443 5006 cst,

850 5039 904 5080 (ιι
936 5028 1049 5084 hrec
1081 5029 1329 5084 universa
1363 5044 1467 5083 una
1519 5038 1714 5084 natura
1771 5039 1870 5085 est.
1901 5029 2077 5083 liabet
2118 5030 2334 5098 quidem
2379 5044 2444 5083 ex

852 5121 1167 5176 inﬁrmitate
1205 5124 1345 5191 quod
1377 5139 1473 5194 per
1514 5123 1800 5178 materiam
1843 5124 2091 5178 subsistit
2125 5139 2189 5177 ac
2218 5124 2368 5187 vivit,
2394 5133 2450 5178 et

851 5229 969 5265 cum
1003 5231 1063 5267 ea
1096 5229 1191 5282 per
1214 5229 1375 5282 quam
1403 5215 1628 5276 vixerat,
1658 5213 1860 5268 deﬁcit.
1897 5213 2000 5268 Sed
2043 5214 2144 5267 hoc
2185 5213 2326 5281 quod
2361 5213 2442 5266 in-

847 5301 1126 5338 I-nt'nns-nln
1167 5301 1259 5338 nn:
1291 5313 1367 5338 nc!
1399 5319 1461 5338 ην
1489 5305 1959 5338 οΛηυ-ιηνσιιῗηηιηη
1987 5312 2135 5338 nil-In
2161 5304 2442 5338 anan-noni-

2592 651 2717 705 tatis
2756 653 3058 721 profectum
3089 667 3296 713 natnrze
3326 662 3466 715 nulla
3503 663 3731 719 defectio
3769 668 3859 732 sit,
3887 680 3939 722 et
3986 680 4160 726 tamen

2587 743 2656 795 sit
2690 743 2866 800 lumen
2891 761 2954 801 ex
2979 748 3201 803 lumine.
3231 753 3336 806 Ant
3371 756 3612 822 nunquid
3659 757 3759 812 hoc
3821 775 3924 812 non
3980 771 4160 815 manet

2586 833 2640 886 in
2673 849 2768 899 eo,
2794 837 2933 904 quod
2971 853 3037 892 ex
3084 854 3203 894 sese
3249 842 3364 896 sine
3409 843 3708 900 defectione
3734 848 4028 902 subsistat?
4056 851 4162 904 Aut

2585 924 2685 979 hoc
2725 942 2828 980 non
2871 929 3008 982 inest
3057 929 3110 982 in
3153 946 3240 994 eo,
3265 934 3405 987 unde
3453 950 3559 988 non
3605 952 3873 990 recessum
3923 949 4024 1002 est,
4068 942 4162 994 sed

2584 1029 2705 1067 eum
2740 1017 2943 1071 unitate
2981 1020 3296 1074 substantia:
3327 1025 3588 1080 naturalis
3617 1028 3820 1081 exivit?
3874 1028 3938 1082 Et
3977 1045 4161 1098 quarro

2583 1119 2723 1158 anne
2745 1121 2850 1159 non
2880 1125 3040 1161 unum
3068 1111 3202 1169 sint.
3231 1126 3352 1165 cum
3387 1113 3562 1168 lumen
3605 1131 3668 1170 ex
3714 1118 3912 1172 lumine
3953 1135 4050 1173 nec
4081 1120 4162 1173 di-

2582 1191 2788 1247 visione
2815 1196 3132 1263 separabilis
3155 1198 3242 1259 sit,
3270 1215 3366 1254 nee
3394 1217 3591 1270 genere
3617 1207 3867 1260 natnrm?
3909 1207 3973 1260 Et
4023 1208 4157 1270 iure,

2581 1286 2796 1352 utdixi,
2838 1289 2904 1342 ad
2953 1289 3363 1361 intelligentiam
3415 1303 3624 1350 tantum
3674 1297 3796 1351 ﬁdei
3846 1308 4157 1366 comparata

2577 1378 2707 1441 sint,
2740 1395 2844 1432 non
2887 1381 3048 1434 etiam
3093 1383 3155 1434 ad
3205 1384 3296 1438 Dei
3341 1385 3679 1454 dignitatem,
3719 1396 3776 1441 ut
3831 1403 3936 1442 non
3979 1389 4158 1457 potius

2578 1468 2984 1540 intelligentiam
3012 1473 3358 1528 invisibilium
3384 1491 3450 1530 ex
3491 1479 3945 1548 comparabilibus
3979 1494 4158 1533 sume-

2575 1574 2781 1624 remus,
2807 1576 2914 1615 non
2939 1564 3145 1630 utique,
3173 1573 3230 1618 ut
3263 1566 3480 1635 aliquod
3517 1577 3726 1623 natura:
3754 1569 3848 1624 Dei
3878 1569 4158 1624 satisface-

2577 1659 2660 1704 ret
2683 1654 3107 1721 comparationis
3129 1657 3456 1725 exemplum,
3482 1674 3604 1713 eum
3628 1660 3846 1730 dignum
3871 1670 3923 1714 et
3949 1661 4154 1730 justum

2575 1753 2718 1795 esset
2750 1745 2968 1798 testanti
2997 1746 3062 1799 de
3091 1762 3147 1800 se
3176 1747 3282 1802 Deo
3308 1751 3547 1804 credere.

2807 1850 2931 1905 CAP.
2963 1850 3023 1904 ν.
3065 1884 3134 1892 -
3168 1855 3242 1908 De
3269 1854 3363 1909 Dei
3387 1854 3566 1911 Patris
3592 1860 3906 1913 substantia.

2640 1959 2800 2014 Pater
2828 1971 2908 2016 est
2935 1978 2998 2016 ex
3028 1980 3134 2032 quo
3173 1981 3331 2020 omne
3363 1969 3503 2036 quod
3536 1977 3619 2023 est
3649 1972 3916 2025 consistit.
3957 1971 4073 2040 Ipse
4101 1975 4154 2026 in

2569 2049 2787 2104 Christo
2823 2062 2879 2105 et
2923 2069 3017 2121 per
3047 2054 3321 2109 Christum
3365 2059 3516 2127 origo
3565 2061 3828 2114 omnium.
3889 2061 4154 2115 Carteruni

2568 2139 2683 2208 ejus
2721 2141 2774 2193 in
2805 2156 2922 2195 sese
2949 2152 3051 2207 est,
3083 2159 3189 2198 non
3232 2145 3447 2201 aliunde
3486 2150 3629 2216 quod
3661 2160 3743 2204 est
3784 2166 4024 2216 sumens,
4056 2155 4152 2206 sed

2571 2229 2618 2280 id
2648 2230 2790 2296 quod
2817 2240 2988 2284 estex
3030 2249 3088 2286 se
3141 2243 3303 2302 atque
3352 2236 3404 2289 in
3455 2251 3513 2291 se
3564 2241 3866 2295 continens.
3911 2241 4156 2296 luﬁnitus

2567 2318 2693 2385 quia
2725 2333 2828 2370 non
2863 2319 2973 2388 ipse
3002 2321 3053 2374 in
3096 2322 3298 2392 aliquo,
3323 2325 3418 2380 sed
3451 2327 3594 2380 intra
3624 2343 3745 2382 cum
3774 2331 3975 2384 omnia.
4002 2330 4156 2385 Sem-

2570 2423 2667 2476 per
2723 2419 2876 2462 extra
2926 2409 3135 2478 locum,
3196 2417 3323 2484 quia
3385 2434 3490 2472 non
3545 2421 3855 2475 continetur
3910 2423 3961 2476 in
4013 2423 4151 2477 loco.

2569 2495 2795 2566 Semper
2821 2508 2946 2554 ante
2985 2517 3179 2566 rerum,
3219 2506 3343 2572 quia
3377 2516 3588 2576 tempus
3630 2511 3697 2565 ab
3742 2525 3806 2565 eo
3865 2521 3948 2565 est
3999 2523 4152 2567 extra

2565 2599 2724 2652 quem
2758 2587 2890 2640 nihil
2922 2598 3026 2656 est,
3061 2601 3115 2645 et
3155 2594 3242 2646 cui
3290 2605 3373 2649 est
3413 2613 3648 2667 semper,
3696 2609 3754 2653 nt
3799 2616 4012 2670 semper
4059 2604 4150 2656 sit.

2567 2675 2690 2731 llaec
2728 2680 2928 2733 veritas
2955 2691 3040 2735 est
3072 2688 3402 2740 sacramenti
3433 2687 3548 2753 Dei,
3579 2689 3681 2744 hoc
3721 2691 4152 2762 imperspicabile

2565 2774 2773 2820 natura:
2812 2785 3006 2823 nomen
3041 2772 3091 2824 in
3127 2771 3305 2827 Patre.
3356 2775 3466 2830 Soli
3508 2777 3645 2834 Filio
3685 2790 3866 2846 notus,
3895 2783 4022 2851 quia
4050 2781 4153 2835 Pa-

2566 2864 2702 2910 trem
2732 2874 2890 2914 nemo
2921 2863 3069 2916 novit
3105 2865 3208 2919 nisi
3253 2865 3454 2931 Filius,
3481 2879 3533 2923 et
3565 2872 3649 2925 cui
3701 2873 3933 2927 voluerit
3985 2873 4151 2928 Filius

2563 2951 2821 3005 revelare.
2859 2954 2998 3024 Ergo
3033 2957 3098 3010 de
3139 2957 3301 3012 Patre
3353 2977 3455 3014 una
3512 2979 3634 3016 cum
3696 2964 3832 3018 Filio
3878 2965 4151 3021 revelante

2561 3039 2713 3103 Filio,
2741 3043 2828 3110 qui
2855 3044 2969 3098 solo
2993 3047 3142 3100 tCStis
3171 3048 3344 3103 ﬁdelis
3375 3061 3478 3116 est,
3512 3054 3829 3108 sentiamus.

2667 3152 2793 3208 CAP.
2827 3155 2910 3208 Vl.
2934 3187 2999 3195 —
3023 3157 3100 3211 De
3128 3159 3400 3214 uelit-itote
3446 3160 3578 3215 Filii
3620 3163 3716 3217 Dei
3759 3182 3823 3219 ea:
3863 3164 4039 3220 Patre.

2636 3267 2712 3337 (l)
2745 3265 2938 3323 Filium
2971 3284 3125 3325 mens
3154 3282 3536 3328 consternatur
3560 3276 3846 3348 attingere,
3875 3289 3930 3333 et
3979 3283 4146 3349 trepi-

2567 3365 2661 3416 dat
2688 3364 2867 3418 omnis
2897 3381 3075 3419 sermo
3115 3381 3172 3420 se
3203 3368 3451 3436 prodere.
3480 3370 3572 3424 Est
3597 3373 3881 3441 progenies
3905 3375 4146 3442 ingeniti,

2561 3471 2700 3510 unus
2723 3473 2788 3509 ex
2827 3473 2952 3523 uno,
2986 3475 3146 3513 verus
3169 3475 3198 3511 a
3227 3475 3354 3514 vero
3373 3501 3387 3526 ,
3413 3463 3566 3517 vivus
3595 3479 3624 3518 a
3657 3465 3798 3528 vivo,
3823 3463 4094 3533 perfectus
4119 3485 4149 3518 a

2559 3547 2820 3616 perfecto,
2855 3550 3072 3604 virtutis
3097 3552 3289 3618 virtus,
3320 3553 3585 3623 sapientia
3633 3556 3933 3624 sapientiae,
3975 3556 4147 3626 gloria

2559 3641 2763 3712 glorize,
2795 3644 2973 3714 imago
3007 3645 3295 3700 invisibilis
3323 3646 3436 3707 Dei,
3472 3648 3642 3701 forma
3673 3647 3848 3704 Patris
3899 3649 4144 3718 ingeniti.

2559 3731 2615 3784 Si
2655 3734 2776 3800 quis
2809 3732 2944 3786 forte
2971 3734 3341 3804 intelligentia:
3368 3751 3479 3789 sum
3510 3736 3800 3804 imputabit
3841 3738 4148 3808 generatio-

2558 3822 2643 3876 nis
2674 3823 2868 3878 divina:
2901 3836 3301 3880 sacramentum
3328 3867 3342 3891 ,
3374 3827 3425 3880 id
3477 3836 3561 3881 est
3618 3828 3852 3896 qualiter
3903 3829 4148 3898 genuerit

2557 3917 2718 3971 Pater
2743 3916 2936 3970 Filium
2970 3933 3074 3971 non
3106 3932 3264 3986 posse
3296 3933 3353 3972 se
3399 3921 3680 3989 consequi,
3727 3935 3849 3974 cum
3881 3930 4056 3972 tamen
4083 3929 4148 3997 et

2555 4004 2718 4060 Pater
2749 4006 2822 4059 sit
2860 4005 3538 4076 absoluteintelligendus,
3588 4016 3644 4061 et.
3697 4007 3885 4072 Filius,
3941 4006 4147 4074 majore

2557 4098 2698 4151 istud
2736 4097 2987 4158 dolorea
3031 4113 3117 4151 me
3157 4099 3341 4152 audiet
3372 4100 3630 4168 ignorari.
3662 4101 3773 4170 Ego
3805 4101 4008 4163 nescio,
4036 4116 4143 4153 nou

2557 4186 2798 4254 requiro,
2825 4194 2879 4238 et
2917 4185 3238 4240 consolabor
3289 4202 3373 4240 me
3419 4197 3619 4242 tamen.
3672 4189 3993 4257 Archangeli
4051 4206 4145 4243 ne-

2554 4275 2753 4340 sciunt,
2784 4276 2957 4346 angeli
3013 4292 3117 4330 non
3173 4278 3478 4342 audierunt,
3528 4279 3723 4334 saecula
3772 4296 3878 4336 non
3937 4290 4140 4346 tenent,

2554 4369 2818 4437 prepheta
2869 4384 2973 4422 non
3035 4370 3222 4434 sensit,
3274 4369 3566 4439 Apostolus
3615 4387 3718 4426 non
3768 4373 4142 4441 interrogavit,

2555 4461 2721 4515 Filius
2755 4461 2868 4528 ipse
2920 4477 3024 4514 non
3079 4462 3265 4515 edidit.
3325 4462 3516 4516 Cesset
3573 4462 3726 4517 dolor
3774 4462 4141 4532 querelarum.

2553 4551 2688 4605 Nam
2725 4562 2796 4616 te,
2824 4553 3068 4621 quisquis
3090 4567 3170 4618 es,
3193 4554 3282 4621 qui
3312 4553 3424 4606 haec
3453 4555 3706 4622 requiris,
3733 4569 3839 4606 non
3870 4567 4061 4608 revoco
4089 4554 4141 4605 in

2554 4645 2884 4713 exemplum,
2915 4663 3020 4700 non
3055 4647 3106 4699 in
3134 4646 3541 4715 amplitudinem
3577 4647 3771 4710 tendo,
3799 4662 3903 4700 non
3937 4644 4144 4699 deduco

2554 4741 2606 4793 in
2642 4742 2984 4812 profundum.
3020 4742 3210 4797 Nonne
3239 4744 3613 4813 arqnanimiter
3652 4745 3930 4815 ignorabis
3973 4743 4146 4798 Crea~

2556 4835 2686 4888 toris
2719 4836 3056 4890 nativitatem
3091 4835 3346 4903 ignorans
3373 4836 3636 4906 originem
3683 4835 3980 4889 creaturar?
4029 4833 4142 4887 lloe

2556 4926 2744 4979 saltem
2780 4927 3018 4995 requiro,
3051 4926 3291 4980 sentisne
3325 4938 3374 4980 te
3423 4926 3684 4996 genitum,
3718 4935 3772 4980 et
3799 4941 3918 4994 quae
3974 4940 4039 4979 ex
4091 4935 4142 4978 te

2557 5029 2886 5087 generentur
2910 5018 3196 5089 intelligis?
3227 5017 3341 5073 Non
3375 5033 3558 5088 quaero
3589 5033 3806 5072 sensum
3839 5019 3980 5071 unde
4007 5017 4140 5070 bau-

2552 5113 2688 5164 seris
2723 5110 2908 5173 vitam,
2948 5111 3090 5165 unde
3131 5114 3356 5165 sortitus
3406 5111 3480 5165 sis
3526 5110 3954 5180 intelligentiam,
3998 5112 4139 5164 unde

2551 5202 2776 5270 adeptus
2809 5203 2881 5255 sis
2917 5221 2927 5254 :
2965 5203 3122 5271 quale
3148 5213 3227 5256 est
3254 5203 3394 5270 quod
3434 5203 3484 5256 in
3519 5211 3570 5256 te
3615 5203 3686 5256 sit
3731 5201 3884 5265 odor,
3922 5216 4132 5265 sensus,

2551 5293 2714 5338 visus-
2749 5295 2997 5338 auditus?
3023 5293 3182 5338 (ἶιϊιρ
3210 5309 3368 5338 lwnm
3399 5294 3540 5338 nilnil
3571 5291 3698 5338 facit
3728 5290 4133 5338 neseit.0nmro
