4516 5500
410 502 507 556 381

1049 610 1201 663 Ilrcta
1226 610 1374 677 ﬁdes.

486 704 605 757 Stat
636 704 685 755 iu
716 704 815 756 hoc
846 700 1193 769 intelligentia
1238 698 1341 752 line
1374 700 1675 753 verborum.
1707 699 1796 752 Est
1818 696 1983 751 Filius

413 794 479 845 ab
510 808 573 847 eo
602 791 760 845 Patre
787 792 877 860 qui
908 800 1009 844 est.
1052 789 1370 859 [nigenitus
1400 791 1466 843 ab
1499 790 1754 858 ingenito,
1789 804 1981 857 proge-

411 886 529 938 nies
555 900 583 936 a
613 894 855 953 parente,
889 884 1041 937 vivus
1082 900 1110 935 a
1158 884 1294 936 vivo.
1348 882 1414 937 L't
1457 884 1631 936 Patris
1670 885 1773 935 vita
1814 888 1862 935 in
1904 899 1985 935 se-

413 976 660 1043 metipso,
696 977 767 1027 ita
800 984 853 1027 et
885 974 1020 1028 Filio
1051 976 1173 1027 data
1205 984 1285 1028 est
1313 974 1419 1027 vita
1446 975 1497 1028 in
1521 976 1826 1042 semet?pso.
1859 976 1985 1028 Per-

412 1065 585 1118 fectus
608 1080 635 1117 a
667 1065 922 1134 perfecto,
955 1067 1078 1134 quia
1112 1076 1253 1118 totus
1284 1082 1312 1117 a
1347 1074 1474 1119 toto.
1515 1064 1628 1118 Non
1656 1064 1868 1127 divisio,
1895 1077 1985 1119 aut

411 1158 676 1221 discissio,
715 1160 836 1225 quia
866 1158 1001 1211 alter
1036 1158 1088 1209 in
1117 1156 1306 1218 altero,
1353 1168 1403 1207 et
1435 1155 1703 1223 plenitudo
1739 1156 1986 1208 divinita-

412 1250 482 1303 tis
514 1250 563 1302 in
598 1248 730 1302 Filio
757 1258 857 1303 est.
893 1248 1455 1316 incomprehensibilis
1484 1248 1549 1299 ab
1578 1247 1987 1316 incompreheth

410 1340 571 1394 sibili.
620 1339 777 1394 Novit
823 1342 965 1394 enim
1007 1356 1162 1393 nemo
1194 1341 1292 1392 nisi
1327 1340 1574 1393 invicem.
1608 1338 1890 1393 invisibilis
1920 1339 1985 1392 ab

411 1433 687 1496 invisibili,
726 1433 848 1501 quia
884 1432 1058 1502 imago
1088 1432 1177 1484 Dei
1206 1430 1487 1484 invisibilis
1522 1439 1622 1491 est,
1652 1437 1706 1483 et
1736 1432 1857 1499 quia
1890 1430 1979 1499 qui

406 1524 543 1577 vidit
576 1523 793 1589 Filium,
826 1524 959 1575 vidit
1006 1532 1057 1575 et
1109 1522 1341 1575 Patrem.
1394 1522 1543 1575 Alius
1593 1522 1659 1575 ab
1697 1522 1821 1583 alio,
1855 1523 1978 1590 quia

406 1614 565 1667 l’ater
591 1623 643 1667 et
670 1614 855 1668 Filius.
892 1612 1005 1666 Non
1042 1623 1229 1665 natura
1282 1612 1579 1665 divinitatis
1627 1612 1727 1663 alia
1765 1620 1817 1664 et
1858 1612 1978 1673 al'a,

406 1704 531 1769 quia
565 1702 724 1754 ambo
752 1717 935 1754 unum.
970 1702 1109 1754 Deus
1138 1716 1166 1752 a
1205 1701 1335 1755 Deo.
1378 1700 1456 1753 Ab
1485 1717 1589 1753 uno
1612 1701 1847 1767 ingenito
1874 1701 1982 1753 Deo

404 1800 711 1866 unigenitus
743 1800 899 1853 Dens.
928 1798 1041 1851 Non
1072 1798 1143 1851 dii
1178 1799 1304 1859 duo,
1328 1798 1419 1853 sed
1453 1814 1587 1851 unus
1616 1799 1681 1851 ab
1710 1812 1831 1850 uno.
1869 1797 1980 1850 Non

404 1891 625 1958 ingeniti
675 1890 819 1951 duo,
863 1891 985 1958 quia
1040 1899 1195 1942 natus
1242 1900 1323 1942 est
1370 1890 1435 1941 ah
1474 1890 1675 1942 innato.
1729 1888 1877 1940 Alter
1915 1888 1982 1942 ab

1231 498 1427 552 Lmen
1471 498 1555 551 nt:
1591 496 1910 552 CURPORE
1951 495 2035 549 ur
2079 496 2423 553 saxeus»:
2463 476 2762 554 cumsrt.’

3550 488 3652 542 582

2012 608 2059 667 Λ
2092 605 2327 660 affertur.
2364 610 2437 662 De
2466 608 2667 661 incensi
2714 606 2828 657 loco
2878 600 3128 655 sacerdos
3158 608 3334 653 mutus
3358 597 3652 663 egre.:itur.

2088 696 2319 751 Joannes
2345 699 2396 750 in
2426 713 2606 749 vocem
2636 695 2808 748 adhuc
2835 701 2985 745 utero
3008 689 3195 743 matris
3215 689 3460 740 detentus
3481 699 3658 737 crum-

2088 794 2182 861 pit.
2214 792 2433 845 Mariam
2464 792 2682 860 angelus
2712 787 2995 849 benedicit,
3029 794 3253 838 matrem
3280 782 3400 838 Filii
3428 780 3521 833 Dei
3552 778 3663 829 vi."-

2089 892 2264 960 ginem
2303 889 2601 957 pollicetur.
2627 886 2715 939 illa
2746 881 3067 953 virginitatis
3112 894 3221 932 sua!
3250 874 3487 933 conscia,
3520 867 3658 925 dim:

2088 959 2287 1035 cultatc
2312 979 2433 1032 facti
2467 984 2851 1031 commovetur.
2877 970 3109 1040 Angelus
3137 968 3183 1021 ei
3214 963 3552 1019 efﬁcientiam
3581 959 3662 1013 di-

2090 1076 2221 1128 vina:
2248 1071 2573 1142 operationis
2599 1068 2846 1137 exponit;
2880 1067 2953 1117 ait
2974 1065 3116 1117 enim
3150 1076 3164 1113 :
3198 1058 3427 1127 Spiritus
3450 1061 3661 1106 sanctus

2088 1141 2403 1234 superveniet
2449 1164 2499 1214 iu
2532 1171 2600 1223 te,
2632 1170 2676 1213 ct
2720 1161 2878 1212 rirtus
2913 1152 3163 1208 ditissimi
3192 1145 3515 1203 obumbrabit
3549 1141 3659 1194 tibi.

2088 1258 2321 1326 Spiritus
2369 1264 2586 1308 sanctus
2629 1252 2857 1319 desuper
2889 1248 3108 1301 veniens
3143 1241 3375 1310 Virginis
3403 1235 3662 1291 interiora

2089 1345 2467 1407 sanctificavit,
2495 1353 2547 1397 et
2581 1344 2632 1395 in
2666 1343 2749 1395 bis
2778 1341 3011 1409 spirans,
3044 1336 3131 1405 qui
3166 1333 3254 1387 ubi
3283 1331 3395 1383 vult
3429 1326 3665 1398 Spiritus

2086 1443 2277 1510 spirat,
2312 1447 2515 1491 natura;
2545 1452 2601 1488 se
2634 1436 2881 1487 hunnune
2926 1430 3105 1483 carnis
3135 1422 3448 1479 immiscuit.
3507 1420 3570 1473 Et
3612 1417 3665 1471 id

2086 1534 2225 1602 quod
2257 1531 2487 1584 alienum
2518 1544 2545 1580 a
2572 1544 2629 1581 sc
2660 1536 2775 1579 erat
2806 1567 2819 1587 ,
2866 1524 2918 1577 vi
2966 1538 3058 1576 sua
3112 1536 3174 1574 ac
3219 1525 3484 1587 potestate
3529 1529 3666 1582 pra:-

2087 1622 2333 1689 sumpsit.
2370 1619 2542 1684 Atque.
2587 1626 2642 1669 ut
2694 1633 2758 1667 ue
2794 1615 2919 1682 quid
2970 1628 3063 1680 per
3103 1607 3522 1662 imbecillitatem
3560 1603 3660 1656 htt-

2089 1714 2230 1766 tuani
2268 1711 2509 1780 corporis
2538 1708 2842 1767 dissideret,
2878 1706 3048 1757 virtus
3095 1700 3341 1754 altissimi
3390 1696 3662 1762 Virginem

2086 1804 2390 1861 obumbrat,
2435 1799 2799 1851 infirmitatem
2827 1793 2942 1860 ejus
2976 1792 3118 1844 velut
3158 1806 3255 1857 per
3285 1788 3528 1839 tuubraut
3561 1784 3667 1836 cir-

2088 1890 2385 1946 cumfusam
2416 1888 2767 1947 Continuam,
2810 1893 2863 1936 ut
2923 1884 2987 1935 ad
3033 1880 3386 1934 sementinaiu
3430 1872 3664 1927 ineuntis

404 1984 575 2035 altero
608 1981 739 2034 nihil
765 1980 1039 2044 differens,
1074 1983 1195 2050 quia
1249 1984 1355 2035 vita
1388 1983 1615 2036 viventis
1645 1984 1696 2035 in
1732 1983 1851 2036 vivo
1881 1992 1979 2037 est.
2014 1955 2062 2016 Β
2092 1981 2323 2050 Spiritus
2352 1978 2639 2032 efficaciam
2687 1972 3042 2027 substantiam
3091 1966 3424 2036 corporalem
3471 1962 3665 2014 divina:

404 2074 530 2128 lbec
576 2074 641 2127 de
692 2082 885 2126 natura
931 2074 1227 2127 divinitatis
1259 2074 1554 2143 attigimus,
1585 2088 1686 2126 non
1719 2090 1983 2128 summam

406 2166 775 2236 intelligentizr
802 2165 1337 2233 eompreheudeutes,
1362 2165 1454 2217 sed
1488 2165 1844 2234 intelligentes
1867 2182 1985 2220 esse

404 2254 972 2323 incomprehensibilia
1003 2270 1120 2322 ane
1149 2255 1449 2321 loquamur.

509 2347 636 2400 CAP.
668 2344 772 2399 Vll.
802 2376 869 2385 —
892 2345 968 2399 De
992 2344 1117 2397 Filii
1145 2346 1239 2397 Dei
1261 2348 1588 2413 generatione
1610 2362 1671 2397 ex
1696 2356 1877 2399 matre.

476 2439 705 2493 Humani
736 2451 913 2493 autem
943 2440 1155 2508 generis
1193 2454 1352 2491 causa
1387 2437 1477 2490 Dei
1530 2438 1694 2492 Filius
1728 2447 1884 2491 natus
1918 2452 1981 2491 ex

404 2530 624 2600 Virgine
651 2539 752 2589 est.
787 2540 836 2583 et
870 2528 1071 2597 Spiritu
1101 2538 1289 2581 sancto
1318 2527 1431 2595 ipso
1458 2528 1558 2581 sibi
1588 2528 1638 2580 iu
1670 2529 1767 2581 hac
1796 2544 1984 2596 opera-

404 2623 551 2675 tione
582 2620 877 2674 famulante
905 2629 957 2673 et
982 2636 1075 2673 sua
1103 2620 1346 2671 videlicet
1382 2620 1474 2672 Dei
1510 2620 1848 2673 inumbraute
1882 2620 1986 2671 vir-

401 2721 519 2765 tute
545 2710 787 2778 corporis
832 2709 930 2761 sibi
971 2708 1121 2761 initia
1152 2707 1436 2767 conscivit,
1467 2717 1519 2759 et
1549 2707 1767 2760 exordia
1801 2708 1983 2760 carnis

404 2800 662 2864 instituit,
696 2808 753 2851 ut
787 2800 946 2852 homo
979 2796 1154 2850 factus
1185 2812 1251 2850 ex
1296 2794 1517 2866 Virgine
1567 2806 1812 2849 naturam
1847 2797 1896 2850 iu
1929 2812 1986 2851 se

402 2892 589 2945 carnis
638 2890 933 2958 acciperet,
966 2904 1168 2957 perque
1201 2889 1360 2954 hujus
1387 2888 1725 2941 admistionis
1753 2889 1984 2942 societa-

403 2991 515 3033 tem
570 2981 967 3033 sanctificatum
1011 2980 1062 3031 iu
1109 2993 1173 3031 eo
1220 2978 1454 3031 universi
1505 2977 1721 3046 generis
1769 2976 1984 3029 immani

402 3083 604 3136 corpus
647 3069 926 3121 existeret.
979 3066 1049 3120 Ut
1101 3065 1555 3134 quemadmodum
1608 3079 1795 3117 omnes
1845 3065 1895 3115 in
1929 3080 1986 3117 se

402 3173 504 3226 per
536 3158 587 3209 id
616 3158 755 3225 quod
788 3170 1103 3225 corporeum
1136 3169 1194 3208 se
1240 3152 1405 3206 voluit
1435 3167 1577 3215 esse,
1608 3154 1983 3215 conderentur,

405 3251 481 3303 ita
516 3263 725 3300 rursum
758 3247 811 3299 in
848 3260 1037 3299 omnes
1069 3244 1182 3312 ipse
1215 3259 1308 3311 per
1339 3244 1387 3295 id
1420 3242 1561 3310 quod
1593 3241 1708 3309 ejus
1738 3252 1820 3295 est
1852 3240 1989 3293 iuvi-

406 3342 563 3395 sibile
596 3338 902 3394 referretur.
958 3336 1053 3389 Dei
1101 3310 1263 3405 igitur
1304 3334 1483 3403 imago
1511 3332 1792 3386 invisibilis
1821 3331 1989 3399 pudo-
2016 3310 2059 3369 (ἶ

405 3446 524 3486 rem
576 3430 793 3487 humani
825 3428 1030 3484 exordii
1077 3441 1181 3479 non
1236 3426 1523 3478 recusavit.
1580 3422 1645 3475 Et
1675 3439 1769 3491 per
1800 3437 1989 3474 conce-

403 3522 668 3591 ptionem,
700 3528 933 3589 partum,
964 3517 1201 3587 vagitum
1252 3524 1303 3568 et
1334 3530 1521 3575 cunas,
1568 3527 1755 3566 omnes
1784 3521 1988 3564 natura:

406 3622 609 3667 nostra:
640 3608 992 3664 contmnelias
1034 3606 1446 3660 transcucurrit.
1497 3603 1634 3669 Quid
1664 3602 1876 3655 tandem
1910 3601 1990 3653 di-

407 3720 573 3771 gnum
606 3718 634 3755 a
664 3700 818 3754 nobis
847 3708 1007 3752 tanta:
1028 3697 1355 3767 dignationis
1386 3695 1599 3749 afl'ectui
1632 3692 1988 3761 rependetur?

408 3790 791 3846 inenarrabilis
818 3804 847 3841 a
882 3787 993 3842 Deo
1020 3787 1246 3856 originis
1272 3802 1409 3839 unus
1439 3782 1743 3851 nnigenitus
1774 3782 1911 3835 Deus
1937 3782 1987 3833 in

410 3878 715 3954 corpusculi
755 3882 972 3935 humani
1022 3879 1249 3933 formam
1302 3889 1503 3932 saneta:
1550 3876 1787 3945 Virginis
1839 3886 1990 3929 utero

409 3976 645 4027 insertus
669 3972 951 4025 accrescit.
979 3970 1079 4035 Qui
1108 3970 1285 4022 omnia
1310 3969 1567 4029 continet,
1592 3966 1805 4036 etintra
1829 3979 1987 4032 quem

409 4075 468 4119 et
516 4079 613 4135 per
658 4079 813 4131 quem
861 4073 1053 4116 cuncta
1085 4072 1225 4121 sunt,
1263 4059 1480 4112 humani
1510 4068 1700 4127 partus
1729 4058 1992 4125 lege-pro-

410 4154 601 4207 fertur.
636 4151 701 4205 Et
728 4150 796 4205 ad
830 4151 984 4220 cujus
1015 4164 1202 4203 vocem
1248 4148 1421 4214 angeli
1473 4156 1632 4214 atque
1684 4143 1990 4213 archangeli

411 4253 673 4307 tremunt,
720 4242 936 4305 emittm,
982 4251 1036 4294 et
1073 4250 1238 4302 terra,
1273 4249 1328 4292 et
1372 4238 1551 4291 omnia
1599 4236 1783 4290 mundi
1834 4236 1992 4304 bilius

410 4334 677 4387 elementa
730 4329 1087 4391 resolventur,
1119 4326 1298 4396 vagitu
1340 4323 1582 4377 infanti-.e
1613 4323 1846 4377 auditur.
1889 4324 1990 4387 Qui

411 4422 695 4476 invisibilis
720 4429 775 4474 et
805 4414 1361 4488 incomprehensibilis
1392 4422 1497 4477 est,
1530 4428 1633 4465 non
1665 4412 1801 4476 visu,
1832 4427 1989 4466 sensu

413 4524 669 4583 tactuque
705 4511 1085 4573 moderandus,
1119 4509 1274 4563 cunis
1315 4517 1398 4561 est
1427 4505 1731 4560 obvolutus.
1779 4504 1901 4559 llzec
1948 4506 1992 4559 si

409 4605 533 4675 quis
566 4603 781 4672 indigna
815 4602 921 4655 Deo
951 4600 1169 4663 recolet,
1206 4606 1353 4651 tanto
1400 4612 1458 4649 se
1509 4595 1700 4664 majori
1748 4594 1990 4649 beneficii

411 4696 702 4751 obnoxium
750 4692 1116 4755 confitebitur,
1155 4698 1358 4759 quanto
1386 4689 1561 4741 minus
1590 4689 1701 4741 haec
1731 4687 1821 4741 Dei
1859 4704 1988 4742 cou-

410 4786 659 4840 veneriut
710 4781 998 4850 majestati.
1048 4779 1164 4833 Non
1214 4779 1301 4832 ille
1331 4778 1475 4847 eguit
1522 4777 1681 4830 homo
1711 4774 1868 4839 cflici,
1898 4792 1992 4845 per

411 4891 571 4947 quem
613 4878 773 4930 homo
804 4872 977 4927 factus
1023 4880 1125 4927 est.
1174 4870 1279 4924 Sed
1334 4884 1431 4923 nos
1462 4869 1706 4938 eguimus
1752 4876 1809 4922 ut
1850 4868 1991 4922 Deus

412 4986 541 5023 caro
570 4968 719 5023 fieret
752 4980 806 5022 et
838 4967 1111 5021 habitaret
1141 4964 1193 5017 in
1230 4965 1408 5026 nobis,
1438 4964 1487 5015 id
1516 4974 1599 5018 est
1628 4963 1991 5033 assumptione

412 5061 592 5114 carnis
620 5061 778 5114 unius
806 5057 1073 5110 universa:
1111 5056 1294 5108 earnis
1334 5055 1543 5107 interna
1572 5054 1849 5108 incoleret.
1880 5053 1990 5107 llu-

414 5151 614 5205 militas
657 5151 773 5219 ejus
826 5156 1010 5201 nostra
1069 5146 1318 5200 nobilitas
1368 5154 1486 5209 est,
1525 5144 1847 5201 contumelia
1878 5144 1993 5215 ejus

416 5244 585 5297 honor
610 5252 794 5298 noster
815 5248 917 5294 est.
939 5238 1089 5305 Quoi
1117 5238 1202 5291 ille
1232 5238 1375 5291 Deus
1402 5237 1451 5290 iu
1483 5254 1647 5293 carne
1670 5238 1989 5299 consistens,

412 5336 517 5388 hoc
545 5350 635 5389 nos
660 5332 907 5391 vicissim
937 5331 988 5384 in
1020 5331 1183 5383 Deum
1218 5345 1282 5385 ex
1316 5346 1475 5385 carne
1507 5330 1764 5388 renovati.
1801 5330 1903 5385 Sed
1928 5346 1993 5383 ne

2093 2072 2305 2125 virtutis
2358 2066 2681 2122 inumbratio
2729 2070 3071 2131 temperaret.
3127 2058 3252 2111 lla-c
3298 2053 3668 2121 coner-ptionis

2090 2173 2173 2217 est
2215 2161 2466 2230 dignitas.
2513 2156 2801 2210 Videamus
2833 2163 3069 2222 partum,
3114 2150 3348 2215 vagitum
3396 2154 3448 2198 cl
3479 2158 3663 2197 cunas.

2091 2254 2323 2321 dignitas
2352 2266 2468 2319 qua:
2494 2258 2773 2317 sequetur.
2824 2246 3087 2314 Loquitur
3134 2243 3198 2296 ad
3225 2239 3420 2307 Joseph
3450 2234 3671 2303 angelus

2089 2346 2384 2413 parituram
2416 2342 2713 2410 Virginem,
2746 2350 2797 2391 et
2842 2354 2985 2397 eum,
3016 2335 3106 2403 qui
3149 2342 3306 2386 natus
3357 2327 3537 2387 fuerit,
3580 2342 3671 2376 vo-

2090 2438 2317 2491 candnm
2348 2433 2771 2493 Enuuauuelcm,
2805 2432 2855 2483 id
2883 2439 2998 2483 est:
3038 2425 3321 2480 Nobiscum
3355 2421 3514 2474 Deus.
3545 2419 3670 2469 l'to-

2090 2527 2283 2580 clamat
2324 2524 2558 2592 Spiritus
2590 2537 2687 2590 per
2733 2519 3071 2589 prophetam.
3119 2512 3354 2583 Angelus
3385 2509 3537 2562 testis
3564 2516 3668 2566 est,

2089 2615 2230 2669 Deus
2260 2612 2538 2665 nobiscum
2576 2619 2655 2663 est
2706 2609 2791 2662 ille
2838 2608 2927 2675 qui
2973 2606 3232 2659 nascitur.
3269 2600 3471 2653 Novum
3502 2595 3677 2663 magis

2090 2705 2155 2757 de
2184 2702 2320 2756 cmlo
2348 2700 2513 2753 steila:
2544 2699 2723 2751 lumen
2754 2696 2993 2755 effertur,
3024 2702 3078 2746 et
3112 2690 3230 2745 ctrli
3274 2687 3556 2742 Dominmn
3601 2682 3671 2733 si-

2090 2813 2251 2868 gnum
2280 2795 2497 2849 cmlcste
2523 2791 2885 2859 prosequitur.
2932 2785 3168 2855 Angelus
3192 2779 3499 2851 pastoribus
3538 2790 3670 2827 tntu-

2092 2892 2185 2942 tiat
2223 2895 2406 2939 natum
2435 2883 2707 2937 Christum
2748 2877 2980 2939 Domini,
3009 2874 3235 2928 salutem
3270 2869 3666 2922 universorum.

2089 2977 2371 3033 Multitudo
2417 2974 2690 3028 exercitus
2737 2968 2974 3024 caelestis
3024 2966 3076 3018 in
3132 2960 3343 3014 laudem
3400 2954 3671 3025 puerperii

2090 3066 2402 3124 concurrit,
2451 3073 2506 3117 et
2558 3061 2690 3114 tanti
2744 3056 2925 3125 operis
2973 3050 3239 3123 prarconia
3288 3046 3451 3101 divini
3502 3052 3674 3097 cauus

2090 3157 2281 3227 gaudia
2312 3154 2654 3221 eloqiumtur.
2711 3148 2891 3201 Gloria
2940 3143 3131 3199 deimle
3182 3141 3231 3192 iu
3274 3136 3427 3190 melis
3461 3135 3586 3190 Deo.
3622 3142 3675 3184 et

2091 3223 2194 3316 pax
2226 3247 2278 3298 iu
2314 3255 2454 3296 terra
2509 3239 2814 3294 hominibus
2865 3236 3016 3289 bona:
3047 3229 3336 3284 voluntatis
3374 3223 3670 3277 nuntiatur.

2092 3341 2299 3393 Adsunt
2330 3334 2523 3388 deinde
2554 3330 2714 3399 magi,
2753 3327 3047 3380 involutum
3096 3320 3286 3389 pannis
3334 3318 3580 3373 adorant,
3621 3322 3674 3363 et

2092 3439 2212 3499 post
2238 3427 2377 3479 illam
2410 3422 2583 3476 inanis
2610 3418 2849 3473 scientiae
2888 3429 2995 3468 sua:
3019 3424 3271 3464 arcanam
3304 3404 3672 3474 operationem

2090 3518 2267 3587 posito
2299 3516 2349 3567 iu
2396 3512 2548 3566 cunis
2578 3524 2713 3579 genu
2746 3506 2986 3559 flectunt.
3045 3501 3135 3555 Sic
3174 3515 3268 3569 per
3297 3511 3482 3565 magos
3511 3510 3674 3545 cuna-

2093 3585 2208 3662 rum
2246 3603 2430 3659 sordes
2460 3602 2773 3662 adorantur,
2827 3597 2901 3650 sic
2956 3594 3166 3662 vagitus
3216 3605 3310 3658 per
3360 3585 3671 3655 angelorum

2092 3698 2269 3751 divina
2319 3692 2510 3763 gaudia
2562 3691 2914 3743 honorantur.
2965 3682 3055 3736 Sic
3108 3678 3284 3748 partui
3333 3674 3675 3744 proclamans

2092 3804 2185 3858 per
2211 3786 2525 3856 praphetam
2553 3780 2805 3851 Spiritus,
2827 3787 2881 3831 et
2904 3777 2952 3829 id
2980 3777 3151 3844 ipsum
3182 3768 3388 3839 angelis
3420 3764 3673 3819 nuntians

2090 3855 2145 3929 et
2187 3855 2335 3926 nova:
2387 3873 2521 3927 locis
2550 3870 2700 3925 stella
2752 3867 3057 3921 famulatur.
3104 3862 3196 3915 Sic
3236 3859 3388 3913 initia
3419 3855 3675 3909 nascendi

2093 3964 2325 4033 Spiritus
2357 3973 2577 4017 sanctus
2607 3957 3011 4029 superveniens,
3061 3962 3115 4006 et
3164 3947 3480 4005 inmnbrans
3506 3945 3677 3997 virtus

2092 4055 2350 4109 Altissimi
2386 4052 2620 4106 molitur.
2663 4049 2819 4103 Aliud
2865 4044 3203 4112 intelligitur,
3244 4038 3386 4092 aliud
3418 4035 3673 4094 videtur;

2092 4145 2235 4200 aliud
2278 4144 2470 4205 oculis,
2517 4141 2659 4195 aliud
2694 4140 2874 4193 animo
2902 4135 3250 4204 COIISpit‘ilttl‘.
3303 4130 3447 4183 Parit
3488 4124 3674 4193 Virgo,

2093 4247 2278 4307 partus
2306 4252 2333 4290 a
2368 4236 2475 4288 Deo
2504 4240 2606 4287 est.
2648 4229 2829 4285 Infans
2862 4228 3024 4297 vagit,
3054 4226 3337 4278 laudantes
3366 4217 3538 4287 angeli
3573 4230 3672 4268 au-

2099 4305 2273 4383 diunt.
2306 4326 2508 4380 Pannis
2559 4322 2761 4384 sordet,
2798 4320 2936 4374 Deus
2964 4319 3237 4372 aduratur.
3285 4312 3360 4365 lla
3392 4305 3679 4376 potestatis

2095 4420 2330 4488 dignitas
2362 4433 2463 4471 non
2501 4414 2784 4473 amittitur,
2818 4412 2944 4473 dum
2981 4407 3160 4461 carnis
3188 4402 3461 4457 humilitas
3488 4397 3679 4450 adora~

2098 4523 2201 4565 tur.
2231 4508 2335 4562 Par
2363 4509 2525 4562 etiam
2555 4516 2637 4559 est
2673 4503 2889 4570 reliqua:
2917 4511 3109 4553 cursus
3137 4493 3345 4555 aetatis;
3374 4505 3496 4543 nam
3519 4500 3679 4540 ouine

2101 4612 2307 4668 tempus
2334 4596 2471 4665 quod
2523 4596 2573 4648 in
2607 4593 2823 4649 homine
2869 4590 2995 4658 egit,
3028 4586 3119 4640 Dei
3150 4584 3402 4654 operibus
3427 4577 3678 4647 explevit.

2100 4694 2173 4746 De
2202 4690 2425 4759 singulis
2456 4698 2633 4739 autem
2687 4701 2789 4737 non
2837 4694 2918 4736 est
2958 4694 3164 4748 tempus
3186 4677 3416 4731 edicere.
3449 4672 3687 4730 Tantum

2101 4782 2225 4835 illud
2259 4782 2308 4833 iu
2336 4779 2601 4831 universis
2630 4776 2888 4828 virtutum
2918 4781 2973 4825 ct
3016 4769 3348 4824 curationum
3396 4760 3680 4833 generibus

2102 4872 2460 4927 contuendum
2511 4878 2594 4924 est
2645 4871 2694 4921 ia
2746 4865 2925 4919 carnis
2974 4860 3339 4931 assumptione
3388 4853 3679 4913 hominem,

2103 4964 2270 5018 Deum
2304 4974 2428 5015 vero
2460 4960 2511 5012 in
2539 4961 2708 5030 gestis
2738 4955 2897 5010 rebus
2927 4956 3181 5010 existere.

2104 5098 2231 5153 CAP.
2263 5092 2392 5147 Vill.
2421 5122 2487 5132 ——
2522 5092 2806 5147 Dominum
2838 5100 3072 5142 nostrum
3100 5085 3283 5141 Jesmu
3314 5082 3573 5153 Christum
3601 5092 3690 5145 per

2176 5172 2493 5232 ussutuptum
2526 5178 2736 5218 curuum
2764 5161 3075 5213 nmurali:cr
3111 5153 3403 5231 manerem
3439 5148 3605 5227 nobis,
3640 5154 3688 5198 et

2177 5252 2269 5290 nos
2290 5218 2378 5303 per
2399 5238 2779 5303 perceptionem
2812 5234 3045 5297 corporis
3069 5238 3112 5281 et
3147 5221 3410 5292 sanguinis
3437 5218 3546 5287 ejus
3579 5232 3693 5266 ma—

2176 5321 2293 5360 uere
2317 5322 2367 5359 tn
2402 5318 2481 5355 εο.

3486 5414 3533 5420 --
3566 5399 3673 5420 1.--
