4516 5500
830 461 934 516 383

1853 457 2144 510 Cl'LONIS
2182 451 2468 508 ABBATIS
2513 449 2987 505 DEliTONENSlS

3979 449 4084 503 38L

829 570 1008 624 carnis
1036 569 1354 622 adnisruit?
1379 569 1450 622 lta
1481 568 1620 621 enim
1642 583 1828 621 omnes
1856 585 2016 620 unum
2051 581 2253 629 sumus,
2282 564 2404 632 quia
2438 563 2482 620 Α
2514 577 2684 615 meam
2718 578 2959 625 carnem,
2989 571 3043 614 et
3093 559 3204 629 ipse
3233 557 3362 612 vivit
3392 571 3486 626 per
3513 571 3615 610 me.
3668 556 3808 610 Vivit
3833 571 3960 626 ergo
3987 572 4086 624 per

828 671 884 713 et
916 661 964 712 in
993 659 1210 713 Christo
1241 658 1400 711 Pater
1445 667 1558 718 est,
1605 666 1658 709 et
1704 656 1948 711 Christus
1995 657 2046 710 in
2103 656 2256 709 nobis
2301 664 2402 708 est.

831 751 1084 819 Quisquis
1109 765 1236 818 ergo
1265 750 1586 803 naturaliter
1609 749 1820 803 Patrem
1849 751 1898 803 in
1927 749 2141 804 Christo
2170 748 2404 817 negabit,

831 851 987 912 neget
1039 842 1185 908 prius
1233 858 1336 896 non
1385 842 1701 895 naturaliter
1751 841 1833 893 vel
1877 855 1935 894 se
1993 842 2042 892 in
2081 840 2299 894 Christo
2327 838 2410 891 vel

829 934 1102 987 C'aristunt
1134 932 1231 986 sibi
1263 933 1458 995 izzesse,
1492 933 1616 1002 quia
1644 933 1696 986 in
1724 932 1936 986 Christo
1974 931 2130 984 Pater
2165 940 2216 983 et
2249 929 2408 984 Chri-

829 1035 944 1079 stus
989 1026 1040 1076 in
1072 1025 1226 1076 nobis
1255 1040 1416 1076 unum
1452 1026 1502 1076 in
1540 1025 1622 1076 his
1653 1038 1771 1076 esse
1800 1038 1897 1075 nos
1939 1022 2161 1073 faciunt.
2197 1019 2250 1073 Si
2287 1034 2410 1072 vere

831 1115 994 1182 igitur
1025 1130 1242 1168 carnem
1272 1115 1513 1182 corporis
1542 1116 1709 1167 nostri
1742 1113 1990 1167 Christus
2019 1115 2328 1182 assumpsit,
2357 1122 2412 1166 et

831 1219 957 1258 vere
986 1205 1146 1257 homo
1175 1204 1260 1257 ille
1288 1205 1377 1272 qui
1406 1221 1469 1258 ex
1501 1204 1667 1258 Maria
1714 1213 1871 1258 natus
1904 1204 2002 1257 fuit
2033 1205 2278 1257 Christus
2307 1212 2411 1270 est,

831 1309 1036 1363 nosque
1059 1309 1184 1348 vere
1208 1295 1306 1348 sub
1329 1297 1588 1364 mysterio
1613 1309 1832 1348 carnem
1862 1294 2102 1362 corporis
2131 1295 2210 1346 sui
2245 1294 2414 1346 sumi-

830 1400 971 1447 mus,
998 1394 1051 1437 et
1079 1399 1173 1452 per
1204 1386 1304 1439 hoc
1329 1401 1494 1438 unum
1518 1386 1739 1449 erimus,
1765 1385 1888 1454 quia
1919 1383 2078 1438 Pater
2109 1384 2161 1438 in
2195 1384 2280 1438 illo
2306 1393 2412 1449 est,

829 1485 882 1527 et
915 1475 1001 1528 ille
1048 1476 1100 1529 in
1151 1477 1342 1538 nobis;
1388 1475 1656 1544 quomodo
1688 1475 1980 1529 voluntatis
2012 1476 2189 1528 unitas
2218 1476 2415 1528 asseri-

833 1577 940 1630 tur,
986 1584 1106 1620 cum
1157 1569 1476 1621 naturaliter
1518 1584 1615 1636 per
1660 1577 2061 1622 sacramentum
2110 1567 2412 1636 proprietas

829 1656 1081 1725 perlecta:
1109 1667 1508 1712 sacramentum
1536 1659 1604 1712 sit
1634 1658 1889 1711 unitatis?
1919 1656 2033 1710 Non
2067 1666 2148 1712 est
2178 1657 2412 1711 humano

831 1759 924 1803 aut
953 1749 1132 1804 smculi
1165 1765 1325 1804 sensu
1360 1751 1409 1803 in
1435 1750 1526 1803 Dei
1558 1750 1717 1805 rebus
1742 1751 2081 1820 loquendum.
2112 1750 2294 1819 Neque
2318 1767 2414 1820 per

832 1841 1142 1895 violentiam
1203 1851 1295 1894 aut
1345 1842 1708 1910 impudentem
1758 1843 2196 1911 przedicationem
2251 1843 2413 1898 coale-

2512 655 2757 718 Patrem;
2794 663 2847 707 et
2876 653 3142 722 quomodo
3165 665 3260 720 per
3284 650 3494 704 Patrem
3528 649 3678 713 vivit,
3708 647 3893 703 eodem
3928 649 4086 700 modo

2513 760 2610 799 nos
2636 760 2732 812 per
2758 757 2976 797 carnem
3007 743 3123 812 ejus
3150 742 3409 794 vivemus.
3463 737 3649 794 Omnis
3693 737 3834 791 enim
3865 749 4085 803 compa-

2515 836 2651 888 ratio
2681 835 2745 888 ad
2776 833 3140 903 intelligentia:
3189 830 3414 884 formam
3453 829 3814 898 praesumitur,
3853 836 3911 878 ut
3939 826 3990 880 id
4019 826 4087 879 de

2511 942 2618 995 quo
2649 927 2824 995 agitur
2861 925 3152 978 secundum
3202 922 3534 991 propositum
3581 917 3884 985 exemplum
3935 930 4085 969 asse-

2512 1032 2761 1085 quamur.
2818 1015 2939 1069 llaec
2971 1030 3098 1085 ergo
3138 1014 3258 1066 vita!
3291 1021 3487 1065 nostrae
3533 1024 3695 1064 causa
3727 1016 3828 1071 est,
3860 1006 4000 1074 quod
4034 1009 4084 1058 in

2513 1106 2666 1160 nobis
2703 1105 3012 1159 carnalibus
3058 1113 3364 1158 manentem
3415 1116 3508 1171 per
3549 1115 3764 1154 carnem
3811 1098 4087 1153 Christum

2514 1203 2795 1261 habemus,
2828 1199 3051 1252 victuris
3083 1197 3236 1250 nobis
3265 1211 3360 1264 per
3385 1210 3504 1248 eum
3535 1209 3598 1247 ea
3641 1192 3947 1246 conditione
3981 1205 4089 1258 qua

2513 1289 2643 1342 vivit
2673 1289 2758 1341 ille
2795 1302 2890 1356 per
2917 1286 3152 1340 Patrem.
3183 1284 3239 1338 Si
3270 1300 3396 1354 ergo
3421 1298 3516 1337 nos
3544 1280 3865 1336 naturaliter
3897 1294 4092 1332 secun-

2514 1380 2638 1433 dum
2667 1394 2886 1433 carnem
2921 1393 3015 1448 per
3043 1391 3166 1430 eum
3206 1377 3453 1438 vivimus,
3485 1374 3535 1426 id
3574 1382 3656 1427 est
3689 1380 3935 1424 naturam
3966 1383 4090 1421 car-

2515 1471 2598 1523 nis
2628 1485 2736 1524 sute
2767 1469 2968 1537 adepti,
2995 1467 3261 1536 quomodo
3294 1481 3397 1518 non
3447 1461 3765 1517 naturaliter
3795 1458 4089 1514 secundum

2515 1563 2772 1633 Spiritum
2808 1563 2857 1614 in
2887 1576 2944 1614 se
2992 1561 3205 1614 Patrem
3253 1557 3467 1619 habeat,
3498 1571 3617 1610 cum
3657 1555 3801 1607 vivat
3849 1553 3961 1620 ipse
3996 1563 4094 1617 per

2514 1653 2764 1707 Patrem?
2793 1651 2932 1705 Vivit
2958 1660 3135 1703 autem
3163 1664 3259 1717 per
3289 1647 3521 1709 Patrem,
3545 1645 3670 1697 dum
3703 1642 3954 1696 nativitas
3984 1653 4090 1692 non

2515 1744 2744 1798 alienam
2774 1743 2822 1796 ei
2856 1741 3053 1806 intulit,
3083 1741 3457 1805 diversamque
3489 1743 3761 1796 naturam,
3791 1731 3915 1784 dmn
3949 1727 4094 1796 quod

2515 1845 2597 1890 est
2622 1835 2688 1889 ab
2715 1849 2778 1888 eo
2803 1842 2904 1896 est,
2937 1847 3038 1886 nec
3070 1840 3248 1884 tamen
3277 1830 3344 1882 ah
3371 1843 3436 1882 eo
3472 1841 3565 1896 per
3588 1825 3820 1902 aliquam
3855 1819 4097 1874 inciden-

832 1933 992 1986 stium
1025 1933 1289 1986 dictorum
1331 1933 1545 1986 sanitati
1580 1933 1786 1997 aliena},
1819 1944 1980 2002 atque
2010 1935 2187 2003 impia:
2216 1936 2412 1989 intelli-
2444 1924 2484 1980 Β
2516 1935 2620 1980 lem
2653 1934 2860 1979 "illum
2902 1921 3393 1977 diSSimililtldiﬂem
3441 1926 3742 1987 Sffpﬂl‘allﬂ'.
3792 1914 3916 1967 dum
3950 1913 4004 1964 in
4035 1925 4097 1963 se

832 2025 1027 2094 gentia:
1077 2027 1444 2094 extorquenda
1507 2027 1833 2095 perversitas
1887 2036 1986 2080 est.
2036 2026 2165 2090 Quze
2214 2028 2412 2096 scripta

833 2126 958 2171 sunt
980 2118 1238 2186 legamus,
1265 2126 1318 2170 et
1339 2133 1456 2184 qua:
1485 2118 1772 2186 legerimus
1803 2119 2183 2188 intelligamus,
2213 2130 2267 2174 et
2290 2131 2415 2175 tunc

833 2205 1074 2276 perfecto
1103 2207 1222 2261 ﬁdei
1255 2207 1427 2262 oﬁicio
1475 2209 1776 2277 fungentur.
1821 2209 1894 2263 De
1928 2210 2156 2263 naturali
2190 2211 2330 2264 enim
2362 2211 2414 2263 in

833 2299 990 2352 nobis
1018 2298 1217 2354 Christi
1252 2300 1478 2353 veritate
1511 2317 1630 2369 qua:
1676 2299 1906 2355 dic7tnus
1937 2301 2036 2354 nisi
2067 2299 2134 2353 ab
2161 2316 2226 2354 eo
2257 2302 2417 2355 disci-

833 2405 974 2451 mus,
1001 2390 1162 2443 stulte
1199 2400 1360 2458 atque
1405 2391 1565 2459 impie
1613 2391 1860 2444 dicimus.
1909 2389 2024 2458 Ipse
2063 2391 2205 2444 enim
2238 2391 2412 2444 dixit:

832 2478 973 2531 Caro
1005 2494 1120 2532 mea
1150 2495 1273 2532 vere
1321 2489 1402 2534 est
1433 2496 1587 2543 esca;
1637 2490 1691 2534 et
1739 2480 1959 2550 sanguis
2006 2495 2158 2533 meus
2187 2495 2311 2534 vere
2337 2487 2419 2533 est

762 2604 764 2607 -
831 2577 1010 2637 potus.
1067 2569 1166 2634 Qui
1231 2571 1340 2623 edit
1386 2583 1606 2624 carnem
1643 2585 1814 2623 meam
1846 2579 1894 2622 et
1926 2570 2058 2622 bibit
2103 2570 2416 2639 sanguinem

831 2675 1033 2721 meum,
1072 2661 1121 2712 in
1158 2674 1241 2712 me
1270 2671 1472 2724 manet,
1503 2672 1556 2714 et
1587 2677 1684 2730 ego
1717 2663 1768 2715 in
1802 2676 1886 2716 eo.
1921 2663 1994 2715 De
2029 2660 2266 2715 Veritate
2293 2677 2416 2715 car-

834 2752 918 2803 nis
945 2759 998 2804 et
1045 2752 1326 2820 sanguinis
1377 2768 1480 2804 non
1521 2752 1739 2805 relictus
1766 2761 1848 2805 est
1892 2752 2197 2820 ambigendi
2246 2751 2411 2805 locus.

835 2839 989 2893 Nunc
1017 2841 1163 2893 enim
1194 2849 1241 2893 et
1271 2840 1436 2908 ipsius
1469 2839 1678 2893 Domini
1713 2838 2068 2907 professione,
2102 2851 2154 2893 et
2184 2840 2284 2893 ﬁde
2319 2855 2416 2893 no-

836 2936 946 2981 stra
980 2943 1101 2981 vera
1131 2943 1257 2981 caro
1288 2936 1388 2988 cst,
1414 2936 1467 2980 et
1495 2942 1620 2980 vere
1651 2929 1870 2997 sanguis
1897 2935 1997 2981 est.
2031 2929 2094 2981 Et
2123 2929 2232 2982 hare
2261 2944 2416 2983 acce-

834 3026 923 3083 pta
951 3025 1113 3083 atque
1145 3017 1334 3068 hausta
1364 3016 1413 3069 id
1443 3014 1700 3079 eiiiciunt,
1725 3026 1783 3068 tit
1811 3024 1865 3070 et
1894 3032 1989 3070 nos
2021 3017 2073 3069 in
2107 3016 2336 3079 Christo,
2368 3026 2421 3070 ct

834 3107 1086 3162 Christus
1136 3108 1187 3161 in
1237 3108 1391 3162 nobis
1435 3108 1524 3160 sit.
1569 3107 1722 3161 Anne
1768 3109 1870 3162 hoc
1918 3109 2116 3162 veritas
2163 3124 2266 3162 non
2299 3111 2419 3164 est?

836 3200 1124 3268 Contingat
1153 3199 1308 3268 plane
1338 3201 1420 3254 his
1453 3215 1638 3253 verum
1688 3215 1793 3253 non
1843 3216 1983 3262 esse,
2023 3202 2112 3269 qui
2143 3201 2415 3257 Christum

835 3291 1017 3344 Jesum
1053 3291 1217 3344 Deum
1249 3305 1432 3344 verum
1479 3305 1596 3343 esse
1628 3289 1914 3359 denegaut.
1965 3290 2059 3344 Est
2081 3307 2208 3359 ergo
2244 3293 2293 3345 in
2327 3309 2418 3346 no-

837 3383 920 3435 bis
951 3383 1062 3452 ipse
1093 3397 1188 3448 per
1235 3395 1476 3443 carnem,
1510 3390 1563 3432 et
1593 3396 1779 3432 sumus
1833 3381 1882 3433 in
1935 3395 1998 3434 eo
2023 3422 2036 3444 ,
2079 3382 2201 3434 dum
2239 3397 2418 3434 secum

838 3472 940 3524 hoc
966 3472 1107 3540 qttod
1141 3488 1235 3524 nos
1266 3486 1468 3531 sumus,
1503 3470 1555 3523 in
1604 3470 1770 3525 Deum
1817 3481 1918 3525 est.
1955 3471 2123 3537 Quam
2157 3480 2332 3524 autem
2369 3472 2421 3523 in

838 3576 903 3614 eo
936 3576 1032 3628 per
1056 3569 1455 3614 saeramentmn
1487 3561 1901 3614 communicatae
1929 3563 2109 3614 carnis
2131 3571 2184 3614 et
2207 3562 2423 3629 sangui-

840 3653 926 3704 nis
953 3651 1141 3714 simus,
1178 3651 1290 3719 ipse
1342 3659 1571 3703 testatur
1616 3651 1800 3704 dicens
1832 3668 1843 3702 :
1875 3649 1938 3702 Et
1969 3650 2054 3704 hic
2083 3650 2310 3703 nntndus
2339 3666 2424 3704 me

834 3740 946 3808 jam
982 3756 1086 3793 non
1121 3741 1290 3803 videt;
1335 3757 1429 3794 vos
1458 3750 1636 3794 autem
1693 3755 1778 3793 me
1822 3740 2076 3794 videbitis
2105 3782 2118 3804 ,
2168 3741 2422 3808 quoniam

841 3847 942 3900 ego
974 3832 1116 3893 vivo,
1147 3839 1201 3884 et
1231 3845 1327 3886 vos
1353 3831 1567 3886 vivetis.
1624 3829 1678 3883 In
1726 3829 1812 3883 illa
1854 3830 1937 3884 die
1966 3845 2059 3884 vos
2087 3829 2426 3898 cognoscetis

841 3922 1098 3992 quoniam
1128 3937 1224 3991 ego
1253 3922 1303 3975 in
1343 3922 1502 3975 Patre
1546 3936 1684 3983 meo,
1719 3929 1771 3972 et
1815 3935 1910 3973 vos
1939 3921 1989 3974 in
2024 3934 2130 3984 me,
2162 3929 2215 3973 et
2244 3933 2344 3989 ego
2371 3920 2423 3973 in

842 4013 1015 4067 vobis.
1052 4011 1106 4065 Si
1138 4011 1426 4066 voluntatis
1457 4020 1662 4064 tantum
1694 4011 1956 4064 unitatem
1991 4010 2210 4080 intelligi
2245 4011 2424 4074 vellet,

843 4121 940 4159 cur
967 4105 1188 4174 gradum
1222 4104 1508 4173 quemdam
1538 4112 1699 4172 atque
1726 4103 1968 4156 ordinem
1994 4103 2429 4157 consummantia:

844 4200 1068 4253 unitatis
1095 4199 1376 4267 exposuit?
1425 4197 1535 4251 Nisi
1567 4207 1623 4250 ut
1653 4213 1774 4252 cum
1808 4197 1896 4251 ille
1927 4197 1978 4250 in
2007 4197 2171 4250 Patre
2204 4212 2301 4265 per
2333 4212 2424 4249 na-

844 4300 1021 4344 turam
1049 4290 1348 4344 divinitatis
1380 4298 1545 4354 esset,
1580 4305 1677 4343 nos
1717 4297 1902 4343 contra
1937 4290 1992 4341 in
2021 4303 2086 4341 eo
2113 4303 2211 4356 per
2238 4303 2431 4356 corpo-

847 4381 1013 4433 ralem
1045 4379 1162 4446 ejus
1189 4381 1550 4443 nativitatem,
1580 4387 1634 4433 et
1665 4378 1751 4432 ille
1779 4393 1994 4431 rursum
2050 4378 2102 4432 in
2151 4378 2303 4431 nobis
2335 4393 2432 4446 per

847 4479 1315 4525 sacramentorum
1349 4470 1526 4524 inesse
1557 4469 1875 4540 mysterium
1906 4468 2240 4532 crederetur,
2270 4482 2330 4521 ac
2353 4468 2432 4522 sic

847 4558 1083 4629 perfecta
1118 4575 1213 4628 per
1260 4561 1611 4614 mediatorem
1643 4559 1820 4612 unitas
1847 4559 2154 4621 doceretur,
2182 4573 2304 4612 cum
2338 4574 2433 4612 no-

848 4652 930 4705 bis
957 4650 1007 4704 in
1034 4667 1093 4704 se
1127 4651 1468 4706 manentibus
1506 4652 1616 4720 ipse
1659 4660 1906 4704 maneret
1953 4652 2004 4704 in
2045 4649 2228 4714 Patre,
2276 4660 2332 4704 et
2378 4651 2430 4705 in

851 4744 1012 4797 Patre
1046 4758 1271 4797 manens
1300 4752 1542 4797 maneret
1573 4743 1625 4796 in
1660 4743 1836 4796 nobis.
1875 4743 1938 4796 Et
1970 4744 2043 4797 ita
2073 4745 2137 4796 ad
2171 4744 2430 4798 unitatem

849 4835 1026 4888 Patris
1056 4835 1462 4902 proﬁceremus,
1494 4849 1614 4888 cum
1642 4836 1732 4903 qui
1765 4835 1816 4888 in
1855 4850 1918 4889 eo
1949 4835 2243 4889 secundum
2288 4837 2434 4890 nati-

855 4926 1074 4979 vitatem
1105 4926 1260 4986 inest.
1295 4940 1392 4980 nos
1418 4941 1631 4995 quoque
1665 4928 1716 4979 in
1765 4939 1830 4979 eo
1869 4925 2187 4980 naturaliter
2233 4927 2440 4981 inesse-

855 5031 997 5080 mus,
1026 5017 1142 5086 ipso
1172 5017 1225 5070 in
1274 5016 1430 5071 nobis
1479 5015 1799 5070 naturaliter
1844 5024 2215 5085 permanente.
2263 5016 2434 5083 Quam

855 5119 1034 5164 autem
1065 5109 1326 5165 naturalis
1353 5111 1406 5164 in
1441 5111 1594 5164 nobis
1620 5109 1801 5163 unitas
1829 5111 1918 5172 sit,
1954 5108 2066 5177 ipse
2105 5108 2180 5162 ita
2212 5117 2438 5164 testatus

855 5210 938 5254 est
971 5217 983 5254 :
1017 5200 1114 5268 Qui
1171 5201 1283 5256 edit
1335 5216 1554 5256 carnem
1609 5215 1783 5254 meam
1835 5209 1889 5254 et
1940 5199 2075 5254 bibit
2124 5201 2435 5269 sanguinem

860 5309 1058 5358 meum,
1090 5293 1142 5346 in
1175 5308 1259 5346 me
1289 5302 1488 5357 manet,
1513 5303 1564 5346 et
1595 5307 1693 5362 ego
1721 5293 1772 5346 in
1805 5307 1889 5345 eo.
1924 5290 2050 5344 Non
2065 5291 2207 5345 enim
2240 5293 2361 5360 quis
2386 5292 2438 5345 in

861 5400 923 5435 cn
951 5383 1073 5446 erit,
1106 5383 1206 5437 nisi
1241 5383 1291 5436 in
1319 5397 1427 5452 quo
1472 5383 1582 5452 ipse
1613 5382 1794 5445 fuerit,
1824 5382 1940 5450 ejus
1967 5389 2174 5433 tantum
2205 5380 2318 5450 ipse
2349 5397 2438 5434 as-

1730 5474 1740 5498 :
1773 5486 1924 5498 n-‘nn\
1972 5470 2258 5498 nun-“annui!
2315 5470 2414 5498 nn—

908 5483 1120 5498 -ιιςυκίσι-Α
1152 5473 1352 5498 ι.Αι-Ακσι
1388 5489 1601 5498 ann-nn.-.
1657 5474 1740 5498 aut:

1773 5486 1924 5498 n-‘nn\
1972 5479 2258 5498 l‘lloninl‘nl‘i.

2515 2030 2612 2082 per
2657 2013 2992 2067 nativitatem
3043 2011 3207 2064 habet
3253 2009 3468 2063 Patrem
3518 2007 3572 2059 in
3622 2005 3821 2058 virtute
3867 2010 4094 2054 natura).

2517 2104 2640 2158 Hinc
2672 2113 2850 2157 autent
2875 2117 2904 2154 a
2930 2101 3084 2154 nobis
3111 2099 3312 2153 idcirco
3338 2101 3753 2152 commemorata
3797 2099 3941 2152 sunt,
3969 2089 4098 2158 quia

2516 2192 2806 2247 voluntatis
2845 2199 3053 2244 tantum
3084 2189 3227 2242 inter
3255 2187 3472 2240 Patrem
3525 2193 3578 2237 et
3608 2182 3802 2236 Filium
3832 2179 4095 2232 unitatem

2516 2283 2754 2338 hatretici
2803 2282 3146 2344 mentientes,
3177 2278 3399 2332 unitatis
3451 2286 3648 2330 nostra:
3694 2273 3760 2326 ad
3787 2273 3953 2325 Deum
3983 2277 4100 2321 ute-

2517 2377 2715 2430 bantur
2742 2373 3009 2444 exemplo,
3040 2369 3497 2441 tanquam-nobis
3544 2367 3610 2422 ad
3664 2365 3856 2420 Filium
3903 2371 3958 2415 et
4003 2376 4104 2429 per

2517 2468 2712 2521 Filium
2742 2467 2808 2522 ad
2839 2465 3052 2520 Patrem
3083 2463 3339 2532 obsequio
3369 2470 3574 2515 tantum
3619 2475 3684 2513 ac
3712 2457 3986 2510 voluntate
4018 2467 4102 2505 re-

2519 2558 2734 2628 ligionis
2757 2557 2926 2612 unitis
2954 2556 3098 2610 nulla
3133 2569 3228 2624 per
3255 2561 3654 2608 sacramentum
3685 2549 3867 2602 carnis
3894 2554 3948 2599 et
3977 2560 4093 2598 san-

2520 2650 2697 2721 guinis
2727 2648 2986 2702 naturalis
3011 2643 3410 2702 communionis
3450 2640 3752 2709 proprietas
3796 2634 4099 2703 indulgere-

2523 2751 2626 2795 tur.
2655 2739 2786 2794 Cum
2813 2746 2866 2793 et
2896 2753 2992 2806 per
3039 2737 3299 2791 honorem
3347 2733 3502 2786 nobis
3540 2730 3724 2783 datum
3755 2728 3845 2781 Dei
3875 2723 4017 2785 Filii,
4048 2730 4104 2774 et

2521 2837 2927 2901 permanentem
2958 2827 3014 2880 in
3057 2825 3213 2880 nobis
3243 2822 3534 2879 carnaliter
3575 2819 3793 2880 Filium,
3830 2826 3886 2870 et
3936 2815 3987 2868 in
4037 2828 4104 2867 eo

2521 2922 2676 2976 nobis
2698 2917 3050 2988 corporaliter
3068 2925 3123 2971 et
3146 2911 3575 2983 inseparabiliter
3592 2907 3757 2962 unitis
3785 2903 4103 2976 mysterium

2523 3029 2663 3067 verae
2697 3026 2760 3065 ac
2791 3008 3054 3064 naturalis
3082 3006 3306 3061 unitatis
3333 3005 3402 3058 sit
3429 2999 3852 3072 praedicandum.

2761 3101 2891 3157 CAP.
2923 3099 3012 3154 IX.
3046 3128 3118 3138 ——
3144 3095 3393 3149 Ecclesia:
3415 3093 3544 3162 ﬁdes
3577 3089 3852 3145 catholica.

2597 3192 2850 3246 Ecclesia:
2878 3190 3011 3244 ﬁdes
3041 3185 3350 3257 apostolicis
3400 3183 3603 3237 imbuta
3649 3177 3912 3233 doctrinis
3958 3175 4108 3228 novit

2527 3287 2578 3339 in
2607 3285 2820 3352 Christo
2850 3282 3210 3342 nativitatem,
3241 3277 3334 3331 sed
3378 3276 3587 3343 ignorat
3634 3271 3915 3327 exordium
3943 3285 3956 3329 ;
4005 3266 4110 3319 scit

2526 3375 3002 3445 diSpensationem,
3037 3371 3126 3425 sed
3156 3368 3327 3423 nescit
3355 3366 3694 3419 divisionem.
3734 3359 3847 3413 Non
3877 3356 4110 3427 partitur

2525 3467 2707 3521 Jesuin
2735 3465 3030 3525 Christum,
3063 3471 3116 3515 ut
3144 3460 3302 3514 .Iesus
3331 3473 3434 3512 non
3465 3457 3578 3524 ipse
3611 3456 3682 3508 sit
3709 3452 3979 3512 Christus,
4008 3461 4109 3500 nec

2527 3558 2719 3611 Filium
2746 3554 2980 3610 hominis
3003 3551 3261 3606 discernit
3293 3564 3323 3603 a
3366 3547 3458 3601 Dei
3495 3544 3654 3605 Filio,
3699 3557 3766 3595 ne
3809 3539 3976 3593 Filius
4014 3536 4110 3589 Dei

2527 3650 2665 3703 forte
2703 3664 2808 3702 non
2854 3656 2908 3701 et
2959 3643 3128 3698 Filius
3173 3639 3405 3696 hominis
3451 3634 3801 3702 intelligatur.
3861 3628 3979 3682 Non
4023 3642 4113 3679 as-

2527 3739 2691 3794 sumit
2739 3738 2932 3791 Filium
2985 3735 3077 3788 Dei
3133 3733 3187 3786 in
3235 3730 3431 3784 Filium
3482 3724 3750 3787 hominis,
3798 3735 3970 3788 neque
4015 3718 4113 3770 tri-

2527 3831 2724 3902 pertita
2757 3826 3032 3882 Christum
3077 3822 3180 3877 ﬁde
3221 3819 3460 3880 scindit,
3499 3813 3649 3882 cujus
3689 3813 3918 3880 desuper
3964 3816 4111 3906 texta

2529 3921 2692 3975 vestis
2760 3918 2982 3972 inscissa
3035 3923 3156 3976 est,
3213 3920 3271 3965 ut
3333 3908 3516 3964 Jesum
3571 3904 3892 3964 Christum,
3945 3907 4000 3953 et
4058 3904 4113 3982 in

2532 4013 2790 4072 Verbum,
2819 4017 2874 4061 et
2901 4007 2952 4059 in
2992 4004 3250 4065 animam,
3280 4008 3333 4055 et
3365 4000 3418 4052 in
3448 4011 3644 4065 corpus
3683 3990 3971 4053 inscindat,
4020 4001 4116 4040 ne-

2530 4078 2882 4170 que'rursum
2913 4094 3099 4162 ‘Deum
3159 4090 3388 4146 Verbum
3439 4088 3492 4142 in
3542 4086 3776 4141 animam
3821 4090 3872 4136 et
3917 4091 4116 4146 corpus

2532 4200 2791 4246 assumat.
2840 4186 3033 4241 Totum
3079 4185 3129 4238 ei
3179 4185 3322 4237 Deus
3365 4180 3599 4235 Verbum
3662 4184 3782 4238 est,
3841 4181 4010 4226 totum
4060 4177 4115 4222 et

2533 4285 2693 4339 homo
2735 4279 3002 4334 Christus.
3043 4273 3306 4329 Retinens
3351 4273 3452 4325 hoc
3501 4269 3552 4321 in
3599 4272 3942 4320 sacramento
3986 4273 4116 4313 con-

2533 4370 2786 4427 fessionis
2833 4382 2943 4422 sua:
2990 4379 3178 4428 unum,
3232 4377 3331 4416 nec
3379 4359 3653 4415 Christum
3700 4353 3844 4408 aliud
3891 4350 4116 4406 credere

2535 4477 2696 4532 quam
2721 4458 2926 4522 Jesum,
2950 4471 3050 4510 nec
3074 4455 3258 4510 Jesum
3282 4452 3424 4506 aliud
3453 4449 3748 4520 praedicare
3775 4457 3934 4513 quam
3960 4439 4120 4532 Chrio

2538 4530 2699 4608 stum.
2755 4550 2869 4604 Non
2921 4549 3107 4618 ignoro
3153 4554 3330 4598 autem
3379 4543 3432 4595 in
3463 4548 3722 4609 quantum
3757 4536 4003 4588 humanae
4034 4530 4118 4582 in-

2539 4641 2844 4712 telligentia:
2885 4637 3255 4692 inﬁrmitatem
3287 4629 3686 4702 magniﬁcentia
3717 4623 3962 4695 mysterii
4006 4635 4118 4712 cte-

2538 4708 2684 4788 testis
2708 4729 2961 4799 impediat
3005 4726 3102 4796 (2).
3151 4724 3220 4780 Ut
3277 4723 3391 4776 hzec
3433 4735 3551 4799 ‘non
3597 4716 3753 4771 facile
3800 4722 3895 4767 aut
3939 4708 4120 4764 verbis

2537 4823 2843 4884 enuntiare,
2875 4828 2966 4873 aut
2985 4815 3280 4884 dijudicare
3309 4793 3491 4873 sens'u,
3522 4819 3614 4863 aut
3640 4807 3802 4862 etiam
3831 4799 4120 4873 complecti

2537 4922 2716 4969 mente
2745 4911 3033 4982 possimus.
3067 4905 3368 4962 IEternitas
3412 4901 3589 4958 Patris
3634 4899 3849 4961 locum,
3877 4905 4118 4962 tempus,

2537 5005 2792 5076 speciem,
2816 5009 2871 5056 et
2894 4997 3151 5071 quidquid
3184 4994 3313 5069 illud
3337 4994 3572 5049 humano
3605 5003 3765 5045 sensu
3795 4984 4005 5076 concipi
4027 4996 4122 5051 po-

2541 5075 2697 5158 terit,
2725 5089 2954 5147 excedit.
2994 5087 3115 5157 Ipse
3135 5094 3288 5140 extra
3315 5082 3493 5137 omnia
3515 5121 3530 5144 ,
3557 5087 3614 5133 et
3639 5080 3690 5131 in
3713 5075 3996 5137 omnibus,
4030 5087 4121 5124 ca-

2539 5187 2693 5257 piens
2723 5184 2996 5244 universa,
3027 5188 3083 5233 et
3109 5175 3402 5248 capiendus
3430 5188 3460 5226 a
3485 5170 3718 5225 nemine.
3753 5166 3869 5221 Non
3900 5178 4120 5257 accessu

2530 5255 2832 5333 .decessuro
2871 5269 3174 5333 mutabilis,
3223 5268 3315 5322 sed
3358 5261 3670 5325 invisibilis,
3708 5255 4120 5327 incomprehen-

2542 5367 2735 5430 sibilis,
2765 5365 2976 5434 plenus,
3006 5361 3297 5432 perfectus,
3324 5365 3580 5417 aeternus,
3611 5367 3718 5406 non
3757 5347 3971 5404 aliunde
3995 5343 4121 5414 quid

2547 5475 2764 5498 cumnnc
2823 5457 2915 5498 ςριι
2962 5455 3025 5498 ml
3078 5454 3128 5498 id
3156 5451 3297 5498 mind
3342 5451 3413 5498 ita
3459 5455 3661 5498 manet.
3689 5444 3791 5498 sibi
3829 5443 3943 5498 ipse
3983 5435 4125 5492 sufﬁ-
