  <div class='ocr_page' id='page_1' title='image "/cluster/home/n/w/nwhite01/storage/ocr_20150623/137/hvd.32044021286828/198.png"; bbox 0 0 4516 5500; ppageno 0'>
   <div class='ocr_carea' id='block_1_1' title="bbox 398 466 502 524">
    <p class='ocr_par' dir='ltr' id='par_1_1' title="bbox 398 466 502 524">
     <span class='ocr_line' id='line_1_1' title="bbox 398 466 502 524; baseline -0.048 0"><span class='ocrx_word' id='word_1_1' title='bbox 398 466 502 524; x_wconf 79' lang='lat'><strong>385</strong></span> 
     </span>
    </p>
   </div>
   <div class='ocr_carea' id='block_1_2' title="bbox 1282 470 2807 530">
    <p class='ocr_par' dir='ltr' id='par_1_2' title="bbox 1282 470 2807 530">
     <span class='ocr_line' id='line_1_2' title="bbox 1282 470 2807 530; baseline 0.002 -5"><span class='ocrx_word' id='word_1_2' title='bbox 1282 472 1479 525; x_wconf 75' lang='lat' dir='ltr'><strong>LIBER</strong></span> <span class='ocrx_word' id='word_1_3' title='bbox 1516 470 1606 526; x_wconf 81' lang='lat' dir='ltr'><strong>DE</strong></span> <span class='ocrx_word' id='word_1_4' title='bbox 1640 470 1959 525; x_wconf 68' lang='lat' dir='ltr'><strong>COIIPOIIE</strong></span> <span class='ocrx_word' id='word_1_5' title='bbox 2000 470 2083 524; x_wconf 79' lang='lat' dir='ltr'><strong>ET</strong></span> <span class='ocrx_word' id='word_1_6' title='bbox 2128 470 2472 528; x_wconf 63' lang='lat' dir='ltr'><strong>SANGL&#39;INE</strong></span> <span class='ocrx_word' id='word_1_7' title='bbox 2514 477 2807 530; x_wconf 71' lang='lat' dir='ltr'><strong>CIIIIISTI.</strong></span> 
     </span>
    </p>
   </div>
   <div class='ocr_carea' id='block_1_3' title="bbox 3555 475 3657 531">
    <p class='ocr_par' dir='ltr' id='par_1_3' title="bbox 3555 475 3657 531">
     <span class='ocr_line' id='line_1_3' title="bbox 3555 475 3657 531; baseline -0.039 0"><span class='ocrx_word' id='word_1_8' title='bbox 3555 475 3657 531; x_wconf 69' lang='lat'><strong>235</strong></span> 
     </span>
    </p>
   </div>
   <div class='ocr_carea' id='block_1_4' title="bbox 398 582 3657 657">
    <p class='ocr_par' dir='ltr' id='par_1_4' title="bbox 398 582 3657 657">
     <span class='ocr_line' id='line_1_4' title="bbox 398 582 3657 657; baseline 0.002 -21"><span class='ocrx_word' id='word_1_9' title='bbox 398 582 625 646; x_wconf 81' lang='lat' dir='ltr'><strong>Filium;</strong></span> <span class='ocrx_word' id='word_1_10' title='bbox 659 597 764 637; x_wconf 92' lang='lat' dir='ltr'><strong>non</strong></span> <span class='ocrx_word' id='word_1_11' title='bbox 797 592 853 637; x_wconf 87' lang='lat' dir='ltr'><strong>ut</strong></span> <span class='ocrx_word' id='word_1_12' title='bbox 893 592 1125 654; x_wconf 90' lang='lat' dir='ltr'><strong>partum,</strong></span> <span class='ocrx_word' id='word_1_13' title='bbox 1174 586 1299 654; x_wconf 91' lang='lat' dir='ltr'><strong>quia</strong></span> <span class='ocrx_word' id='word_1_14' title='bbox 1344 586 1476 639; x_wconf 86' lang='lat' dir='ltr'><strong>nihil</strong></span> <span class='ocrx_word' id='word_1_15' title='bbox 1515 586 1565 638; x_wconf 92' lang='lat' dir='ltr'><strong>in</strong></span> <span class='ocrx_word' id='word_1_16' title='bbox 1598 586 1705 638; x_wconf 89' lang='lat' dir='ltr'><strong>Deo</strong></span> <span class='ocrx_word' id='word_1_17' title='bbox 1733 586 1969 637; x_wconf 89' lang='lat' dir='ltr'><strong>demuta-</strong></span> <span class='ocrx_word' id='word_1_18' title='bbox 2001 587 2048 644; x_wconf 84' lang='grc' dir='ltr'><strong>Α</strong></span> <span class='ocrx_word' id='word_1_19' title='bbox 2080 600 2166 646; x_wconf 89' lang='lat' dir='ltr'><strong>na,</strong></span> <span class='ocrx_word' id='word_1_20' title='bbox 2202 595 2257 637; x_wconf 91' lang='lat' dir='ltr'><strong>ut</strong></span> <span class='ocrx_word' id='word_1_21' title='bbox 2294 587 2591 655; x_wconf 77' lang='lat' dir='ltr'><strong>perfectum</strong></span> <span class='ocrx_word' id='word_1_22' title='bbox 2634 597 2781 656; x_wconf 91' lang='lat' dir='ltr'><strong>putet</strong></span> <span class='ocrx_word' id='word_1_23' title='bbox 2810 604 2866 641; x_wconf 89' lang='lat' dir='ltr'><strong>se</strong></span> <span class='ocrx_word' id='word_1_24' title='bbox 2899 603 3087 657; x_wconf 84' lang='lat' dir='ltr'><strong>sapere</strong></span> <span class='ocrx_word' id='word_1_25' title='bbox 3119 588 3259 656; x_wconf 90' lang='lat' dir='ltr'><strong>quod</strong></span> <span class='ocrx_word' id='word_1_26' title='bbox 3288 590 3488 657; x_wconf 79' lang='lat' dir='ltr'><strong>sapiat,</strong></span> <span class='ocrx_word' id='word_1_27' title='bbox 3522 600 3576 644; x_wconf 90' lang='lat' dir='ltr'><strong>et</strong></span> <span class='ocrx_word' id='word_1_28' title='bbox 3608 593 3657 643; x_wconf 92' lang='lat' dir='ltr'><strong>in</strong></span> 
     </span>
    </p>
   </div>
   <div class='ocr_carea' id='block_1_5' title="bbox 400 672 1967 743">
    <p class='ocr_par' dir='ltr' id='par_1_5' title="bbox 400 672 1967 743">
     <span class='ocr_line' id='line_1_5' title="bbox 400 672 1967 743; baseline -0.001 -18"><span class='ocrx_word' id='word_1_29' title='bbox 400 672 505 727; x_wconf 90' lang='lat' dir='ltr'><strong>bile</strong></span> <span class='ocrx_word' id='word_1_30' title='bbox 550 683 643 726; x_wconf 90' lang='lat' dir='ltr'><strong>aut</strong></span> <span class='ocrx_word' id='word_1_31' title='bbox 683 688 909 727; x_wconf 88' lang='lat' dir='ltr'><strong>vacuum</strong></span> <span class='ocrx_word' id='word_1_32' title='bbox 949 682 1049 727; x_wconf 90' lang='lat' dir='ltr'><strong>est.</strong></span> <span class='ocrx_word' id='word_1_33' title='bbox 1080 673 1195 727; x_wconf 76' lang='lat' dir='ltr'><strong>Non</strong></span> <span class='ocrx_word' id='word_1_34' title='bbox 1221 684 1428 743; x_wconf 90' lang='lat' dir='ltr'><strong>partem</strong></span> <span class='ocrx_word' id='word_1_35' title='bbox 1466 676 1569 737; x_wconf 87' lang='lat' dir='ltr'><strong>sui,</strong></span> <span class='ocrx_word' id='word_1_36' title='bbox 1603 674 1684 727; x_wconf 88' lang='lat' dir='ltr'><strong>vel</strong></span> <span class='ocrx_word' id='word_1_37' title='bbox 1721 674 1967 733; x_wconf 76' lang='lat' dir='ltr'><strong>divisam,</strong></span> 
     </span>
    </p>
   </div>
   <div class='ocr_carea' id='block_1_6' title="bbox 397 761 1972 832">
    <p class='ocr_par' dir='ltr' id='par_1_6' title="bbox 397 761 1972 832">
     <span class='ocr_line' id='line_1_6' title="bbox 397 761 1972 832; baseline 0 -21"><span class='ocrx_word' id='word_1_38' title='bbox 397 761 481 817; x_wconf 83' lang='lat' dir='ltr'><strong>vel</strong></span> <span class='ocrx_word' id='word_1_39' title='bbox 509 762 812 823; x_wconf 86' lang='lat' dir='ltr'><strong>discissam,</strong></span> <span class='ocrx_word' id='word_1_40' title='bbox 842 762 923 814; x_wconf 91' lang='lat' dir='ltr'><strong>vel</strong></span> <span class='ocrx_word' id='word_1_41' title='bbox 962 772 1240 816; x_wconf 72' lang='lat' dir='ltr'><strong>extensam</strong></span> <span class='ocrx_word' id='word_1_42' title='bbox 1263 802 1277 827; x_wconf 95' lang='lat'><strong>,</strong></span> <span class='ocrx_word' id='word_1_43' title='bbox 1303 763 1429 832; x_wconf 87' lang='lat' dir='ltr'><strong>quia</strong></span> <span class='ocrx_word' id='word_1_44' title='bbox 1458 772 1512 815; x_wconf 93' lang='lat' dir='ltr'><strong>et</strong></span> <span class='ocrx_word' id='word_1_45' title='bbox 1549 762 1895 831; x_wconf 86' lang='lat' dir='ltr'><strong>impassihilis</strong></span> <span class='ocrx_word' id='word_1_46' title='bbox 1920 769 1972 814; x_wconf 92' lang='lat' dir='ltr'><strong>et</strong></span> 
     </span>
    </p>
   </div>
   <div class='ocr_carea' id='block_1_7' title="bbox 397 850 1973 921">
    <p class='ocr_par' dir='ltr' id='par_1_7' title="bbox 397 850 1973 921">
     <span class='ocr_line' id='line_1_7' title="bbox 397 850 1973 921; baseline -0.001 -14"><span class='ocrx_word' id='word_1_47' title='bbox 397 850 751 921; x_wconf 81' lang='lat' dir='ltr'><strong>incorporeus</strong></span> <span class='ocrx_word' id='word_1_48' title='bbox 789 852 928 906; x_wconf 92' lang='lat' dir='ltr'><strong>Deus</strong></span> <span class='ocrx_word' id='word_1_49' title='bbox 949 861 1050 906; x_wconf 91' lang='lat' dir='ltr'><strong>est.</strong></span> <span class='ocrx_word' id='word_1_50' title='bbox 1085 851 1207 905; x_wconf 67' lang='lat' dir='ltr'><strong>llaec</strong></span> <span class='ocrx_word' id='word_1_51' title='bbox 1230 862 1408 907; x_wconf 85' lang='lat' dir='ltr'><strong>autem</strong></span> <span class='ocrx_word' id='word_1_52' title='bbox 1433 852 1699 921; x_wconf 82' lang='lat' dir='ltr'><strong>passionis</strong></span> <span class='ocrx_word' id='word_1_53' title='bbox 1719 861 1771 905; x_wconf 93' lang='lat' dir='ltr'><strong>et</strong></span> <span class='ocrx_word' id='word_1_54' title='bbox 1795 852 1973 905; x_wconf 90' lang='lat' dir='ltr'><strong>carnis</strong></span> 
     </span>
    </p>
   </div>
   <div class='ocr_carea' id='block_1_8' title="bbox 398 942 1974 1013">
    <p class='ocr_par' dir='ltr' id='par_1_8' title="bbox 398 942 1974 1013">
     <span class='ocr_line' id='line_1_8' title="bbox 398 942 1974 1013; baseline -0.001 -16"><span class='ocrx_word' id='word_1_55' title='bbox 398 952 519 997; x_wconf 67' lang='lat' dir='ltr'><strong>sunt</strong></span> <span class='ocrx_word' id='word_1_56' title='bbox 547 984 560 1006; x_wconf 89' lang='lat'><strong>,</strong></span> <span class='ocrx_word' id='word_1_57' title='bbox 602 954 657 997; x_wconf 88' lang='lat' dir='ltr'><strong>et</strong></span> <span class='ocrx_word' id='word_1_58' title='bbox 706 945 999 998; x_wconf 89' lang='lat' dir='ltr'><strong>secundum</strong></span> <span class='ocrx_word' id='word_1_59' title='bbox 1029 944 1344 1013; x_wconf 83' lang='lat' dir='ltr'><strong>Apostolum</strong></span> <span class='ocrx_word' id='word_1_60' title='bbox 1372 963 1385 997; x_wconf 91' lang='lat'><strong>:</strong></span> <span class='ocrx_word' id='word_1_61' title='bbox 1418 944 1471 997; x_wconf 90' lang='lat' dir='ltr'><strong>In</strong></span> <span class='ocrx_word' id='word_1_62' title='bbox 1514 944 1729 997; x_wconf 75' lang='lat' dir='ltr'><strong>Christo</strong></span> <span class='ocrx_word' id='word_1_63' title='bbox 1773 942 1974 996; x_wconf 84' lang='lat' dir='ltr'><strong>habitat</strong></span> 
     </span>
    </p>
   </div>
   <div class='ocr_carea' id='block_1_9' title="bbox 397 1034 1973 1105">
    <p class='ocr_par' dir='ltr' id='par_1_9' title="bbox 397 1034 1973 1105">
     <span class='ocr_line' id='line_1_9' title="bbox 397 1034 1973 1105; baseline 0 -18"><span class='ocrx_word' id='word_1_64' title='bbox 397 1035 574 1089; x_wconf 91' lang='lat' dir='ltr'><strong>omnis</strong></span> <span class='ocrx_word' id='word_1_65' title='bbox 609 1034 883 1103; x_wconf 94' lang='lat' dir='ltr'><strong>plenitudo</strong></span> <span class='ocrx_word' id='word_1_66' title='bbox 911 1036 1207 1090; x_wconf 77' lang='lat' dir='ltr'><strong>divinitatis</strong></span> <span class='ocrx_word' id='word_1_67' title='bbox 1238 1036 1609 1105; x_wconf 79' lang='lat' dir='ltr'><strong>corporaliter.</strong></span> <span class='ocrx_word' id='word_1_68' title='bbox 1642 1035 1744 1089; x_wconf 92' lang='lat' dir='ltr'><strong>Sed</strong></span> <span class='ocrx_word' id='word_1_69' title='bbox 1773 1036 1973 1089; x_wconf 79' lang='grc' dir='ltr'>ἰιιεοηι-</span> 
     </span>
    </p>
   </div>
   <div class='ocr_carea' id='block_1_10' title="bbox 395 1126 1975 1195">
    <p class='ocr_par' dir='ltr' id='par_1_10' title="bbox 395 1126 1975 1195">
     <span class='ocr_line' id='line_1_10' title="bbox 395 1126 1975 1195; baseline -0.001 -15"><span class='ocrx_word' id='word_1_70' title='bbox 395 1126 853 1195; x_wconf 87' lang='lat' dir='ltr'><strong>prehensibiliter,</strong></span> <span class='ocrx_word' id='word_1_71' title='bbox 886 1127 1339 1191; x_wconf 76' lang='lat' dir='ltr'><strong>inenarrabiliter,</strong></span> <span class='ocrx_word' id='word_1_72' title='bbox 1384 1135 1507 1180; x_wconf 90' lang='lat' dir='ltr'><strong>ante</strong></span> <span class='ocrx_word' id='word_1_73' title='bbox 1556 1142 1715 1181; x_wconf 90' lang='lat' dir='ltr'><strong>onme</strong></span> <span class='ocrx_word' id='word_1_74' title='bbox 1769 1136 1975 1195; x_wconf 86' lang='lat' dir='ltr'><strong>tempus</strong></span> 
     </span>
    </p>
   </div>
   <div class='ocr_carea' id='block_1_11' title="bbox 397 1218 1971 1288">
    <p class='ocr_par' dir='ltr' id='par_1_11' title="bbox 397 1218 1971 1288">
     <span class='ocr_line' id='line_1_11' title="bbox 397 1218 1971 1288; baseline -0.001 -15"><span class='ocrx_word' id='word_1_75' title='bbox 397 1228 451 1273; x_wconf 88' lang='lat' dir='ltr'><strong>et</strong></span> <span class='ocrx_word' id='word_1_76' title='bbox 474 1219 664 1273; x_wconf 69' lang='lat' dir='ltr'><strong>saecula</strong></span> <span class='ocrx_word' id='word_1_77' title='bbox 689 1220 1021 1288; x_wconf 83' lang='lat' dir='ltr'><strong>unigenitum</strong></span> <span class='ocrx_word' id='word_1_78' title='bbox 1049 1235 1113 1273; x_wconf 77' lang='lat' dir='ltr'><strong>ex</strong></span> <span class='ocrx_word' id='word_1_79' title='bbox 1138 1220 1219 1273; x_wconf 89' lang='lat' dir='ltr'><strong>his</strong></span> <span class='ocrx_word' id='word_1_80' title='bbox 1240 1234 1357 1287; x_wconf 60' lang='lat' dir='ltr'><strong>quae</strong></span> <span class='ocrx_word' id='word_1_81' title='bbox 1382 1218 1611 1288; x_wconf 86' lang='lat' dir='ltr'><strong>ingenita</strong></span> <span class='ocrx_word' id='word_1_82' title='bbox 1641 1220 1689 1271; x_wconf 91' lang='lat' dir='ltr'><strong>in</strong></span> <span class='ocrx_word' id='word_1_83' title='bbox 1719 1234 1774 1271; x_wconf 85' lang='lat' dir='ltr'><strong>se</strong></span> <span class='ocrx_word' id='word_1_84' title='bbox 1799 1226 1971 1281; x_wconf 90' lang='lat' dir='ltr'><strong>erant,</strong></span> 
     </span>
    </p>
   </div>
   <div class='ocr_carea' id='block_1_12' title="bbox 384 1308 1973 1377">
    <p class='ocr_par' dir='ltr' id='par_1_12' title="bbox 384 1308 1973 1377">
     <span class='ocr_line' id='line_1_12' title="bbox 384 1308 1973 1377; baseline -0.004 -12"><span class='ocrx_word' id='word_1_85' title='bbox 384 1310 722 1375; x_wconf 86' lang='lat' dir='ltr'><strong>.procreavit,</strong></span> <span class='ocrx_word' id='word_1_86' title='bbox 755 1324 935 1372; x_wconf 91' lang='lat' dir='ltr'><strong>omne,</strong></span> <span class='ocrx_word' id='word_1_87' title='bbox 967 1309 1110 1377; x_wconf 91' lang='lat' dir='ltr'><strong>quod</strong></span> <span class='ocrx_word' id='word_1_88' title='bbox 1158 1310 1298 1362; x_wconf 89' lang='lat' dir='ltr'><strong>Deus</strong></span> <span class='ocrx_word' id='word_1_89' title='bbox 1351 1318 1464 1370; x_wconf 89' lang='lat' dir='ltr'><strong>est,</strong></span> <span class='ocrx_word' id='word_1_90' title='bbox 1515 1322 1607 1376; x_wconf 87' lang='lat' dir='ltr'><strong>per</strong></span> <span class='ocrx_word' id='word_1_91' title='bbox 1654 1308 1973 1360; x_wconf 86' lang='lat' dir='ltr'><strong>charitatem</strong></span> 
     </span>
    </p>
   </div>
   <div class='ocr_carea' id='block_1_13' title="bbox 397 1400 1972 1470">
    <p class='ocr_par' dir='ltr' id='par_1_13' title="bbox 397 1400 1972 1470">
     <span class='ocr_line' id='line_1_13' title="bbox 397 1400 1972 1470; baseline -0.001 -18"><span class='ocrx_word' id='word_1_92' title='bbox 397 1410 559 1468; x_wconf 74' lang='lat' dir='ltr'><strong>atque</strong></span> <span class='ocrx_word' id='word_1_93' title='bbox 588 1400 843 1455; x_wconf 83' lang='lat' dir='ltr'><strong>virtutem</strong></span> <span class='ocrx_word' id='word_1_94' title='bbox 889 1402 1155 1454; x_wconf 89' lang='lat' dir='ltr'><strong>nativitati</strong></span> <span class='ocrx_word' id='word_1_95' title='bbox 1192 1402 1309 1469; x_wconf 85' lang='lat' dir='ltr'><strong>ejus</strong></span> <span class='ocrx_word' id='word_1_96' title='bbox 1343 1401 1674 1470; x_wconf 82' lang='lat' dir='ltr'><strong>impertiens.</strong></span> <span class='ocrx_word' id='word_1_97' title='bbox 1719 1401 1792 1453; x_wconf 79' lang='lat' dir='ltr'><strong>Ac</strong></span> <span class='ocrx_word' id='word_1_98' title='bbox 1825 1400 1901 1452; x_wconf 82' lang='lat' dir='ltr'><strong>sic</strong></span> <span class='ocrx_word' id='word_1_99' title='bbox 1945 1414 1972 1450; x_wconf 89' lang='lat' dir='ltr'><strong>a</strong></span> 
     </span>
    </p>
   </div>
   <div class='ocr_carea' id='block_1_14' title="bbox 394 1493 1976 1563">
    <p class='ocr_par' dir='ltr' id='par_1_14' title="bbox 394 1493 1976 1563">
     <span class='ocr_line' id='line_1_14' title="bbox 394 1493 1976 1563; baseline 0.001 -18"><span class='ocrx_word' id='word_1_100' title='bbox 394 1494 655 1561; x_wconf 81' lang='lat' dir='ltr'><strong>perfecto,</strong></span> <span class='ocrx_word' id='word_1_101' title='bbox 689 1493 925 1563; x_wconf 91' lang='lat' dir='ltr'><strong>ingenito</strong></span> <span class='ocrx_word' id='word_1_102' title='bbox 973 1506 1282 1562; x_wconf 69' lang='lat' dir='ltr'><strong>aeternoque</strong></span> <span class='ocrx_word' id='word_1_103' title='bbox 1333 1494 1493 1548; x_wconf 87' lang='lat' dir='ltr'><strong>Patre</strong></span> <span class='ocrx_word' id='word_1_104' title='bbox 1541 1494 1877 1562; x_wconf 84' lang='lat' dir='ltr'><strong>unigenitus,</strong></span> <span class='ocrx_word' id='word_1_105' title='bbox 1922 1503 1976 1546; x_wconf 90' lang='lat' dir='ltr'><strong>et</strong></span> 
     </span>
    </p>
   </div>
   <div class='ocr_carea' id='block_1_15' title="bbox 397 1580 1975 1650">
    <p class='ocr_par' dir='ltr' id='par_1_15' title="bbox 397 1580 1975 1650">
     <span class='ocr_line' id='line_1_15' title="bbox 397 1580 1975 1650; baseline 0.002 -17"><span class='ocrx_word' id='word_1_106' title='bbox 397 1580 685 1649; x_wconf 82' lang='lat' dir='ltr'><strong>perfectus,</strong></span> <span class='ocrx_word' id='word_1_107' title='bbox 724 1591 777 1635; x_wconf 90' lang='lat' dir='ltr'><strong>et</strong></span> <span class='ocrx_word' id='word_1_108' title='bbox 804 1591 1038 1637; x_wconf 67' lang='lat' dir='ltr'><strong>mternus</strong></span> <span class='ocrx_word' id='word_1_109' title='bbox 1064 1594 1145 1637; x_wconf 88' lang='lat' dir='ltr'><strong>est</strong></span> <span class='ocrx_word' id='word_1_110' title='bbox 1175 1583 1361 1635; x_wconf 77' lang='lat' dir='ltr'><strong>Filius.</strong></span> <span class='ocrx_word' id='word_1_111' title='bbox 1402 1583 1474 1635; x_wconf 84' lang='lat' dir='ltr'><strong>Ea</strong></span> <span class='ocrx_word' id='word_1_112' title='bbox 1504 1592 1681 1635; x_wconf 91' lang='lat' dir='ltr'><strong>autem</strong></span> <span class='ocrx_word' id='word_1_113' title='bbox 1710 1598 1828 1650; x_wconf 69' lang='lat' dir='ltr'><strong>qute</strong></span> <span class='ocrx_word' id='word_1_114' title='bbox 1860 1581 1975 1647; x_wconf 87' lang='lat' dir='ltr'><strong>ejus</strong></span> 
     </span>
    </p>
   </div>
   <div class='ocr_carea' id='block_1_16' title="bbox 396 1671 1976 1741">
    <p class='ocr_par' dir='ltr' id='par_1_16' title="bbox 396 1671 1976 1741">
     <span class='ocr_line' id='line_1_16' title="bbox 396 1671 1976 1741; baseline 0.001 -18"><span class='ocrx_word' id='word_1_115' title='bbox 396 1680 521 1723; x_wconf 90' lang='lat' dir='ltr'><strong>sunt</strong></span> <span class='ocrx_word' id='word_1_116' title='bbox 542 1672 834 1725; x_wconf 90' lang='lat' dir='ltr'><strong>secundum</strong></span> <span class='ocrx_word' id='word_1_117' title='bbox 857 1687 1054 1741; x_wconf 90' lang='lat' dir='ltr'><strong>corpus</strong></span> <span class='ocrx_word' id='word_1_118' title='bbox 1074 1673 1215 1740; x_wconf 89' lang='lat' dir='ltr'><strong>quod</strong></span> <span class='ocrx_word' id='word_1_119' title='bbox 1239 1674 1547 1739; x_wconf 85' lang='lat' dir='ltr'><strong>assumpsit,</strong></span> <span class='ocrx_word' id='word_1_120' title='bbox 1584 1674 1836 1725; x_wconf 73' lang='lat' dir='ltr'><strong>bonitatis</strong></span> <span class='ocrx_word' id='word_1_121' title='bbox 1862 1671 1976 1738; x_wconf 89' lang='lat' dir='ltr'><strong>ejus</strong></span> 
     </span>
    </p>
   </div>
   <div class='ocr_carea' id='block_1_17' title="bbox 394 1762 1977 1824">
    <p class='ocr_par' dir='ltr' id='par_1_17' title="bbox 394 1762 1977 1824">
     <span class='ocr_line' id='line_1_17' title="bbox 394 1762 1977 1824; baseline 0.003 -13"><span class='ocrx_word' id='word_1_122' title='bbox 394 1762 460 1815; x_wconf 90' lang='lat' dir='ltr'><strong>ad</strong></span> <span class='ocrx_word' id='word_1_123' title='bbox 487 1762 713 1815; x_wconf 89' lang='lat' dir='ltr'><strong>salutem</strong></span> <span class='ocrx_word' id='word_1_124' title='bbox 746 1772 983 1816; x_wconf 90' lang='lat' dir='ltr'><strong>nostram</strong></span> <span class='ocrx_word' id='word_1_125' title='bbox 1015 1763 1261 1815; x_wconf 77' lang='lat' dir='ltr'><strong>voluntas</strong></span> <span class='ocrx_word' id='word_1_126' title='bbox 1288 1772 1389 1816; x_wconf 87' lang='lat' dir='ltr'><strong>est.</strong></span> <span class='ocrx_word' id='word_1_127' title='bbox 1422 1763 1708 1816; x_wconf 91' lang='lat' dir='ltr'><strong>Invisibilis</strong></span> <span class='ocrx_word' id='word_1_128' title='bbox 1731 1764 1895 1824; x_wconf 89' lang='lat' dir='ltr'><strong>enim,</strong></span> <span class='ocrx_word' id='word_1_129' title='bbox 1926 1773 1977 1816; x_wconf 90' lang='lat' dir='ltr'><strong>et</strong></span> 
     </span>
    </p>
   </div>
   <div class='ocr_carea' id='block_1_18' title="bbox 396 1852 1976 1923">
    <p class='ocr_par' dir='ltr' id='par_1_18' title="bbox 396 1852 1976 1923">
     <span class='ocr_line' id='line_1_18' title="bbox 396 1852 1976 1923; baseline 0.002 -20"><span class='ocrx_word' id='word_1_130' title='bbox 396 1852 765 1919; x_wconf 88' lang='lat' dir='ltr'><strong>incorporeus,</strong></span> <span class='ocrx_word' id='word_1_131' title='bbox 822 1862 875 1906; x_wconf 91' lang='lat' dir='ltr'><strong>et</strong></span> <span class='ocrx_word' id='word_1_132' title='bbox 931 1854 1511 1922; x_wconf 77' lang='lat' dir='ltr'><strong>incomprehensibilis,</strong></span> <span class='ocrx_word' id='word_1_133' title='bbox 1561 1863 1743 1923; x_wconf 91' lang='lat' dir='ltr'><strong>utpote</strong></span> <span class='ocrx_word' id='word_1_134' title='bbox 1793 1855 1860 1907; x_wconf 88' lang='lat' dir='ltr'><strong>ab</strong></span> <span class='ocrx_word' id='word_1_135' title='bbox 1913 1869 1976 1907; x_wconf 91' lang='lat' dir='ltr'><strong>eo</strong></span> 
     </span>
    </p>
   </div>
   <div class='ocr_carea' id='block_1_19' title="bbox 393 1929 2045 2009">
    <p class='ocr_par' dir='ltr' id='par_1_19' title="bbox 393 1929 2045 2009">
     <span class='ocr_line' id='line_1_19' title="bbox 393 1929 2045 2009; baseline 0.004 -17"><span class='ocrx_word' id='word_1_136' title='bbox 393 1942 627 2009; x_wconf 89' lang='lat' dir='ltr'><strong>genitus,</strong></span> <span class='ocrx_word' id='word_1_137' title='bbox 658 1952 861 1995; x_wconf 90' lang='lat' dir='ltr'><strong>tantum</strong></span> <span class='ocrx_word' id='word_1_138' title='bbox 892 1943 942 1995; x_wconf 92' lang='lat' dir='ltr'><strong>in</strong></span> <span class='ocrx_word' id='word_1_139' title='bbox 968 1958 1026 1996; x_wconf 86' lang='lat' dir='ltr'><strong>se</strong></span> <span class='ocrx_word' id='word_1_140' title='bbox 1052 1953 1108 1998; x_wconf 93' lang='lat' dir='ltr'><strong>et</strong></span> <span class='ocrx_word' id='word_1_141' title='bbox 1130 1944 1368 1997; x_wconf 66' lang='lat' dir='ltr'><strong>materiae</strong></span> <span class='ocrx_word' id='word_1_142' title='bbox 1394 1954 1448 1997; x_wconf 92' lang='lat' dir='ltr'><strong>et</strong></span> <span class='ocrx_word' id='word_1_143' title='bbox 1476 1945 1794 1999; x_wconf 87' lang='lat' dir='ltr'><strong>humilitatis</strong></span> <span class='ocrx_word' id='word_1_144' title='bbox 1821 1960 1970 1998; x_wconf 91' lang='lat' dir='ltr'><strong>rece-</strong></span> <span class='ocrx_word' id='word_1_145' title='bbox 2008 1929 2045 1984; x_wconf 64' lang='grc' dir='ltr'><strong>’ἶ</strong></span> 
     </span>
    </p>
   </div>
   <div class='ocr_carea' id='block_1_20' title="bbox 394 2030 1972 2100">
    <p class='ocr_par' dir='ltr' id='par_1_20' title="bbox 394 2030 1972 2100">
     <span class='ocr_line' id='line_1_20' title="bbox 394 2030 1972 2100; baseline 0.004 -19"><span class='ocrx_word' id='word_1_146' title='bbox 394 2030 491 2097; x_wconf 91' lang='lat' dir='ltr'><strong>pit,</strong></span> <span class='ocrx_word' id='word_1_147' title='bbox 526 2042 784 2099; x_wconf 89' lang='lat' dir='ltr'><strong>quantum</strong></span> <span class='ocrx_word' id='word_1_148' title='bbox 813 2032 866 2084; x_wconf 92' lang='lat' dir='ltr'><strong>in</strong></span> <span class='ocrx_word' id='word_1_149' title='bbox 899 2032 1054 2085; x_wconf 90' lang='lat' dir='ltr'><strong>nobis</strong></span> <span class='ocrx_word' id='word_1_150' title='bbox 1083 2042 1202 2085; x_wconf 90' lang='lat' dir='ltr'><strong>erat</strong></span> <span class='ocrx_word' id='word_1_151' title='bbox 1228 2033 1443 2086; x_wconf 88' lang='lat' dir='ltr'><strong>virtutis</strong></span> <span class='ocrx_word' id='word_1_152' title='bbox 1472 2034 1537 2087; x_wconf 87' lang='lat' dir='ltr'><strong>ad</strong></span> <span class='ocrx_word' id='word_1_153' title='bbox 1570 2033 1972 2100; x_wconf 73' lang='lat' dir='ltr'><strong>intelligendum</strong></span> 
     </span>
    </p>
   </div>
   <div class='ocr_carea' id='block_1_21' title="bbox 394 2123 1976 2178">
    <p class='ocr_par' dir='ltr' id='par_1_21' title="bbox 394 2123 1976 2178">
     <span class='ocr_line' id='line_1_21' title="bbox 394 2123 1976 2178; baseline 0.003 -5"><span class='ocrx_word' id='word_1_154' title='bbox 394 2136 453 2175; x_wconf 80' lang='lat' dir='ltr'><strong>se</strong></span> <span class='ocrx_word' id='word_1_155' title='bbox 486 2130 539 2175; x_wconf 89' lang='lat' dir='ltr'><strong>et</strong></span> <span class='ocrx_word' id='word_1_156' title='bbox 582 2123 923 2175; x_wconf 84' lang='lat' dir='ltr'><strong>sentiendum</strong></span> <span class='ocrx_word' id='word_1_157' title='bbox 976 2133 1031 2176; x_wconf 89' lang='lat' dir='ltr'><strong>et</strong></span> <span class='ocrx_word' id='word_1_158' title='bbox 1074 2125 1459 2176; x_wconf 82' lang='lat' dir='ltr'><strong>contuendum.</strong></span> <span class='ocrx_word' id='word_1_159' title='bbox 1494 2123 1851 2177; x_wconf 88' lang='lat' dir='ltr'><strong>Imbecillitati</strong></span> <span class='ocrx_word' id='word_1_160' title='bbox 1883 2141 1976 2178; x_wconf 89' lang='lat' dir='ltr'><strong>no-</strong></span> 
     </span>
    </p>
   </div>
   <div class='ocr_carea' id='block_1_22' title="bbox 391 2212 1977 2281">
    <p class='ocr_par' dir='ltr' id='par_1_22' title="bbox 391 2212 1977 2281">
     <span class='ocr_line' id='line_1_22' title="bbox 391 2212 1977 2281; baseline 0.003 -18"><span class='ocrx_word' id='word_1_161' title='bbox 391 2220 522 2264; x_wconf 69' lang='lat' dir='ltr'><strong>stra:</strong></span> <span class='ocrx_word' id='word_1_162' title='bbox 554 2212 734 2280; x_wconf 88' lang='lat' dir='ltr'><strong>potius</strong></span> <span class='ocrx_word' id='word_1_163' title='bbox 758 2214 1159 2280; x_wconf 85' lang='lat' dir='ltr'><strong>obtemperans,</strong></span> <span class='ocrx_word' id='word_1_164' title='bbox 1182 2227 1341 2279; x_wconf 90' lang='lat' dir='ltr'><strong>quam</strong></span> <span class='ocrx_word' id='word_1_165' title='bbox 1373 2212 1438 2265; x_wconf 90' lang='lat' dir='ltr'><strong>de</strong></span> <span class='ocrx_word' id='word_1_166' title='bbox 1470 2212 1551 2266; x_wconf 91' lang='lat' dir='ltr'><strong>his</strong></span> <span class='ocrx_word' id='word_1_167' title='bbox 1574 2214 1624 2265; x_wconf 94' lang='lat' dir='ltr'><strong>in</strong></span> <span class='ocrx_word' id='word_1_168' title='bbox 1646 2214 1838 2281; x_wconf 84' lang='lat' dir='ltr'><strong>quibus</strong></span> <span class='ocrx_word' id='word_1_169' title='bbox 1860 2222 1977 2267; x_wconf 86' lang='lat' dir='ltr'><strong>er.-.t</strong></span> 
     </span>
    </p>
   </div>
   <div class='ocr_carea' id='block_1_23' title="bbox 393 2302 1973 2371">
    <p class='ocr_par' dir='ltr' id='par_1_23' title="bbox 393 2302 1973 2371">
     <span class='ocr_line' id='line_1_23' title="bbox 393 2302 1973 2371; baseline 0.001 -18"><span class='ocrx_word' id='word_1_170' title='bbox 393 2302 508 2369; x_wconf 90' lang='lat' dir='ltr'><strong>ipse</strong></span> <span class='ocrx_word' id='word_1_171' title='bbox 532 2302 805 2355; x_wconf 84' lang='lat' dir='ltr'><strong>deﬁciens.</strong></span> <span class='ocrx_word' id='word_1_172' title='bbox 832 2302 997 2371; x_wconf 91' lang='lat' dir='ltr'><strong>Igitur</strong></span> <span class='ocrx_word' id='word_1_173' title='bbox 1023 2302 1244 2369; x_wconf 79' lang='lat' dir='ltr'><strong>perfecti</strong></span> <span class='ocrx_word' id='word_1_174' title='bbox 1278 2302 1455 2356; x_wconf 88' lang='lat' dir='ltr'><strong>Patris</strong></span> <span class='ocrx_word' id='word_1_175' title='bbox 1481 2302 1753 2371; x_wconf 78' lang='lat' dir='ltr'><strong>perfectus</strong></span> <span class='ocrx_word' id='word_1_176' title='bbox 1786 2303 1973 2365; x_wconf 85' lang='lat' dir='ltr'><strong>Filius,</strong></span> 
     </span>
    </p>
   </div>
   <div class='ocr_carea' id='block_1_24' title="bbox 391 2392 1974 2463">
    <p class='ocr_par' dir='ltr' id='par_1_24' title="bbox 391 2392 1974 2463">
     <span class='ocr_line' id='line_1_24' title="bbox 391 2392 1974 2463; baseline 0.001 -18"><span class='ocrx_word' id='word_1_177' title='bbox 391 2400 449 2445; x_wconf 91' lang='lat' dir='ltr'><strong>et</strong></span> <span class='ocrx_word' id='word_1_178' title='bbox 498 2392 721 2460; x_wconf 84' lang='lat' dir='ltr'><strong>ingeniti</strong></span> <span class='ocrx_word' id='word_1_179' title='bbox 775 2392 866 2445; x_wconf 90' lang='lat' dir='ltr'><strong>Dei</strong></span> <span class='ocrx_word' id='word_1_180' title='bbox 902 2392 1175 2462; x_wconf 82' lang='lat' dir='ltr'><strong>unigenita</strong></span> <span class='ocrx_word' id='word_1_181' title='bbox 1225 2394 1539 2462; x_wconf 88' lang='lat' dir='ltr'><strong>progenies,</strong></span> <span class='ocrx_word' id='word_1_182' title='bbox 1578 2395 1666 2461; x_wconf 88' lang='lat' dir='ltr'><strong>qui</strong></span> <span class='ocrx_word' id='word_1_183' title='bbox 1700 2396 1766 2445; x_wconf 92' lang='lat' dir='ltr'><strong>ab</strong></span> <span class='ocrx_word' id='word_1_184' title='bbox 1798 2410 1859 2447; x_wconf 91' lang='lat' dir='ltr'><strong>eo</strong></span> <span class='ocrx_word' id='word_1_185' title='bbox 1886 2394 1974 2463; x_wconf 87' lang='lat' dir='ltr'><strong>qui</strong></span> 
     </span>
    </p>
   </div>
   <div class='ocr_carea' id='block_1_25' title="bbox 394 2482 1977 2551">
    <p class='ocr_par' dir='ltr' id='par_1_25' title="bbox 394 2482 1977 2551">
     <span class='ocr_line' id='line_1_25' title="bbox 394 2482 1977 2551; baseline 0.002 -19"><span class='ocrx_word' id='word_1_186' title='bbox 394 2482 558 2536; x_wconf 82' lang='lat' dir='ltr'><strong>habet</strong></span> <span class='ocrx_word' id='word_1_187' title='bbox 584 2483 787 2544; x_wconf 87' lang='lat' dir='ltr'><strong>omnia,</strong></span> <span class='ocrx_word' id='word_1_188' title='bbox 814 2483 1020 2549; x_wconf 89' lang='lat' dir='ltr'><strong>accepit</strong></span> <span class='ocrx_word' id='word_1_189' title='bbox 1046 2483 1246 2546; x_wconf 89' lang='lat' dir='ltr'><strong>omnia,</strong></span> <span class='ocrx_word' id='word_1_190' title='bbox 1275 2482 1413 2536; x_wconf 89' lang='lat' dir='ltr'><strong>Deus</strong></span> <span class='ocrx_word' id='word_1_191' title='bbox 1442 2498 1469 2535; x_wconf 91' lang='lat' dir='ltr'><strong>a</strong></span> <span class='ocrx_word' id='word_1_192' title='bbox 1500 2482 1627 2545; x_wconf 89' lang='lat' dir='ltr'><strong>Deo,</strong></span> <span class='ocrx_word' id='word_1_193' title='bbox 1654 2483 1889 2551; x_wconf 85' lang='lat' dir='ltr'><strong>Spiritus</strong></span> <span class='ocrx_word' id='word_1_194' title='bbox 1910 2483 1977 2535; x_wconf 89' lang='lat' dir='ltr'><strong>ab</strong></span> 
     </span>
    </p>
   </div>
   <div class='ocr_carea' id='block_1_26' title="bbox 390 2570 1974 2639">
    <p class='ocr_par' dir='ltr' id='par_1_26' title="bbox 390 2570 1974 2639">
     <span class='ocr_line' id='line_1_26' title="bbox 390 2570 1974 2639; baseline -0.001 -15"><span class='ocrx_word' id='word_1_195' title='bbox 390 2570 606 2639; x_wconf 88' lang='lat' dir='ltr'><strong>spiritu,</strong></span> <span class='ocrx_word' id='word_1_196' title='bbox 631 2570 809 2622; x_wconf 91' lang='lat' dir='ltr'><strong>lumen</strong></span> <span class='ocrx_word' id='word_1_197' title='bbox 852 2584 879 2621; x_wconf 91' lang='lat' dir='ltr'><strong>a</strong></span> <span class='ocrx_word' id='word_1_198' title='bbox 908 2570 1155 2624; x_wconf 84' lang='lat' dir='ltr'><strong>Lumine.</strong></span> <span class='ocrx_word' id='word_1_199' title='bbox 1189 2570 1535 2624; x_wconf 84' lang='lat' dir='ltr'><strong>Conﬁdenter</strong></span> <span class='ocrx_word' id='word_1_200' title='bbox 1558 2575 1630 2623; x_wconf 89' lang='lat' dir='ltr'><strong>ait</strong></span> <span class='ocrx_word' id='word_1_201' title='bbox 1679 2590 1689 2623; x_wconf 88' lang='lat'>:</span> <span class='ocrx_word' id='word_1_202' title='bbox 1737 2571 1896 2624; x_wconf 92' lang='lat' dir='ltr'><strong>Pater</strong></span> <span class='ocrx_word' id='word_1_203' title='bbox 1924 2571 1974 2623; x_wconf 92' lang='lat' dir='ltr'><strong>in</strong></span> 
     </span>
    </p>
   </div>
   <div class='ocr_carea' id='block_1_27' title="bbox 390 2658 1977 2729">
    <p class='ocr_par' dir='ltr' id='par_1_27' title="bbox 390 2658 1977 2729">
     <span class='ocr_line' id='line_1_27' title="bbox 390 2658 1977 2729; baseline 0.001 -16"><span class='ocrx_word' id='word_1_204' title='bbox 390 2675 500 2724; x_wconf 89' lang='lat' dir='ltr'><strong>me,</strong></span> <span class='ocrx_word' id='word_1_205' title='bbox 519 2670 573 2713; x_wconf 93' lang='lat' dir='ltr'><strong>et</strong></span> <span class='ocrx_word' id='word_1_206' title='bbox 601 2674 701 2729; x_wconf 91' lang='lat' dir='ltr'><strong>ego</strong></span> <span class='ocrx_word' id='word_1_207' title='bbox 734 2661 783 2712; x_wconf 95' lang='lat' dir='ltr'><strong>in</strong></span> <span class='ocrx_word' id='word_1_208' title='bbox 815 2658 1052 2712; x_wconf 87' lang='lat' dir='ltr'><strong>Patrem.</strong></span> <span class='ocrx_word' id='word_1_209' title='bbox 1091 2659 1224 2724; x_wconf 83' lang='lat' dir='ltr'><strong>Quia</strong></span> <span class='ocrx_word' id='word_1_210' title='bbox 1256 2668 1314 2713; x_wconf 92' lang='lat' dir='ltr'><strong>ut</strong></span> <span class='ocrx_word' id='word_1_211' title='bbox 1345 2659 1578 2728; x_wconf 84' lang='lat' dir='ltr'><strong>Spiritus</strong></span> <span class='ocrx_word' id='word_1_212' title='bbox 1606 2660 1789 2723; x_wconf 88' lang='lat' dir='ltr'><strong>Pater,</strong></span> <span class='ocrx_word' id='word_1_213' title='bbox 1823 2660 1892 2713; x_wconf 91' lang='lat' dir='ltr'><strong>ita</strong></span> <span class='ocrx_word' id='word_1_214' title='bbox 1923 2672 1977 2714; x_wconf 91' lang='lat' dir='ltr'><strong>et</strong></span> 
     </span>
    </p>
   </div>
   <div class='ocr_carea' id='block_1_28' title="bbox 391 2748 1977 2817">
    <p class='ocr_par' dir='ltr' id='par_1_28' title="bbox 391 2748 1977 2817">
     <span class='ocr_line' id='line_1_28' title="bbox 391 2748 1977 2817; baseline 0.001 -16"><span class='ocrx_word' id='word_1_215' title='bbox 391 2748 561 2802; x_wconf 85' lang='lat' dir='ltr'><strong>Filius</strong></span> <span class='ocrx_word' id='word_1_216' title='bbox 587 2748 845 2817; x_wconf 90' lang='lat' dir='ltr'><strong>Spiritus.</strong></span> <span class='ocrx_word' id='word_1_217' title='bbox 875 2748 942 2803; x_wconf 88' lang='lat' dir='ltr'><strong>Ut</strong></span> <span class='ocrx_word' id='word_1_218' title='bbox 974 2748 1114 2802; x_wconf 87' lang='lat' dir='ltr'><strong>Deus</strong></span> <span class='ocrx_word' id='word_1_219' title='bbox 1140 2748 1321 2814; x_wconf 88' lang='lat' dir='ltr'><strong>Pater,</strong></span> <span class='ocrx_word' id='word_1_220' title='bbox 1347 2750 1419 2803; x_wconf 92' lang='lat' dir='ltr'><strong>ita</strong></span> <span class='ocrx_word' id='word_1_221' title='bbox 1450 2758 1502 2803; x_wconf 93' lang='lat' dir='ltr'><strong>et</strong></span> <span class='ocrx_word' id='word_1_222' title='bbox 1526 2750 1692 2803; x_wconf 83' lang='lat' dir='ltr'><strong>Filius</strong></span> <span class='ocrx_word' id='word_1_223' title='bbox 1722 2749 1881 2804; x_wconf 90' lang='lat' dir='ltr'><strong>Deus.</strong></span> <span class='ocrx_word' id='word_1_224' title='bbox 1912 2750 1977 2806; x_wconf 89' lang='lat' dir='ltr'><strong>Ut</strong></span> 
     </span>
    </p>
   </div>
   <div class='ocr_carea' id='block_1_29' title="bbox 391 2836 1973 2910">
    <p class='ocr_par' dir='ltr' id='par_1_29' title="bbox 391 2836 1973 2910">
     <span class='ocr_line' id='line_1_29' title="bbox 391 2836 1973 2910; baseline 0.004 -22"><span class='ocrx_word' id='word_1_225' title='bbox 391 2836 572 2889; x_wconf 90' lang='lat' dir='ltr'><strong>lumen</strong></span> <span class='ocrx_word' id='word_1_226' title='bbox 599 2837 777 2900; x_wconf 87' lang='lat' dir='ltr'><strong>Pater,</strong></span> <span class='ocrx_word' id='word_1_227' title='bbox 812 2838 884 2890; x_wconf 89' lang='lat' dir='ltr'><strong>ita</strong></span> <span class='ocrx_word' id='word_1_228' title='bbox 913 2848 967 2891; x_wconf 93' lang='lat' dir='ltr'><strong>et</strong></span> <span class='ocrx_word' id='word_1_229' title='bbox 989 2836 1158 2891; x_wconf 84' lang='lat' dir='ltr'><strong>Filius</strong></span> <span class='ocrx_word' id='word_1_230' title='bbox 1187 2838 1385 2892; x_wconf 89' lang='lat' dir='ltr'><strong>lumen.</strong></span> <span class='ocrx_word' id='word_1_231' title='bbox 1416 2839 1493 2892; x_wconf 77' lang='lat' dir='ltr'><strong>Ex</strong></span> <span class='ocrx_word' id='word_1_232' title='bbox 1520 2840 1603 2893; x_wconf 88' lang='lat' dir='ltr'><strong>his</strong></span> <span class='ocrx_word' id='word_1_233' title='bbox 1631 2854 1760 2910; x_wconf 84' lang='lat' dir='ltr'><strong>ergo</strong></span> <span class='ocrx_word' id='word_1_234' title='bbox 1780 2856 1899 2909; x_wconf 69' lang='lat' dir='ltr'><strong>qua:</strong></span> <span class='ocrx_word' id='word_1_235' title='bbox 1924 2842 1973 2894; x_wconf 95' lang='lat' dir='ltr'><strong>in</strong></span> 
     </span>
    </p>
   </div>
   <div class='ocr_carea' id='block_1_30' title="bbox 391 2923 1972 2994">
    <p class='ocr_par' dir='ltr' id='par_1_30' title="bbox 391 2923 1972 2994">
     <span class='ocr_line' id='line_1_30' title="bbox 391 2923 1972 2994; baseline 0.003 -16"><span class='ocrx_word' id='word_1_236' title='bbox 391 2923 555 2978; x_wconf 89' lang='lat' dir='ltr'><strong>Patre</strong></span> <span class='ocrx_word' id='word_1_237' title='bbox 576 2934 724 2988; x_wconf 93' lang='lat' dir='ltr'><strong>sunt,</strong></span> <span class='ocrx_word' id='word_1_238' title='bbox 756 2941 820 2979; x_wconf 90' lang='lat' dir='ltr'><strong>ea</strong></span> <span class='ocrx_word' id='word_1_239' title='bbox 850 2926 901 2979; x_wconf 93' lang='lat' dir='ltr'><strong>in</strong></span> <span class='ocrx_word' id='word_1_240' title='bbox 932 2926 1125 2994; x_wconf 90' lang='lat' dir='ltr'><strong>quibus</strong></span> <span class='ocrx_word' id='word_1_241' title='bbox 1150 2937 1233 2980; x_wconf 90' lang='lat' dir='ltr'><strong>est</strong></span> <span class='ocrx_word' id='word_1_242' title='bbox 1260 2927 1450 2991; x_wconf 86' lang='lat' dir='ltr'><strong>Filius,</strong></span> <span class='ocrx_word' id='word_1_243' title='bbox 1470 2928 1520 2981; x_wconf 88' lang='lat' dir='ltr'><strong>id</strong></span> <span class='ocrx_word' id='word_1_244' title='bbox 1545 2940 1713 2983; x_wconf 79' lang='lat' dir='ltr'><strong>estex</strong></span> <span class='ocrx_word' id='word_1_245' title='bbox 1746 2939 1857 2982; x_wconf 88' lang='lat' dir='ltr'><strong>toto</strong></span> <span class='ocrx_word' id='word_1_246' title='bbox 1878 2928 1972 2982; x_wconf 87' lang='lat' dir='ltr'><strong>Pa-</strong></span> 
     </span>
    </p>
   </div>
   <div class='ocr_carea' id='block_1_31' title="bbox 391 3018 1976 3090">
    <p class='ocr_par' dir='ltr' id='par_1_31' title="bbox 391 3018 1976 3090">
     <span class='ocr_line' id='line_1_31' title="bbox 391 3018 1976 3090; baseline 0.003 -19"><span class='ocrx_word' id='word_1_247' title='bbox 391 3028 477 3073; x_wconf 89' lang='lat' dir='ltr'><strong>tre</strong></span> <span class='ocrx_word' id='word_1_248' title='bbox 505 3028 648 3072; x_wconf 93' lang='lat' dir='ltr'><strong>totus</strong></span> <span class='ocrx_word' id='word_1_249' title='bbox 673 3018 839 3073; x_wconf 82' lang='lat' dir='ltr'><strong>Filius</strong></span> <span class='ocrx_word' id='word_1_250' title='bbox 861 3028 1019 3073; x_wconf 91' lang='lat' dir='ltr'><strong>natus</strong></span> <span class='ocrx_word' id='word_1_251' title='bbox 1040 3030 1140 3074; x_wconf 93' lang='lat' dir='ltr'><strong>est.</strong></span> <span class='ocrx_word' id='word_1_252' title='bbox 1167 3019 1283 3073; x_wconf 87' lang='lat' dir='ltr'><strong>Non</strong></span> <span class='ocrx_word' id='word_1_253' title='bbox 1311 3021 1547 3084; x_wconf 87' lang='lat' dir='ltr'><strong>aliunde,</strong></span> <span class='ocrx_word' id='word_1_254' title='bbox 1580 3023 1704 3090; x_wconf 91' lang='lat' dir='ltr'><strong>quia</strong></span> <span class='ocrx_word' id='word_1_255' title='bbox 1730 3022 1860 3076; x_wconf 88' lang='lat' dir='ltr'><strong>nihil</strong></span> <span class='ocrx_word' id='word_1_256' title='bbox 1881 3038 1976 3076; x_wconf 88' lang='lat' dir='ltr'><strong>an-</strong></span> 
     </span>
    </p>
   </div>
   <div class='ocr_carea' id='block_1_32' title="bbox 392 3106 1974 3178">
    <p class='ocr_par' dir='ltr' id='par_1_32' title="bbox 392 3106 1974 3178">
     <span class='ocr_line' id='line_1_32' title="bbox 392 3106 1974 3178; baseline 0.002 -17"><span class='ocrx_word' id='word_1_257' title='bbox 392 3118 611 3176; x_wconf 86' lang='lat' dir='ltr'><strong>tequam</strong></span> <span class='ocrx_word' id='word_1_258' title='bbox 637 3106 827 3161; x_wconf 87' lang='lat' dir='ltr'><strong>Filius.</strong></span> <span class='ocrx_word' id='word_1_259' title='bbox 846 3106 960 3160; x_wconf 82' lang='lat' dir='ltr'><strong>Non</strong></span> <span class='ocrx_word' id='word_1_260' title='bbox 982 3123 1048 3160; x_wconf 79' lang='lat' dir='ltr'><strong>ex</strong></span> <span class='ocrx_word' id='word_1_261' title='bbox 1078 3108 1268 3171; x_wconf 92' lang='lat' dir='ltr'><strong>nihilo,</strong></span> <span class='ocrx_word' id='word_1_262' title='bbox 1292 3110 1417 3178; x_wconf 86' lang='lat' dir='ltr'><strong>quia</strong></span> <span class='ocrx_word' id='word_1_263' title='bbox 1437 3125 1500 3162; x_wconf 81' lang='lat' dir='ltr'><strong>ex</strong></span> <span class='ocrx_word' id='word_1_264' title='bbox 1521 3109 1631 3163; x_wconf 89' lang='lat' dir='ltr'><strong>Deo</strong></span> <span class='ocrx_word' id='word_1_265' title='bbox 1650 3109 1838 3163; x_wconf 90' lang='lat' dir='ltr'><strong>Filius.</strong></span> <span class='ocrx_word' id='word_1_266' title='bbox 1859 3109 1974 3164; x_wconf 81' lang='lat' dir='ltr'><strong>Non</strong></span> 
     </span>
    </p>
   </div>
   <div class='ocr_carea' id='block_1_33' title="bbox 392 3199 1973 3271">
    <p class='ocr_par' dir='ltr' id='par_1_33' title="bbox 392 3199 1973 3271">
     <span class='ocr_line' id='line_1_33' title="bbox 392 3199 1973 3271; baseline 0.003 -19"><span class='ocrx_word' id='word_1_267' title='bbox 392 3200 446 3252; x_wconf 92' lang='lat' dir='ltr'><strong>in</strong></span> <span class='ocrx_word' id='word_1_268' title='bbox 473 3208 653 3267; x_wconf 86' lang='lat' dir='ltr'><strong>parte,</strong></span> <span class='ocrx_word' id='word_1_269' title='bbox 682 3200 805 3267; x_wconf 87' lang='lat' dir='ltr'><strong>quia</strong></span> <span class='ocrx_word' id='word_1_270' title='bbox 840 3199 1114 3267; x_wconf 88' lang='lat' dir='ltr'><strong>plenitudo</strong></span> <span class='ocrx_word' id='word_1_271' title='bbox 1161 3201 1385 3255; x_wconf 86' lang='lat' dir='ltr'><strong>Deitatis</strong></span> <span class='ocrx_word' id='word_1_272' title='bbox 1414 3201 1467 3254; x_wconf 90' lang='lat' dir='ltr'><strong>in</strong></span> <span class='ocrx_word' id='word_1_273' title='bbox 1507 3201 1661 3255; x_wconf 84' lang='lat' dir='ltr'><strong>Filio.</strong></span> <span class='ocrx_word' id='word_1_274' title='bbox 1707 3202 1890 3271; x_wconf 87' lang='lat' dir='ltr'><strong>Neque</strong></span> <span class='ocrx_word' id='word_1_275' title='bbox 1920 3203 1973 3256; x_wconf 93' lang='lat' dir='ltr'><strong>in</strong></span> 
     </span>
    </p>
   </div>
   <div class='ocr_carea' id='block_1_34' title="bbox 390 3268 2049 3361">
    <p class='ocr_par' dir='ltr' id='par_1_34' title="bbox 390 3268 2049 3361">
     <span class='ocr_line' id='line_1_34' title="bbox 390 3268 2049 3361; baseline 0.002 -19"><span class='ocrx_word' id='word_1_276' title='bbox 390 3290 686 3359; x_wconf 85' lang='lat' dir='ltr'><strong>aliquibus,</strong></span> <span class='ocrx_word' id='word_1_277' title='bbox 714 3291 836 3358; x_wconf 87' lang='lat' dir='ltr'><strong>quia</strong></span> <span class='ocrx_word' id='word_1_278' title='bbox 866 3290 918 3343; x_wconf 92' lang='lat' dir='ltr'><strong>in</strong></span> <span class='ocrx_word' id='word_1_279' title='bbox 942 3290 1209 3345; x_wconf 92' lang='lat' dir='ltr'><strong>omnibus.</strong></span> <span class='ocrx_word' id='word_1_280' title='bbox 1234 3290 1340 3346; x_wconf 90' lang='lat' dir='ltr'><strong>Sed</strong></span> <span class='ocrx_word' id='word_1_281' title='bbox 1363 3299 1420 3344; x_wconf 90' lang='lat' dir='ltr'><strong>ut</strong></span> <span class='ocrx_word' id='word_1_282' title='bbox 1443 3292 1629 3358; x_wconf 89' lang='lat' dir='ltr'><strong>voluit,</strong></span> <span class='ocrx_word' id='word_1_283' title='bbox 1662 3293 1752 3361; x_wconf 93' lang='lat' dir='ltr'><strong>qui</strong></span> <span class='ocrx_word' id='word_1_284' title='bbox 1782 3268 1972 3360; x_wconf 78' lang='lat' dir='ltr'><strong>potuit,</strong></span> <span class='ocrx_word' id='word_1_285' title='bbox 2004 3268 2049 3329; x_wconf 58' lang='grc' dir='ltr'><strong>(ἶ</strong></span> 
     </span>
    </p>
   </div>
   <div class='ocr_carea' id='block_1_35' title="bbox 394 3380 1979 3449">
    <p class='ocr_par' dir='ltr' id='par_1_35' title="bbox 394 3380 1979 3449">
     <span class='ocr_line' id='line_1_35' title="bbox 394 3380 1979 3449; baseline 0.004 -17"><span class='ocrx_word' id='word_1_286' title='bbox 394 3388 455 3433; x_wconf 92' lang='lat' dir='ltr'><strong>ut</strong></span> <span class='ocrx_word' id='word_1_287' title='bbox 483 3380 586 3433; x_wconf 90' lang='lat' dir='ltr'><strong>scit</strong></span> <span class='ocrx_word' id='word_1_288' title='bbox 616 3380 705 3448; x_wconf 91' lang='lat' dir='ltr'><strong>qui</strong></span> <span class='ocrx_word' id='word_1_289' title='bbox 739 3380 944 3449; x_wconf 86' lang='lat' dir='ltr'><strong>genuit.</strong></span> <span class='ocrx_word' id='word_1_290' title='bbox 979 3380 1131 3445; x_wconf 84' lang='lat' dir='ltr'><strong>Quod</strong></span> <span class='ocrx_word' id='word_1_291' title='bbox 1158 3382 1208 3434; x_wconf 95' lang='lat' dir='ltr'><strong>in</strong></span> <span class='ocrx_word' id='word_1_292' title='bbox 1238 3381 1397 3436; x_wconf 89' lang='lat' dir='ltr'><strong>Patre</strong></span> <span class='ocrx_word' id='word_1_293' title='bbox 1426 3394 1529 3445; x_wconf 87' lang='grc' dir='ltr'>εει,</span> <span class='ocrx_word' id='word_1_294' title='bbox 1560 3384 1659 3436; x_wconf 91' lang='lat' dir='ltr'><strong>hoc</strong></span> <span class='ocrx_word' id='word_1_295' title='bbox 1685 3392 1739 3437; x_wconf 92' lang='lat' dir='ltr'><strong>et</strong></span> <span class='ocrx_word' id='word_1_296' title='bbox 1764 3384 1815 3436; x_wconf 92' lang='lat' dir='ltr'><strong>in</strong></span> <span class='ocrx_word' id='word_1_297' title='bbox 1844 3383 1979 3438; x_wconf 81' lang='lat' dir='ltr'><strong>Filio</strong></span> 
     </span>
    </p>
   </div>
   <div class='ocr_carea' id='block_1_36' title="bbox 392 3468 1979 3539">
    <p class='ocr_par' dir='ltr' id='par_1_36' title="bbox 392 3468 1979 3539">
     <span class='ocr_line' id='line_1_36' title="bbox 392 3468 1979 3539; baseline 0.002 -16"><span class='ocrx_word' id='word_1_298' title='bbox 392 3478 497 3523; x_wconf 90' lang='lat' dir='ltr'><strong>est.</strong></span> <span class='ocrx_word' id='word_1_299' title='bbox 526 3469 677 3536; x_wconf 87' lang='lat' dir='ltr'><strong>Quod</strong></span> <span class='ocrx_word' id='word_1_300' title='bbox 708 3468 762 3521; x_wconf 92' lang='lat' dir='ltr'><strong>in</strong></span> <span class='ocrx_word' id='word_1_301' title='bbox 790 3468 1051 3538; x_wconf 82' lang='lat' dir='ltr'><strong>ingenito,</strong></span> <span class='ocrx_word' id='word_1_302' title='bbox 1087 3470 1186 3523; x_wconf 94' lang='lat' dir='ltr'><strong>hoc</strong></span> <span class='ocrx_word' id='word_1_303' title='bbox 1217 3480 1272 3523; x_wconf 91' lang='lat' dir='ltr'><strong>et</strong></span> <span class='ocrx_word' id='word_1_304' title='bbox 1298 3470 1349 3523; x_wconf 91' lang='lat' dir='ltr'><strong>in</strong></span> <span class='ocrx_word' id='word_1_305' title='bbox 1389 3469 1696 3539; x_wconf 79' lang='lat' dir='ltr'><strong>Unigenito.</strong></span> <span class='ocrx_word' id='word_1_306' title='bbox 1725 3470 1875 3525; x_wconf 86' lang='lat' dir='ltr'><strong>Alter</strong></span> <span class='ocrx_word' id='word_1_307' title='bbox 1911 3474 1979 3527; x_wconf 90' lang='lat' dir='ltr'><strong>ab</strong></span> 
     </span>
    </p>
   </div>
   <div class='ocr_carea' id='block_1_37' title="bbox 392 3560 1977 3628">
    <p class='ocr_par' dir='ltr' id='par_1_37' title="bbox 392 3560 1977 3628">
     <span class='ocr_line' id='line_1_37' title="bbox 392 3560 1977 3628; baseline 0.003 -15"><span class='ocrx_word' id='word_1_308' title='bbox 392 3560 595 3623; x_wconf 89' lang='lat' dir='ltr'><strong>altero,</strong></span> <span class='ocrx_word' id='word_1_309' title='bbox 629 3568 682 3615; x_wconf 93' lang='lat' dir='ltr'><strong>et</strong></span> <span class='ocrx_word' id='word_1_310' title='bbox 713 3569 941 3628; x_wconf 90' lang='lat' dir='ltr'><strong>uterque</strong></span> <span class='ocrx_word' id='word_1_311' title='bbox 972 3576 1157 3614; x_wconf 92' lang='lat' dir='ltr'><strong>unum.</strong></span> <span class='ocrx_word' id='word_1_312' title='bbox 1186 3560 1301 3615; x_wconf 83' lang='lat' dir='ltr'><strong>Non</strong></span> <span class='ocrx_word' id='word_1_313' title='bbox 1332 3561 1439 3616; x_wconf 92' lang='lat' dir='ltr'><strong>duo</strong></span> <span class='ocrx_word' id='word_1_314' title='bbox 1462 3578 1618 3628; x_wconf 84' lang='lat' dir='ltr'><strong>unus,</strong></span> <span class='ocrx_word' id='word_1_315' title='bbox 1643 3564 1735 3617; x_wconf 89' lang='lat' dir='ltr'><strong>sed</strong></span> <span class='ocrx_word' id='word_1_316' title='bbox 1761 3561 1896 3617; x_wconf 89' lang='lat' dir='ltr'><strong>alius</strong></span> <span class='ocrx_word' id='word_1_317' title='bbox 1926 3564 1977 3617; x_wconf 93' lang='lat' dir='ltr'><strong>in</strong></span> 
     </span>
    </p>
   </div>
   <div class='ocr_carea' id='block_1_38' title="bbox 392 3651 1977 3723">
    <p class='ocr_par' dir='ltr' id='par_1_38' title="bbox 392 3651 1977 3723">
     <span class='ocr_line' id='line_1_38' title="bbox 392 3651 1977 3723; baseline 0.001 -18"><span class='ocrx_word' id='word_1_318' title='bbox 392 3652 523 3717; x_wconf 89' lang='lat' dir='ltr'><strong>alio,</strong></span> <span class='ocrx_word' id='word_1_319' title='bbox 551 3652 673 3720; x_wconf 88' lang='lat' dir='ltr'><strong>quia</strong></span> <span class='ocrx_word' id='word_1_320' title='bbox 703 3667 808 3706; x_wconf 93' lang='lat' dir='ltr'><strong>non</strong></span> <span class='ocrx_word' id='word_1_321' title='bbox 839 3652 983 3707; x_wconf 90' lang='lat' dir='ltr'><strong>aliud</strong></span> <span class='ocrx_word' id='word_1_322' title='bbox 1015 3653 1067 3706; x_wconf 91' lang='lat' dir='ltr'><strong>in</strong></span> <span class='ocrx_word' id='word_1_323' title='bbox 1099 3660 1353 3722; x_wconf 90' lang='lat' dir='ltr'><strong>utroque.</strong></span> <span class='ocrx_word' id='word_1_324' title='bbox 1382 3651 1545 3705; x_wconf 84' lang='lat' dir='ltr'><strong>Pater</strong></span> <span class='ocrx_word' id='word_1_325' title='bbox 1568 3653 1621 3706; x_wconf 91' lang='lat' dir='ltr'><strong>in</strong></span> <span class='ocrx_word' id='word_1_326' title='bbox 1651 3652 1810 3717; x_wconf 86' lang='lat' dir='ltr'><strong>Filio,</strong></span> <span class='ocrx_word' id='word_1_327' title='bbox 1852 3654 1977 3723; x_wconf 90' lang='lat' dir='ltr'><strong>quia</strong></span> 
     </span>
    </p>
   </div>
   <div class='ocr_carea' id='block_1_39' title="bbox 392 3741 1977 3812">
    <p class='ocr_par' dir='ltr' id='par_1_39' title="bbox 392 3741 1977 3812">
     <span class='ocr_line' id='line_1_39' title="bbox 392 3741 1977 3812; baseline 0 -17"><span class='ocrx_word' id='word_1_328' title='bbox 392 3756 462 3795; x_wconf 80' lang='lat' dir='ltr'><strong>ex</strong></span> <span class='ocrx_word' id='word_1_329' title='bbox 492 3756 555 3796; x_wconf 91' lang='lat' dir='ltr'><strong>eo</strong></span> <span class='ocrx_word' id='word_1_330' title='bbox 580 3741 767 3795; x_wconf 83' lang='lat' dir='ltr'><strong>Filius.</strong></span> <span class='ocrx_word' id='word_1_331' title='bbox 790 3741 959 3796; x_wconf 89' lang='lat' dir='ltr'><strong>Filius</strong></span> <span class='ocrx_word' id='word_1_332' title='bbox 988 3743 1039 3795; x_wconf 94' lang='lat' dir='ltr'><strong>in</strong></span> <span class='ocrx_word' id='word_1_333' title='bbox 1066 3741 1224 3796; x_wconf 88' lang='lat' dir='ltr'><strong>Patre</strong></span> <span class='ocrx_word' id='word_1_334' title='bbox 1243 3782 1257 3806; x_wconf 97' lang='lat'><strong>,</strong></span> <span class='ocrx_word' id='word_1_335' title='bbox 1283 3742 1406 3811; x_wconf 87' lang='lat' dir='ltr'><strong>quia</strong></span> <span class='ocrx_word' id='word_1_336' title='bbox 1445 3757 1550 3796; x_wconf 91' lang='lat' dir='ltr'><strong>non</strong></span> <span class='ocrx_word' id='word_1_337' title='bbox 1594 3742 1808 3797; x_wconf 89' lang='lat' dir='ltr'><strong>aliunde</strong></span> <span class='ocrx_word' id='word_1_338' title='bbox 1836 3742 1977 3812; x_wconf 91' lang='lat' dir='ltr'><strong>quod</strong></span> 
     </span>
    </p>
   </div>
   <div class='ocr_carea' id='block_1_40' title="bbox 390 3832 1976 3903">
    <p class='ocr_par' dir='ltr' id='par_1_40' title="bbox 390 3832 1976 3903">
     <span class='ocr_line' id='line_1_40' title="bbox 390 3832 1976 3903; baseline -0.001 -16"><span class='ocrx_word' id='word_1_339' title='bbox 390 3832 580 3887; x_wconf 82' lang='lat' dir='ltr'><strong>Filius.</strong></span> <span class='ocrx_word' id='word_1_340' title='bbox 616 3832 933 3903; x_wconf 83' lang='lat' dir='ltr'><strong>Unigenitus</strong></span> <span class='ocrx_word' id='word_1_341' title='bbox 964 3833 1014 3885; x_wconf 90' lang='lat' dir='ltr'><strong>in</strong></span> <span class='ocrx_word' id='word_1_342' title='bbox 1046 3833 1307 3902; x_wconf 88' lang='lat' dir='ltr'><strong>ingenito,</strong></span> <span class='ocrx_word' id='word_1_343' title='bbox 1342 3833 1467 3901; x_wconf 86' lang='lat' dir='ltr'><strong>quia</strong></span> <span class='ocrx_word' id='word_1_344' title='bbox 1500 3832 1569 3886; x_wconf 88' lang='lat' dir='ltr'><strong>ab</strong></span> <span class='ocrx_word' id='word_1_345' title='bbox 1593 3832 1832 3902; x_wconf 84' lang='lat' dir='ltr'><strong>ingenito</strong></span> <span class='ocrx_word' id='word_1_346' title='bbox 1856 3833 1976 3886; x_wconf 90' lang='lat' dir='ltr'><strong>uni-</strong></span> 
     </span>
    </p>
   </div>
   <div class='ocr_carea' id='block_1_41' title="bbox 392 3921 1978 3994">
    <p class='ocr_par' dir='ltr' id='par_1_41' title="bbox 392 3921 1978 3994">
     <span class='ocr_line' id='line_1_41' title="bbox 392 3921 1978 3994; baseline -0.001 -18"><span class='ocrx_word' id='word_1_347' title='bbox 392 3924 626 3994; x_wconf 81' lang='lat' dir='ltr'><strong>genitus.</strong></span> <span class='ocrx_word' id='word_1_348' title='bbox 658 3921 733 3974; x_wconf 90' lang='lat' dir='ltr'><strong>Ita</strong></span> <span class='ocrx_word' id='word_1_349' title='bbox 767 3922 820 3974; x_wconf 89' lang='lat' dir='ltr'><strong>in</strong></span> <span class='ocrx_word' id='word_1_350' title='bbox 851 3936 909 3975; x_wconf 90' lang='lat' dir='ltr'><strong>se</strong></span> <span class='ocrx_word' id='word_1_351' title='bbox 935 3922 1184 3986; x_wconf 88' lang='lat' dir='ltr'><strong>invicem,</strong></span> <span class='ocrx_word' id='word_1_352' title='bbox 1217 3922 1343 3991; x_wconf 84' lang='lat' dir='ltr'><strong>quia</strong></span> <span class='ocrx_word' id='word_1_353' title='bbox 1374 3931 1431 3975; x_wconf 92' lang='lat' dir='ltr'><strong>ut</strong></span> <span class='ocrx_word' id='word_1_354' title='bbox 1452 3922 1631 3975; x_wconf 89' lang='lat' dir='ltr'><strong>omnia</strong></span> <span class='ocrx_word' id='word_1_355' title='bbox 1665 3922 1715 3974; x_wconf 93' lang='lat' dir='ltr'><strong>in</strong></span> <span class='ocrx_word' id='word_1_356' title='bbox 1741 3922 1978 3991; x_wconf 85' lang='lat' dir='ltr'><strong>ingenito</strong></span> 
     </span>
    </p>
   </div>
   <div class='ocr_carea' id='block_1_42' title="bbox 392 4008 1975 4080">
    <p class='ocr_par' dir='ltr' id='par_1_42' title="bbox 392 4008 1975 4080">
     <span class='ocr_line' id='line_1_42' title="bbox 392 4008 1975 4080; baseline 0 -15"><span class='ocrx_word' id='word_1_357' title='bbox 392 4010 553 4065; x_wconf 86' lang='lat' dir='ltr'><strong>Patre</strong></span> <span class='ocrx_word' id='word_1_358' title='bbox 575 4008 809 4080; x_wconf 82' lang='lat' dir='ltr'><strong>perfecta</strong></span> <span class='ocrx_word' id='word_1_359' title='bbox 837 4020 984 4073; x_wconf 92' lang='lat' dir='ltr'><strong>sunt,</strong></span> <span class='ocrx_word' id='word_1_360' title='bbox 1016 4012 1087 4063; x_wconf 91' lang='lat' dir='ltr'><strong>ita</strong></span> <span class='ocrx_word' id='word_1_361' title='bbox 1110 4010 1365 4064; x_wconf 87' lang='lat' dir='ltr'><strong>omniain</strong></span> <span class='ocrx_word' id='word_1_362' title='bbox 1392 4009 1528 4064; x_wconf 89' lang='lat' dir='ltr'><strong>Filio</strong></span> <span class='ocrx_word' id='word_1_363' title='bbox 1553 4011 1830 4079; x_wconf 87' lang='lat' dir='ltr'><strong>unigenito</strong></span> <span class='ocrx_word' id='word_1_364' title='bbox 1852 4025 1975 4079; x_wconf 89' lang='lat' dir='ltr'><strong>per-</strong></span> 
     </span>
    </p>
   </div>
   <div class='ocr_carea' id='block_1_43' title="bbox 392 4101 1975 4166">
    <p class='ocr_par' dir='ltr' id='par_1_43' title="bbox 392 4101 1975 4166">
     <span class='ocr_line' id='line_1_43' title="bbox 392 4101 1975 4166; baseline 0 -9"><span class='ocrx_word' id='word_1_365' title='bbox 392 4101 534 4157; x_wconf 79' lang='lat' dir='ltr'><strong>fecta</strong></span> <span class='ocrx_word' id='word_1_366' title='bbox 572 4112 715 4155; x_wconf 91' lang='lat' dir='ltr'><strong>sunt.</strong></span> <span class='ocrx_word' id='word_1_367' title='bbox 744 4101 865 4156; x_wconf 79' lang='lat' dir='ltr'><strong>[hnc</strong></span> <span class='ocrx_word' id='word_1_368' title='bbox 896 4102 949 4154; x_wconf 89' lang='lat' dir='ltr'><strong>in</strong></span> <span class='ocrx_word' id='word_1_369' title='bbox 981 4101 1118 4155; x_wconf 90' lang='lat' dir='ltr'><strong>Filio</strong></span> <span class='ocrx_word' id='word_1_370' title='bbox 1142 4111 1199 4156; x_wconf 90' lang='lat' dir='ltr'><strong>et</strong></span> <span class='ocrx_word' id='word_1_371' title='bbox 1227 4103 1277 4154; x_wconf 92' lang='lat' dir='ltr'><strong>in</strong></span> <span class='ocrx_word' id='word_1_372' title='bbox 1308 4101 1469 4156; x_wconf 90' lang='lat' dir='ltr'><strong>Patre</strong></span> <span class='ocrx_word' id='word_1_373' title='bbox 1492 4103 1691 4166; x_wconf 90' lang='lat' dir='ltr'><strong>unitas,</strong></span> <span class='ocrx_word' id='word_1_374' title='bbox 1722 4103 1834 4157; x_wconf 82' lang='lat' dir='ltr'><strong>haec</strong></span> <span class='ocrx_word' id='word_1_375' title='bbox 1864 4104 1975 4157; x_wconf 90' lang='lat' dir='ltr'><strong>vir-</strong></span> 
     </span>
    </p>
   </div>
   <div class='ocr_carea' id='block_1_44' title="bbox 391 4191 1975 4263">
    <p class='ocr_par' dir='ltr' id='par_1_44' title="bbox 391 4191 1975 4263">
     <span class='ocr_line' id='line_1_44' title="bbox 391 4191 1975 4263; baseline 0.001 -16"><span class='ocrx_word' id='word_1_376' title='bbox 391 4202 498 4256; x_wconf 88' lang='lat' dir='ltr'><strong>tus,</strong></span> <span class='ocrx_word' id='word_1_377' title='bbox 535 4191 648 4246; x_wconf 63' lang='lat' dir='ltr'><strong>hate</strong></span> <span class='ocrx_word' id='word_1_378' title='bbox 673 4192 932 4257; x_wconf 79' lang='lat' dir='ltr'><strong>Charitas,</strong></span> <span class='ocrx_word' id='word_1_379' title='bbox 958 4192 1073 4247; x_wconf 82' lang='lat' dir='ltr'><strong>haec</strong></span> <span class='ocrx_word' id='word_1_380' title='bbox 1100 4192 1253 4256; x_wconf 84' lang='lat' dir='ltr'><strong>ﬁdes,</strong></span> <span class='ocrx_word' id='word_1_381' title='bbox 1286 4192 1399 4247; x_wconf 80' lang='lat' dir='ltr'><strong>[nec</strong></span> <span class='ocrx_word' id='word_1_382' title='bbox 1437 4208 1580 4263; x_wconf 77' lang='lat' dir='ltr'><strong>Spes,</strong></span> <span class='ocrx_word' id='word_1_383' title='bbox 1611 4193 1724 4247; x_wconf 73' lang='lat' dir='ltr'><strong>haec</strong></span> <span class='ocrx_word' id='word_1_384' title='bbox 1754 4195 1975 4261; x_wconf 90' lang='lat' dir='ltr'><strong>veritas,</strong></span> 
     </span>
    </p>
   </div>
   <div class='ocr_carea' id='block_1_45' title="bbox 388 4284 1976 4350">
    <p class='ocr_par' dir='ltr' id='par_1_45' title="bbox 388 4284 1976 4350">
     <span class='ocr_line' id='line_1_45' title="bbox 388 4284 1976 4350; baseline 0.003 -13"><span class='ocrx_word' id='word_1_385' title='bbox 388 4286 502 4348; x_wconf 90' lang='lat' dir='ltr'><strong>via,</strong></span> <span class='ocrx_word' id='word_1_386' title='bbox 558 4284 708 4337; x_wconf 90' lang='lat' dir='ltr'><strong>vita:</strong></span> <span class='ocrx_word' id='word_1_387' title='bbox 748 4299 854 4337; x_wconf 93' lang='lat' dir='ltr'><strong>non</strong></span> <span class='ocrx_word' id='word_1_388' title='bbox 897 4284 1216 4339; x_wconf 88' lang='lat' dir='ltr'><strong>calumniari</strong></span> <span class='ocrx_word' id='word_1_389' title='bbox 1250 4285 1314 4339; x_wconf 93' lang='lat' dir='ltr'><strong>de</strong></span> <span class='ocrx_word' id='word_1_390' title='bbox 1360 4285 1649 4339; x_wconf 84' lang='lat' dir='ltr'><strong>virtutibus</strong></span> <span class='ocrx_word' id='word_1_391' title='bbox 1696 4287 1809 4339; x_wconf 91' lang='lat' dir='ltr'><strong>suis</strong></span> <span class='ocrx_word' id='word_1_392' title='bbox 1846 4286 1976 4350; x_wconf 89' lang='lat' dir='ltr'><strong>Deo,</strong></span> 
     </span>
    </p>
   </div>
   <div class='ocr_carea' id='block_1_46' title="bbox 390 4376 1976 4444">
    <p class='ocr_par' dir='ltr' id='par_1_46' title="bbox 390 4376 1976 4444">
     <span class='ocr_line' id='line_1_46' title="bbox 390 4376 1976 4444; baseline 0.003 -17"><span class='ocrx_word' id='word_1_393' title='bbox 390 4388 492 4428; x_wconf 88' lang='lat' dir='ltr'><strong>nec</strong></span> <span class='ocrx_word' id='word_1_394' title='bbox 515 4388 611 4444; x_wconf 87' lang='lat' dir='ltr'><strong>per</strong></span> <span class='ocrx_word' id='word_1_395' title='bbox 654 4383 923 4428; x_wconf 82' lang='lat' dir='ltr'><strong>secretum</strong></span> <span class='ocrx_word' id='word_1_396' title='bbox 974 4390 1035 4428; x_wconf 89' lang='lat' dir='ltr'><strong>ac</strong></span> <span class='ocrx_word' id='word_1_397' title='bbox 1080 4383 1400 4443; x_wconf 87' lang='lat' dir='ltr'><strong>potestatem</strong></span> <span class='ocrx_word' id='word_1_398' title='bbox 1448 4376 1745 4431; x_wconf 88' lang='lat' dir='ltr'><strong>nativitatis</strong></span> <span class='ocrx_word' id='word_1_399' title='bbox 1793 4376 1976 4431; x_wconf 91' lang='lat' dir='ltr'><strong>obtre-</strong></span> 
     </span>
    </p>
   </div>
   <div class='ocr_carea' id='block_1_47' title="bbox 390 4465 1979 4539">
    <p class='ocr_par' dir='ltr' id='par_1_47' title="bbox 390 4465 1979 4539">
     <span class='ocr_line' id='line_1_47' title="bbox 390 4465 1979 4539; baseline 0.002 -19"><span class='ocrx_word' id='word_1_400' title='bbox 390 4474 544 4520; x_wconf 86' lang='lat' dir='ltr'><strong>ctare</strong></span> <span class='ocrx_word' id='word_1_401' title='bbox 572 4465 707 4520; x_wconf 82' lang='lat' dir='ltr'><strong>Filio</strong></span> <span class='ocrx_word' id='word_1_402' title='bbox 740 4484 751 4517; x_wconf 76' lang='grc' dir='ltr'><strong>ε</strong></span> <span class='ocrx_word' id='word_1_403' title='bbox 788 4465 934 4519; x_wconf 81' lang='lat' dir='ltr'><strong>Patri</strong></span> <span class='ocrx_word' id='word_1_404' title='bbox 967 4466 1202 4536; x_wconf 86' lang='lat' dir='ltr'><strong>ingenito</strong></span> <span class='ocrx_word' id='word_1_405' title='bbox 1239 4467 1373 4521; x_wconf 92' lang='lat' dir='ltr'><strong>nihil</strong></span> <span class='ocrx_word' id='word_1_406' title='bbox 1404 4482 1749 4536; x_wconf 88' lang='lat' dir='ltr'><strong>comparare;</strong></span> <span class='ocrx_word' id='word_1_407' title='bbox 1783 4468 1979 4539; x_wconf 83' lang='lat' dir='ltr'><strong>Unige-</strong></span> 
     </span>
    </p>
   </div>
   <div class='ocr_carea' id='block_1_48' title="bbox 388 4557 1970 4628">
    <p class='ocr_par' dir='ltr' id='par_1_48' title="bbox 388 4557 1970 4628">
     <span class='ocr_line' id='line_1_48' title="bbox 388 4557 1970 4628; baseline 0.003 -19"><span class='ocrx_word' id='word_1_408' title='bbox 388 4557 563 4610; x_wconf 88' lang='lat' dir='ltr'><strong>nilum</strong></span> <span class='ocrx_word' id='word_1_409' title='bbox 612 4558 680 4609; x_wconf 87' lang='lat' dir='ltr'><strong>ab</strong></span> <span class='ocrx_word' id='word_1_410' title='bbox 728 4572 793 4611; x_wconf 92' lang='lat' dir='ltr'><strong>eo</strong></span> <span class='ocrx_word' id='word_1_411' title='bbox 829 4571 928 4611; x_wconf 87' lang='lat' dir='ltr'><strong>nec</strong></span> <span class='ocrx_word' id='word_1_412' title='bbox 973 4566 1211 4626; x_wconf 87' lang='lat' dir='ltr'><strong>tempore</strong></span> <span class='ocrx_word' id='word_1_413' title='bbox 1236 4572 1351 4628; x_wconf 59' lang='lat' dir='ltr'><strong>.nec</strong></span> <span class='ocrx_word' id='word_1_414' title='bbox 1391 4559 1588 4613; x_wconf 88' lang='lat' dir='ltr'><strong>virtute</strong></span> <span class='ocrx_word' id='word_1_415' title='bbox 1627 4560 1970 4624; x_wconf 90' lang='lat' dir='ltr'><strong>discernere;</strong></span> 
     </span>
    </p>
   </div>
   <div class='ocr_carea' id='block_1_49' title="bbox 2076 678 3658 744">
    <p class='ocr_par' dir='ltr' id='par_1_49' title="bbox 2076 678 3658 744">
     <span class='ocr_line' id='line_1_49' title="bbox 2076 678 3658 744; baseline 0.004 -16"><span class='ocrx_word' id='word_1_416' title='bbox 2076 678 2403 731; x_wconf 74' lang='lat' dir='ltr'><strong>eoalsolute</strong></span> <span class='ocrx_word' id='word_1_417' title='bbox 2454 680 2678 732; x_wconf 81' lang='lat' dir='ltr'><strong>rationis</strong></span> <span class='ocrx_word' id='word_1_418' title='bbox 2728 695 2991 733; x_wconf 88' lang='lat' dir='ltr'><strong>sunnnam</strong></span> <span class='ocrx_word' id='word_1_419' title='bbox 3038 682 3300 734; x_wconf 85' lang='lat' dir='ltr'><strong>contineri</strong></span> <span class='ocrx_word' id='word_1_420' title='bbox 3346 681 3658 744; x_wconf 78' lang='lat' dir='ltr'><strong>arbi:rctur,</strong></span> 
     </span>
    </p>
   </div>
   <div class='ocr_carea' id='block_1_50' title="bbox 2076 770 3660 841">
    <p class='ocr_par' dir='ltr' id='par_1_50' title="bbox 2076 770 3660 841">
     <span class='ocr_line' id='line_1_50' title="bbox 2076 770 3660 841; baseline 0.003 -22"><span class='ocrx_word' id='word_1_421' title='bbox 2076 770 2213 835; x_wconf 90' lang='lat' dir='ltr'><strong>quod</strong></span> <span class='ocrx_word' id='word_1_422' title='bbox 2248 770 2358 837; x_wconf 83' lang='lat' dir='ltr'><strong>ipsa</strong></span> <span class='ocrx_word' id='word_1_423' title='bbox 2403 780 2577 823; x_wconf 91' lang='lat' dir='ltr'><strong>mente</strong></span> <span class='ocrx_word' id='word_1_424' title='bbox 2603 779 2941 839; x_wconf 81' lang='lat' dir='ltr'><strong>pertractans</strong></span> <span class='ocrx_word' id='word_1_425' title='bbox 2972 772 3219 839; x_wconf 72' lang='lat' dir='ltr'><strong>mquabili</strong></span> <span class='ocrx_word' id='word_1_426' title='bbox 3250 773 3484 839; x_wconf 81' lang='lat' dir='ltr'><strong>unlique</strong></span> <span class='ocrx_word' id='word_1_427' title='bbox 3522 773 3660 841; x_wconf 81' lang='lat' dir='ltr'><strong>apud</strong></span> 
     </span>
    </p>
   </div>
   <div class='ocr_carea' id='block_1_51' title="bbox 2077 860 3659 929">
    <p class='ocr_par' dir='ltr' id='par_1_51' title="bbox 2077 860 3659 929">
     <span class='ocr_line' id='line_1_51' title="bbox 2077 860 3659 929; baseline 0.001 -18"><span class='ocrx_word' id='word_1_428' title='bbox 2077 874 2133 911; x_wconf 85' lang='lat' dir='ltr'><strong>se</strong></span> <span class='ocrx_word' id='word_1_429' title='bbox 2174 861 2445 912; x_wconf 76' lang='lat' dir='ltr'><strong>existimet</strong></span> <span class='ocrx_word' id='word_1_430' title='bbox 2496 861 2739 913; x_wconf 76' lang='lat' dir='ltr'><strong>veritatis</strong></span> <span class='ocrx_word' id='word_1_431' title='bbox 2772 861 3022 929; x_wconf 90' lang='lat' dir='ltr'><strong>opinione</strong></span> <span class='ocrx_word' id='word_1_432' title='bbox 3050 871 3320 915; x_wconf 79' lang='lat' dir='ltr'><strong>constare.</strong></span> <span class='ocrx_word' id='word_1_433' title='bbox 3357 860 3469 914; x_wconf 52' lang='lat' dir='ltr'><strong>bon</strong></span> <span class='ocrx_word' id='word_1_434' title='bbox 3518 862 3659 915; x_wconf 87' lang='lat' dir='ltr'><strong>enim</strong></span> 
     </span>
    </p>
   </div>
   <div class='ocr_carea' id='block_1_52' title="bbox 2076 951 3661 1021">
    <p class='ocr_par' dir='ltr' id='par_1_52' title="bbox 2076 951 3661 1021">
     <span class='ocr_line' id='line_1_52' title="bbox 2076 951 3661 1021; baseline 0.002 -18"><span class='ocrx_word' id='word_1_435' title='bbox 2076 951 2385 1019; x_wconf 88' lang='lat' dir='ltr'><strong>concipiunt</strong></span> <span class='ocrx_word' id='word_1_436' title='bbox 2428 952 2742 1021; x_wconf 79' lang='lat' dir='ltr'><strong>imperfecta</strong></span> <span class='ocrx_word' id='word_1_437' title='bbox 2799 952 3127 1021; x_wconf 77' lang='lat' dir='ltr'><strong>perfectum,</strong></span> <span class='ocrx_word' id='word_1_438' title='bbox 3181 968 3352 1021; x_wconf 88' lang='lat' dir='ltr'><strong>neque</strong></span> <span class='ocrx_word' id='word_1_439' title='bbox 3406 954 3547 1020; x_wconf 88' lang='lat' dir='ltr'><strong>quod</strong></span> <span class='ocrx_word' id='word_1_440' title='bbox 3596 969 3661 1006; x_wconf 88' lang='lat' dir='ltr'><strong>c.\</strong></span> 
     </span>
    </p>
   </div>
   <div class='ocr_carea' id='block_1_53' title="bbox 2077 1041 3664 1113">
    <p class='ocr_par' dir='ltr' id='par_1_53' title="bbox 2077 1041 3664 1113">
     <span class='ocr_line' id='line_1_53' title="bbox 2077 1041 3664 1113; baseline 0.001 -20"><span class='ocrx_word' id='word_1_441' title='bbox 2077 1041 2181 1094; x_wconf 90' lang='lat' dir='ltr'><strong>alio</strong></span> <span class='ocrx_word' id='word_1_442' title='bbox 2209 1042 2477 1105; x_wconf 84' lang='lat' dir='ltr'><strong>subsistit,</strong></span> <span class='ocrx_word' id='word_1_443' title='bbox 2510 1042 2752 1096; x_wconf 90' lang='lat' dir='ltr'><strong>absolute</strong></span> <span class='ocrx_word' id='word_1_444' title='bbox 2777 1043 2857 1095; x_wconf 91' lang='lat' dir='ltr'><strong>vel</strong></span> <span class='ocrx_word' id='word_1_445' title='bbox 2914 1044 3149 1097; x_wconf 73' lang='lat' dir='ltr'><strong>auctoris</strong></span> <span class='ocrx_word' id='word_1_446' title='bbox 3187 1045 3266 1097; x_wconf 89' lang='lat' dir='ltr'><strong>sui</strong></span> <span class='ocrx_word' id='word_1_447' title='bbox 3300 1053 3476 1113; x_wconf 79' lang='lat' dir='ltr'><strong>potest</strong></span> <span class='ocrx_word' id='word_1_448' title='bbox 3508 1043 3664 1097; x_wconf 90' lang='lat' dir='ltr'><strong>intel-</strong></span> 
     </span>
    </p>
   </div>
   <div class='ocr_carea' id='block_1_54' title="bbox 2078 1133 3666 1204">
    <p class='ocr_par' dir='ltr' id='par_1_54' title="bbox 2078 1133 3666 1204">
     <span class='ocr_line' id='line_1_54' title="bbox 2078 1133 3666 1204; baseline -0.002 -19"><span class='ocrx_word' id='word_1_449' title='bbox 2078 1134 2349 1203; x_wconf 77' lang='lat' dir='ltr'><strong>ligentiam</strong></span> <span class='ocrx_word' id='word_1_450' title='bbox 2382 1135 2625 1187; x_wconf 72' lang='lat' dir='ltr'><strong>obtinuere</strong></span> <span class='ocrx_word' id='word_1_451' title='bbox 2653 1146 2665 1197; x_wconf 83' lang='lat'><strong>,</strong></span> <span class='ocrx_word' id='word_1_452' title='bbox 2697 1133 2779 1187; x_wconf 90' lang='lat' dir='ltr'><strong>vel</strong></span> <span class='ocrx_word' id='word_1_453' title='bbox 2826 1136 3100 1204; x_wconf 84' lang='lat' dir='ltr'><strong>prepriam</strong></span> <span class='ocrx_word' id='word_1_454' title='bbox 3128 1175 3141 1196; x_wconf 90' lang='lat'><strong>,</strong></span> <span class='ocrx_word' id='word_1_455' title='bbox 3176 1150 3231 1187; x_wconf 89' lang='lat' dir='ltr'><strong>se</strong></span> <span class='ocrx_word' id='word_1_456' title='bbox 3266 1135 3481 1202; x_wconf 84' lang='lat' dir='ltr'><strong>quidem</strong></span> <span class='ocrx_word' id='word_1_457' title='bbox 3518 1136 3568 1187; x_wconf 93' lang='lat' dir='ltr'><strong>in</strong></span> <span class='ocrx_word' id='word_1_458' title='bbox 3603 1149 3666 1185; x_wconf 90' lang='lat' dir='ltr'><strong>eo</strong></span> 
     </span>
    </p>
   </div>
   <div class='ocr_carea' id='block_1_55' title="bbox 2078 1226 3662 1295">
    <p class='ocr_par' dir='ltr' id='par_1_55' title="bbox 2078 1226 3662 1295">
     <span class='ocr_line' id='line_1_55' title="bbox 2078 1226 3662 1295; baseline -0.001 -16"><span class='ocrx_word' id='word_1_459' title='bbox 2078 1235 2285 1279; x_wconf 90' lang='lat' dir='ltr'><strong>tantum</strong></span> <span class='ocrx_word' id='word_1_460' title='bbox 2316 1228 2459 1295; x_wconf 90' lang='lat' dir='ltr'><strong>quod</strong></span> <span class='ocrx_word' id='word_1_461' title='bbox 2487 1236 2567 1279; x_wconf 86' lang='lat' dir='ltr'><strong>est</strong></span> <span class='ocrx_word' id='word_1_462' title='bbox 2600 1227 2858 1289; x_wconf 84' lang='lat' dir='ltr'><strong>sentiens,</strong></span> <span class='ocrx_word' id='word_1_463' title='bbox 2892 1238 3145 1279; x_wconf 65' lang='lat' dir='ltr'><strong>ueterum</strong></span> <span class='ocrx_word' id='word_1_464' title='bbox 3178 1226 3403 1278; x_wconf 81' lang='lat' dir='ltr'><strong>ulterius</strong></span> <span class='ocrx_word' id='word_1_465' title='bbox 3443 1241 3662 1277; x_wconf 85' lang='lat' dir='ltr'><strong>sensum</strong></span> 
     </span>
    </p>
   </div>
   <div class='ocr_carea' id='block_1_56' title="bbox 2079 1316 3662 1386">
    <p class='ocr_par' dir='ltr' id='par_1_56' title="bbox 2079 1316 3662 1386">
     <span class='ocr_line' id='line_1_56' title="bbox 2079 1316 3662 1386; baseline -0.004 -14"><span class='ocrx_word' id='word_1_466' title='bbox 2079 1334 2257 1380; x_wconf 90' lang='lat' dir='ltr'><strong>suum,</strong></span> <span class='ocrx_word' id='word_1_467' title='bbox 2281 1333 2441 1386; x_wconf 89' lang='lat' dir='ltr'><strong>quam</strong></span> <span class='ocrx_word' id='word_1_468' title='bbox 2474 1318 2571 1371; x_wconf 88' lang='lat' dir='ltr'><strong>sibi</strong></span> <span class='ocrx_word' id='word_1_469' title='bbox 2605 1319 2892 1370; x_wconf 89' lang='lat' dir='ltr'><strong>constituta</strong></span> <span class='ocrx_word' id='word_1_470' title='bbox 2937 1318 3006 1369; x_wconf 88' lang='lat' dir='ltr'><strong>sit</strong></span> <span class='ocrx_word' id='word_1_471' title='bbox 3033 1327 3243 1379; x_wconf 86' lang='lat' dir='ltr'><strong>natura,</strong></span> <span class='ocrx_word' id='word_1_472' title='bbox 3281 1332 3384 1368; x_wconf 89' lang='lat' dir='ltr'><strong>non</strong></span> <span class='ocrx_word' id='word_1_473' title='bbox 3419 1316 3662 1369; x_wconf 82' lang='lat' dir='ltr'><strong>tendens.</strong></span> 
     </span>
    </p>
   </div>
   <div class='ocr_carea' id='block_1_57' title="bbox 2079 1404 3663 1467">
    <p class='ocr_par' dir='ltr' id='par_1_57' title="bbox 2079 1404 3663 1467">
     <span class='ocr_line' id='line_1_57' title="bbox 2079 1404 3663 1467; baseline -0.004 -6"><span class='ocrx_word' id='word_1_474' title='bbox 2079 1407 2278 1461; x_wconf 78' lang='lat' dir='ltr'><strong>Motum</strong></span> <span class='ocrx_word' id='word_1_475' title='bbox 2310 1408 2451 1460; x_wconf 90' lang='lat' dir='ltr'><strong>enim</strong></span> <span class='ocrx_word' id='word_1_476' title='bbox 2490 1422 2645 1459; x_wconf 90' lang='lat' dir='ltr'><strong>suum</strong></span> <span class='ocrx_word' id='word_1_477' title='bbox 2679 1422 2784 1459; x_wconf 91' lang='lat' dir='ltr'><strong>non</strong></span> <span class='ocrx_word' id='word_1_478' title='bbox 2826 1406 2925 1459; x_wconf 87' lang='lat' dir='ltr'><strong>sibi</strong></span> <span class='ocrx_word' id='word_1_479' title='bbox 2974 1406 3151 1467; x_wconf 85' lang='lat' dir='ltr'><strong>debet,</strong></span> <span class='ocrx_word' id='word_1_480' title='bbox 3193 1407 3284 1459; x_wconf 91' lang='lat' dir='ltr'><strong>sed</strong></span> <span class='ocrx_word' id='word_1_481' title='bbox 3321 1406 3552 1458; x_wconf 90' lang='lat' dir='ltr'><strong>auctori.</strong></span> <span class='ocrx_word' id='word_1_482' title='bbox 3597 1404 3663 1456; x_wconf 78' lang='lat' dir='ltr'><strong>Et</strong></span> 
     </span>
    </p>
   </div>
   <div class='ocr_carea' id='block_1_58' title="bbox 2080 1494 3666 1563">
    <p class='ocr_par' dir='ltr' id='par_1_58' title="bbox 2080 1494 3666 1563">
     <span class='ocr_line' id='line_1_58' title="bbox 2080 1494 3666 1563; baseline -0.003 -15"><span class='ocrx_word' id='word_1_483' title='bbox 2080 1497 2283 1549; x_wconf 82' lang='lat' dir='ltr'><strong>idcirco</strong></span> <span class='ocrx_word' id='word_1_484' title='bbox 2310 1496 2449 1563; x_wconf 67' lang='lat' dir='ltr'><strong>quod</strong></span> <span class='ocrx_word' id='word_1_485' title='bbox 2497 1496 2548 1547; x_wconf 91' lang='lat' dir='ltr'><strong>in</strong></span> <span class='ocrx_word' id='word_1_486' title='bbox 2596 1495 2735 1548; x_wconf 87' lang='lat' dir='ltr'><strong>aliud</strong></span> <span class='ocrx_word' id='word_1_487' title='bbox 2782 1510 2848 1548; x_wconf 71' lang='lat' dir='ltr'><strong>ex</strong></span> <span class='ocrx_word' id='word_1_488' title='bbox 2901 1503 3118 1547; x_wconf 87' lang='lat' dir='ltr'><strong>auctore</strong></span> <span class='ocrx_word' id='word_1_489' title='bbox 3160 1494 3437 1554; x_wconf 55' lang='lat' dir='ltr'><strong>subsistit,</strong></span> <span class='ocrx_word' id='word_1_490' title='bbox 3471 1494 3666 1561; x_wconf 81' lang='lat' dir='ltr'><strong>imper-</strong></span> 
     </span>
    </p>
   </div>
   <div class='ocr_carea' id='block_1_59' title="bbox 2079 1583 3667 1647">
    <p class='ocr_par' dir='ltr' id='par_1_59' title="bbox 2079 1583 3667 1647">
     <span class='ocr_line' id='line_1_59' title="bbox 2079 1583 3667 1647; baseline -0.003 -10"><span class='ocrx_word' id='word_1_491' title='bbox 2079 1584 2277 1639; x_wconf 85' lang='lat' dir='ltr'><strong>fectum</strong></span> <span class='ocrx_word' id='word_1_492' title='bbox 2306 1585 2403 1637; x_wconf 91' lang='lat' dir='ltr'><strong>sibi</strong></span> <span class='ocrx_word' id='word_1_493' title='bbox 2436 1593 2538 1647; x_wconf 93' lang='lat' dir='ltr'><strong>est,</strong></span> <span class='ocrx_word' id='word_1_494' title='bbox 2570 1585 2694 1637; x_wconf 93' lang='lat' dir='ltr'><strong>dum</strong></span> <span class='ocrx_word' id='word_1_495' title='bbox 2723 1592 2936 1637; x_wconf 89' lang='lat' dir='ltr'><strong>constat</strong></span> <span class='ocrx_word' id='word_1_496' title='bbox 2974 1583 3210 1634; x_wconf 82' lang='lat' dir='ltr'><strong>aliunde.</strong></span> <span class='ocrx_word' id='word_1_497' title='bbox 3245 1583 3308 1635; x_wconf 83' lang='lat' dir='ltr'><strong>Et</strong></span> <span class='ocrx_word' id='word_1_498' title='bbox 3339 1597 3557 1636; x_wconf 51' lang='lat' dir='ltr'><strong>necesse</strong></span> <span class='ocrx_word' id='word_1_499' title='bbox 3585 1592 3667 1635; x_wconf 86' lang='lat' dir='ltr'><strong>est</strong></span> 
     </span>
    </p>
   </div>
   <div class='ocr_carea' id='block_1_60' title="bbox 2078 1671 3664 1740">
    <p class='ocr_par' dir='ltr' id='par_1_60' title="bbox 2078 1671 3664 1740">
     <span class='ocr_line' id='line_1_60' title="bbox 2078 1671 3664 1740; baseline -0.003 -15"><span class='ocrx_word' id='word_1_500' title='bbox 2078 1682 2139 1726; x_wconf 90' lang='lat' dir='ltr'><strong>ut</strong></span> <span class='ocrx_word' id='word_1_501' title='bbox 2169 1674 2220 1725; x_wconf 90' lang='lat' dir='ltr'><strong>in</strong></span> <span class='ocrx_word' id='word_1_502' title='bbox 2254 1688 2359 1740; x_wconf 94' lang='lat' dir='ltr'><strong>quo</strong></span> <span class='ocrx_word' id='word_1_503' title='bbox 2384 1671 2681 1740; x_wconf 78' lang='lat' dir='ltr'><strong>perfectum</strong></span> <span class='ocrx_word' id='word_1_504' title='bbox 2725 1688 2781 1724; x_wconf 90' lang='lat' dir='ltr'><strong>se</strong></span> <span class='ocrx_word' id='word_1_505' title='bbox 2811 1680 2957 1739; x_wconf 89' lang='lat' dir='ltr'><strong>putet</strong></span> <span class='ocrx_word' id='word_1_506' title='bbox 2988 1686 3177 1739; x_wconf 79' lang='lat' dir='ltr'><strong>sapere</strong></span> <span class='ocrx_word' id='word_1_507' title='bbox 3203 1711 3216 1733; x_wconf 92' lang='lat'><strong>,</strong></span> <span class='ocrx_word' id='word_1_508' title='bbox 3247 1672 3475 1739; x_wconf 82' lang='lat' dir='ltr'><strong>desipiat</strong></span> <span class='ocrx_word' id='word_1_509' title='bbox 3497 1711 3509 1732; x_wconf 90' lang='lat'><strong>,</strong></span> <span class='ocrx_word' id='word_1_510' title='bbox 3539 1671 3664 1737; x_wconf 87' lang='lat' dir='ltr'><strong>quia</strong></span> 
     </span>
    </p>
   </div>
   <div class='ocr_carea' id='block_1_61' title="bbox 2081 1759 3665 1820">
    <p class='ocr_par' dir='ltr' id='par_1_61' title="bbox 2081 1759 3665 1820">
     <span class='ocr_line' id='line_1_61' title="bbox 2081 1759 3665 1820; baseline -0.003 -6"><span class='ocrx_word' id='word_1_511' title='bbox 2081 1770 2285 1814; x_wconf 79' lang='lat' dir='ltr'><strong>natura:</strong></span> <span class='ocrx_word' id='word_1_512' title='bbox 2315 1776 2424 1813; x_wconf 69' lang='lat' dir='ltr'><strong>sua:</strong></span> <span class='ocrx_word' id='word_1_513' title='bbox 2457 1775 2559 1812; x_wconf 93' lang='lat' dir='ltr'><strong>non</strong></span> <span class='ocrx_word' id='word_1_514' title='bbox 2610 1760 2898 1812; x_wconf 90' lang='lat' dir='ltr'><strong>moderans</strong></span> <span class='ocrx_word' id='word_1_515' title='bbox 2945 1760 3353 1820; x_wconf 76' lang='lat' dir='ltr'><strong>necessitatem,</strong></span> <span class='ocrx_word' id='word_1_516' title='bbox 3387 1768 3439 1812; x_wconf 92' lang='lat' dir='ltr'><strong>et</strong></span> <span class='ocrx_word' id='word_1_517' title='bbox 3486 1759 3665 1810; x_wconf 87' lang='lat' dir='ltr'><strong>omnia</strong></span> 
     </span>
    </p>
   </div>
   <div class='ocr_carea' id='block_1_62' title="bbox 2085 1846 3666 1901">
    <p class='ocr_par' dir='ltr' id='par_1_62' title="bbox 2085 1846 3666 1901">
     <span class='ocr_line' id='line_1_62' title="bbox 2085 1846 3666 1901; baseline -0.002 0"><span class='ocrx_word' id='word_1_518' title='bbox 2085 1850 2457 1901; x_wconf 90' lang='lat' dir='ltr'><strong>inﬁrmitatum</strong></span> <span class='ocrx_word' id='word_1_519' title='bbox 2508 1864 2727 1900; x_wconf 90' lang='lat' dir='ltr'><strong>suarum</strong></span> <span class='ocrx_word' id='word_1_520' title='bbox 2779 1847 3096 1899; x_wconf 73' lang='lat' dir='ltr'><strong>existimans</strong></span> <span class='ocrx_word' id='word_1_521' title='bbox 3124 1847 3366 1899; x_wconf 87' lang='lat' dir='ltr'><strong>terminis</strong></span> <span class='ocrx_word' id='word_1_522' title='bbox 3401 1846 3666 1899; x_wconf 87' lang='lat' dir='ltr'><strong>contineti</strong></span> 
     </span>
    </p>
   </div>
   <div class='ocr_carea' id='block_1_63' title="bbox 2078 1936 3668 2005">
    <p class='ocr_par' dir='ltr' id='par_1_63' title="bbox 2078 1936 3668 2005">
     <span class='ocr_line' id='line_1_63' title="bbox 2078 1936 3668 2005; baseline -0.002 -14"><span class='ocrx_word' id='word_1_523' title='bbox 2078 1939 2212 1991; x_wconf 75' lang='lat' dir='ltr'><strong>falso</strong></span> <span class='ocrx_word' id='word_1_524' title='bbox 2251 1937 2362 2004; x_wconf 87' lang='lat' dir='ltr'><strong>jam</strong></span> <span class='ocrx_word' id='word_1_525' title='bbox 2414 1938 2690 2005; x_wconf 69' lang='lat' dir='ltr'><strong>sapientia:</strong></span> <span class='ocrx_word' id='word_1_526' title='bbox 2740 1938 2955 1990; x_wconf 86' lang='lat' dir='ltr'><strong>nomine</strong></span> <span class='ocrx_word' id='word_1_527' title='bbox 3002 1936 3280 2005; x_wconf 77' lang='lat' dir='ltr'><strong>gloriatur,</strong></span> <span class='ocrx_word' id='word_1_528' title='bbox 3311 1937 3432 2004; x_wconf 85' lang='lat' dir='ltr'><strong>quia</strong></span> <span class='ocrx_word' id='word_1_529' title='bbox 3478 1951 3668 2004; x_wconf 87' lang='lat' dir='ltr'><strong>sapere</strong></span> 
     </span>
    </p>
   </div>
   <div class='ocr_carea' id='block_1_64' title="bbox 2080 2027 3666 2096">
    <p class='ocr_par' dir='ltr' id='par_1_64' title="bbox 2080 2027 3666 2096">
     <span class='ocr_line' id='line_1_64' title="bbox 2080 2027 3666 2096; baseline -0.003 -13"><span class='ocrx_word' id='word_1_530' title='bbox 2080 2031 2178 2083; x_wconf 77' lang='lat' dir='ltr'><strong>sibi</strong></span> <span class='ocrx_word' id='word_1_531' title='bbox 2222 2030 2359 2082; x_wconf 89' lang='lat' dir='ltr'><strong>ultra</strong></span> <span class='ocrx_word' id='word_1_532' title='bbox 2389 2045 2577 2081; x_wconf 84' lang='lat' dir='ltr'><strong>sensus</strong></span> <span class='ocrx_word' id='word_1_533' title='bbox 2619 2029 2699 2081; x_wconf 93' lang='lat' dir='ltr'><strong>sui</strong></span> <span class='ocrx_word' id='word_1_534' title='bbox 2731 2044 2836 2081; x_wconf 88' lang='lat' dir='ltr'><strong>non</strong></span> <span class='ocrx_word' id='word_1_535' title='bbox 2866 2027 3023 2080; x_wconf 88' lang='lat' dir='ltr'><strong>liceat</strong></span> <span class='ocrx_word' id='word_1_536' title='bbox 3052 2037 3392 2095; x_wconf 85' lang='lat' dir='ltr'><strong>potestatem.</strong></span> <span class='ocrx_word' id='word_1_537' title='bbox 3422 2038 3475 2082; x_wconf 89' lang='lat' dir='ltr'><strong>et</strong></span> <span class='ocrx_word' id='word_1_538' title='bbox 3507 2044 3666 2096; x_wconf 89' lang='lat' dir='ltr'><strong>quam</strong></span> 
     </span>
    </p>
   </div>
   <div class='ocr_carea' id='block_1_65' title="bbox 2081 2118 3664 2179">
    <p class='ocr_par' dir='ltr' id='par_1_65' title="bbox 2081 2118 3664 2179">
     <span class='ocr_line' id='line_1_65' title="bbox 2081 2118 3664 2179; baseline -0.003 -7"><span class='ocrx_word' id='word_1_539' title='bbox 2081 2120 2350 2172; x_wconf 89' lang='lat' dir='ltr'><strong>inﬁrmum</strong></span> <span class='ocrx_word' id='word_1_540' title='bbox 2403 2119 2728 2172; x_wconf 89' lang='lat' dir='ltr'><strong>subsistcndi</strong></span> <span class='ocrx_word' id='word_1_541' title='bbox 2780 2127 2862 2170; x_wconf 88' lang='lat' dir='ltr'><strong>est</strong></span> <span class='ocrx_word' id='word_1_542' title='bbox 2913 2118 3142 2179; x_wconf 87' lang='lat' dir='ltr'><strong>virtute,</strong></span> <span class='ocrx_word' id='word_1_543' title='bbox 3193 2127 3299 2169; x_wconf 92' lang='lat' dir='ltr'><strong>tam</strong></span> <span class='ocrx_word' id='word_1_544' title='bbox 3342 2134 3533 2170; x_wconf 81' lang='lat' dir='ltr'><strong>sensus</strong></span> <span class='ocrx_word' id='word_1_545' title='bbox 3575 2119 3664 2171; x_wconf 84' lang='lat' dir='ltr'><strong>sit.</strong></span> 
     </span>
    </p>
   </div>
   <div class='ocr_carea' id='block_1_66' title="bbox 2079 2207 3669 2278">
    <p class='ocr_par' dir='ltr' id='par_1_66' title="bbox 2079 2207 3669 2278">
     <span class='ocr_line' id='line_1_66' title="bbox 2079 2207 3669 2278; baseline -0.001 -15"><span class='ocrx_word' id='word_1_546' title='bbox 2079 2212 2253 2278; x_wconf 81' lang='lat' dir='ltr'><strong>Atque</strong></span> <span class='ocrx_word' id='word_1_547' title='bbox 2300 2210 2365 2263; x_wconf 88' lang='lat' dir='ltr'><strong>ad</strong></span> <span class='ocrx_word' id='word_1_548' title='bbox 2409 2211 2459 2263; x_wconf 90' lang='lat' dir='ltr'><strong>id</strong></span> <span class='ocrx_word' id='word_1_549' title='bbox 2493 2210 2821 2277; x_wconf 67' lang='lat' dir='ltr'><strong>imperleette</strong></span> <span class='ocrx_word' id='word_1_550' title='bbox 2864 2218 3069 2261; x_wconf 76' lang='lat' dir='ltr'><strong>natura:</strong></span> <span class='ocrx_word' id='word_1_551' title='bbox 3112 2207 3419 2261; x_wconf 81' lang='lat' dir='ltr'><strong>substitutio</strong></span> <span class='ocrx_word' id='word_1_552' title='bbox 3447 2208 3669 2275; x_wconf 81' lang='lat' dir='ltr'><strong>perfecti</strong></span> 
     </span>
    </p>
   </div>
   <div class='ocr_carea' id='block_1_67' title="bbox 2081 2298 3664 2367">
    <p class='ocr_par' dir='ltr' id='par_1_67' title="bbox 2081 2298 3664 2367">
     <span class='ocr_line' id='line_1_67' title="bbox 2081 2298 3664 2367; baseline -0.001 -15"><span class='ocrx_word' id='word_1_553' title='bbox 2081 2314 2271 2352; x_wconf 91' lang='lat' dir='ltr'><strong>sensus</strong></span> <span class='ocrx_word' id='word_1_554' title='bbox 2301 2300 2620 2367; x_wconf 85' lang='lat' dir='ltr'><strong>sapientiam</strong></span> <span class='ocrx_word' id='word_1_555' title='bbox 2651 2300 2892 2353; x_wconf 89' lang='lat' dir='ltr'><strong>obtinere</strong></span> <span class='ocrx_word' id='word_1_556' title='bbox 2924 2312 2980 2350; x_wconf 84' lang='lat' dir='ltr'><strong>se</strong></span> <span class='ocrx_word' id='word_1_557' title='bbox 3026 2298 3295 2365; x_wconf 82' lang='lat' dir='ltr'><strong>glorians,</strong></span> <span class='ocrx_word' id='word_1_558' title='bbox 3345 2299 3521 2351; x_wconf 78' lang='lat' dir='ltr'><strong>stulta:</strong></span> <span class='ocrx_word' id='word_1_559' title='bbox 3575 2313 3664 2351; x_wconf 85' lang='lat' dir='ltr'><strong>sa-</strong></span> 
     </span>
    </p>
   </div>
   <div class='ocr_carea' id='block_1_68' title="bbox 2080 2389 2950 2459">
    <p class='ocr_par' dir='ltr' id='par_1_68' title="bbox 2080 2389 2950 2459">
     <span class='ocr_line' id='line_1_68' title="bbox 2080 2389 2950 2459; baseline -0.001 -18"><span class='ocrx_word' id='word_1_560' title='bbox 2080 2391 2295 2459; x_wconf 78' lang='lat' dir='ltr'><strong>pienti;e</strong></span> <span class='ocrx_word' id='word_1_561' title='bbox 2339 2390 2593 2441; x_wconf 84' lang='lat' dir='ltr'><strong>irridetur</strong></span> <span class='ocrx_word' id='word_1_562' title='bbox 2642 2389 2950 2458; x_wconf 89' lang='lat' dir='ltr'><strong>opprobrio.</strong></span> 
     </span>
    </p>
   </div>
   <div class='ocr_carea' id='block_1_69' title="bbox 2081 2476 3665 2547">
    <p class='ocr_par' dir='ltr' id='par_1_69' title="bbox 2081 2476 3665 2547">
     <span class='ocr_line' id='line_1_69' title="bbox 2081 2476 3665 2547; baseline -0.001 -15"><span class='ocrx_word' id='word_1_563' title='bbox 2081 2480 2207 2533; x_wconf 68' lang='lat' dir='ltr'><strong>Car.</strong></span> <span class='ocrx_word' id='word_1_564' title='bbox 2243 2478 2331 2530; x_wconf 76' lang='lat' dir='ltr'><strong>XI.</strong></span> <span class='ocrx_word' id='word_1_565' title='bbox 2368 2507 2439 2517; x_wconf 87' lang='lat'><strong>--</strong></span> <span class='ocrx_word' id='word_1_566' title='bbox 2469 2478 2544 2531; x_wconf 82' lang='lat' dir='ltr'><strong>De</strong></span> <span class='ocrx_word' id='word_1_567' title='bbox 2593 2478 2689 2532; x_wconf 89' lang='lat' dir='ltr'><strong>Dci</strong></span> <span class='ocrx_word' id='word_1_568' title='bbox 2735 2476 2895 2531; x_wconf 70' lang='lat' dir='ltr'><strong>I&#39;crlro</strong></span> <span class='ocrx_word' id='word_1_569' title='bbox 2940 2478 3233 2547; x_wconf 78' lang='lat' dir='ltr'><strong>Cyprianus</strong></span> <span class='ocrx_word' id='word_1_570' title='bbox 3287 2479 3361 2530; x_wconf 80' lang='lat' dir='ltr'><strong>re!</strong></span> <span class='ocrx_word' id='word_1_571' title='bbox 3404 2477 3665 2531; x_wconf 78' lang='lat' dir='ltr'><strong>Hilarius.</strong></span> 
     </span>
    </p>
   </div>
   <div class='ocr_carea' id='block_1_70' title="bbox 2154 2570 3664 2639">
    <p class='ocr_par' dir='ltr' id='par_1_70' title="bbox 2154 2570 3664 2639">
     <span class='ocr_line' id='line_1_70' title="bbox 2154 2570 3664 2639; baseline 0.001 -18"><span class='ocrx_word' id='word_1_572' title='bbox 2154 2570 2313 2624; x_wconf 74' lang='lat' dir='ltr'><strong>Verbi</strong></span> <span class='ocrx_word' id='word_1_573' title='bbox 2345 2571 2633 2639; x_wconf 83' lang='lat' dir='ltr'><strong>appellatio</strong></span> <span class='ocrx_word' id='word_1_574' title='bbox 2661 2571 2711 2623; x_wconf 91' lang='lat' dir='ltr'><strong>in</strong></span> <span class='ocrx_word' id='word_1_575' title='bbox 2760 2570 2851 2623; x_wconf 87' lang='lat' dir='ltr'><strong>Dei</strong></span> <span class='ocrx_word' id='word_1_576' title='bbox 2888 2572 3023 2624; x_wconf 84' lang='lat' dir='ltr'><strong>Filio</strong></span> <span class='ocrx_word' id='word_1_577' title='bbox 3053 2572 3119 2623; x_wconf 92' lang='lat' dir='ltr'><strong>de</strong></span> <span class='ocrx_word' id='word_1_578' title='bbox 3145 2582 3486 2624; x_wconf 73' lang='lat' dir='ltr'><strong>sacramento</strong></span> <span class='ocrx_word' id='word_1_579' title='bbox 3526 2574 3664 2624; x_wconf 87' lang='lat' dir='ltr'><strong>nati-</strong></span> 
     </span>
    </p>
   </div>
   <div class='ocr_carea' id='block_1_71' title="bbox 2080 2664 3666 2733">
    <p class='ocr_par' dir='ltr' id='par_1_71' title="bbox 2080 2664 3666 2733">
     <span class='ocr_line' id='line_1_71' title="bbox 2080 2664 3666 2733; baseline -0.001 -16"><span class='ocrx_word' id='word_1_580' title='bbox 2080 2665 2263 2718; x_wconf 89' lang='lat' dir='ltr'><strong>vitatis</strong></span> <span class='ocrx_word' id='word_1_581' title='bbox 2288 2672 2393 2731; x_wconf 86' lang='grc' dir='ltr'>εει,</span> <span class='ocrx_word' id='word_1_582' title='bbox 2427 2664 2583 2717; x_wconf 91' lang='lat' dir='ltr'><strong>sicuti</strong></span> <span class='ocrx_word' id='word_1_583' title='bbox 2635 2664 2911 2733; x_wconf 79' lang='lat' dir='ltr'><strong>sapientia:</strong></span> <span class='ocrx_word' id='word_1_584' title='bbox 2960 2674 3011 2717; x_wconf 92' lang='lat' dir='ltr'><strong>et</strong></span> <span class='ocrx_word' id='word_1_585' title='bbox 3058 2664 3274 2715; x_wconf 87' lang='lat' dir='ltr'><strong>virtutis</strong></span> <span class='ocrx_word' id='word_1_586' title='bbox 3323 2672 3403 2715; x_wconf 88' lang='lat' dir='ltr'><strong>est</strong></span> <span class='ocrx_word' id='word_1_587' title='bbox 3452 2679 3666 2717; x_wconf 89' lang='lat' dir='ltr'><strong>nomen.</strong></span> 
     </span>
    </p>
   </div>
   <div class='ocr_carea' id='block_1_72' title="bbox 2080 2754 3667 2820">
    <p class='ocr_par' dir='ltr' id='par_1_72' title="bbox 2080 2754 3667 2820">
     <span class='ocr_line' id='line_1_72' title="bbox 2080 2754 3667 2820; baseline 0 -15"><span class='ocrx_word' id='word_1_588' title='bbox 2080 2754 2209 2820; x_wconf 65' lang='lat' dir='ltr'><strong>Quae</strong></span> <span class='ocrx_word' id='word_1_589' title='bbox 2240 2770 2361 2808; x_wconf 86' lang='lat' dir='ltr'><strong>eum</strong></span> <span class='ocrx_word' id='word_1_590' title='bbox 2399 2754 2450 2806; x_wconf 89' lang='lat' dir='ltr'><strong>in</strong></span> <span class='ocrx_word' id='word_1_591' title='bbox 2477 2754 2642 2806; x_wconf 88' lang='lat' dir='ltr'><strong>Deum</strong></span> <span class='ocrx_word' id='word_1_592' title='bbox 2686 2754 2879 2806; x_wconf 85' lang='lat' dir='ltr'><strong>Filium</strong></span> <span class='ocrx_word' id='word_1_593' title='bbox 2910 2769 3030 2806; x_wconf 90' lang='lat' dir='ltr'><strong>cum</strong></span> <span class='ocrx_word' id='word_1_594' title='bbox 3062 2754 3364 2806; x_wconf 76' lang='lat' dir='ltr'><strong>substantia</strong></span> <span class='ocrx_word' id='word_1_595' title='bbox 3407 2768 3543 2806; x_wconf 73' lang='lat' dir='ltr'><strong>vera:</strong></span> <span class='ocrx_word' id='word_1_596' title='bbox 3572 2769 3667 2805; x_wconf 88' lang='lat' dir='ltr'><strong>na-</strong></span> 
     </span>
    </p>
   </div>
   <div class='ocr_carea' id='block_1_73' title="bbox 2083 2842 3673 2911">
    <p class='ocr_par' dir='ltr' id='par_1_73' title="bbox 2083 2842 3673 2911">
     <span class='ocr_line' id='line_1_73' title="bbox 2083 2842 3673 2911; baseline -0.001 -14"><span class='ocrx_word' id='word_1_597' title='bbox 2083 2845 2305 2898; x_wconf 88' lang='lat' dir='ltr'><strong>tivitatis</strong></span> <span class='ocrx_word' id='word_1_598' title='bbox 2326 2844 2653 2906; x_wconf 74' lang='lat' dir='ltr'><strong>exstiterint,</strong></span> <span class='ocrx_word' id='word_1_599' title='bbox 2681 2842 2789 2895; x_wconf 91' lang='lat' dir='ltr'><strong>Deo</strong></span> <span class='ocrx_word' id='word_1_600' title='bbox 2812 2852 2988 2896; x_wconf 90' lang='lat' dir='ltr'><strong>tamen</strong></span> <span class='ocrx_word' id='word_1_601' title='bbox 3016 2850 3074 2895; x_wconf 93' lang='lat' dir='ltr'><strong>ut</strong></span> <span class='ocrx_word' id='word_1_602' title='bbox 3102 2856 3197 2895; x_wconf 90' lang='lat' dir='ltr'><strong>sua</strong></span> <span class='ocrx_word' id='word_1_603' title='bbox 3222 2843 3459 2911; x_wconf 91' lang='lat' dir='ltr'><strong>propria,</strong></span> <span class='ocrx_word' id='word_1_604' title='bbox 3483 2858 3673 2911; x_wconf 89' lang='lat' dir='ltr'><strong>quam-</strong></span> 
     </span>
    </p>
   </div>
   <div class='ocr_carea' id='block_1_74' title="bbox 2080 2930 3671 2998">
    <p class='ocr_par' dir='ltr' id='par_1_74' title="bbox 2080 2930 3671 2998">
     <span class='ocr_line' id='line_1_74' title="bbox 2080 2930 3671 2998; baseline -0.001 -13"><span class='ocrx_word' id='word_1_605' title='bbox 2080 2934 2163 2987; x_wconf 86' lang='lat' dir='ltr'><strong>vis</strong></span> <span class='ocrx_word' id='word_1_606' title='bbox 2193 2949 2259 2987; x_wconf 82' lang='lat' dir='ltr'><strong>ex</strong></span> <span class='ocrx_word' id='word_1_607' title='bbox 2287 2947 2352 2987; x_wconf 91' lang='lat' dir='ltr'><strong>eo</strong></span> <span class='ocrx_word' id='word_1_608' title='bbox 2380 2933 2431 2985; x_wconf 92' lang='lat' dir='ltr'><strong>in</strong></span> <span class='ocrx_word' id='word_1_609' title='bbox 2458 2934 2622 2985; x_wconf 87' lang='lat' dir='ltr'><strong>Deunt</strong></span> <span class='ocrx_word' id='word_1_610' title='bbox 2649 2941 2776 2983; x_wconf 91' lang='lat' dir='ltr'><strong>sunt</strong></span> <span class='ocrx_word' id='word_1_611' title='bbox 2815 2940 2959 2994; x_wconf 89' lang='lat' dir='ltr'><strong>nata,</strong></span> <span class='ocrx_word' id='word_1_612' title='bbox 2993 2947 3097 2984; x_wconf 90' lang='lat' dir='ltr'><strong>non</strong></span> <span class='ocrx_word' id='word_1_613' title='bbox 3129 2930 3345 2993; x_wconf 86' lang='lat' dir='ltr'><strong>desunt,</strong></span> <span class='ocrx_word' id='word_1_614' title='bbox 3378 2932 3501 2998; x_wconf 85' lang='lat' dir='ltr'><strong>quia</strong></span> <span class='ocrx_word' id='word_1_615' title='bbox 3532 2932 3671 2984; x_wconf 84' lang='lat' dir='ltr'><strong>nati-</strong></span> 
     </span>
    </p>
   </div>
   <div class='ocr_carea' id='block_1_75' title="bbox 2082 3020 3673 3090">
    <p class='ocr_par' dir='ltr' id='par_1_75' title="bbox 2082 3020 3673 3090">
     <span class='ocr_line' id='line_1_75' title="bbox 2082 3020 3673 3090; baseline -0.003 -16"><span class='ocrx_word' id='word_1_616' title='bbox 2082 3024 2218 3077; x_wconf 88' lang='lat' dir='ltr'><strong>vitas</strong></span> <span class='ocrx_word' id='word_1_617' title='bbox 2251 3037 2356 3076; x_wconf 91' lang='lat' dir='ltr'><strong>non</strong></span> <span class='ocrx_word' id='word_1_618' title='bbox 2391 3022 2554 3075; x_wconf 84' lang='lat' dir='ltr'><strong>habet</strong></span> <span class='ocrx_word' id='word_1_619' title='bbox 2602 3020 2986 3073; x_wconf 86' lang='lat' dir='ltr'><strong>detrimentum</strong></span> <span class='ocrx_word' id='word_1_620' title='bbox 3038 3020 3366 3090; x_wconf 83' lang='lat' dir='ltr'><strong>generandi,</strong></span> <span class='ocrx_word' id='word_1_621' title='bbox 3395 3036 3515 3073; x_wconf 91' lang='lat' dir='ltr'><strong>cum</strong></span> <span class='ocrx_word' id='word_1_622' title='bbox 3546 3035 3673 3089; x_wconf 81' lang='lat' dir='ltr'><strong>pro-</strong></span> 
     </span>
    </p>
   </div>
   <div class='ocr_carea' id='block_1_76' title="bbox 2082 3108 3672 3165">
    <p class='ocr_par' dir='ltr' id='par_1_76' title="bbox 2082 3108 3672 3165">
     <span class='ocr_line' id='line_1_76' title="bbox 2082 3108 3672 3165; baseline -0.004 -2"><span class='ocrx_word' id='word_1_623' title='bbox 2082 3110 2283 3165; x_wconf 83' lang='lat' dir='ltr'><strong>fectum</strong></span> <span class='ocrx_word' id='word_1_624' title='bbox 2326 3118 2509 3163; x_wconf 90' lang='lat' dir='ltr'><strong>teneat</strong></span> <span class='ocrx_word' id='word_1_625' title='bbox 2550 3108 2827 3161; x_wconf 89' lang='lat' dir='ltr'><strong>nascendi.</strong></span> <span class='ocrx_word' id='word_1_626' title='bbox 2860 3108 2927 3161; x_wconf 87' lang='lat' dir='ltr'><strong>Et</strong></span> <span class='ocrx_word' id='word_1_627' title='bbox 2974 3109 3095 3162; x_wconf 89' lang='lat' dir='ltr'><strong>ideo</strong></span> <span class='ocrx_word' id='word_1_628' title='bbox 3123 3123 3310 3162; x_wconf 90' lang='lat' dir='ltr'><strong>earum</strong></span> <span class='ocrx_word' id='word_1_629' title='bbox 3344 3123 3523 3161; x_wconf 88' lang='lat' dir='ltr'><strong>rerum</strong></span> <span class='ocrx_word' id='word_1_630' title='bbox 3556 3109 3672 3159; x_wconf 87' lang='lat' dir='ltr'><strong>uui-</strong></span> 
     </span>
    </p>
   </div>
   <div class='ocr_carea' id='block_1_77' title="bbox 2082 3198 3669 3271">
    <p class='ocr_par' dir='ltr' id='par_1_77' title="bbox 2082 3198 3669 3271">
     <span class='ocr_line' id='line_1_77' title="bbox 2082 3198 3669 3271; baseline -0.003 -18"><span class='ocrx_word' id='word_1_631' title='bbox 2082 3201 2261 3271; x_wconf 86' lang='lat' dir='ltr'><strong>genito</strong></span> <span class='ocrx_word' id='word_1_632' title='bbox 2292 3199 2404 3252; x_wconf 89' lang='lat' dir='ltr'><strong>Deo</strong></span> <span class='ocrx_word' id='word_1_633' title='bbox 2453 3206 2577 3267; x_wconf 88' lang='lat' dir='ltr'><strong>apta</strong></span> <span class='ocrx_word' id='word_1_634' title='bbox 2624 3198 2947 3266; x_wconf 81' lang='lat' dir='ltr'><strong>cognomina</strong></span> <span class='ocrx_word' id='word_1_635' title='bbox 3002 3207 3156 3262; x_wconf 93' lang='lat' dir='ltr'><strong>sunt,</strong></span> <span class='ocrx_word' id='word_1_636' title='bbox 3202 3214 3320 3267; x_wconf 74' lang='lat' dir='ltr'><strong>qua:</strong></span> <span class='ocrx_word' id='word_1_637' title='bbox 3372 3213 3495 3251; x_wconf 91' lang='lat' dir='ltr'><strong>cum</strong></span> <span class='ocrx_word' id='word_1_638' title='bbox 3549 3213 3669 3251; x_wconf 91' lang='lat' dir='ltr'><strong>eum</strong></span> 
     </span>
    </p>
   </div>
   <div class='ocr_carea' id='block_1_78' title="bbox 2082 3290 3669 3351">
    <p class='ocr_par' dir='ltr' id='par_1_78' title="bbox 2082 3290 3669 3351">
     <span class='ocr_line' id='line_1_78' title="bbox 2082 3290 3669 3351; baseline -0.001 -8"><span class='ocrx_word' id='word_1_639' title='bbox 2082 3290 2464 3343; x_wconf 89' lang='lat' dir='ltr'><strong>subsistentem</strong></span> <span class='ocrx_word' id='word_1_640' title='bbox 2536 3303 2602 3343; x_wconf 80' lang='lat' dir='ltr'><strong>ex</strong></span> <span class='ocrx_word' id='word_1_641' title='bbox 2679 3290 2966 3343; x_wconf 88' lang='lat' dir='ltr'><strong>nativitate</strong></span> <span class='ocrx_word' id='word_1_642' title='bbox 3031 3298 3439 3351; x_wconf 85' lang='lat' dir='ltr'><strong>consumment,</strong></span> <span class='ocrx_word' id='word_1_643' title='bbox 3490 3298 3669 3342; x_wconf 90' lang='lat' dir='ltr'><strong>tamen</strong></span> 
     </span>
    </p>
   </div>
   <div class='ocr_carea' id='block_1_79' title="bbox 2078 3378 3663 3442">
    <p class='ocr_par' dir='ltr' id='par_1_79' title="bbox 2078 3378 3663 3442">
     <span class='ocr_line' id='line_1_79' title="bbox 2078 3378 3663 3442; baseline -0.002 -9"><span class='ocrx_word' id='word_1_644' title='bbox 2078 3379 2223 3433; x_wconf 88' lang='lat' dir='ltr'><strong>Patri</strong></span> <span class='ocrx_word' id='word_1_645' title='bbox 2253 3394 2357 3432; x_wconf 90' lang='lat' dir='ltr'><strong>non</strong></span> <span class='ocrx_word' id='word_1_646' title='bbox 2395 3379 2604 3442; x_wconf 87' lang='lat' dir='ltr'><strong>desint;</strong></span> <span class='ocrx_word' id='word_1_647' title='bbox 2648 3379 2843 3433; x_wconf 84' lang='lat' dir='ltr'><strong>exinde</strong></span> <span class='ocrx_word' id='word_1_648' title='bbox 2889 3378 3163 3432; x_wconf 88' lang='lat' dir='ltr'><strong>mutabilis</strong></span> <span class='ocrx_word' id='word_1_649' title='bbox 3206 3379 3404 3431; x_wconf 87' lang='lat' dir='ltr'><strong>virtute</strong></span> <span class='ocrx_word' id='word_1_650' title='bbox 3440 3392 3663 3431; x_wconf 57' lang='lat' dir='ltr'><strong>natura‘.</strong></span> 
     </span>
    </p>
   </div>
   <div class='ocr_carea' id='block_1_80' title="bbox 2086 3469 3669 3541">
    <p class='ocr_par' dir='ltr' id='par_1_80' title="bbox 2086 3469 3669 3541">
     <span class='ocr_line' id='line_1_80' title="bbox 2086 3469 3669 3541; baseline -0.004 -15"><span class='ocrx_word' id='word_1_651' title='bbox 2086 3470 2407 3541; x_wconf 87' lang='lat' dir='ltr'><strong>Unigenitus</strong></span> <span class='ocrx_word' id='word_1_652' title='bbox 2435 3470 2579 3524; x_wconf 91' lang='lat' dir='ltr'><strong>enim</strong></span> <span class='ocrx_word' id='word_1_653' title='bbox 2614 3471 2781 3533; x_wconf 87' lang='lat' dir='ltr'><strong>Deus,</strong></span> <span class='ocrx_word' id='word_1_654' title='bbox 2819 3479 2871 3524; x_wconf 93' lang='lat' dir='ltr'><strong>ct</strong></span> <span class='ocrx_word' id='word_1_655' title='bbox 2897 3469 3132 3523; x_wconf 72' lang='lat' dir='ltr'><strong>Verbum</strong></span> <span class='ocrx_word' id='word_1_656' title='bbox 3166 3478 3268 3524; x_wconf 90' lang='lat' dir='ltr'><strong>est.</strong></span> <span class='ocrx_word' id='word_1_657' title='bbox 3297 3469 3403 3523; x_wconf 89' lang='lat' dir='ltr'><strong>Sed</strong></span> <span class='ocrx_word' id='word_1_658' title='bbox 3438 3470 3669 3523; x_wconf 84' lang='lat' dir='ltr'><strong>innasci-</strong></span> 
     </span>
    </p>
   </div>
   <div class='ocr_carea' id='block_1_81' title="bbox 2077 3561 3663 3631">
    <p class='ocr_par' dir='ltr' id='par_1_81' title="bbox 2077 3561 3663 3631">
     <span class='ocr_line' id='line_1_81' title="bbox 2077 3561 3663 3631; baseline -0.002 -15"><span class='ocrx_word' id='word_1_659' title='bbox 2077 3562 2201 3616; x_wconf 86' lang='lat' dir='ltr'><strong>hilis</strong></span> <span class='ocrx_word' id='word_1_660' title='bbox 2226 3561 2388 3615; x_wconf 86' lang='lat' dir='ltr'><strong>Pater</strong></span> <span class='ocrx_word' id='word_1_661' title='bbox 2428 3576 2703 3631; x_wconf 90' lang='lat' dir='ltr'><strong>nunquam</strong></span> <span class='ocrx_word' id='word_1_662' title='bbox 2744 3563 2966 3616; x_wconf 90' lang='lat' dir='ltr'><strong>omnino</strong></span> <span class='ocrx_word' id='word_1_663' title='bbox 3011 3562 3129 3616; x_wconf 84' lang='lat' dir='ltr'><strong>sine</strong></span> <span class='ocrx_word' id='word_1_664' title='bbox 3175 3563 3351 3615; x_wconf 82' lang='lat' dir='ltr'><strong>Verbo</strong></span> <span class='ocrx_word' id='word_1_665' title='bbox 3394 3572 3514 3624; x_wconf 87' lang='lat' dir='ltr'><strong>est,</strong></span> <span class='ocrx_word' id='word_1_666' title='bbox 3558 3576 3663 3614; x_wconf 92' lang='lat' dir='ltr'><strong>non</strong></span> 
     </span>
    </p>
   </div>
   <div class='ocr_carea' id='block_1_82' title="bbox 2078 3652 3667 3723">
    <p class='ocr_par' dir='ltr' id='par_1_82' title="bbox 2078 3652 3667 3723">
     <span class='ocr_line' id='line_1_82' title="bbox 2078 3652 3667 3723; baseline 0 -18"><span class='ocrx_word' id='word_1_667' title='bbox 2078 3654 2221 3723; x_wconf 91' lang='lat' dir='ltr'><strong>quod</strong></span> <span class='ocrx_word' id='word_1_668' title='bbox 2250 3652 2479 3721; x_wconf 89' lang='lat' dir='ltr'><strong>prolatio</strong></span> <span class='ocrx_word' id='word_1_669' title='bbox 2503 3653 2651 3708; x_wconf 85' lang='lat' dir='ltr'><strong>vocis</strong></span> <span class='ocrx_word' id='word_1_670' title='bbox 2681 3661 2870 3705; x_wconf 88' lang='lat' dir='ltr'><strong>natura</strong></span> <span class='ocrx_word' id='word_1_671' title='bbox 2900 3653 2968 3706; x_wconf 86' lang='lat' dir='ltr'><strong>sit</strong></span> <span class='ocrx_word' id='word_1_672' title='bbox 2996 3653 3137 3717; x_wconf 89' lang='lat' dir='ltr'><strong>Filii,</strong></span> <span class='ocrx_word' id='word_1_673' title='bbox 3171 3654 3264 3707; x_wconf 91' lang='lat' dir='ltr'><strong>sed</strong></span> <span class='ocrx_word' id='word_1_674' title='bbox 3296 3668 3362 3707; x_wconf 75' lang='lat' dir='ltr'><strong>ex</strong></span> <span class='ocrx_word' id='word_1_675' title='bbox 3390 3654 3499 3707; x_wconf 88' lang='lat' dir='ltr'><strong>Deo</strong></span> <span class='ocrx_word' id='word_1_676' title='bbox 3527 3654 3667 3708; x_wconf 89' lang='lat' dir='ltr'><strong>Deus</strong></span> 
     </span>
    </p>
   </div>
   <div class='ocr_carea' id='block_1_83' title="bbox 2079 3742 3668 3813">
    <p class='ocr_par' dir='ltr' id='par_1_83' title="bbox 2079 3742 3668 3813">
     <span class='ocr_line' id='line_1_83' title="bbox 2079 3742 3668 3813; baseline -0.001 -16"><span class='ocrx_word' id='word_1_677' title='bbox 2079 3759 2199 3797; x_wconf 90' lang='lat' dir='ltr'><strong>cum</strong></span> <span class='ocrx_word' id='word_1_678' title='bbox 2248 3744 2543 3797; x_wconf 86' lang='lat' dir='ltr'><strong>nativitatis</strong></span> <span class='ocrx_word' id='word_1_679' title='bbox 2586 3743 2784 3796; x_wconf 89' lang='lat' dir='ltr'><strong>virtute</strong></span> <span class='ocrx_word' id='word_1_680' title='bbox 2828 3742 3161 3808; x_wconf 92' lang='lat' dir='ltr'><strong>subsistens,</strong></span> <span class='ocrx_word' id='word_1_681' title='bbox 3187 3754 3302 3796; x_wconf 91' lang='lat' dir='ltr'><strong>uta</strong></span> <span class='ocrx_word' id='word_1_682' title='bbox 3340 3742 3499 3797; x_wconf 88' lang='lat' dir='ltr'><strong>Patre</strong></span> <span class='ocrx_word' id='word_1_683' title='bbox 3545 3756 3668 3813; x_wconf 86' lang='lat' dir='ltr'><strong>pro-</strong></span> 
     </span>
    </p>
   </div>
   <div class='ocr_carea' id='block_1_84' title="bbox 2078 3832 3667 3903">
    <p class='ocr_par' dir='ltr' id='par_1_84' title="bbox 2078 3832 3667 3903">
     <span class='ocr_line' id='line_1_84' title="bbox 2078 3832 3667 3903; baseline 0 -18"><span class='ocrx_word' id='word_1_684' title='bbox 2078 3834 2246 3903; x_wconf 91' lang='lat' dir='ltr'><strong>prius,</strong></span> <span class='ocrx_word' id='word_1_685' title='bbox 2280 3842 2333 3886; x_wconf 90' lang='lat' dir='ltr'><strong>et</strong></span> <span class='ocrx_word' id='word_1_686' title='bbox 2359 3848 2455 3902; x_wconf 87' lang='lat' dir='ltr'><strong>per</strong></span> <span class='ocrx_word' id='word_1_687' title='bbox 2478 3841 2683 3886; x_wconf 56' lang='lat' dir='ltr'><strong>natura:</strong></span> <span class='ocrx_word' id='word_1_688' title='bbox 2710 3832 3128 3886; x_wconf 79' lang='lat' dir='ltr'><strong>indiﬂerentiam</strong></span> <span class='ocrx_word' id='word_1_689' title='bbox 3164 3832 3539 3901; x_wconf 90' lang='lat' dir='ltr'><strong>inseparabilis</strong></span> <span class='ocrx_word' id='word_1_690' title='bbox 3564 3832 3667 3887; x_wconf 76' lang='lat' dir='ltr'><strong>do~</strong></span> 
     </span>
    </p>
   </div>
   <div class='ocr_carea' id='block_1_85' title="bbox 2078 3921 3667 3992">
    <p class='ocr_par' dir='ltr' id='par_1_85' title="bbox 2078 3921 3667 3992">
     <span class='ocr_line' id='line_1_85' title="bbox 2078 3921 3667 3992; baseline -0.002 -15"><span class='ocrx_word' id='word_1_691' title='bbox 2078 3932 2311 3987; x_wconf 88' lang='lat' dir='ltr'><strong>ceretur,</strong></span> <span class='ocrx_word' id='word_1_692' title='bbox 2354 3922 2685 3992; x_wconf 86' lang='lat' dir='ltr'><strong>signiﬁcatus</strong></span> <span class='ocrx_word' id='word_1_693' title='bbox 2736 3923 2789 3975; x_wconf 92' lang='lat' dir='ltr'><strong>in</strong></span> <span class='ocrx_word' id='word_1_694' title='bbox 2841 3921 3014 3976; x_wconf 80' lang='lat' dir='ltr'><strong>Verbo</strong></span> <span class='ocrx_word' id='word_1_695' title='bbox 3067 3930 3169 3987; x_wconf 91' lang='lat' dir='ltr'><strong>est,</strong></span> <span class='ocrx_word' id='word_1_696' title='bbox 3222 3922 3363 3975; x_wconf 85' lang='lat' dir='ltr'><strong>sicut</strong></span> <span class='ocrx_word' id='word_1_697' title='bbox 3417 3921 3667 3976; x_wconf 88' lang='lat' dir='ltr'><strong>Christus</strong></span> 
     </span>
    </p>
   </div>
   <div class='ocr_carea' id='block_1_86' title="bbox 2078 4012 3665 4083">
    <p class='ocr_par' dir='ltr' id='par_1_86' title="bbox 2078 4012 3665 4083">
     <span class='ocr_line' id='line_1_86' title="bbox 2078 4012 3665 4083; baseline -0.001 -15"><span class='ocrx_word' id='word_1_698' title='bbox 2078 4015 2339 4083; x_wconf 89' lang='lat' dir='ltr'><strong>sapientia</strong></span> <span class='ocrx_word' id='word_1_699' title='bbox 2364 4022 2417 4067; x_wconf 92' lang='lat' dir='ltr'><strong>et</strong></span> <span class='ocrx_word' id='word_1_700' title='bbox 2443 4013 2612 4067; x_wconf 86' lang='lat' dir='ltr'><strong>virtus</strong></span> <span class='ocrx_word' id='word_1_701' title='bbox 2639 4013 2732 4066; x_wconf 90' lang='lat' dir='ltr'><strong>Dei</strong></span> <span class='ocrx_word' id='word_1_702' title='bbox 2760 4021 2860 4077; x_wconf 92' lang='lat' dir='ltr'><strong>est,</strong></span> <span class='ocrx_word' id='word_1_703' title='bbox 2890 4027 2994 4065; x_wconf 91' lang='lat' dir='ltr'><strong>non</strong></span> <span class='ocrx_word' id='word_1_704' title='bbox 3026 4012 3113 4065; x_wconf 88' lang='lat' dir='ltr'><strong>ille</strong></span> <span class='ocrx_word' id='word_1_705' title='bbox 3133 4054 3146 4076; x_wconf 92' lang='lat'><strong>,</strong></span> <span class='ocrx_word' id='word_1_706' title='bbox 3173 4023 3230 4066; x_wconf 94' lang='lat' dir='ltr'><strong>ut</strong></span> <span class='ocrx_word' id='word_1_707' title='bbox 3262 4012 3484 4083; x_wconf 76' lang='lat' dir='ltr'><strong>intelligi</strong></span> <span class='ocrx_word' id='word_1_708' title='bbox 3510 4014 3665 4077; x_wconf 85' lang='lat' dir='ltr'><strong>solet,</strong></span> 
     </span>
    </p>
   </div>
   <div class='ocr_carea' id='block_1_87' title="bbox 2080 4103 3663 4174">
    <p class='ocr_par' dir='ltr' id='par_1_87' title="bbox 2080 4103 3663 4174">
     <span class='ocr_line' id='line_1_87' title="bbox 2080 4103 3663 4174; baseline -0.001 -14"><span class='ocrx_word' id='word_1_709' title='bbox 2080 4108 2305 4161; x_wconf 65' lang='lat' dir='ltr'><strong>interna:</strong></span> <span class='ocrx_word' id='word_1_710' title='bbox 2356 4105 2642 4174; x_wconf 86' lang='lat' dir='ltr'><strong>potestatis</strong></span> <span class='ocrx_word' id='word_1_711' title='bbox 2695 4113 2786 4157; x_wconf 90' lang='lat' dir='ltr'><strong>aut</strong></span> <span class='ocrx_word' id='word_1_712' title='bbox 2840 4119 3029 4158; x_wconf 89' lang='lat' dir='ltr'><strong>sensus</strong></span> <span class='ocrx_word' id='word_1_713' title='bbox 3074 4103 3259 4158; x_wconf 76' lang='lat' dir='ltr'><strong>eﬁicax</strong></span> <span class='ocrx_word' id='word_1_714' title='bbox 3314 4116 3530 4169; x_wconf 91' lang='lat' dir='ltr'><strong>motus,</strong></span> <span class='ocrx_word' id='word_1_715' title='bbox 3569 4106 3663 4159; x_wconf 88' lang='lat' dir='ltr'><strong>sed</strong></span> 
     </span>
    </p>
   </div>
   <div class='ocr_carea' id='block_1_88' title="bbox 2079 4195 3663 4263">
    <p class='ocr_par' dir='ltr' id='par_1_88' title="bbox 2079 4195 3663 4263">
     <span class='ocr_line' id='line_1_88' title="bbox 2079 4195 3663 4263; baseline -0.002 -11"><span class='ocrx_word' id='word_1_716' title='bbox 2079 4206 2270 4252; x_wconf 89' lang='lat' dir='ltr'><strong>natura</strong></span> <span class='ocrx_word' id='word_1_717' title='bbox 2301 4206 2488 4251; x_wconf 89' lang='lat' dir='ltr'><strong>tenens</strong></span> <span class='ocrx_word' id='word_1_718' title='bbox 2531 4210 2626 4263; x_wconf 89' lang='lat' dir='ltr'><strong>per</strong></span> <span class='ocrx_word' id='word_1_719' title='bbox 2656 4195 2992 4248; x_wconf 89' lang='lat' dir='ltr'><strong>nativitatem</strong></span> <span class='ocrx_word' id='word_1_720' title='bbox 3024 4195 3343 4248; x_wconf 80' lang='lat' dir='ltr'><strong>substantia:</strong></span> <span class='ocrx_word' id='word_1_721' title='bbox 3378 4196 3663 4249; x_wconf 86' lang='lat' dir='ltr'><strong>veritatem</strong></span> 
     </span>
    </p>
   </div>
   <div class='ocr_carea' id='block_1_89' title="bbox 2079 4283 3663 4351">
    <p class='ocr_par' dir='ltr' id='par_1_89' title="bbox 2079 4283 3663 4351">
     <span class='ocr_line' id='line_1_89' title="bbox 2079 4283 3663 4351; baseline -0.004 -7"><span class='ocrx_word' id='word_1_722' title='bbox 2079 4290 2163 4344; x_wconf 83' lang='lat' dir='ltr'><strong>his</strong></span> <span class='ocrx_word' id='word_1_723' title='bbox 2194 4289 2528 4342; x_wconf 89' lang='lat' dir='ltr'><strong>internarum</strong></span> <span class='ocrx_word' id='word_1_724' title='bbox 2554 4300 2734 4339; x_wconf 89' lang='lat' dir='ltr'><strong>rerum</strong></span> <span class='ocrx_word' id='word_1_725' title='bbox 2767 4283 3069 4351; x_wconf 81' lang='lat' dir='ltr'><strong>signiﬁcata</strong></span> <span class='ocrx_word' id='word_1_726' title='bbox 3092 4284 3399 4337; x_wconf 91' lang='lat' dir='ltr'><strong>nominibus</strong></span> <span class='ocrx_word' id='word_1_727' title='bbox 3422 4293 3522 4339; x_wconf 91' lang='lat' dir='ltr'><strong>est.</strong></span> <span class='ocrx_word' id='word_1_728' title='bbox 3548 4283 3663 4337; x_wconf 68' lang='lat' dir='ltr'><strong>Non</strong></span> 
     </span>
    </p>
   </div>
   <div class='ocr_carea' id='block_1_90' title="bbox 2078 4372 3662 4445">
    <p class='ocr_par' dir='ltr' id='par_1_90' title="bbox 2078 4372 3662 4445">
     <span class='ocr_line' id='line_1_90' title="bbox 2078 4372 3662 4445; baseline -0.004 -13"><span class='ocrx_word' id='word_1_729' title='bbox 2078 4380 2222 4432; x_wconf 92' lang='lat' dir='ltr'><strong>enim</strong></span> <span class='ocrx_word' id='word_1_730' title='bbox 2266 4377 2317 4431; x_wconf 88' lang='lat' dir='ltr'><strong>id</strong></span> <span class='ocrx_word' id='word_1_731' title='bbox 2358 4376 2499 4445; x_wconf 91' lang='lat' dir='ltr'><strong>quod</strong></span> <span class='ocrx_word' id='word_1_732' title='bbox 2532 4374 2804 4428; x_wconf 88' lang='lat' dir='ltr'><strong>nascendo</strong></span> <span class='ocrx_word' id='word_1_733' title='bbox 2845 4372 3116 4436; x_wconf 82' lang='lat' dir='ltr'><strong>subsistit,</strong></span> <span class='ocrx_word' id='word_1_734' title='bbox 3160 4380 3337 4440; x_wconf 88' lang='lat' dir='ltr'><strong>potest</strong></span> <span class='ocrx_word' id='word_1_735' title='bbox 3386 4374 3438 4425; x_wconf 91' lang='lat' dir='ltr'><strong>id</strong></span> <span class='ocrx_word' id='word_1_736' title='bbox 3489 4372 3662 4442; x_wconf 90' lang='lat' dir='ltr'><strong>ipsum</strong></span> 
     </span>
    </p>
   </div>
   <div class='ocr_carea' id='block_1_91' title="bbox 2078 4464 3663 4536">
    <p class='ocr_par' dir='ltr' id='par_1_91' title="bbox 2078 4464 3663 4536">
     <span class='ocr_line' id='line_1_91' title="bbox 2078 4464 3663 4536; baseline -0.004 -11"><span class='ocrx_word' id='word_1_737' title='bbox 2078 4470 2246 4525; x_wconf 86' lang='lat' dir='ltr'><strong>videri</strong></span> <span class='ocrx_word' id='word_1_738' title='bbox 2277 4483 2430 4532; x_wconf 87' lang='lat' dir='ltr'><strong>esse,</strong></span> <span class='ocrx_word' id='word_1_739' title='bbox 2458 4466 2601 4536; x_wconf 91' lang='lat' dir='ltr'><strong>quod</strong></span> <span class='ocrx_word' id='word_1_740' title='bbox 2649 4466 2939 4534; x_wconf 92' lang='lat' dir='ltr'><strong>unicuique</strong></span> <span class='ocrx_word' id='word_1_741' title='bbox 2989 4464 3375 4533; x_wconf 87' lang='lat' dir='ltr'><strong>sempiternum</strong></span> <span class='ocrx_word' id='word_1_742' title='bbox 3421 4473 3523 4519; x_wconf 91' lang='lat' dir='ltr'><strong>est.</strong></span> <span class='ocrx_word' id='word_1_743' title='bbox 3558 4464 3663 4519; x_wconf 87' lang='lat' dir='ltr'><strong>Sed</strong></span> 
     </span>
    </p>
   </div>
   <div class='ocr_carea' id='block_1_92' title="bbox 2079 4554 3663 4625">
    <p class='ocr_par' dir='ltr' id='par_1_92' title="bbox 2079 4554 3663 4625">
     <span class='ocr_line' id='line_1_92' title="bbox 2079 4554 3663 4625; baseline -0.004 -10"><span class='ocrx_word' id='word_1_744' title='bbox 2079 4572 2280 4617; x_wconf 65' lang='lat' dir='ltr'><strong>aeterno</strong></span> <span class='ocrx_word' id='word_1_745' title='bbox 2309 4560 2422 4613; x_wconf 85' lang='lat' dir='ltr'><strong>Deo</strong></span> <span class='ocrx_word' id='word_1_746' title='bbox 2451 4557 2613 4611; x_wconf 89' lang='lat' dir='ltr'><strong>Patre</strong></span> <span class='ocrx_word' id='word_1_747' title='bbox 2635 4557 2942 4625; x_wconf 81' lang='lat' dir='ltr'><strong>unigenitus</strong></span> <span class='ocrx_word' id='word_1_748' title='bbox 2972 4554 3138 4609; x_wconf 88' lang='lat' dir='ltr'><strong>Filius</strong></span> <span class='ocrx_word' id='word_1_749' title='bbox 3184 4556 3235 4609; x_wconf 92' lang='lat' dir='ltr'><strong>in</strong></span> <span class='ocrx_word' id='word_1_750' title='bbox 3284 4556 3663 4610; x_wconf 89' lang='lat' dir='ltr'><strong>subsistentem</strong></span> 
     </span>
    </p>
   </div>
   <div class='ocr_carea' id='block_1_93' title="bbox 388 4627 3664 4715">
    <p class='ocr_par' dir='ltr' id='par_1_93' title="bbox 388 4627 3664 4715">
     <span class='ocr_line' id='line_1_93' title="bbox 388 4627 3664 4715; baseline -0.002 -6"><span class='ocrx_word' id='word_1_751' title='bbox 388 4646 559 4699; x_wconf 71' lang='lat' dir='ltr'><strong>Deum</strong></span> <span class='ocrx_word' id='word_1_752' title='bbox 600 4644 828 4709; x_wconf 67' lang='lat' dir='ltr'><strong>Filium.</strong></span> <span class='ocrx_word' id='word_1_753' title='bbox 862 4646 989 4714; x_wconf 77' lang='lat' dir='ltr'><strong>quia</strong></span> <span class='ocrx_word' id='word_1_754' title='bbox 1033 4660 1099 4699; x_wconf 66' lang='lat' dir='ltr'><strong>ex</strong></span> <span class='ocrx_word' id='word_1_755' title='bbox 1153 4646 1261 4701; x_wconf 73' lang='lat'><strong>980</strong></span> <span class='ocrx_word' id='word_1_756' title='bbox 1316 4656 1398 4701; x_wconf 63' lang='lat' dir='ltr'><strong>est</strong></span> <span class='ocrx_word' id='word_1_757' title='bbox 1450 4646 1715 4702; x_wconf 66' lang='lat' dir='ltr'><strong>conﬁteri.</strong></span> <span class='ocrx_word' id='word_1_758' title='bbox 1775 4648 1970 4703; x_wconf 76' lang='lat' dir='ltr'><strong>Curam</strong></span> <span class='ocrx_word' id='word_1_759' title='bbox 2004 4627 2054 4687; x_wconf 69' lang='grc' dir='ltr'><strong>θ</strong></span> <span class='ocrx_word' id='word_1_760' title='bbox 2081 4656 2247 4709; x_wconf 90' lang='lat' dir='ltr'><strong>Deum</strong></span> <span class='ocrx_word' id='word_1_761' title='bbox 2298 4661 2491 4715; x_wconf 90' lang='lat' dir='ltr'><strong>natus,</strong></span> <span class='ocrx_word' id='word_1_762' title='bbox 2518 4659 2579 4704; x_wconf 90' lang='lat' dir='ltr'><strong>ut</strong></span> <span class='ocrx_word' id='word_1_763' title='bbox 2617 4664 2723 4703; x_wconf 94' lang='lat' dir='ltr'><strong>non</strong></span> <span class='ocrx_word' id='word_1_764' title='bbox 2758 4648 2966 4702; x_wconf 88' lang='lat' dir='ltr'><strong>alienus</strong></span> <span class='ocrx_word' id='word_1_765' title='bbox 2994 4663 3113 4702; x_wconf 91' lang='lat' dir='ltr'><strong>esse</strong></span> <span class='ocrx_word' id='word_1_766' title='bbox 3141 4663 3169 4701; x_wconf 85' lang='lat' dir='ltr'><strong>a</strong></span> <span class='ocrx_word' id='word_1_767' title='bbox 3202 4658 3392 4701; x_wconf 90' lang='lat' dir='ltr'><strong>natura</strong></span> <span class='ocrx_word' id='word_1_768' title='bbox 3425 4648 3664 4715; x_wconf 73' lang='lat' dir='ltr'><strong>paterna:</strong></span> 
     </span>
    </p>
   </div>
   <div class='ocr_carea' id='block_1_94' title="bbox 389 4732 1977 4805">
    <p class='ocr_par' dir='ltr' id='par_1_94' title="bbox 389 4732 1977 4805">
     <span class='ocr_line' id='line_1_94' title="bbox 389 4732 1977 4805; baseline 0.004 -19"><span class='ocrx_word' id='word_1_769' title='bbox 389 4749 522 4803; x_wconf 83' lang='lat' dir='ltr'><strong>ergo</strong></span> <span class='ocrx_word' id='word_1_770' title='bbox 550 4733 765 4786; x_wconf 89' lang='lat' dir='ltr'><strong>humani</strong></span> <span class='ocrx_word' id='word_1_771' title='bbox 792 4734 1007 4803; x_wconf 88' lang='lat' dir='ltr'><strong>generis</strong></span> <span class='ocrx_word' id='word_1_772' title='bbox 1044 4732 1247 4788; x_wconf 87' lang='lat' dir='ltr'><strong>habens</strong></span> <span class='ocrx_word' id='word_1_773' title='bbox 1275 4734 1367 4788; x_wconf 84' lang='lat' dir='ltr'><strong>Dei</strong></span> <span class='ocrx_word' id='word_1_774' title='bbox 1412 4734 1599 4801; x_wconf 83' lang='lat' dir='ltr'><strong>Filius,</strong></span> <span class='ocrx_word' id='word_1_775' title='bbox 1648 4738 1881 4805; x_wconf 91' lang='lat' dir='ltr'><strong>primmn</strong></span> <span class='ocrx_word' id='word_1_776' title='bbox 1921 4748 1977 4792; x_wconf 90' lang='lat' dir='ltr'><strong>ut</strong></span> 
     </span>
    </p>
   </div>
   <div class='ocr_carea' id='block_1_95' title="bbox 390 4822 1973 4888">
    <p class='ocr_par' dir='ltr' id='par_1_95' title="bbox 390 4822 1973 4888">
     <span class='ocr_line' id='line_1_95' title="bbox 390 4822 1973 4888; baseline 0.002 -9"><span class='ocrx_word' id='word_1_777' title='bbox 390 4824 495 4880; x_wconf 85' lang='lat' dir='ltr'><strong>sibi</strong></span> <span class='ocrx_word' id='word_1_778' title='bbox 529 4823 845 4878; x_wconf 88' lang='lat' dir='ltr'><strong>crederetur</strong></span> <span class='ocrx_word' id='word_1_779' title='bbox 873 4823 1035 4877; x_wconf 88' lang='lat' dir='ltr'><strong>homo</strong></span> <span class='ocrx_word' id='word_1_780' title='bbox 1062 4822 1236 4878; x_wconf 81' lang='lat' dir='ltr'><strong>factus</strong></span> <span class='ocrx_word' id='word_1_781' title='bbox 1264 4834 1367 4888; x_wconf 87' lang='lat' dir='ltr'><strong>est,</strong></span> <span class='ocrx_word' id='word_1_782' title='bbox 1400 4834 1459 4879; x_wconf 92' lang='lat' dir='ltr'><strong>ut</strong></span> <span class='ocrx_word' id='word_1_783' title='bbox 1497 4827 1648 4881; x_wconf 89' lang='lat' dir='ltr'><strong>testis</strong></span> <span class='ocrx_word' id='word_1_784' title='bbox 1672 4828 1973 4883; x_wconf 89' lang='lat' dir='ltr'><strong>divinarum</strong></span> 
     </span>
    </p>
   </div>
   <div class='ocr_carea' id='block_1_96' title="bbox 388 4913 1973 4985">
    <p class='ocr_par' dir='ltr' id='par_1_96' title="bbox 388 4913 1973 4985">
     <span class='ocr_line' id='line_1_96' title="bbox 388 4913 1973 4985; baseline 0.003 -16"><span class='ocrx_word' id='word_1_785' title='bbox 388 4930 571 4969; x_wconf 90' lang='lat' dir='ltr'><strong>rerum</strong></span> <span class='ocrx_word' id='word_1_786' title='bbox 609 4913 765 4967; x_wconf 90' lang='lat' dir='ltr'><strong>nobis</strong></span> <span class='ocrx_word' id='word_1_787' title='bbox 809 4924 956 4967; x_wconf 84' lang='lat' dir='ltr'><strong>esset</strong></span> <span class='ocrx_word' id='word_1_788' title='bbox 996 4928 1059 4968; x_wconf 75' lang='lat' dir='ltr'><strong>ex</strong></span> <span class='ocrx_word' id='word_1_789' title='bbox 1090 4915 1308 4978; x_wconf 90' lang='lat' dir='ltr'><strong>nostris,</strong></span> <span class='ocrx_word' id='word_1_790' title='bbox 1354 4929 1556 4985; x_wconf 83' lang='lat' dir='ltr'><strong>perque</strong></span> <span class='ocrx_word' id='word_1_791' title='bbox 1602 4917 1973 4974; x_wconf 87' lang='lat' dir='ltr'><strong>inﬁrmitatem</strong></span> 
     </span>
    </p>
   </div>
   <div class='ocr_carea' id='block_1_97' title="bbox 388 5003 1975 5078">
    <p class='ocr_par' dir='ltr' id='par_1_97' title="bbox 388 5003 1975 5078">
     <span class='ocr_line' id='line_1_97' title="bbox 388 5003 1975 5078; baseline 0.004 -20"><span class='ocrx_word' id='word_1_792' title='bbox 388 5004 570 5059; x_wconf 90' lang='lat' dir='ltr'><strong>carnis</strong></span> <span class='ocrx_word' id='word_1_793' title='bbox 600 5004 767 5058; x_wconf 92' lang='lat' dir='ltr'><strong>Deum</strong></span> <span class='ocrx_word' id='word_1_794' title='bbox 785 5003 1000 5057; x_wconf 88' lang='lat' dir='ltr'><strong>Patrem</strong></span> <span class='ocrx_word' id='word_1_795' title='bbox 1026 5004 1179 5058; x_wconf 90' lang='lat' dir='ltr'><strong>nobis</strong></span> <span class='ocrx_word' id='word_1_796' title='bbox 1197 5005 1426 5059; x_wconf 91' lang='lat' dir='ltr'><strong>inﬁrmis</strong></span> <span class='ocrx_word' id='word_1_797' title='bbox 1446 5009 1821 5063; x_wconf 89' lang='lat' dir='ltr'><strong>etcarnalihus</strong></span> <span class='ocrx_word' id='word_1_798' title='bbox 1840 5026 1975 5078; x_wconf 69' lang='lat' dir='ltr'><strong>prte-</strong></span> 
     </span>
    </p>
   </div>
   <div class='ocr_carea' id='block_1_98' title="bbox 387 5093 1971 5163">
    <p class='ocr_par' dir='ltr' id='par_1_98' title="bbox 387 5093 1971 5163">
     <span class='ocr_line' id='line_1_98' title="bbox 387 5093 1971 5163; baseline 0.003 -14"><span class='ocrx_word' id='word_1_799' title='bbox 387 5095 616 5149; x_wconf 86' lang='lat' dir='ltr'><strong>dicaret.</strong></span> <span class='ocrx_word' id='word_1_800' title='bbox 655 5093 999 5149; x_wconf 86' lang='lat' dir='ltr'><strong>Voluntatem</strong></span> <span class='ocrx_word' id='word_1_801' title='bbox 1034 5094 1085 5147; x_wconf 92' lang='lat' dir='ltr'><strong>in</strong></span> <span class='ocrx_word' id='word_1_802' title='bbox 1120 5110 1184 5149; x_wconf 92' lang='lat' dir='ltr'><strong>eo</strong></span> <span class='ocrx_word' id='word_1_803' title='bbox 1215 5096 1307 5150; x_wconf 85' lang='lat' dir='ltr'><strong>Dei</strong></span> <span class='ocrx_word' id='word_1_804' title='bbox 1345 5095 1523 5153; x_wconf 86' lang='lat' dir='ltr'><strong>Patris</strong></span> <span class='ocrx_word' id='word_1_805' title='bbox 1549 5097 1814 5163; x_wconf 82' lang='lat' dir='ltr'><strong>eIIiciens,</strong></span> <span class='ocrx_word' id='word_1_806' title='bbox 1848 5115 1971 5154; x_wconf 91' lang='lat' dir='ltr'><strong>cum</strong></span> 
     </span>
    </p>
   </div>
   <div class='ocr_carea' id='block_1_99' title="bbox 388 5184 1973 5257">
    <p class='ocr_par' dir='ltr' id='par_1_99' title="bbox 388 5184 1973 5257">
     <span class='ocr_line' id='line_1_99' title="bbox 388 5184 1973 5257; baseline 0.004 -18"><span class='ocrx_word' id='word_1_807' title='bbox 388 5186 553 5239; x_wconf 92' lang='lat' dir='ltr'><strong>dicit:</strong></span> <span class='ocrx_word' id='word_1_808' title='bbox 588 5186 701 5239; x_wconf 69' lang='lat' dir='ltr'><strong>Non</strong></span> <span class='ocrx_word' id='word_1_809' title='bbox 732 5185 857 5239; x_wconf 90' lang='lat' dir='ltr'><strong>veni</strong></span> <span class='ocrx_word' id='word_1_810' title='bbox 884 5184 1209 5241; x_wconf 89' lang='lat' dir='ltr'><strong>voluntatem</strong></span> <span class='ocrx_word' id='word_1_811' title='bbox 1237 5202 1412 5242; x_wconf 86' lang='lat' dir='ltr'><strong>meant</strong></span> <span class='ocrx_word' id='word_1_812' title='bbox 1439 5188 1639 5257; x_wconf 80' lang='lat' dir='ltr'><strong>facere,</strong></span> <span class='ocrx_word' id='word_1_813' title='bbox 1664 5194 1755 5249; x_wconf 89' lang='lat' dir='ltr'><strong>sed</strong></span> <span class='ocrx_word' id='word_1_814' title='bbox 1786 5193 1973 5246; x_wconf 87' lang='lat' dir='ltr'><strong>volun-</strong></span> 
     </span>
    </p>
   </div>
   <div class='ocr_carea' id='block_1_100' title="bbox 388 5275 1971 5352">
    <p class='ocr_par' dir='ltr' id='par_1_100' title="bbox 388 5275 1971 5352">
     <span class='ocr_line' id='line_1_100' title="bbox 388 5275 1971 5352; baseline 0.005 -23"><span class='ocrx_word' id='word_1_815' title='bbox 388 5284 549 5331; x_wconf 90' lang='lat' dir='ltr'><strong>tatem</strong></span> <span class='ocrx_word' id='word_1_816' title='bbox 572 5278 688 5347; x_wconf 89' lang='lat' dir='ltr'><strong>ejus</strong></span> <span class='ocrx_word' id='word_1_817' title='bbox 714 5275 811 5344; x_wconf 93' lang='lat' dir='ltr'><strong>qui</strong></span> <span class='ocrx_word' id='word_1_818' title='bbox 847 5289 931 5328; x_wconf 88' lang='lat' dir='ltr'><strong>me</strong></span> <span class='ocrx_word' id='word_1_819' title='bbox 955 5276 1116 5331; x_wconf 82' lang='lat' dir='ltr'><strong>misit.</strong></span> <span class='ocrx_word' id='word_1_820' title='bbox 1142 5277 1256 5332; x_wconf 85' lang='lat' dir='ltr'><strong>Non</strong></span> <span class='ocrx_word' id='word_1_821' title='bbox 1286 5280 1427 5349; x_wconf 89' lang='lat' dir='ltr'><strong>quod</strong></span> <span class='ocrx_word' id='word_1_822' title='bbox 1452 5282 1617 5336; x_wconf 92' lang='lat' dir='ltr'><strong>nollet</strong></span> <span class='ocrx_word' id='word_1_823' title='bbox 1642 5292 1695 5337; x_wconf 90' lang='lat' dir='ltr'><strong>et</strong></span> <span class='ocrx_word' id='word_1_824' title='bbox 1722 5282 1808 5336; x_wconf 90' lang='lat' dir='ltr'><strong>ille</strong></span> <span class='ocrx_word' id='word_1_825' title='bbox 1828 5283 1971 5352; x_wconf 90' lang='lat' dir='ltr'><strong>quod</strong></span> 
     </span>
    </p>
   </div>
   <div class='ocr_carea' id='block_1_101' title="bbox 384 5367 1973 5445">
    <p class='ocr_par' dir='ltr' id='par_1_101' title="bbox 384 5367 1973 5445">
     <span class='ocr_line' id='line_1_101' title="bbox 384 5367 1973 5445; baseline 0.005 -22"><span class='ocrx_word' id='word_1_826' title='bbox 384 5368 563 5433; x_wconf 80' lang='lat' dir='ltr'><strong>faciat,</strong></span> <span class='ocrx_word' id='word_1_827' title='bbox 608 5368 703 5424; x_wconf 88' lang='lat' dir='ltr'><strong>sed</strong></span> <span class='ocrx_word' id='word_1_828' title='bbox 736 5367 1104 5421; x_wconf 88' lang='lat' dir='ltr'><strong>obedientiam</strong></span> <span class='ocrx_word' id='word_1_829' title='bbox 1154 5387 1303 5425; x_wconf 89' lang='lat' dir='ltr'><strong>suam</strong></span> <span class='ocrx_word' id='word_1_830' title='bbox 1349 5372 1447 5426; x_wconf 90' lang='lat' dir='ltr'><strong>sub</strong></span> <span class='ocrx_word' id='word_1_831' title='bbox 1498 5374 1688 5431; x_wconf 82' lang='lat' dir='ltr'><strong>eﬁ&#39;eetu</strong></span> <span class='ocrx_word' id='word_1_832' title='bbox 1735 5384 1973 5445; x_wconf 69' lang='lat' dir='ltr'><strong>paterna:</strong></span> 
     </span>
    </p>
   </div>
   <div class='ocr_carea' id='block_1_102' title="bbox 394 5457 1970 5500">
    <p class='ocr_par' dir='ltr' id='par_1_102' title="bbox 394 5457 1970 5500">
     <span class='ocr_line' id='line_1_102' title="bbox 394 5457 1970 5500; baseline 0 0"><span class='ocrx_word' id='word_1_833' title='bbox 394 5458 673 5500; x_wconf 71' lang='lat' dir='ltr'><strong>Inlttnlnlic</strong></span> <span class='ocrx_word' id='word_1_834' title='bbox 704 5457 984 5500; x_wconf 64' lang='lat' dir='ltr'><strong>nslnmlil-</strong></span> <span class='ocrx_word' id='word_1_835' title='bbox 1024 5458 1205 5500; x_wconf 72' lang='lat' dir='ltr'><strong>\mlpnn</strong></span> <span class='ocrx_word' id='word_1_836' title='bbox 1255 5464 1368 5500; x_wconf 74' lang='lat' dir='ltr'><strong>imm</strong></span> <span class='ocrx_word' id='word_1_837' title='bbox 1416 5464 1745 5500; x_wconf 73' lang='grc' dir='ltr'><strong>νηΙιιιιο..ιηηι</strong></span> <span class='ocrx_word' id='word_1_838' title='bbox 1801 5465 1970 5500; x_wconf 67' lang='grc' dir='ltr'><strong>ναι-οἶα</strong></span> 
     </span>
    </p>
   </div>
   <div class='ocr_carea' id='block_1_103' title="bbox 2080 4740 3665 4813">
    <p class='ocr_par' dir='ltr' id='par_1_103' title="bbox 2080 4740 3665 4813">
     <span class='ocr_line' id='line_1_103' title="bbox 2080 4740 3665 4813; baseline -0.005 -12"><span class='ocrx_word' id='word_1_839' title='bbox 2080 4745 2377 4801; x_wconf 89' lang='lat' dir='ltr'><strong>divinitatis</strong></span> <span class='ocrx_word' id='word_1_840' title='bbox 2410 4751 2593 4813; x_wconf 89' lang='lat' dir='ltr'><strong>posset</strong></span> <span class='ocrx_word' id='word_1_841' title='bbox 2637 4740 2858 4810; x_wconf 78' lang='lat' dir='ltr'><strong>intelligi</strong></span> <span class='ocrx_word' id='word_1_842' title='bbox 2887 4782 2900 4805; x_wconf 97' lang='lat'><strong>,</strong></span> <span class='ocrx_word' id='word_1_843' title='bbox 2934 4755 3032 4809; x_wconf 89' lang='lat' dir='ltr'><strong>per</strong></span> <span class='ocrx_word' id='word_1_844' title='bbox 3058 4742 3173 4795; x_wconf 74' lang='lat' dir='ltr'><strong>hmo</strong></span> <span class='ocrx_word' id='word_1_845' title='bbox 3204 4742 3417 4810; x_wconf 90' lang='lat' dir='ltr'><strong>proprie</strong></span> <span class='ocrx_word' id='word_1_846' title='bbox 3448 4741 3665 4795; x_wconf 84' lang='lat' dir='ltr'><strong>nomina</strong></span> 
     </span>
    </p>
   </div>
   <div class='ocr_carea' id='block_1_104' title="bbox 2080 4832 3666 4901">
    <p class='ocr_par' dir='ltr' id='par_1_104' title="bbox 2080 4832 3666 4901">
     <span class='ocr_line' id='line_1_104' title="bbox 2080 4832 3666 4901; baseline -0.003 -11"><span class='ocrx_word' id='word_1_847' title='bbox 2080 4844 2288 4890; x_wconf 87' lang='lat' dir='ltr'><strong>tantum</strong></span> <span class='ocrx_word' id='word_1_848' title='bbox 2316 4834 2614 4889; x_wconf 90' lang='lat' dir='ltr'><strong>subsistens</strong></span> <span class='ocrx_word' id='word_1_849' title='bbox 2637 4840 2886 4886; x_wconf 85' lang='lat' dir='ltr'><strong>ostensus</strong></span> <span class='ocrx_word' id='word_1_850' title='bbox 2908 4839 3012 4895; x_wconf 90' lang='lat' dir='ltr'><strong>est,</strong></span> <span class='ocrx_word' id='word_1_851' title='bbox 3036 4832 3261 4900; x_wconf 88' lang='lat' dir='ltr'><strong>quibus,</strong></span> <span class='ocrx_word' id='word_1_852' title='bbox 3288 4846 3355 4885; x_wconf 80' lang='lat' dir='ltr'><strong>ex</strong></span> <span class='ocrx_word' id='word_1_853' title='bbox 3383 4847 3490 4901; x_wconf 89' lang='lat' dir='ltr'><strong>quo</strong></span> <span class='ocrx_word' id='word_1_854' title='bbox 3534 4832 3666 4886; x_wconf 81' lang='lat' dir='ltr'><strong>sub-</strong></span> 
     </span>
    </p>
   </div>
   <div class='ocr_carea' id='block_1_105' title="bbox 2078 4931 2717 4997">
    <p class='ocr_par' dir='ltr' id='par_1_105' title="bbox 2078 4931 2717 4997">
     <span class='ocr_line' id='line_1_105' title="bbox 2078 4931 2717 4997; baseline -0.011 -10"><span class='ocrx_word' id='word_1_855' title='bbox 2078 4934 2311 4997; x_wconf 91' lang='lat' dir='ltr'><strong>stiterat,</strong></span> <span class='ocrx_word' id='word_1_856' title='bbox 2341 4946 2447 4985; x_wconf 93' lang='lat' dir='ltr'><strong>non</strong></span> <span class='ocrx_word' id='word_1_857' title='bbox 2478 4931 2717 4985; x_wconf 87' lang='lat' dir='ltr'><strong>carebat.</strong></span> 
     </span>
    </p>
   </div>
   <div class='ocr_carea' id='block_1_106' title="bbox 2220 5021 3518 5092">
    <p class='ocr_par' dir='ltr' id='par_1_106' title="bbox 2220 5021 3518 5092">
     <span class='ocr_line' id='line_1_106' title="bbox 2220 5021 3518 5092; baseline -0.005 -12"><span class='ocrx_word' id='word_1_858' title='bbox 2220 5025 2349 5080; x_wconf 75' lang='lat' dir='ltr'><strong>CAP.</strong></span> <span class='ocrx_word' id='word_1_859' title='bbox 2388 5024 2500 5078; x_wconf 80' lang='lat' dir='ltr'><strong>XII.</strong></span> <span class='ocrx_word' id='word_1_860' title='bbox 2531 5054 2602 5063; x_wconf 98' lang='lat'><strong>—</strong></span> <span class='ocrx_word' id='word_1_861' title='bbox 2630 5021 2880 5092; x_wconf 80' lang='lat' dir='ltr'><strong>Cypriani</strong></span> <span class='ocrx_word' id='word_1_862' title='bbox 2901 5023 3119 5075; x_wconf 72' lang='lat' dir='ltr'><strong>assertio</strong></span> <span class='ocrx_word' id='word_1_863' title='bbox 3148 5038 3265 5075; x_wconf 87' lang='lat' dir='ltr'><strong>vera</strong></span> <span class='ocrx_word' id='word_1_864' title='bbox 3295 5022 3358 5075; x_wconf 80' lang='lat' dir='ltr'><strong>de</strong></span> <span class='ocrx_word' id='word_1_865' title='bbox 3392 5022 3518 5075; x_wconf 86' lang='lat' dir='ltr'><strong>Deo.</strong></span> 
     </span>
    </p>
   </div>
   <div class='ocr_carea' id='block_1_107' title="bbox 2146 5115 3676 5185">
    <p class='ocr_par' dir='ltr' id='par_1_107' title="bbox 2146 5115 3676 5185">
     <span class='ocr_line' id='line_1_107' title="bbox 2146 5115 3676 5185; baseline -0.002 -15"><span class='ocrx_word' id='word_1_866' title='bbox 2146 5116 2331 5172; x_wconf 81' lang='lat' dir='ltr'><strong>Mundi</strong></span> <span class='ocrx_word' id='word_1_867' title='bbox 2354 5130 2489 5169; x_wconf 90' lang='lat' dir='ltr'><strong>unus</strong></span> <span class='ocrx_word' id='word_1_868' title='bbox 2510 5127 2593 5169; x_wconf 90' lang='lat' dir='ltr'><strong>est</strong></span> <span class='ocrx_word' id='word_1_869' title='bbox 2612 5115 2833 5179; x_wconf 78' lang='lat' dir='ltr'><strong>Reetor,</strong></span> <span class='ocrx_word' id='word_1_870' title='bbox 2862 5132 3000 5171; x_wconf 92' lang='lat' dir='ltr'><strong>unus</strong></span> <span class='ocrx_word' id='word_1_871' title='bbox 3021 5126 3101 5171; x_wconf 91' lang='lat' dir='ltr'><strong>est</strong></span> <span class='ocrx_word' id='word_1_872' title='bbox 3130 5115 3407 5179; x_wconf 90' lang='lat' dir='ltr'><strong>Dominus,</strong></span> <span class='ocrx_word' id='word_1_873' title='bbox 3434 5116 3524 5185; x_wconf 89' lang='lat' dir='ltr'><strong>qui</strong></span> <span class='ocrx_word' id='word_1_874' title='bbox 3554 5116 3676 5167; x_wconf 88' lang='lat' dir='ltr'><strong>uni-</strong></span> 
     </span>
    </p>
   </div>
   <div class='ocr_carea' id='block_1_108' title="bbox 2077 5204 3679 5277">
    <p class='ocr_par' dir='ltr' id='par_1_108' title="bbox 2077 5204 3679 5277">
     <span class='ocr_line' id='line_1_108' title="bbox 2077 5204 3679 5277; baseline -0.002 -18"><span class='ocrx_word' id='word_1_875' title='bbox 2077 5220 2231 5261; x_wconf 85' lang='lat' dir='ltr'><strong>versa</strong></span> <span class='ocrx_word' id='word_1_876' title='bbox 2265 5220 2604 5277; x_wconf 67' lang='lat' dir='ltr'><strong>quaecunque</strong></span> <span class='ocrx_word' id='word_1_877' title='bbox 2634 5212 2758 5260; x_wconf 88' lang='lat' dir='ltr'><strong>sunt</strong></span> <span class='ocrx_word' id='word_1_878' title='bbox 2788 5204 2955 5259; x_wconf 87' lang='lat' dir='ltr'><strong>verbo</strong></span> <span class='ocrx_word' id='word_1_879' title='bbox 2994 5205 3168 5275; x_wconf 87' lang='lat' dir='ltr'><strong>jubet,</strong></span> <span class='ocrx_word' id='word_1_880' title='bbox 3202 5206 3410 5259; x_wconf 82' lang='lat' dir='ltr'><strong>ratione</strong></span> <span class='ocrx_word' id='word_1_881' title='bbox 3453 5207 3679 5272; x_wconf 76' lang='lat' dir='ltr'><strong>dispen-</strong></span> 
     </span>
    </p>
   </div>
   <div class='ocr_carea' id='block_1_109' title="bbox 2077 5296 3675 5366">
    <p class='ocr_par' dir='ltr' id='par_1_109' title="bbox 2077 5296 3675 5366">
     <span class='ocr_line' id='line_1_109' title="bbox 2077 5296 3675 5366; baseline -0.002 -14"><span class='ocrx_word' id='word_1_882' title='bbox 2077 5304 2191 5359; x_wconf 92' lang='lat' dir='ltr'><strong>sat,</strong></span> <span class='ocrx_word' id='word_1_883' title='bbox 2221 5298 2425 5351; x_wconf 86' lang='lat' dir='ltr'><strong>virtute</strong></span> <span class='ocrx_word' id='word_1_884' title='bbox 2448 5304 2811 5353; x_wconf 87' lang='lat' dir='ltr'><strong>consummat.</strong></span> <span class='ocrx_word' id='word_1_885' title='bbox 2840 5296 2937 5351; x_wconf 89' lang='lat' dir='ltr'><strong>llic</strong></span> <span class='ocrx_word' id='word_1_886' title='bbox 2990 5314 3087 5353; x_wconf 90' lang='lat' dir='ltr'><strong>nec</strong></span> <span class='ocrx_word' id='word_1_887' title='bbox 3126 5297 3293 5351; x_wconf 81' lang='lat' dir='ltr'><strong>videri</strong></span> <span class='ocrx_word' id='word_1_888' title='bbox 3335 5306 3512 5366; x_wconf 87' lang='lat' dir='ltr'><strong>potest</strong></span> <span class='ocrx_word' id='word_1_889' title='bbox 3552 5296 3675 5349; x_wconf 63' lang='lat' dir='ltr'><strong>visu</strong></span> 
     </span>
    </p>
   </div>
   <div class='ocr_carea' id='block_1_110' title="bbox 2078 5388 3681 5458">
    <p class='ocr_par' dir='ltr' id='par_1_110' title="bbox 2078 5388 3681 5458">
     <span class='ocr_line' id='line_1_110' title="bbox 2078 5388 3681 5458; baseline 0 -14"><span class='ocrx_word' id='word_1_890' title='bbox 2078 5388 2281 5444; x_wconf 88' lang='lat' dir='ltr'><strong>clarior</strong></span> <span class='ocrx_word' id='word_1_891' title='bbox 2309 5399 2420 5452; x_wconf 90' lang='lat' dir='ltr'><strong>est;</strong></span> <span class='ocrx_word' id='word_1_892' title='bbox 2456 5403 2559 5445; x_wconf 91' lang='lat' dir='ltr'><strong>nec</strong></span> <span class='ocrx_word' id='word_1_893' title='bbox 2588 5389 3006 5456; x_wconf 88' lang='lat' dir='ltr'><strong>comprehendi,</strong></span> <span class='ocrx_word' id='word_1_894' title='bbox 3039 5400 3178 5445; x_wconf 90' lang='lat' dir='ltr'><strong>tactu</strong></span> <span class='ocrx_word' id='word_1_895' title='bbox 3214 5388 3397 5458; x_wconf 89' lang='lat' dir='ltr'><strong>purior</strong></span> <span class='ocrx_word' id='word_1_896' title='bbox 3427 5402 3542 5453; x_wconf 70' lang='lat' dir='ltr'><strong>esr;</strong></span> <span class='ocrx_word' id='word_1_897' title='bbox 3576 5403 3681 5444; x_wconf 88' lang='lat' dir='ltr'><strong>nec</strong></span> 
     </span>
    </p>
   </div>
   <div class='ocr_carea' id='block_1_111' title="bbox 2082 5482 3671 5500">
    <p class='ocr_par' dir='ltr' id='par_1_111' title="bbox 2082 5482 3671 5500">
     <span class='ocr_line' id='line_1_111' title="bbox 2082 5482 3671 5500; baseline 0 0"><span class='ocrx_word' id='word_1_898' title='bbox 2082 5482 2336 5500; x_wconf 56' lang='lat' dir='ltr'><strong>“-IZ--.-__3</strong></span> <span class='ocrx_word' id='word_1_899' title='bbox 2394 5482 2559 5500; x_wconf 57' lang='lat' dir='ltr'><strong>-n..-2l</strong></span> <span class='ocrx_word' id='word_1_900' title='bbox 2604 5496 2643 5500; x_wconf 73' lang='lat'><strong>_-</strong></span> <span class='ocrx_word' id='word_1_901' title='bbox 2676 5482 2847 5500; x_wconf 48' lang='grc' dir='ltr'><strong>-.λι-ΞΑ..</strong></span> <span class='ocrx_word' id='word_1_902' title='bbox 2878 5491 2949 5500; x_wconf 76' lang='grc' dir='ltr'><strong>--ι</strong></span> <span class='ocrx_word' id='word_1_903' title='bbox 3011 5483 3066 5500; x_wconf 66' lang='lat' dir='ltr'><strong>l‘.</strong></span> <span class='ocrx_word' id='word_1_904' title='bbox 3102 5482 3112 5492; x_wconf 84' lang='grc'><strong><em>⁸</em></strong></span> <span class='ocrx_word' id='word_1_905' title='bbox 3140 5482 3211 5500; x_wconf 72' lang='grc' dir='ltr'><strong>Ι--</strong></span> <span class='ocrx_word' id='word_1_906' title='bbox 3250 5482 3321 5500; x_wconf 69' lang='grc' dir='ltr'><strong>-Ϊ-</strong></span> <span class='ocrx_word' id='word_1_907' title='bbox 3367 5496 3475 5500; x_wconf 80' lang='lat'><strong>______</strong></span> <span class='ocrx_word' id='word_1_908' title='bbox 3534 5482 3671 5500; x_wconf 53' lang='lat' dir='ltr'><strong>l3---</strong></span> 
     </span>
    </p>
   </div>
  </div>
