4516 5500
886 450 989 505 387

1978 452 2269 507 657.0315
2303 453 2591 510 ABBATIS
2634 458 3104 514 DERTONISNSIS

4039 472 4143 526 583

885 558 1060 613 cludi?
1101 558 1156 611 In
1204 566 1383 612 nostra
1438 558 1765 610 dedicandus
1817 571 1896 612 est
1949 570 2146 625 mente,
2198 564 2246 613 in
2280 572 2463 616 nostro
2494 577 2538 631 Λ
2572 567 2909 621 hocfacitein
2928 578 3701 633 mcamcommcmorationem.
3724 580 3893 635 Simili
3914 584 4068 636 modo
4092 595 4145 639 et

883 650 1284 705 consecrandus
1339 658 1422 701 est
1474 658 1711 715 pectore.
1768 646 1873 702 Nec
1935 664 2126 703 nomen
2178 650 2269 704 Dei
2321 667 2465 719 qua:-

886 760 973 796 ras
993 784 1006 806 ,
1039 752 1144 795 etc.

1097 832 1225 886 Car.
1254 831 1383 885 Xlll.
1405 862 1470 891 έ-
1497 832 1815 900 Augustinus
1848 833 1910 885 de
1937 832 2032 885 Dei
2062 832 2245 885 Verbo.

950 924 1067 977 Jam
1091 938 1187 977 vos
1210 922 1390 975 nmndi
1414 922 1544 975 estis
1570 931 1790 990 propter
1824 924 2045 977 verbum
2076 925 2216 991 quod
2253 926 2461 978 loculus

879 1033 996 1071 sum
1026 1015 1199 1069 vobis.
1229 1015 1405 1080 Quare
1437 1028 1540 1067 non
1573 1015 1645 1065 ait
1677 1032 1688 1064 :
1724 1012 1902 1066 Mundi
1944 1017 2074 1069 estis
2116 1026 2332 1085 propter
2370 1018 2462 1070 ba-

879 1104 1131 1172 ptismum
1166 1118 1273 1171 quo
1302 1102 1467 1155 abluti
1496 1102 1657 1166 estis;
1683 1102 1773 1155 sed
1802 1103 1912 1156 ait:
1948 1102 2172 1172 Pr0pter
2207 1107 2423 1158 verbum
2444 1146 2458 1168 ,

878 1197 1020 1263 quod
1053 1196 1262 1248 locutus
1284 1210 1399 1247 sum
1426 1195 1596 1258 vobis,
1630 1196 1729 1247 nisi
1758 1196 1881 1264 quia
1906 1205 1958 1248 et
1985 1197 2035 1248 in
2067 1212 2204 1264 aqua
2239 1199 2456 1250 verbum

878 1287 1121 1338 mundat.
1156 1285 1386 1339 Detrahe
1418 1286 1656 1346 verbum,
1687 1297 1733 1339 et
1757 1288 1883 1355 quid
1904 1297 2138 1355 estaqua
2163 1288 2264 1341 nisi
2288 1289 2460 1357 aqua?

876 1377 1100 1430 Accedit
1130 1378 1351 1429 verbum
1383 1378 1448 1428 ad
1480 1377 1836 1441 elementum,
1863 1386 1916 1430 et
1953 1377 2009 1429 lit
2036 1389 2457 1443 sacramentum,

876 1468 1039 1518 etiam
1074 1467 1243 1534 ipsum
1280 1475 1534 1534 tanquam
1565 1465 1775 1517 visibile
1821 1466 2061 1518 verbum.
2094 1465 2225 1519 Nam
2256 1467 2320 1519 de
2359 1467 2459 1519 hoc

876 1556 1064 1624 utique
1092 1556 1337 1617 dixerat,
1370 1554 1585 1622 quando
1638 1555 1801 1623 pedes
1851 1553 2128 1623 discipulis
2175 1555 2323 1608 lavit.
2357 1557 2455 1621 Qui

876 1644 1018 1697 lotus
1041 1652 1144 1705 est,
1169 1660 1275 1697 non
1299 1644 1500 1712 indiget
1532 1653 1588 1695 ut
1617 1644 1784 1705 lavet,
1813 1644 1906 1697 sed
1929 1654 2011 1696 est
2039 1646 2266 1697 mundus
2298 1654 2455 1698 totus.

881 1732 1033 1786 Unde
1074 1733 1172 1785 ista
1217 1741 1363 1785 tanta
1403 1733 1574 1785 virtus
1600 1748 1788 1800 aqua},
1821 1743 1880 1784 ut
1917 1748 2112 1801 corpus
2148 1742 2360 1802 tangat,
2406 1742 2459 1786 et.

876 1837 970 1874 cor
997 1822 1220 1886 abluat,
1265 1822 1367 1874 nisi
1402 1822 1634 1874 faciente
1674 1822 1875 1875 verbo?
1924 1821 2037 1875 Non
2082 1824 2207 1890 quia
2240 1825 2454 1889 dicitur,

2569 658 2789 711 calicem
2823 670 3105 730 postquam
3132 672 3406 718 'cmnatum
3457 677 3539 721 est
3568 668 3753 724 dicens
3788 690 3799 722 :
3835 670 3943 726 Hoc
3972 688 4142 740 pocu-

2567 744 2674 799 lum
2720 762 2914 801 novum
2944 758 3328 807 testamentum
3356 764 3439 809 est
3470 757 3520 810 in
3553 773 3669 812 meo
3709 763 4006 829 sanguine;
4042 765 4146 817 hoc

2566 835 2725 889 facite
2778 839 2829 892 in
2878 856 3051 894 meam
3112 849 3700 903 commemorationem.
3755 852 4002 906 Ostendit
4039 855 4146 907 illis

2565 928 2878 997 mysterium
2907 932 3244 986 eucharistize
3278 936 3416 989 inter
3437 940 3757 991 cccnandum
3806 942 4141 995 celebratum

2565 1032 2667 1069 non
2700 1034 2908 1073 caenam
2937 1037 3077 1076 esse.
3106 1023 3366 1079 Medicina
3398 1028 3539 1079 enim
3569 1030 3864 1096 spiritualis
3894 1040 3995 1095 cst,
4021 1048 4145 1101 qua:

2565 1120 2684 1160 Cum
2733 1114 3033 1167 reverentia
3087 1115 3366 1183 degustata
3422 1120 3668 1186 purificat
3713 1121 3812 1173 sibi
3862 1124 4138 1175 devotum.

2564 1194 2837 1263 Siquidem
2867 1204 3124 1255 memoria
3159 1206 3543 1274 redemptionis
3574 1220 3769 1262 uostrre
3798 1220 3902 1271 est,
3942 1222 3996 1263 ut
4026 1212 4136 1265 Re-

2563 1285 2857 1355 demptoris
2889 1307 3175 1355 memores,
3203 1297 3408 1363 majora
3448 1298 3515 1350 ab
3544 1314 3609 1351 eo
3641 1303 3895 1368 consequi
3929 1318 4141 1356 merea-

2566 1392 2702 1440 ntur,
2756 1392 2983 1434 mortem
3026 1383 3233 1438 Domini
3276 1390 3682 1451 annuutiantes,
3719 1394 3888 1445 donec
3935 1397 4141 1448 veniat.

2564 1467 2695 1531 Quia
2729 1472 2871 1523 enim
2921 1484 3091 1526 morte
3123 1475 3331 1530 Domini
3369 1477 3579 1533 liberati
3626 1496 3834 1546 smnus,
3872 1484 4030 1553 hujus
4064 1485 4146 1538 rei

2564 1574 2826 1614 memores
2863 1562 2912 1614 in
2953 1565 3158 1618 edendo
3205 1577 3257 1620 et
3297 1572 3529 1636 potando
3573 1589 3790 1625 carnem
3839 1582 3891 1626 et
3922 1576 4147 1642 sangui-

2563 1664 2704 1712 nem,
2742 1668 2859 1719 qtt:e
2900 1670 2996 1722 pro
3028 1656 3180 1709 nobis
3225 1658 3401 1711 ablata
3432 1669 3588 1725 sunt,
3640 1663 4008 1732 significamus
4038 1681 4140 1717 no—

2562 1754 2685 1791 vum
2739 1749 3112 1797 testamentum
3168 1747 3220 1799 in
3276 1748 3359 1802 his
3390 1752 3655 1813 consueti,
3704 1756 3845 1821 quod
3890 1764 3972 1807 est
4001 1770 4140 1807 nova

2564 1828 2671 1891 lex,
2713 1846 2831 1898 quae
2873 1832 3207 1889 obedientem
3243 1838 3343 1890 sibi
3390 1840 3551 1892 tradit
3599 1841 3908 1895 ccelestibus
3936 1845 4138 1911 regnis.

874 1914 969 1968 sed
1003 1914 1125 1982 quia
1172 1913 1429 1967 creditur.
1467 1912 1599 1965 Nam
1646 1922 1700 1965 et
1748 1914 1801 1966 in
1854 1915 1968 1981 ipso
2005 1917 2169 1969 verbo
2216 1916 2352 1970 alius
2376 1928 2459 1970 est
2493 1930 2530 1986 η
2564 1919 2693 1973 Nam
2737 1932 2789 1975 et
2839 1923 3046 1993 Moyses
3095 1939 3316 1995 accepto
3355 1932 3615 1999 sanguine
3663 1934 3812 1986 vituli
3862 1935 3913 1986 in
3954 1944 4142 2001 patera

875 2017 1040 2057 sonus
1070 2004 1355 2065 transiens,
1392 2002 1534 2055 aliud
1572 2003 1743 2055 virtus
1790 2018 2036 2067 manens,
2078 2005 2180 2059 hoc
2225 2015 2308 2059 est
2335 2022 2457 2059 ver-

875 2097 999 2148 bum
1031 2094 1175 2158 fidei,
1216 2095 1358 2162 quod
1402 2094 1784 2162 przedicamus.
1827 2095 1915 2147 Ait
1959 2095 2249 2164 Apostolus
2278 2116 2288 2149 :
2322 2098 2455 2162 Quia

873 2188 915 2239 si
969 2185 1250 2240 conifessus
1305 2185 1469 2239 fueris
1522 2186 1573 2238 in
1627 2200 1723 2239 ore
1759 2195 1853 2238 tuo
1902 2188 2027 2255 quia
2080 2187 2336 2242 Dominus
2378 2196 2459 2241 est

871 2276 1051 2341 Jesus,
1098 2286 1150 2330 et
1182 2275 1482 2329 credideris
1524 2276 1577 2328 in
1623 2276 1785 2328 corde
1832 2283 1923 2329 tuo
1966 2277 2092 2345 quia
2124 2276 2267 2330 Deus
2309 2277 2456 2331 illum

872 2366 1157 2419 suscitavit
1188 2380 1215 2417 a
1256 2364 1506 2427 mortuis,
1549 2364 1730 2417 salvus
1770 2364 1897 2418 eris.
1925 2364 2100 2418 Corde
2123 2366 2363 2419 creditur
2392 2368 2458 2419 ad

865 2459 1161 2526 justitiam,
1187 2472 1253 2510 ne
1282 2455 1422 2527 [ore]
1472 2464 1651 2508 autem
1698 2456 1756 2507 lit
1786 2455 2058 2509 confessio
2095 2457 2161 2508 ad
2206 2456 2453 2509 salutem.

875 2549 1025 2602 Unde
1057 2557 1107 2601 et
1134 2548 1185 2600 in
1213 2547 1436 2601 Actibus
1464 2544 1827 2614 apostolorum
1861 2545 2055 2615 legitur
2082 2562 2093 2597 :
2128 2545 2258 2599 Fide
2302 2562 2458 2597 mun-

871 2644 1007 2695 dans
1042 2641 1202 2695 corda
1226 2655 1435 2694 eorum.
1468 2640 1532 2692 Et
1558 2640 1609 2692 in
1638 2639 1873 2707 Epistula
1904 2655 2000 2692 sua
2032 2638 2093 2693 Β.
2124 2638 2344 2692 Petrus:
2369 2641 2457 2694 Sic

870 2742 925 2785 et
956 2748 1072 2795 vos,
1120 2732 1313 2799 inquit,
1346 2732 1615 2799 baptisma
1666 2730 1847 2784 salvos
1897 2730 2080 2793 faciet,
2118 2747 2226 2783 non
2281 2733 2457 2784 carnis

870 2822 1135 2891 depositio
1180 2822 1418 2873 sordium
1447 2860 1461 2884 ,
1510 2821 1603 2874 sed
1650 2821 1999 2875 conscientia:
2042 2821 2194 2875 bonae
2228 2822 2457 2875 interro-

868 2913 1035 2982 gatio,
1070 2914 1170 2966 hoc
1205 2920 1288 2966 est
1320 2912 1543 2966 verbum
1592 2912 1714 2965 fidei
1748 2913 1891 2980 quod
1916 2913 2311 2980 praedicamus,
2348 2928 2453 2981 qua

867 3002 985 3056 sine
1014 3002 1196 3064 dubio,
1242 3012 1301 3054 ut
1340 3002 1602 3055 mundare
1630 3003 1834 3069 possit,
1880 3012 2231 3056 consecratur
2265 3013 2318 3056 ct
2364 3005 2454 3057 ba-

867 3094 1116 3161 ptismus.
1151 3092 1397 3146 Christus
1424 3093 1622 3161 quippe
1668 3093 1949 3145 nobiscum
1982 3094 2105 3147 vitis
2140 3109 2260 3147 cum
2298 3093 2457 3147 Patre

870 3187 1105 3256 agricola
1139 3186 1327 3241 dilexit
1367 3186 1688 3251 Ecclesiam,
1718 3198 1772 3241 et
1802 3203 1858 3241 se
1887 3187 2061 3256 ipsum
2111 3190 2333 3242 tradidit
2358 3206 2456 3259 pro

2561 2012 2791 2077 aspersit
2837 2028 3000 2081 super
3034 2015 3170 2069 ﬁlios
3209 2018 3371 2090 Israel
3423 2023 3649 2075 dicens:
3684 2021 3797 2076 lloc
3829 2035 3911 2076 est
3962 2034 4132 2077 testa-

2563 2110 2800 2152 mentum
2833 2105 2973 2170 quod
3010 2105 3272 2173 disposuit
3300 2109 3557 2163 Dominus
3587 2112 3652 2163 ad
3682 2126 3792 2165 vos.
3828 2112 3939 2166 lloc
3968 2112 4137 2182 figura

2562 2184 2661 2239 fuit
2690 2192 2995 2244 testamenti
3035 2195 3176 2260 quod
3230 2195 3487 2251 Dominus
3520 2214 3713 2252 novum
3736 2202 4047 2269 appellavit,
4080 2212 4141 2257 ut

2562 2274 2689 2329 illud
2720 2288 2872 2333 vetus
2904 2282 2973 2333 sit
3007 2286 3148 2350 quod
3192 2283 3403 2354 Moyses
3454 2289 3692 2341 tradidit.
3733 2288 4137 2345 Testamentum

2561 2380 2689 2435 ergo
2717 2372 2976 2438 sanguine
3002 2375 3357 2428 constitutum
3383 2386 3483 2441 est,
3513 2379 3637 2447 quia
3684 2381 3930 2436 beneficii
3973 2384 4141 2439 divini

2562 2461 2837 2526 sanguinis
2892 2464 3042 2516 testis
3091 2476 3201 2529 est,
3255 2468 3306 2519 in
3356 2471 3508 2538 cujus
3547 2478 3729 2541 typum
3777 2488 3875 2526 nos
3915 2474 4137 2528 calicem

2563 2550 2846 2617 mysticum
2892 2554 2957 2606 ad
3000 2556 3277 2609 tuitionem
3329 2561 3573 2627 corporis
3615 2572 3671 2615 et
3718 2565 3998 2632 sanguinis
4026 2604 4040 2627 ,
4086 2576 4139 2616 et

2561 2639 2752 2690 anima:
2791 2641 3136 2709 percipimus,
3184 2646 3308 2714 quia
3337 2651 3555 2717 sanguis
3585 2652 3790 2707 Domini
3821 2658 4136 2727 sanguinem

2564 2742 2801 2785 nostrum
2836 2736 3077 2799 redemit,
3112 2739 3162 2792 id
3186 2750 3267 2794 est
3295 2750 3463 2795 totum
3501 2744 3772 2802 hominem
3816 2752 4024 2804 salvum
4055 2754 4135 2805 fc-

2561 2824 2651 2876 cit.
2696 2824 2834 2878 Caro
2862 2828 3003 2881 enim
3048 2828 3346 2886 Salvatoris
3375 2849 3471 2902 pro
3501 2837 3671 2891 salute
3714 2843 3974 2909 corporis,
4014 2859 4141 2897 san-

2560 2917 2677 2980 guis
2708 2931 2835 2969 vero
2864 2933 2963 2986 pro
2986 2920 3163 2974 anima
3198 2934 3383 2977 nostra
3425 2925 3626 2981 effusus
3657 2939 3771 2993 est,
3812 2932 3952 2985 sicut
3986 2935 4137 3001 prius

2560 3004 2957 3073 prmftguratum
3013 3007 3187 3062 fuerat
3235 3027 3265 3065 a
3318 3012 3538 3083 Moyse:
3597 3015 3755 3081 Caro,
3805 3020 4010 3089 inquit,
4040 3037 4137 3089 pro

2559 3106 2784 3160 corpore
2812 3104 2991 3150 vestro
3032 3097 3275 3162 offertur,
3335 3106 3554 3171 sanguis
3597 3120 3726 3160 vero
3775 3125 3872 3176 pro
3924 3111 4137 3175 anima,

2560 3181 2787 3252 ideoque
2820 3202 2923 3239 non
2952 3189 3382 3245 manducandum
3426 3198 3762 3263 sanguinem.
3799 3201 3982 3271 Itaque
4020 3209 4144 3274 qui-

868 3292 951 3329 ca.
983 3276 1121 3346 Lege
1145 3276 1486 3345 Apostolum,
1518 3284 1571 3328 et
1609 3276 1733 3329 vide
1758 3277 1886 3343 quid
1916 3277 2172 3346 adjuugat
2199 3295 2211 3329 :
2241 3277 2306 3331 Ut
2330 3294 2449 3331 eam
2480 3269 2523 3328 C
2556 3288 2767 3342 cunque
2812 3278 2984 3331 ederit
3035 3294 3231 3347 panem
3292 3283 3433 3339 hunc
3458 3327 3471 3347 ,
3514 3297 3607 3341 aut
3665 3290 3863 3346 biberit
3897 3269 4135 3349 ﬁcalic—cnt

869 3366 1254 3429 sanctificaret,
1295 3365 1492 3432 inquit,
1527 3365 1797 3418 mundans
1824 3379 1943 3417 eam
1974 3365 2190 3420 lavacro
2218 3382 2371 3436 aqum
2399 3368 2449 3419 in

868 3460 1053 3513 verbo.
1088 3457 1364 3511 Mundatio
1409 3458 1574 3526 igitur
1624 3471 1966 3525 nequaquam
2017 3456 2160 3511 fluxo
2209 3466 2263 3511 et
2309 3458 2455 3511 labili

870 3551 1200 3604 tribueretur
1244 3548 1553 3611 elemento,
1604 3548 1706 3602 nisi
1756 3549 2045 3602 adderetur
2073 3551 2125 3601 in
2156 3550 2304 3603 verbo
2357 3550 2453 3619 (5).

869 3638 981 3693 lloc
1012 3640 1234 3692 verbum
1266 3637 1389 3692 fidei
1436 3645 1645 3691 tantum
1692 3636 1833 3691 valet
1879 3639 1931 3690 in
1965 3638 2207 3693 Ecclesia
2260 3639 2373 3703 Dei,
2400 3649 2457 3691 ut

869 3744 966 3799 per
1000 3730 1170 3798 ipsam
1216 3729 1527 3783 credentem
1555 3766 1570 3791 ,
1621 3726 1935 3780 offerentem
1961 3769 1975 3792 ,
2024 3728 2454 3790 benedicentcm,

870 3820 1190 3888 tingentem,
1223 3819 1384 3871 etiam
1419 3815 1687 3869 tantillum
1716 3818 1938 3869 mundet
1966 3815 2246 3880 infantem,
2275 3832 2457 3885 quam-

867 3909 949 3962 vis
980 3909 1213 3961 nondum
1244 3907 1511 3960 valentem
1541 3905 1705 3960 corde
1740 3906 1962 3959 credere
2007 3907 2071 3958 ad
2111 3906 2377 3975 jnszitiam
2404 3915 2459 3957 et

867 4012 962 4052 ore
986 3996 1231 4051 confiteri
1266 3996 1329 4048 ad
1356 3996 1607 4050 salutem.
1637 3994 1832 4048 Totum
1866 3994 1967 4048 hoc
2009 3994 2064 4046 fit
2090 4010 2186 4063 per
2206 3994 2453 4057 verbum,

867 4088 934 4142 de
962 4103 1068 4156 quo
1099 4088 1360 4141 Dominus
1391 4087 1466 4140 ait
1516 4105 1529 4138 :
1563 4085 1681 4140 Jam
1714 4102 1810 4140 vos
1854 4086 2036 4140 mundi
2077 4088 2209 4140 estis
2239 4095 2459 4155 propter

870 4179 1093 4233 verbum
1127 4179 1269 4247 quod
1300 4178 1508 4231 locutus
1546 4193 1665 4232 sum
1696 4178 1870 4232 vobis.

867 4290 997 4344 CAP.
1023 4288 1314 4343 XlV.—De
1332 4288 1502 4341 libello
1530 4286 1803 4341 Pusclmsii
1831 4287 2143 4340 Rutbertiud
2162 4286 2457 4339 Placidium

939 4361 1280 4427 discipulum,
1312 4358 1508 4411 Christi
1534 4359 1950 4410 communionem
1982 4374 2155 4410 verum
2203 4373 2387 4425 corpus
2410 4367 2456 4409 et

940 4430 1247 4498 sanguinem
1289 4445 1399 4482 esse
1422 4445 1525 4481 non
1548 4428 1915 4481 dubitandum.

939 4541 1176 4609 Quisque
1201 4540 1592 4595 catholicorum
1627 4548 1771 4592 recte
1818 4537 1985 4591 Deum
2020 4548 2213 4592 cuncta
2242 4552 2457 4591 creasse

868 4633 937 4686 de
968 4632 1136 4685 nihilo
1170 4631 1333 4686 corde
1369 4630 1559 4695 credit,
1605 4638 1710 4684 etc.

942 4721 1311 4792 (Subsequitur
1354 4739 1482 4792 pene
1527 4724 1726 4793 integer
1771 4719 2045 4775 Paschasii
2093 4719 2297 4774 libellus
2336 4722 2453 4790 jam

871 4816 1004 4868 alius
1043 4814 1256 4884 editus.)

872 4926 999 4979 (ΖΑΡ.
1035 4924 1273 4979 XXXVI.
1305 4957 1372 4966 —
1407 4926 1548 4991 Quid
1573 4928 1728 4997 digne
1772 4928 1848 4980 vel
1884 4929 2094 4995 indigne
2135 4928 2453 4979 sumentihus

943 4997 1203 5050 Dominici
1261 5002 1493 5065 corporis
1551 5009 1600 5050 et
1662 4998 1935 5067 sanguinis
1991 5007 2197 5065 praestet
2263 4998 2452 5047 cur/ti;-

943 5077 1111 5120 t'tstta.

944 5182 1217 5239 lnstruens
1264 5184 1459 5238 beatus
1508 5182 1800 5251 Apostolus
1830 5181 2142 5237 Corinthios
2172 5181 2236 5233 de
2278 5179 2457 5233 Domi-

874 5275 981 5330 nici
1030 5277 1271 5336 corporis
1316 5284 1373 5329 et
1411 5275 1691 5336 sanguinis
1734 5282 2100 5335 sacramento,
2149 5280 2209 5325 ut
2256 5270 2460 5325 scirent

2559 3362 2766 3415 Domini
2803 3363 3039 3434 indigne,
3078 3367 3303 3425 Dontino
3334 3389 3459 3428 reus
3494 3378 3598 3429 erit
3638 3382 3884 3448 corporis
3914 3393 3967 3436 et
4012 3399 4139 3437 san-

2556 3452 2731 3519 guinis
2761 3451 2997 3506 Domini.
3023 3455 3302 3525 lndignum
3329 3460 3457 3516 dicit
3483 3479 3602 3519 esse
3629 3468 3873 3533 Domino,
3906 3474 4139 3539 qualiter

2558 3542 2871 3611 mysterium
2906 3543 3163 3609 celebrat,
3212 3551 3351 3617 quod
3382 3552 3450 3605 ab
3482 3569 3547 3609 eo
3580 3558 3834 3612 traditum
3866 3572 3966 3616 cst.
4019 3563 4138 3619 Non

2557 3630 2698 3682 enim
2728 3640 2903 3698 potest
2926 3634 3151 3689 devotus
3181 3652 3320 3705 esse,
3346 3641 3435 3709 qui
3470 3642 3629 3698 aliter
3654 3651 3933 3715 prtesumit
3977 3667 4139 3718 quam

2558 3722 2741 3775 datum
2772 3733 2855 3778 est
2894 3727 2962 3780 ab
2986 3738 3224 3782 auctore.
3258 3732 3380 3786 Ideo
3416 3749 3713 3802 praemonet
3752 3750 3807 3794 ut
3837 3745 4135 3799 secundum

2557 3814 2799 3869 ordinem
2844 3818 3096 3873 traditum
3147 3823 3339 3877 devota
3392 3842 3543 3882 mens
3595 3832 3666 3884 sit
3717 3836 4023 3890 accedentis
4071 3839 4142 3892 ad

2559 3903 2940 3959 eucharistiam
2995 3908 3226 3976 Domini,
3276 3918 3530 3982 quoniam
3589 3919 3827 3974 futurum
3871 3934 3951 3978 est
3993 3925 4144 3994 judi-

2559 3995 2723 4058 cium,
2770 4006 2827 4049 ut
2854 4002 3303 4066 quemadmodum
3334 4008 3543 4061 accedit
3592 4015 3978 4082 unbsquismte,
4016 3999 4141 4072 red-

2560 4089 2651 4141 dat
2677 4105 2870 4145 causas
2901 4092 3065 4179 indie
3104 4094 3315 4151 Domini
3368 4102 3539 4154 nostri
3568 4101 3692 4157 Jesu
3737 4106 3938 4160 Christi
3968 4127 3980 4160 :
4008 4111 4135 4179 quia

2561 4176 2674 4230 sine
2730 4175 3011 4249 disciplina
3065 4186 3371 4243 traditionis
3431 4199 3487 4243 et
3559 4197 3988 4251 conversationis
4025 4175 4137 4268 ἠιιί

2560 4266 2843 4332 accedunt,
2892 4271 2967 4324 rei
2998 4282 3121 4326 sunt
3167 4279 3410 4345 corporis
3466 4288 3521 4333 et
3576 4284 3857 4353 sanguinis
3900 4266 4136 4353 Domini.

2561 4356 2698 4422 Quid
2725 4368 2809 4413 est
2854 4371 3033 4416 autem
3067 4380 3187 4419 reos
3216 4381 3355 4432 esse,
3406 4371 3506 4424 nisi
3537 4387 3727 4438 poenas
3773 4376 3902 4430 dare
3946 4379 4141 4431 mortis

2563 4449 3067 4509 Domini?0ccisus
3112 4467 3196 4511 est
3240 4460 3380 4512 enim
3414 4477 3511 4529 pro
3551 4463 3635 4518 his
3682 4466 3770 4534 qui
3819 4467 4138 4522 beneficium

2561 4542 2677 4610 ejus
2725 4543 2936 4598 irritum
2969 4547 3189 4602 ducunt.
3220 4550 3414 4605 Probet
3443 4563 3622 4607 autem
3672 4572 3728 4610 se
3758 4558 3917 4611 homo
3937 4599 3949 4623 ,
3984 4569 4037 4612 et
4059 4562 4143 4614 sic

2562 4635 2628 4686 de
2662 4650 2800 4703 pane
2822 4637 2963 4701 edat,
2998 4648 3051 4692 et
3073 4641 3139 4693 de
3161 4642 3353 4709 poculo
3382 4645 3568 4709 bibat;
3605 4648 3693 4715 qui
3726 4649 3870 4701 enim
3914 4652 4142 4704 mandu-

2559 4737 2645 4780 cat
2697 4738 2749 4782 et
2806 4730 2941 4783 bibit
2991 4732 3247 4800 indigne,
3296 4735 3559 4804 judicium
3613 4741 3711 4793 sibi
3772 4742 4055 4796 matnlucat
4085 4754 4143 4798 et

2558 4819 2732 4884 bibit,
2802 4836 2906 4874 non
2967 4823 3279 4879 discernens
3355 4844 3548 4897 corpus
3616 4831 3847 4885 Domini.
3935 4834 4141 4889 Devoto

2560 4913 2739 4980 itaque
2767 4914 2948 4967 animo
2980 4922 3032 4967 et
3081 4930 3201 4969 cum
3255 4917 3448 4972 timore
3494 4922 3853 4978 accedendum
3888 4926 3954 4980 ad
3984 4941 4139 4981 com-

2560 5004 2865 5057 munionem
2898 5004 3071 5070 docet,
3104 5016 3161 5059 ut
3192 5008 3329 5063 sciat
3372 5025 3523 5065 mens
3552 5016 3911 5069 reverentiam
3943 5032 4002 5071 se
4045 5018 4141 5071 de-

2560 5093 2688 5147 bcre
2737 5095 2785 5148 ei
2823 5095 2888 5147 ad
2944 5094 3094 5162 cujus
3148 5113 3342 5167 corpus
3390 5103 3708 5157 sumendum
3753 5108 3981 5160 accedit.
4026 5107 4141 5162 Hoc

2560 5185 2703 5237 enim
2733 5186 2873 5255 apud
2913 5201 2972 5240 se.
3009 5188 3167 5241 debet
3202 5189 3479 5256 judicare,
3523 5195 3612 5262 qui
3644 5196 3825 5259 sumit,
3858 5200 3983 5266 quia
4029 5198 4139 5251 Do-

2562 5277 2740 5332 minus
2789 5287 2891 5336 est.
2940 5277 3092 5336 cuius
3144 5282 3401 5335 mvsterio
3454 5286 3766 5336 sanguinem
3821 5296 3991 5336 notat.
4047 5289 4138 5336 ηιιί
