4516 5500
394 328 501 386 589

1251 327 1447 382 LIBER
1490 327 1574 381 DE
1611 324 1928 381 CORPORF.
1972 320 2056 375 ΕΤ
2098 322 2440 379 ΞᾹΝΟΙΣΙΝΕ
2480 325 2769 380 CHRISTI.

3547 333 3651 387 390

396 454 591 509 corpus
623 439 853 501 Domini,
893 438 1003 505 jam
1037 438 1122 491 hic
1174 439 1462 508 Imaginem
1503 438 1689 505 judicii
1734 436 1970 491 ostendit
1999 436 2045 491 Α
2074 434 2288 487 nionem
2342 436 2584 503 suspensi
2639 445 2844 489 terrore
2885 434 3123 501 ejusdem
3180 436 3544 503 exclusiouis,
3596 452 3647 493 et

397 531 451 584 in
496 544 589 583 eos
635 529 726 598 qui
788 528 1181 583 inconsiderate
1233 543 1427 598 corpus
1465 529 1672 581 Domini
1741 542 1966 595 accepe-

397 631 542 684 rant,
590 620 713 673 dum
746 617 985 672 febribus
1009 627 1061 672 et
1092 618 1496 673 infirmitatibus
1519 618 1968 687 corripiebantur,

393 720 449 765 et
477 708 626 763 multi
660 708 1047 773 moriebantur,
1081 717 1138 760 ut
1173 709 1224 761 in
1259 709 1339 762 his
1382 708 1559 763 caeteri
1594 708 1878 772 discerent,
1920 716 1973 760 et

396 815 687 869 paucorum
714 798 960 868 exemplo
983 798 1162 853 caueri
1190 798 1362 852 territi
1394 798 1833 863 emendareutur,
1864 812 1969 851 non

396 888 625 942 inultum
673 888 907 942 scientes
951 902 1148 957 corpus
1192 888 1401 943 Domini
1449 888 1777 958 negligenter
1827 890 1971 942 acci-

393 992 544 1047 pere,
572 987 626 1030 et
648 991 769 1030 eum
799 992 957 1046 quem
984 976 1071 1031 hic
1114 992 1271 1046 pmna
1310 976 1595 1039 distulerit,
1620 977 1834 1044 gravius
1864 986 1973 1029 tra-

395 1066 648 1119 ctandum
676 1064 818 1127 fore,
848 1066 971 1132 quia
1017 1065 1335 1134 contempsit
1372 1064 1694 1133 exemplum.
1744 1068 1894 1131 Quod
1929 1067 1972 1120 si

396 1156 757 1225 nosmetipsos
795 1156 1247 1219 discerneremus,
1294 1172 1401 1210 non
1431 1158 1615 1225 utique
1643 1156 1967 1223 dijudicare'

397 1265 535 1301 mur.
565 1248 698 1301 Dum
729 1248 1037 1315 judicamur
1060 1259 1239 1303 autem
1260 1290 1273 1313 ,
1304 1264 1332 1328 a
1362 1250 1590 1303 Domino
1619 1251 1970 1319 corripimur,

396 1349 452 1392 ut
484 1354 589 1394 nou
621 1356 741 1394 cum
790 1341 891 1395 hoc
925 1342 1122 1395 mundo
1149 1341 1485 1395 damncmur.
1517 1341 1629 1396 Hoc
1665 1341 1815 1407 dicit,
1849 1342 1972 1411 quia

393 1431 438 1483 si
467 1430 784 1499 nosmetipsi
816 1445 1030 1485 errores
1075 1439 1288 1483 nostros
1336 1430 1730 1498 corrigeremus
1752 1471 1765 1495 ,
1810 1446 1916 1484 non
1944 1446 1971 1483 a

394 1521 622 1575 Domino
646 1520 1035 1589 judicaremur,
1068 1529 1121 1573 et
1147 1521 1274 1588 quia
1298 1520 1641 1589 corripimur,
1673 1530 1850 1574 tamen
1876 1536 1975 1591 pro

392 1611 549 1664 nobis
568 1620 670 1675 est,
704 1618 762 1664 ut
790 1611 980 1663 timore
1004 1612 1119 1678 ipso
1149 1609 1518 1664 emendemur.
1546 1611 1602 1665 In
1627 1612 1811 1681 paucis
1831 1614 1972 1666 enim

392 1701 633 1753 omnium
665 1709 748 1755 est
778 1700 1081 1755 emendatio
1111 1742 1125 1765 ,
1168 1716 1234 1755 ne
1263 1717 1382 1755 cum
1407 1702 1506 1755 hoc
1536 1703 1735 1755 mundo
1762 1744 1775 1765 ,
1810 1703 1858 1756 id
1891 1712 1974 1758 est

2074 525 2302 591 quodam
2355 525 2818 578 condenznatiouis
2868 526 3209 580 anathemate
3258 529 3649 597 compellantur

2074 614 2365 667 studiosius
2406 615 2737 682 pinnitcntize
2783 616 3236 670 medicamentmn
3281 628 3554 687 appetere,
3596 631 3650 673 et

2074 700 2282 755 avidius
2316 704 2693 769 rccuperandm
2720 702 2909 758 salutis
2939 704 3217 759 desideriis
3242 706 3467 761 inhiare.

2074 811 2202 867 Car.
2234 812 2472 887 XXXIX.
2504 845 2569 852 -
2596 813 2812 868 Judtros
2838 816 2919 887 Aab
2952 817 3095 869 omni
3126 830 3376 871 concentu
3417 820 3649 887 ﬁdelium

2146 886 2415 946 arcendos,
2459 886 2719 952 pra'cipuc
2761 885 2846 937 ubi
2895 887 3317 939 Christianorum
3364 885 3653 943 celebratur

2146 954 2359 1006 oblatio.

2148 1065 2202 1118 In
2245 1064 2609 1121 celebratione
2662 1077 2840 1121 autem
2885 1068 3019 1121 tanti
3062 1069 3303 1139 mysterii
3352 1072 3653 1126 cavendum

2077 1156 2230 1211 valde
2253 1165 2333 1211 est
2371 1174 2437 1212 ne
2466 1157 2718 1212 intersint
2744 1160 2977 1213 hzcrctici
3010 1160 3090 1213 vel
3120 1162 3349 1230 pagani;
3386 1163 3654 1231 praecipue

2077 1260 2204 1300 vero
2232 1246 2399 1301 Judaei
2437 1263 2541 1301 non
2574 1248 2745 1301 solum
2788 1263 2816 1300 a
2864 1248 3139 1303 liminibus
3168 1250 3430 1312 ecclesiae.
3465 1253 3558 1306 sed
3589 1252 3656 1305 ab

2077 1338 2219 1390 omni
2260 1354 2479 1407 prorsus
2525 1348 2790 1393 conventu
2835 1340 3067 1393 ﬁdelium
3114 1349 3239 1395 sunt
3278 1344 3516 1397 arcendi.
3559 1344 3656 1397 So-

2080 1426 2187 1481 lent
2214 1428 2358 1480 enim
2387 1428 2703 1497 nequissimi
2736 1438 2794 1483 ct
2834 1430 3183 1499 perditissimi
3213 1413 3451 1485 omnium
3485 1433 3657 1487 homi-

2080 1533 2205 1571 num
2250 1533 2370 1571 cum
2400 1519 2643 1588 principe
2682 1535 2779 1574 suo
2823 1521 3033 1574 diabolo
3065 1521 3319 1577 vitalibus
3364 1525 3655 1578 detrahere

2078 1606 2448 1670 sacramentis,
2500 1619 2867 1678 quantumque
2909 1610 2959 1661 in
2991 1610 3121 1678 ipsis
3160 1620 3261 1673 est,
3312 1627 3442 1665 ausu
3492 1612 3657 1681 impio

2077 1694 2284 1759 cOuari,
2326 1710 2432 1763 quo
2459 1696 2673 1749 valeant
2719 1698 2949 1766 pretium
2988 1698 3373 1766 redemptionis
3409 1701 3655 1755 humana:

392 1805 515 1842 cum
567 1788 889 1851 inﬁdelibus,
939 1790 1276 1843 damncmur.
1321 1789 1461 1843 Nihil
1509 1792 1652 1845 enim
1686 1790 1863 1846 diﬂ‘crt
1907 1794 1973 1847 ab
2006 1792 2049 1849 Β
2077 1784 2364 1854 Ρτοίθηπο
2392 1794 2554 1855 atque
2584 1787 2844 1855 POHUCI‘O.
2874 1789 3014 1857 quod
3046 1790 3173 1843 Olim
3204 1791 3499 1845 bealiSSimi
3530 1792 3652 1863 Syri

392 1877 616 1941 infideli,
655 1878 744 1948 qui
796 1878 1189 1934 inconsiderate
1236 1879 1301 1933 ad
1352 1895 1592 1935 mensam
1631 1883 1839 1937 Domini
1887 1899 1972 1939 ac-

392 1967 555 2021 cedit.

389 2056 545 2133 CAP.“
572 2058 835 2115 XXXVII.
885 2091 955 2101 —
1004 2061 1143 2126 Quid
1194 2062 1374 2116 beatus
1429 2072 1630 2133 martyr
1681 2063 1972 2132 Cyprianus

462 2130 684 2201 afﬁrmat
714 2147 768 2183 se
796 2142 1059 2201 #pm'sente
1105 2133 1380 2200 contigisse
1432 2134 1510 2185 liis
1544 2130 1633 2201 qui
1673 2130 1860 2199 polluti
1910 2136 1973 2186 de

464 2200 764 2268 idolothytis
784 2199 1042 2253 Dominici
1057 2199 1287 2270 corporis
1301 2212 1345 2254 et
1364 2199 1631 2271 sanguinis
1647 2214 1972 2256 sacramenta

461 2279 651 2323 ιεηιεγε
679 2283 1037 2337 susceperunt.

462 2356 754 2422 Przesente,
788 2358 984 2428 inquit,
1014 2373 1075 2413 ac
1121 2366 1254 2414 teste
1297 2375 1383 2413 me
1416 2360 1550 2428 ipso,
1591 2360 1817 2428 accipite
1846 2359 1973 2427 quid

394 2449 658 2503 evenerit.
693 2448 954 2503 Parentes
987 2449 1132 2503 foras
1157 2449 1441 2521 fugientes,
1478 2452 1603 2504 dum
1638 2452 1828 2519 trepidi
1870 2453 1970 2503 mi-

392 2553 495 2591 nus
526 2536 830 2603 consulunt,
854 2538 953 2591 sub
980 2538 1204 2593 nutricis
1229 2538 1485 2593 alimento
1501 2539 1779 2608 parvulam
1807 2539 1971 2592 tiliam

391 2626 677 2697 reliquere.
730 2626 994 2682 Relictam
1043 2630 1225 2683 nutrix
1279 2630 1469 2684 detulit
1516 2632 1582 2683 ad
1631 2631 1970 2699 magistrum.

390 2717 505 2772 Illic
532 2718 581 2773 ei
618 2719 758 2788 apud
791 2718 1011 2785 idolum,
1044 2734 1151 2788 quo
1180 2720 1411 2790 pOpulus
1452 2718 1754 2775 conﬂuebat
1784 2763 1797 2787 ,
1830 2724 1972 2791 quod

390 2823 611 2864 carnem
667 2810 894 2865 necdum
940 2820 1125 2880 posset
1171 2812 1333 2867 edere
1366 2827 1462 2881 per
1491 2821 1703 2867 :etatcm
1730 2853 1744 2878 ,
1778 2829 1971 2882 panem

391 2914 543 2955 mero
576 2902 817 2966 mistum,
858 2902 999 2971 quod
1040 2911 1215 2957 tamen
1244 2912 1298 2956 et
1322 2905 1493 2973 ipsum
1519 2905 1584 2958 de
1608 2904 1974 2959 immolatione

391 2990 730 3059 pereuntium
791 3001 1072 3061 supererat
1122 2993 1413 3047 tradidere.
1466 2992 1685 3064 Reliqua
1736 2994 1976 3063 tegantur

390 3079 533 3147 apud
555 3078 616 3133 S.
636 3078 978 3148 Cyprianum,
1006 3080 1097 3134 lib.
1130 3081 1206 3135 De
1228 3081 1406 3150 lapsis.

2077 1878 2405 1932 confessoris
2438 1890 2681 1947 tempore
2725 1880 3013 1934 manifeste
3043 1881 3435 1951 deprehensum
3470 1884 3659 1952 digna-

2074 1980 2177 2033 quc
2206 1976 2290 2019 est
2334 1966 2538 2022 ultione
2564 1969 2833 2036 punitum.
2879 1968 3124 2033 Qualiter
3169 1985 3295 2025 vero
3340 1980 3519 2025 actum
3563 1973 3653 2033 sit.

2073 2057 2196 2123 quia
2227 2073 2477 2126 magnam
2520 2061 2685 2113 habet
2729 2060 2938 2113 Domini
2984 2060 3217 2125 laudem,
3266 2063 3406 2117 sicut
3448 2064 3500 2118 in
3539 2065 3656 2118 Vita

2074 2147 2315 2215 przcdicti
2344 2146 2669 2202 confessoris
2694 2148 2910 2217 legitur,
2941 2150 3065 2203 huic
3092 2152 3325 2219 capitulo
3353 2155 3657 2221 putavimus

2076 2238 2440 2292 inserendum.
2490 2238 2751 2293 Perfectis
2792 2241 2956 2309 igitur
2990 2242 3169 2311 templi
3206 2244 3319 2297 sive
3349 2244 3537 2298 altaris
3567 2246 3660 2297 tle-

2076 2329 2365 2383 dicationis
2392 2332 2715 2401 insignibus,
2746 2333 3092 2388 beatissimus
3123 2334 3294 2406 Syrus
3316 2338 3659 2405 quotidianus

2078 2422 2185 2477 Deo
2229 2422 2413 2477 laudes
2452 2424 2503 2477 in
2536 2438 2600 2477 co
2646 2433 2700 2478 et
2743 2425 2949 2479 hostias
2998 2424 3274 2480 olTerebat.
3319 2426 3433 2482 Una
3479 2438 3655 2483 autem

2078 2514 2307 2579 dierum,
2342 2515 2469 2569 dum
2502 2517 2785 2569 missarum
2819 2517 3077 2570 solemnia
3106 2517 3398 2586 singularis
3419 2520 3657 2588 pontifex

2078 2602 2277 2657 ibidem
2328 2604 2662 2666 celebraret,
2718 2614 2770 2659 et
2830 2607 2983 2674 copia
3038 2606 3268 2659 tiliorum
3328 2607 3473 2675 ejus,
3523 2624 3661 2677 quos

2078 2694 2225 2748 verbi
2256 2696 2460 2749 semine
2480 2696 2636 2762 juxta
2668 2696 2985 2765 Apostolum
3018 2698 3125 2751 Deo
3157 2708 3436 2767 genuerat,
3463 2700 3656 2754 devota

2028 2801 2042 2816 ο
2078 2783 2282 2837 sanctis
2308 2785 2580 2852 mysteriis
2603 2786 2907 2850 interesset,
2936 2787 3194 2840 audacter
3215 2785 3431 2843 Judazus
3456 2789 3507 2841 in
3531 2805 3656 2842 eum

2081 2874 2374 2942 ingressus,
2409 2874 2643 2943 maligno
2671 2876 2963 2945 instigante
2994 2877 3210 2945 spiritu,
3251 2893 3446 2946 corpus
3476 2880 3659 2932 Domi-

2080 2964 2259 3018 nicmn
2293 2965 2587 3033 suscipere,
2618 2981 2851 3035 cumque
2881 2967 2930 3019 iu
2968 2968 3364 3038 Sterquilinium
3396 2969 3657 3038 projicere

2078 3052 2297 3107 molitus
2325 3061 2426 3106 est.
2463 3052 2561 3118 Qui
2597 3055 2738 3108 inter
2762 3054 2945 3109 turbas
2984 3056 3220 3110 ﬁdelium
3244 3058 3310 3111 ad
3340 3074 3530 3112 manus
3558 3061 3657 3114 viri

391 3143 521 3222 Car.
547 3143 830 3223 XXXVIII.
858 3200 930 3210 —
956 3169 1130 3234 Quare
1150 3143 1372 3235 peccatis
1398 3172 1756 3227 criminalibus
1790 3173 1971 3225 irretit.‘
2002 3153 2048 3216 ο
2082 3143 2171 3196 Dei
2217 3143 2559 3212 pervenienst
2603 3159 2736 3198 aus"
2781 3145 2987 3200 “emi”
3025 3148 3301 3202 imm'mdo
3342 3165 3436 3203 "re
3466 3166 3660 3220 ⁰⁰¹Ῥ¹¹³

658 3256 689 3292 a
725 3241 1065 3292 sacramentis
1100 3240 1384 3295 Dominicis
1413 3253 1712 3295 arceantur.

463 3330 598 3383 Cum
630 3329 817 3398 itaque
845 3329 957 3397 ipse
1004 3328 1172 3383 Filius
1200 3330 1291 3384 Dei
1321 3330 1465 3385 dicat
1498 3349 1509 3383 :
1545 3330 1681 3384 Caro
1727 3348 1840 3385 mea
1862 3348 1976 3385 uere

392 3428 467 3473 est
495 3418 661 3483 cibus,
706 3428 753 3469 et
800 3419 1013 3487 sanguis
1039 3435 1183 3471 meus
1221 3435 1334 3473 vere
1360 3428 1431 3472 est
1454 3429 1628 3489 potus,
1677 3421 1748 3474 ita
1775 3420 1974 3474 intelli-

394 3511 625 3580 gendum
648 3518 730 3564 est
752 3508 940 3563 eadem
963 3510 1347 3579 redemptionis
1372 3519 1567 3565 nostra:
1582 3512 1835 3581 mysteria
1855 3526 1977 3565 vere

396 3614 517 3653 esse
545 3614 740 3668 corpus
770 3607 824 3653 et
856 3599 1171 3669 sanguinem
1207 3600 1453 3665 Domini,
1488 3610 1543 3654 ut
1576 3601 1719 3656 illius
1758 3602 1978 3655 unitatis

398 3688 670 3759 perfectae,
698 3704 856 3757 quam
888 3704 1010 3743 cum
1036 3691 1211 3758 capite
1240 3700 1425 3745 nOstro
1452 3692 1563 3761 jam
1589 3707 1682 3760 spe
1708 3701 1890 3761 postca
1922 3707 1978 3747 re

338 3776 341 3777 ⁷
400 3779 721 3845 tenebimus,
744 3780 964 3850 pignora
986 3780 1208 3835 credere
1223 3781 1533 3835 debeamus.
1562 3781 1689 3837 Inde
1716 3791 1769 3836 et
1790 3797 1976 3837 sacra.

400 3881 579 3927 menta
610 3888 639 3926 a
673 3872 1099 3928 sanctiﬁcatione
1122 3872 1206 3927 vel
1237 3881 1444 3928 secreta
1472 3874 1671 3929 virtute
1703 3873 1977 3928 dicuntur.

402 3961 554 4017 Unde
587 3962 751 4018 etiam
777 3963 1065 4017 criminum
1113 3962 1356 4018 foeditate
1400 3964 1709 4034 capitalium
1749 3980 1780 4019 a
1811 3979 1980 4019 mem-

400 4051 621 4105 brorum
663 4051 864 4106 Christi
906 4052 1137 4107 sanitate
1179 4053 1459 4108 deviantes
1506 4055 1574 4108 ab
1621 4054 1753 4124 ipsis
1796 4069 1982 4110 sacra-

402 4142 595 4197 mentis
627 4141 1000 4198 ecclesiastico
1023 4144 1425 4212 suspenduntur
1446 4144 1669 4215 judicio.
1703 4144 1805 4212 Qui
1835 4146 1978 4200 enim

400 4249 601 4303 corpus
626 4243 683 4288 et
707 4233 1023 4303 sanguinem
1069 4234 1280 4289 Domini
1307 4236 1467 4304 digne
1506 4234 1796 4291 manducat
1821 4244 1877 4291 et
1902 4237 1982 4291 bi-

402 4323 499 4387 bit,
530 4323 776 4395 designat
801 4337 862 4378 se
891 4337 1011 4378 esse
1033 4323 1086 4376 in
1112 4323 1222 4378 Deo
1250 4332 1306 4379 et
1334 4324 1504 4379 Deum
1536 4324 1589 4378 in
1616 4338 1699 4379 eo.
1731 4324 1831 4393 Qui
1856 4340 1982 4380 vero

401 4416 725 4473 medicinam
769 4415 854 4471 vel
900 4431 1008 4471 non
1054 4416 1237 4481 habet,
1284 4417 1368 4472 vel
1409 4432 1474 4472 ea
1518 4417 1736 4489 indigne
1780 4419 1979 4485 utitur,

2079 3236 2315 3303 suscepit
2364 3234 2722 3290 Dominicum.
2771 3235 2925 3303 Quod
2978 3246 3037 3292 ut
3087 3239 3152 3292 ad
3201 3238 3553 3306 rejiciendum
3600 3255 3663 3293 os

2078 3327 2309 3395 aperuit,
2340 3326 2500 3396 digna
2544 3326 2747 3380 ultione
2779 3343 3069 3397 percussus
3096 3329 3214 3382 sine
3239 3328 3430 3384 eIIectti
3462 3331 3659 3384 verbo-

2079 3433 2231 3481 rum,
2274 3417 2487 3472 cunctis
2546 3418 2890 3473 audientibus
2936 3429 2990 3471 et
3031 3420 3376 3483 videntibus,
3424 3420 3663 3475 clamaro

2079 3508 2262 3577 C(Bpil.
2296 3506 2524 3561 Volebat
2561 3506 2700 3561 labia
2740 3506 2992 3578 jungere,
3028 3524 3127 3564 nec
3166 3509 3397 3572 valebat,
3437 3510 3529 3565 sed
3555 3509 3661 3563 lin-

2079 3612 2181 3666 gua
2214 3597 2382 3667 rigida
2412 3596 2660 3665 loquendi
2691 3595 2924 3652 oll'icium
2953 3613 3057 3652 uon
3083 3599 3377 3668 praebebat.
3409 3599 3475 3653 Et
3505 3602 3663 3669 quasi

2082 3687 2311 3757 ignitum
2351 3687 2588 3757 jaculum
2634 3687 2687 3741 in
2729 3703 2823 3744 ore
2860 3696 3084 3758 portans
3129 3690 3409 3745 immensis
3448 3698 3665 3759 torque-

2081 3778 2241 3832 batur
2261 3778 2556 3834 doloribus.
2578 3779 2889 3835 Resonahat
2912 3780 3091 3835 omnis
3112 3780 3198 3833 illa
3222 3779 3449 3835 ecclesia
3474 3781 3667 3850 ineptas

2082 3872 2234 3926 vocis
2279 3871 2635 3937 clamoribus,
2673 3881 2727 3925 et
2766 3872 2832 3926 de
2864 3880 2974 3925 tant
3019 3872 3221 3941 egregii
3262 3873 3463 3926 virtute
3504 3874 3668 3926 mira-

2083 3962 2190 4016 culi
2216 3961 2416 4017 Christi
2444 3962 2679 4016 tldelium
2717 3960 3002 4016 laetabatur
3029 3971 3351 4027 conventus,
3390 3963 3667 4032 impletur-

2083 4071 2188 4125 que
2217 4055 2383 4109 illud-
2420 4055 2701 4109 Derisores
2729 4054 2843 4123 ipse
2882 4053 3124 4117 deridet;
3170 4062 3227 4108 et
3262 4055 3405 4123 quod
3435 4055 3666 4125 Aposto-

2085 4147 2167 4202 lus
2194 4146 2261 4201 ad
2289 4145 2509 4202 Galatas
2539 4146 2733 4200 scribit
2758 4163 2770 4198 :
2804 4144 2985 4199 Nolite
3010 4162 3208 4209 errare,
3234 4144 3376 4199 Deus
3414 4163 3514 4200 non
3546 4148 3672 4200 irri-

2085 4238 2269 4301 detur;
2297 4252 2416 4305 qute
2438 4235 2571 4289 enim
2604 4234 2933 4289 seminaverit
2959 4235 3138 4302 homo,
3161 4237 3273 4290 lucc
3295 4247 3344 4289 ct
3369 4248 3540 4291 metet.
3573 4238 3668 4291 Ju-

2086 4329 2234 4383 daaus
2272 4337 2450 4382 autem
2480 4335 2535 4382 et
2564 4326 2874 4381 incredulus
2912 4340 3013 4381 nec
3038 4327 3288 4383 audierat
3319 4328 3371 4383 id
3403 4339 3487 4384 est
3525 4330 3671 4383 l‘rau-

2089 4423 2209 4476 dem
2244 4420 2346 4473 ista
2386 4418 2655 4489 prmconia
2681 4416 2822 4490 (sic),
2855 4417 2945 4489 qui
2992 4427 3181 4474 sancto
3216 4419 3438 4488 Spiritui
3463 4422 3673 4490 putavit

400 4508 558 4579 Iunge
601 4523 661 4563 se
714 4522 834 4563 esse
880 4523 910 4562 a
961 4507 1170 4563 medico
1210 4507 1514 4578 Ianguendo
1562 4517 1813 4565 testatur.
1864 4509 1980 4564 Non
2015 4509 2061 4568 D
2088 4513 2363 4581 stropham
2415 4510 2689 4566 inducere.
2737 4509 2907 4577 Quem
2949 4511 3033 4565 vir
3072 4512 3167 4566 Dei
3209 4526 3308 4567 suo
3357 4515 3670 4582 conspectui

399 4592 547 4655 enim
577 4601 840 4654 mentitur
868 4599 959 4669 qui
1000 4600 1168 4654 dicit:
1216 4599 1329 4655 Nisi
1368 4602 1825 4659 manducaveritis
1865 4619 1978 4657 car-

401 4707 524 4746 nem
550 4690 671 4745 Filii
698 4690 951 4755 hominis,
986 4700 1040 4746 et
1070 4691 1316 4748 biberitis
1355 4692 1473 4762 ejus
1500 4695 1839 4766 sanguinem,
1875 4712 1981 4750 non

402 4784 673 4839 habebitis
700 4783 865 4837 vitam
898 4784 953 4837 in
983 4784 1157 4851 vobis,
1188 4794 1243 4839 et
1274 4786 1500 4855 reliqua.
1531 4786 1823 4843 Sciendum
1855 4804 1984 4843 vero

400 4894 433 4930 a
462 4877 665 4932 sanctis
691 4874 945 4931 Patribus
974 4876 1043 4932 ob
1077 4877 1179 4932 hoc
1221 4877 1300 4932 vel
1326 4880 1560 4933 maxime
1604 4880 1980 4945 constitutum,

399 4978 461 5021 ut
487 4966 787 5022 mortaliter
813 4976 1105 5037 peccantes
1133 4983 1161 5022 a
1186 4970 1539 5024 sacramentis
1568 4969 1864 5024 Dominicis
1894 4985 1983 5023 ar-

401 5072 650 5127 Ceantur,
676 5076 741 5116 ne
766 5060 983 5131 indigne
1006 5074 1067 5115 ea
1095 5062 1460 5132 percipientes
1479 5061 1564 5116 vel
1593 5060 1784 5130 majori
1812 5062 1982 5115 rcatui

404 5153 770 5214 involvantur,
808 5161 865 5205 ut
894 5150 1075 5219 Judas,
1110 5168 1268 5221 quem
1312 5160 1436 5223 post
1468 5170 1660 5223 panem
1708 5163 1909 5208 temere
1956 5169 1983 5208 a

403 5243 663 5313 Magistro
704 5249 1013 5310 susceptum
1061 5244 1306 5300 diabolus
1356 5243 1556 5300 dicitur
1587 5245 1796 5316 plenius
1837 5244 1985 5298 inva-

402 5334 559 5399 sisse,
593 5343 651 5386 ut
699 5332 907 5386 crimen
956 5334 1095 5400 quod
1143 5336 1291 5404 prius
1340 5334 1601 5393 scelerata
1647 5336 1986 5408 praemedita-

405 5426 552 5477 tione
593 5430 939 5491 coneepcrat,
968 5421 1078 5490 jam
1120 5424 1548 5484 sceleratissimo
1585 5436 1987 5485 consummaret

2090 4603 2406 4675 prmsentari
2438 4603 2710 4671 prmcepit,
2754 4609 2916 4671 atque
2947 4600 3253 4655 advenienti
3287 4602 3423 4655 dixit
3449 4620 3460 4654 :
3490 4601 3672 4657 Incre-

2092 4694 2212 4750 dula
2239 4702 2291 4749 et
2318 4694 2560 4764 perﬁdia:
2595 4708 2748 4748 mens
2768 4692 2951 4762 plena,
2976 4706 3145 4762 quare
3169 4700 3278 4747 tam
3305 4693 3472 4764 iniqui
3502 4694 3676 4748 hostis

2095 4785 2325 4856 implesti
2360 4786 2667 4850 consilium,
2698 4793 2758 4838 ut
2778 4784 3080 4840 aestimares
3104 4795 3300 4853 corpus
3320 4782 3519 4839 Christi
3548 4800 3677 4840 cor-

2092 4895 2193 4951 pus
2222 4878 2583 4934 vilissimum?
2622 4878 2762 4936 Ecce
2800 4878 2942 4947 quod
2981 4877 3352 4933 clandestinus
3388 4892 3680 4948 persuasor

2095 4978 2145 5023 te
2176 4968 2435 5022 miserum
2466 4967 2634 5023 illexit
2678 4973 2739 5020 ut
2768 4964 2998 5029 faceres,
3032 4968 3243 5022 cunctis
3275 4966 3525 5022 ﬁdelibus
3565 4968 3683 5020 suis

2092 5059 2273 5114 divina
2303 5060 2476 5113 virtus
2505 5058 2773 5117 ostendet.
2818 5056 3034 5112 Judznus
3062 5068 3262 5121 autem,
3294 5057 3461 5111 nimio
3498 5054 3688 5110 dolmc

2092 5160 2399 5220 superatus,
2445 5166 2613 5211 voces
2656 5147 2907 5205 emittere
2950 5149 3153 5218 absque
3190 5146 3534 5202 sermonibus
3578 5161 3690 5201 non

2092 5240 2344 5297 cessabat
2374 5242 2590 5306 habens
2633 5246 2687 5301 in
2731 5247 2946 5309 gutture
2989 5256 3087 5296 suo
3122 5238 3337 5293 malitia:
3364 5238 3691 5299 cruciatum,

2093 5336 2220 5407 quia
2262 5336 2574 5403 secundum
2603 5333 2925 5398 sanctissimi
2954 5332 3266 5389 vaticinium
3313 5329 3605 5393 Simeonis,
3636 5345 3695 5381 ut

2097 5427 2391 5483 incredulis
2428 5442 2519 5488 est
2574 5425 2842 5500 pernicies
2880 5440 2943 5479 ac
2979 5427 3158 5489 ruina,
3186 5424 3257 5476 ita
3304 5420 3548 5477 ﬁdelibus
3584 5421 3700 5473 suis
