4516 5500
835 316 932 372 391

1927 310 2214 367 ΟΙΞΖΟΧΙΞ
2251 303 2546 361 ΑΒΒΑΤΙΒ
2583 303 3057 363 DERTONENSIS

3991 315 4094 372 392

833 443 933 483 nec
964 427 1193 495 desiiper
1237 427 1512 479 immundo
1555 423 1856 476 adlimrcret
1901 423 2122 491 palatui.
2172 421 2276 474 Sed
2317 437 2409 489 po-
2441 428 2484 486 Α
2516 417 2580 470 Et
2610 419 2726 472 hzrc
2775 419 2896 473 dico
2934 435 3038 473 non
3071 428 3127 472 ιιι
3177 435 3269 474 vos
3301 421 3566 486 terream‘,
3606 423 3699 478 sed
3729 432 3786 478 ut
3825 428 4097 481 cautiores

831 517 1160 571 stu-lantibus
1200 517 1446 571 ﬁdelibus
1494 531 1591 586 pro
1637 514 1754 583 ejus
1807 516 2046 578 miseria,
2080 516 2165 567 vir
2206 514 2414 567 Domini

831 623 1054 660 manum
1101 607 1350 670 tetendit,
1383 615 1435 660 et
1481 616 1682 661 sanetm
1727 607 2067 661 eucharistire
2101 607 2413 675 mysterium

825 712 855 750 a
885 696 1150 764 sacrilego
1177 712 1270 749 ore
1315 697 1578 750 abstraxit
1606 697 1788 749 dicens
1819 714 1830 748 :
1875 696 2012 748 Ecce
2039 711 2178 747 nunc
2219 695 2412 748 libera-

827 799 912 840 tus
940 801 1023 851 es,
1051 789 1116 842 de
1140 796 1336 841 czclero
1361 803 1492 842 cave
1525 786 1892 855 hujuscemodi
1924 786 2097 840 simile
2128 800 2193 838 ne
2222 785 2411 849 facias,

824 886 873 928 t-t
911 893 976 930 ne
1010 877 1233 930 ulterius
1281 887 1525 946 repetere
1571 878 1672 930 hoc
1703 891 2020 945 praesumas.
2054 875 2274 929 Judmus
2315 891 2411 929 au-

827 976 953 1029 tem,
988 965 1104 1034 ejus
1145 969 1371 1036 pedibus
1415 968 1732 1031 advolutus,
1779 967 2051 1021 clamabat
2097 983 2154 1020 se
2195 967 2413 1022 Christo

823 1055 1056 1111 Domino
1085 1059 1440 1122 crediturum,
1480 1059 1524 1113 si
1555 1060 1694 1113 sacri
1744 1075 1866 1112 cum
1899 1059 2240 1128 baptismatis
2270 1060 2410 1111 unda

822 1147 1190 1215 perﬁuuleret,
1224 1165 1287 1204 ac
1316 1151 1404 1218 pio
1445 1151 1560 1218 ejus
1596 1151 1883 1204 convenlui
1928 1151 2225 1220 copularet.
2267 1151 2410 1217 Tibi,

825 1245 1016 1310 inquit,
1061 1244 1150 1298 Dei
1206 1247 1596 1312 omnipotentis
1625 1245 1791 1299 Pater
1840 1246 2016 1300 refero
2059 1248 2284 1315 gratias,
2319 1248 2407 1316 qui

820 1332 1101 1387 Jndaicam
1136 1335 1415 1402 perﬁdiam
1465 1353 1568 1389 non
1623 1338 1930 1403 dedignaris
1974 1338 2265 1408 corrigere,
2315 1339 2406 1392 sed

824 1422 890 1474 ad
949 1425 1024 1477 tt‘ii
1077 1423 1347 1494 Unigeniti
1402 1426 1557 1479 ﬁdem
1622 1427 1798 1495 ampla
1856 1429 2053 1495 pietate
2109 1430 2403 1482 conversis.

824 1498 1102 1580 ltaptizato
1133 1524 1312 1567 autem
1345 1514 1454 1576 illo,
1486 1515 1636 1567 nmlti
1663 1532 1726 1568 ex
1752 1515 1950 1570 Judceis
1978 1517 2259 1571 credentes
2282 1533 2404 1572 cum

821 1621 887 1659 eo
924 1622 1080 1661 sacro
1108 1609 1282 1661 renati
1317 1608 1645 1676 baptismate
1673 1608 1873 1662 Christi
1906 1609 2172 1672 ﬁdelibus,
2202 1625 2265 1664 ac
2290 1611 2405 1679 spi-

822 1696 1000 1749 t'ituali
1035 1696 1200 1751 εωιυί
1233 1705 1356 1750 sunt
1381 1696 1534 1749 uniti.

2517 509 2766 562 elliciam.
2811 509 2978 563 Nemo
3007 512 3076 563 sit
3107 510 3272 565 Judas
3301 514 3350 567 in
3383 529 3586 568 mensa.
3622 515 3732 570 [loc
3769 518 4094 572 sacriﬁcium

2517 600 2670 653 cibus
2696 609 2778 654 est
2805 601 3128 670 spiritualis,
3155 619 3276 657 nam
3307 605 3445 658 sicut
3471 607 3770 675 corporalis
3792 609 3943 663 cibus
3970 624 4094 662 eum

2515 701 2758 746 ventrem
2812 693 3079 747 invenerit
3123 695 3365 750 adversis
3416 698 3731 753 humoribus
3773 714 4094 771 occupatum

2516 779 2746 848 amplius
2792 781 2955 846 lzcdit,
2999 785 3171 852 magis
3213 794 3392 848 nocet,
3436 788 3635 841 nullum
3683 801 3904 858 prtestat
3947 794 4098 846 anxi-

2515 870 2670 934 lium,
2702 871 2776 924 ita
2817 882 2900 926 est
2931 874 3031 926 iste
3073 876 3370 943 spiritualis
3397 879 3566 938 cibus,
3598 881 3641 932 si
3681 881 3912 949 aliquem
3947 899 4099 951 rcpc-

2515 963 2648 1016 rerit
2687 963 3020 1032 malignitate
3059 967 3340 1034 pollntmu,
3385 971 3555 1039 magis
3598 987 3719 1024 eum
3751 975 3949 1042 perdit,
3990 991 4096 1028 non

2513 1069 2608 1108 sua
2658 1064 2874 1120 natura,
2928 1059 3020 1112 sed
3069 1061 3386 1128 accipientis
3430 1078 3493 1116 ex
3537 1063 3683 1116 vitio.
3735 1065 3877 1119 Pura
3927 1068 4094 1135 igitur

2514 1161 2666 1199 mens
2697 1147 2750 1199 in
2779 1148 3049 1212 omnibus,
3076 1167 3206 1220 pura
3232 1153 3503 1222 cogitatio,
3536 1155 3656 1221 quia
3688 1166 3740 1209 et
3769 1157 4097 1212 sacriﬁcium

2511 1252 2703 1305 purutn
2722 1247 2821 1290 est.
2840 1239 3094 1294 Sanctam
3113 1243 3345 1295 animam
3366 1260 3750 1314 przeparemns.
3773 1249 3846 1302 Ex
3869 1251 3966 1303 hoc
3987 1267 4093 1304 non

2511 1326 2680 1379 multo
2704 1335 2964 1395 tempore,
2983 1329 3072 1383 sed
3091 1347 3192 1384 una
3209 1334 3500 1403 corrigitur
3517 1336 3619 1390 ilic.
3642 1335 3771 1388 Nam
3789 1338 3833 1391 si
3856 1339 3950 1390 tibi
3968 1354 4094 1392 con-

2513 1427 2594 1471 tra
2628 1419 2901 1473 inimicum
2937 1431 3084 1476 tuum
3127 1424 3279 1479 dolor
3307 1435 3411 1489 est,
3441 1427 3589 1482 solve
3618 1430 3746 1493 iras,
3777 1431 4093 1485 inimicitias

2509 1504 2656 1570 laxa,
2689 1517 2744 1562 ut
2773 1511 3068 1564 remedium
3101 1513 3163 1567 de
3197 1530 3382 1569 mensa
3411 1520 3698 1588 percipias.
3735 1521 3814 1573 Ad
3843 1531 4094 1576 sanctmn

2511 1610 2573 1650 ae
2633 1598 2872 1653 terribile
2923 1603 3250 1657 sacrificium
3307 1609 3596 1676 properas?
3632 1611 3899 1666 Erubesce
3951 1614 4097 1667 obla—

2511 1687 2668 1740 tionis
2729 1703 2947 1743 arcana.
3007 1691 3272 1748 Occisioni
3331 1701 3637 1766 propositus
3681 1701 3926 1761 Christus
3987 1716 4094 1766 cst.

819 1802 950 1855 CAP.
986 1804 1096 1856 XL.
1130 1836 1199 1844 _
1246 1804 1487 1870 Quali-(cr
1533 1809 1882 1860 "animum,"
1929 1811 1992 1861 ³η
2033 1810 2100 1860 ad
2144 1809 2402 1864 Dominici
2436 1771 2479 1828 Β
2508 1783 2560 1827 et
2589 1790 2685 1870 cur
2708 1778 2916 1832 occisus
2945 1788 3026 1833 est
3055 1781 3350 1838 videamus.
3400 1787 3466 1841 Ut
3496 1791 3735 1845 (-mlestia
3769 1793 3971 1848 scilicet
4003 1811 4094 1864 pa-

952 1878 1184 1943 corporis
1218 1885 1265 1928 et
1294 1877 1564 1944 sanguinis
1594 1877 1832 1930 mirabile
1859 1890 2264 1932 sacramentum.

890 1982 1272 2039 Coufessioncs
1315 1995 1494 2040 autem
1529 1987 1642 2040 dari
1695 1988 2001 2058 diligentius
2039 1993 2400 2061 prrecipimns,

819 2074 1054 2128 maxime
1077 2076 1140 2129 de
1164 2076 1621 2131 commotionibus
1646 2078 1832 2142 animi,
1859 2089 2151 2150 antequam
2181 2083 2246 2134 ad
2277 2083 2403 2136 Inis-

816 2180 932 2217 sam
962 2176 1136 2230 eatur,
1171 2182 1237 2219 ne
1265 2167 1404 2220 forte
1434 2169 1556 2237 quis
1585 2172 1808 2222 accedat
1838 2171 2088 2239 indiguus
2115 2173 2179 2225 ad
2209 2174 2400 2238 altare,

817 2254 867 2307 id
904 2264 986 2308 εει
1011 2257 1052 2309 si
1081 2271 1174 2309 cor
1215 2257 1472 2310 mundum
1507 2274 1609 2311 non
1634 2259 1903 2313 habuerit.
1934 2261 2123 2316 Melius
2149 2273 2230 2317 cst
2257 2267 2399 2318 enim

815 2354 1132 2414 (exspectare
1165 2348 1335 2402 donec
1384 2363 1573 2400 sanum
1617 2347 1778 2403 fuerit
1810 2360 1865 2404 et
1898 2351 2127 2404 alienum
2171 2370 2200 2406 a
2248 2370 2402 2408 scan-

815 2437 938 2489 dalo
966 2449 1128 2506 atque
1170 2439 1391 2505 invidia,
1436 2457 1598 2508 quant
1631 2441 1890 2495 accedere
1931 2445 2188 2497 audacter
2218 2447 2283 2498 ad
2314 2445 2402 2514 ju-

814 2526 1013 2580 dicium
1060 2529 1365 2581 tribunalis.
1402 2530 1663 2584 Tribunal
1693 2532 1836 2585 enim
1865 2532 2066 2586 Christi
2095 2535 2264 2589 altare
2296 2547 2399 2601 est,

811 2626 867 2668 et
897 2633 1096 2686 corpus
1122 2634 1276 2672 suum
1318 2621 1448 2674 inibi
1488 2638 1610 2674 cum
1641 2624 1901 2691 sanguine
1937 2624 2145 2690 jndieat
2185 2627 2401 2696 indigne

811 2708 1154 2761 accedentes.
1200 2707 1353 2762 Sicut
1380 2725 1511 2780 ergo
1541 2725 1570 2763 a
1613 2713 1850 2779 peccatis
1880 2713 2186 2766 carnalibus
2221 2724 2275 2768 ct
2313 2730 2401 2768 ca-

811 2794 1066 2864 pitalibus
1099 2799 1505 2866 temperandum
1544 2808 1628 2853 est
1667 2809 1955 2870 antequam
1993 2805 2402 2857 communicau-

812 2883 937 2935 dum
980 2885 1069 2947 sit,
1110 2885 1184 2938 ita
1216 2887 1381 2940 etiam
1420 2889 1486 2941 ab
1517 2888 1872 2943 interioribus
1914 2891 2061 2944 vitiis
2104 2901 2157 2944 et
2200 2894 2400 2947 morbis

811 2974 1116 3044 languentis
1158 2979 1355 3033 auian
1385 2981 1762 3035 abstinendum
1797 2991 1881 3036 est
1912 2992 2036 3037 ante
2068 3000 2209 3038 verae
2253 2986 2400 3054 pacis

812 3067 1250 3132 conjunctionem
1293 3079 1349 3123 et
1377 3080 1590 3125 :ctermc
1619 3072 1809 3126 salutis
1835 3076 2226 3144 compagincm.
2263 3076 2395 3130 Cum

811 3158 994 3226 itaque
1035 3160 1100 3212 ad
1151 3161 1446 3214 terribilem
1495 3177 1733 3216 mensam
1784 3174 2142 3233 opportunum
2188 3176 2398 3236 tempus

809 3247 1023 3314 invitat,
1055 3253 1468 3320 prtecavcndum
1512 3265 1596 3308 est
1637 3271 1982 3324 summopere
2017 3265 2076 3310 ut
2120 3258 2294 3312 nullus
2325 3260 2395 3313 ibi

808 3335 1026 3393 .ludrens
1075 3342 1398 3408 reperiatur,
1443 3343 1622 3398 nullus
1669 3343 1936 3414 malignus
1983 3347 2239 3411 accedat,
2290 3364 2394 3402 non

811 3426 990 3480 fucata
1036 3431 1198 3482 verba
1244 3430 1423 3501 lingua
1475 3433 1749 3502 proferat,
1813 3450 1910 3489 nec
1962 3435 2170 3490 insidia:
2217 3448 2397 3494 mente

808 3516 1134 3579 condantur,
1179 3518 1273 3572 sed
1307 3521 1449 3588 quod
1495 3521 1746 3574 voluntas
1786 3523 2045 3590 possidet,
2092 3541 2271 3579 sermo
2306 3529 2397 3582 de-

808 3607 998 3661 claret.
1040 3609 1104 3662 Et
1149 3627 1290 3665 nunc
1323 3612 1414 3665 illo
1457 3623 1655 3682 [ιι-τεειο
1695 3626 1780 3668 εει
1816 3614 2082 3680 Christus,
2115 3618 2205 3687 qui
2251 3619 2394 3673 illam

807 3699 1023 3752 ornavit
1055 3715 1318 3766 mensam,
1355 3703 1468 3770 ipse
1499 3704 1655 3758 istam
1691 3721 1906 3776 quoque
1938 3719 2245 3763 consecrat.
2279 3711 2393 3765 Non

807 3789 952 3842 enim
1000 3791 1160 3844 homo
1192 3801 1297 3854 est,
1345 3795 1434 3861 qui
1484 3796 1758 3862 proposita
1797 3812 1991 3867 corpus
2030 3797 2232 3852 Christi
2267 3800 2397 3853 facit

808 3888 862 3932 et
889 3881 1228 3949 sanguinem,
1283 3884 1378 3937 sed
1431 3884 1517 3939 ille
1557 3887 1648 3954 qui
1688 3889 1976 3942 cruciﬁxus
2006 3905 2103 3958 pro
2134 3892 2289 3945 nobis
2316 3902 2399 3947 εει

807 3969 1078 4024 Christus.
1114 3972 1219 4026 Ore
1265 3975 1566 4028 sacerdotis
1604 3978 1764 4031 verba
1812 3981 2178 4046 proferuntur,
2218 3991 2270 4036 et
2302 3982 2392 4035 Dei

806 4059 1006 4112 virtute
1032 4072 1422 4116 consecrantur
1463 4073 1515 4117 ct
1562 4067 1756 4133 gratia.
1794 4067 1906 4121 lloc
1929 4078 2025 4130 cst,
2071 4071 2168 4135 ait,
2209 4088 2396 4139 corpus

807 4164 999 4200 meum.
1042 4148 1152 4203 lloc
1187 4151 1350 4204 verbo
1385 4155 1656 4221 proposita
1709 4167 2124 4219 consecrantur,
2173 4168 2225 4212 et
2257 4159 2396 4212 sicut

807 4235 895 4288 illa
928 4252 1052 4301 vox,
1105 4254 1226 4307 qua:
1256 4241 1434 4294 dixit:
1477 4241 1718 4298 Crescite
1768 4255 1820 4298 et
1854 4247 2308 4316 multiplicamini,
2343 4259 2396 4303 et

805 4327 1072 4395 complete
1105 4338 1329 4396 terram,
1371 4332 1531 4385 simul
1576 4335 1791 4402 quidem
1839 4337 1978 4391 dicta
2008 4347 2114 4402 est,
2155 4341 2248 4394 sed
2280 4357 2394 4395 om-

807 4414 953 4467 nium
1010 4424 1254 4486 tempore
1305 4422 1469 4474 sentit
1519 4421 1807 4487 effectum,
1860 4425 1924 4477 ad
1987 4430 2390 4496 generationem

805 4514 1068 4571 operante
1096 4516 1288 4560 natura
1316 4527 1328 4560 :
1364 4509 1432 4562 ita
1466 4521 1519 4563 ct
1551 4527 1651 4564 vox
1687 4512 1774 4564 illa
1808 4515 1971 4568 semel
2002 4517 2217 4584 quidem
2251 4521 2390 4576 dicta

805 4600 906 4654 est,
943 4593 1034 4646 sed
1077 4610 1173 4663 per
1201 4612 1389 4652 omnes
1439 4615 1652 4654 mensas
1689 4602 1945 4659 Ecclesiae
1985 4622 2152 4676 usque
2187 4610 2252 4662 ad
2299 4612 2394 4665 ho-

806 4680 1056 4735 diernmn
1091 4685 1233 4738 diem
1266 4696 1320 4741 et
1353 4704 1522 4758 usque
1563 4691 1627 4744 ad
1665 4693 1782 4763 ejus
1838 4697 2126 4752 adventum
2173 4711 2395 4770 prarstat

807 4773 1080 4828 sacriﬁcio
1127 4775 1458 4833 ﬁrmitatem.
1507 4781 1696 4837 Nullus
1744 4785 1906 4855 igitur
1953 4788 2109 4843 ﬁctus
2149 4795 2392 4858 accedat,

808 4864 988 4920 nullus
1015 4867 1194 4922 fucato
1222 4871 1404 4925 animo
1438 4876 1603 4930 tantis
1629 4879 1825 4933 audeat
1854 4883 2163 4950 proximare
2193 4898 2395 4957 myste—

811 4958 927 5022 riis,
960 4976 1026 5012 ne
1073 4963 1482 5031 condemnetur,
1524 4978 1576 5022 et
1625 4974 1950 5027 sententiam
2005 4987 2302 5042 mereatur,
2345 4993 2398 5035 ει

809 5051 952 5117 quod
976 5050 1142 5106 Judas
1173 5057 1428 5111 sustinuit
1457 5060 1715 5127 patiatur.
1749 5062 1881 5117 Nam
1918 5065 2064 5119 ilium
2106 5079 2225 5136 post
2251 5086 2398 5124 com-

811 5141 1230 5197 municationem
1283 5161 1485 5200 mensa:
1539 5150 1785 5206 diabolus
1831 5154 2076 5219 intravit,
2124 5173 2228 5210 non
2272 5159 2397 5228 quia

813 5240 1213 5300 contempserat
1256 5234 1594 5291 Dominicum
1646 5257 1864 5310 corpus,
1919 5246 2011 5298 sed
2054 5247 2179 5314 quia
2227 5247 2401 5317 impu-

813 5320 993 5375 dentia
1037 5333 1092 5377 et
1139 5326 1445 5395 malignitas
1495 5333 1690 5386 mentis
1720 5333 1836 5401 ejus
1877 5346 1936 5390 ιιι
1972 5337 2316 5394 adversarius
2348 5341 2399 5393 in

815 5423 880 5461 co
910 5409 1182 5466 habitaret
1210 5414 1407 5469 effecit.
1445 5415 1511 5470 Ut
1541 5418 1720 5475 discas
1763 5424 1903 5490 quod
1946 5425 2200 5496 indignis,
2235 5437 2288 5482 ct
2319 5426 2402 5481 fu-

2508 1862 2708 1916 cliﬁcet
2732 1866 2872 1935 (sic),
2907 1877 2963 1920 ut
2997 1869 3047 1921 in
3078 1879 3218 1924 terra
3244 1876 3552 1930 reconciliet
3575 1881 3847 1943 universa,
3879 1894 3936 1936 ut
3966 1862 4097 1936 aiui~

2507 1967 2626 2004 cum
2663 1962 2712 2007 te
2735 1956 3026 2010 constituat
3072 1960 3408 2028 angelorum,
3464 1975 3515 2018 et
3562 1967 3654 2020 Dei
3693 1968 3940 2025 habentis
3980 1988 4094 2026 etn-

2507 2045 2653 2097 nium
2700 2057 3041 2114 potestatem.
3100 2052 3346 2106 Animam
3393 2071 3545 2109 suam
3594 2073 3690 2126 pro
3738 2069 3790 2114 te
3838 2063 4096 2118 Dominus

2507 2134 2672 2198 dedit,
2700 2144 2752 2188 et
2785 2146 2836 2188 tn
2868 2138 3114 2193 inimicus
3142 2157 3402 2199 conservo
3432 2149 3733 2214 perduras?
3761 2162 3811 2206 et
3839 2169 3958 2207 cum
3993 2156 4096 2208 hoc

2507 2225 2686 2277 animo
2711 2225 2776 2278 ad
2807 2243 3046 2281 mensam
3083 2233 3229 2299 pacis
3256 2236 3509 2290 accedis?
3554 2239 3644 2292 llle
3681 2257 3778 2295 nec
3809 2246 3944 2298 mori
3973 2247 4094 2313 qui-

2506 2317 2624 2369 dem
2663 2333 2760 2386 pro
2789 2327 2876 2373 tua
2908 2321 3140 2377 utilitate
3171 2328 3458 2393 recusavit,
3494 2339 3546 2384 et
3577 2341 3630 2384 tu
3659 2349 3756 2387 nec
3788 2335 3920 2388 iram
3949 2345 4092 2390 tuam

2505 2425 2766 2465 conservo
2802 2429 2900 2482 pro
2931 2423 3017 2468 tua
3065 2417 3381 2476 liberatione
3411 2426 3705 2479 concedis?
3743 2427 3845 2480 Sed
3870 2427 4092 2484 forsitan

2506 2500 2674 2553 dicis:
2706 2501 2788 2555 Ab
2823 2503 3041 2559 inimico
3087 2505 3365 2563 fraudatus
3416 2527 3556 2575 sum,
3609 2517 3794 2569 multis
3835 2532 3917 2570 me
3963 2519 4097 2572 lztrsil.

2505 2591 2817 2658 dispendiis,
2865 2596 3074 2664 magnis
3120 2613 3205 2651 me
3249 2600 3584 2656 detrimentis
3629 2608 3892 2661 oneravit.
3931 2610 4096 2674 Quid-

2504 2681 2632 2746 quid
2688 2682 2892 2736 dixeris
2946 2687 3297 2750 pecuniarum
3351 2693 3579 2746 vertitur
3623 2710 3808 2749 causa.
3875 2697 3988 2750 Non
4042 2709 4093 2752 te

2450 2771 2462 2782 '
2503 2770 2786 2834 cruciﬁxit,
2823 2774 2961 2827 sicut
2991 2774 3159 2830 Judiei
3198 2777 3494 2846 Christum,
3527 2790 3582 2836 et
3625 2793 3802 2838 tamen
3847 2787 3932 2841 illc
3961 2786 4096 2842 etfu-

2505 2875 2621 2912 sum
2681 2863 2998 2930 sanguinem
3050 2881 3147 2934 pro
3195 2867 3371 2922 salute
3419 2885 3605 2924 eorum
3653 2874 3742 2942 qui
3789 2873 4092 2932 effuderunt

2503 2949 2649 3015 larga
2681 2951 2879 3019 pietate
2910 2957 3198 3008 concessit.
3251 2958 3532 3014 Inimicum
3572 2963 3682 3017 Deo
3706 2975 3788 3018 est
3830 2968 4092 3022 tumidum

2505 3048 2710 3105 pectus.
2768 3040 2956 3096 Merito
2992 3053 3166 3097 autem
3200 3049 3654 3104 reconciliationis
3677 3069 3838 3108 causa
3871 3057 3970 3109 hoc
4005 3073 4092 3111 sa-

2426 3119 2470 3180 C
2503 3128 2764 3182 criﬁeium
2815 3134 3164 3186 constitutum
3214 3145 3316 3189 est.
3371 3137 3437 3191 Et
3469 3139 3513 3192 si
3545 3141 3800 3196 sacriﬁcii
3829 3157 4095 3216 pracepta

2502 3219 2821 3283 contemnis,
2854 3224 3102 3276 sacriﬁcii
3139 3227 3431 3279 rcmedimn
3478 3231 3680 3284 sentire
3711 3247 3814 3286 non
3861 3237 4088 3303 poteris.

2500 3305 2720 3377 Comple
2753 3310 2879 3364 illud
2907 3311 3058 3378 cujus
3088 3329 3246 3368 causa
3275 3317 3600 3372 sacriﬁcium
3645 3321 3845 3378 factum
3893 3336 3998 3393 cst,
4034 3339 4094 3382 ut

2501 3400 2767 3453 sacriﬁcio
2808 3402 3124 3468 perfruaris.
3174 3404 3295 3458 Ideo
3345 3406 3512 3462 Filius
3551 3411 3786 3478 advenit,
3818 3417 4092 3468 uthuma-

2505 3506 2626 3543 nam
2664 3501 2910 3546 naturam
2942 3495 3133 3548 divina:
3170 3499 3476 3554 reconciliet
3501 3503 3710 3569 pietati.
3749 3505 3874 3560 ldeo
3895 3517 3945 3561 et
3972 3525 4094 3574 nos,

2501 3598 2620 3635 cum
2638 3585 2736 3637 hoc
2751 3584 2998 3650 facimus,
3029 3603 3126 3640 suo
3151 3589 3274 3642 fecit
3307 3592 3564 3646 vocabulo
3579 3598 3893 3665 nuncupari.
3925 3597 4094 3664 Beati,

2502 3675 2707 3742 inquit,
2750 3678 2977 3745 paciﬁci,
3025 3681 3268 3746 quoniam
3306 3683 3405 3750 ﬁlii
3449 3683 3547 3736 Dei
3597 3688 3931 3742 vocabuntur.
3984 3690 4095 3746 lloc

2498 3768 2640 3820 enim
2671 3767 2754 3821 fac
2779 3770 2920 3837 quod
2962 3771 3053 3824 Dei
3101 3773 3289 3827 unicus
3342 3774 3505 3841 fecit,
3549 3777 3591 3830 si
3636 3787 3691 3831 ct
3735 3781 3828 3833 tibi
3876 3792 3930 3835 et
3975 3783 4098 3857 aliis

2499 3862 2645 3928 pacis
2677 3863 2910 3916 volueris
2938 3874 3127 3917 auctor
3155 3867 3415 3931 existere;
3462 3869 3583 3924 ideo
3622 3887 3854 3940 namque
3906 3884 3955 3926 te
4003 3891 4100 3928 vo-

2499 3954 2796 4008 catFilium
2837 3956 2950 4008 Dei.
2978 3956 3116 4009 Deus
3162 3958 3213 4009 in
3252 3960 3503 4014 sacriﬁcii
3551 3961 3914 4018 celebratione
3961 3964 4100 4019 nihil

2500 4046 2642 4098 aliud
2671 4045 2771 4098 nisi
2819 4030 3098 4100 de'fratris
3137 4050 3575 4106 reconciliatione
3619 4053 3914 4107 mandavit.
3969 4053 4097 4111 Πυέε

2499 4134 2663 4203 igitur
2708 4136 2978 4191 mentibus
3026 4139 3230 4191 nostris
3283 4139 3540 4209 glutinata
3585 4145 3895 4211 perdurent.
3955 4144 4092 4200 San-

2498 4234 2642 4277 ctum
2673 4225 2913 4279 osculum
2939 4238 3215 4282 teneamus
3247 4233 3388 4298 quod
3415 4231 3622 4286 animas
3653 4234 3844 4299 sociat,
3881 4247 4090 4290 mentes

2498 4327 2551 4371 et
2592 4333 2756 4370 unum
2789 4334 2984 4388 corpus
3013 4321 3245 4374 ostendit
3269 4363 3282 4386 ,
3321 4323 3445 4391 quia
3479 4339 3642 4376 unum
3673 4339 3871 4394 corpus
3900 4342 4094 4381 omnes

2497 4408 2744 4462 videmur
2769 4423 2887 4463 esse
2931 4410 3129 4484 sortiti.
3179 4412 3246 4465 Et
3271 4412 3388 4467 ideo
3417 4414 3743 4469 misceamus
3774 4431 3872 4470 nos
3905 4418 3954 4470 in
3984 4433 4096 4471 uno

2501 4513 2746 4569 corpore,
2781 4514 2886 4553 non
2920 4517 3205 4570 corporum
3239 4505 3633 4570 commistione,
3662 4507 3755 4560 sed
3785 4508 4090 4561 animarum

2501 4593 2767 4646 charitate
2810 4593 3062 4661 laqueati,
3117 4603 3171 4647 et
3219 4595 3298 4649 sic
3341 4597 3535 4651 divina:
3572 4613 3858 4666 possumus
3897 4616 4097 4653 mensa:

2501 4685 2768 4742 fructibus
2798 4690 3003 4742 satiari.
3049 4689 3180 4742 Nam
3219 4692 3315 4745 etsi
3361 4692 3542 4746 multis
3569 4693 3723 4747 bonis
3752 4694 4098 4749 conscientia!

2503 4775 2856 4840 abundemus,
2907 4779 3347 4834 reconciliatione
3396 4791 3700 4852 contempta
3736 4785 3934 4838 nullum
3974 4802 4099 4854 pus-

2503 4884 2688 4922 sumus
2715 4869 2965 4923 solatium
2995 4873 3309 4940 promereri.

2506 4989 2632 5045 Car.
2685 4989 2910 5043 Xl.l.—
2939 4991 3010 5044 De
3053 4992 3468 5056 revelationibus,
3517 4995 3702 5061 quibus
3747 4996 3996 5050 Dominus
4035 4997 4102 5048 de

2578 5062 2792 5114 veritate
2817 5063 3044 5130 corporis
3067 5073 3112 5114 et
3138 5065 3405 5132 sanguinis
3429 5065 3509 5116 sui
3538 5066 3893 5120 Itaisilantiam
3935 5067 4100 5119 corda

2579 5131 2826 5198 ﬁrmavit.

2579 5243 2705 5297 Haec
2745 5258 2976 5312 namque
3013 5243 3274 5299 Dominici
3319 5248 3562 5315 corporis
3585 5257 3638 5302 et
3668 5251 3941 5320 sanguinis
3970 5265 4096 5321 gra-

2510 5335 2580 5389 tia
2623 5344 2772 5389 tanta
2807 5343 2907 5396 est,
2939 5345 3192 5404 quantam
3223 5337 3400 5390 nullus
3433 5339 3707 5394 hominum
3740 5343 3976 5410 cogitare
4004 5357 4102 5412 po-

2509 5433 2632 5479 test.
2685 5425 2790 5478 Pcr
2813 5424 2951 5478 hanc
2976 5426 3240 5494 siquidem
3275 5428 3660 5482 reconciliatur
3702 5433 3932 5484 mundus
3967 5432 4097 5497 Dco,
