4516 5500
348 361 455 415 395

1209 360 1406 414 LIBER
1451 362 1535 417 DE
1571 360 1895 416 COIII’OIII‘.‘
1937 362 2021 414 Ii'f'
2066 360 2409 414 S.\i\CUINIﬁ
2447 362 2739 418 CHRISTI.

3500 370 3605 427 594

342 474 629 528 credentes
677 489 861 527 verum
902 474 1109 526 Domini
1140 490 1334 542 corpus
1362 488 1481 527 esse
1510 474 1650 542 quod
1676 474 1923 539 sumitur,
1956 481 2002 536 Α
2033 474 2260 542 gemitus
2305 477 2578 529 exsecrari
2626 476 2793 544 ipsius
2828 477 3076 547 baptismi
3118 480 3429 550 mysterium
3460 494 3609 552 puta-

342 582 444 619 nec
478 578 663 618 verum
686 564 885 617 Christi
918 564 1230 633 sanguinem
1260 578 1378 617 esse
1408 563 1497 631 qui
1539 564 1803 626 hauritur,
1832 563 1926 616 sed

342 658 605 722 figuram,
660 670 783 707 cum
827 653 941 722 ipse
976 653 1176 706 dixerit
1216 671 1227 704 ε
1263 651 1401 705 Caro
1431 668 1544 703 mea
1586 668 1699 704 rere
1736 662 1807 704 est
1856 652 1929 704 ci-

341 747 456 808 his,
487 753 535 796 et
566 745 778 813 sanguis
811 759 955 797 meus
991 759 1105 795 rere
1125 752 1197 795 est
1219 752 1390 811 potus.
1432 740 1489 793 In
1521 755 1687 794 emine
1716 754 1929 809 quoque

353 835 484 890 .llins
517 844 865 889 sacrosancto
918 834 1165 888 convivio
1214 834 1431 887 tradens
1474 832 1749 901 discipulis
1796 831 1925 886 tanti

338 925 584 996 mysterii
627 935 1049 987 sacramentum,
1100 934 1154 978 et
1200 924 1252 978 in
1298 940 1492 993 corpus
1536 940 1692 978 suum
1736 938 1925 993 panem

337 1016 751 1086 transfigurans,
784 1032 887 1070 non
918 1016 991 1068 ait
1018 1033 1030 1067 :
1061 1014 1183 1069 llaac
1204 1024 1287 1069 est
1318 1014 1483 1085 figura
1522 1015 1767 1083 corporis
1797 1014 1923 1077 mei,

335 1104 451 1167 sed,
486 1105 598 1159 Hoc
623 1115 705 1158 est
730 1121 925 1173 corpus
955 1121 1150 1161 meum.
1192 1105 1452 1159 Similiter
1478 1114 1531 1160 et
1563 1105 1615 1158 in
1642 1104 1927 1158 traditione

335 1194 519 1249 colicis
554 1212 566 1247 :
601 1195 700 1248 Hic
738 1207 811 1249 est
835 1238 848 1260 ,
892 1196 1097 1264 inquit,
1137 1197 1277 1249 θυαε
1318 1198 1591 1266 sanguinis
1627 1196 1745 1249 neci.
1790 1196 1923 1250 Cum

336 1279 517 1352 itaque
558 1284 659 1338 hoc
696 1284 867 1338 solum
901 1286 1216 1340 satisfacere
1249 1286 1471 1340 deberet
1504 1287 1754 1341 omnibus
1783 1285 1923 1355 quod

335 1375 582 1429 veritatis
625 1376 904 1445 discipulis
957 1380 1024 1429 ab
1074 1377 1190 1445 ipsa
1224 1377 1461 1431 Veritate
1510 1386 1595 1431 est
1641 1377 1919 1441 traditum,

333 1465 657 1533 quibusdam
698 1476 897 1533 tamen,
938 1483 1166 1536 quorum
1216 1468 1376 1523 corda
1425 1468 1599 1537 caligo
1636 1466 1920 1521 infidelita-

334 1554 405 1607 tis
453 1554 752 1608 obduxerat
799 1572 897 1609 nec
940 1557 1094 1609 aliter
1147 1557 1367 1610 credere
1415 1566 1703 1626 poterant,
1752 1557 1919 1625 ipsam

336 1643 590 1698 bumante
619 1644 805 1699 forma:
833 1645 1081 1715 efligiem,
1113 1646 1253 1699 sicut
1295 1661 1352 1700 se
1398 1648 1474 1700 rei
1514 1648 1710 1701 veritas
1741 1647 1917 1710 habet,

331 1733 461 1789 olim
489 1735 747 1790 Dominus
792 1738 1031 1792 revelare
1064 1740 1311 1808 dignatus
1339 1748 1445 1804 est,
1475 1748 1533 1792 ut
1566 1739 1706 1807 quod
1736 1739 1919 1808 paucis

2029 564 2201 618 batur.
2254 565 2419 619 Iussit
2463 584 2590 637 ergo
2642 568 2920 637 episcopus
2980 568 3130 623 valde
3186 573 3439 627 confusus
3483 591 3607 628 eum

2028 654 2271 720 pr0tinus
2328 656 2584 708 amoveri.
2649 656 2753 710 Sed
2809 673 2929 711 cum
2990 660 3102 728 ipse
3153 660 3203 712 in
3264 665 3606 733 semetipsum

2028 744 2217 798 fuisset
2255 757 2471 815 repente
2516 763 2805 802 conversas
2835 789 2848 812 ,
2907 750 3035 802 dicit
3087 751 3168 805 his
3217 752 3409 819 quibus
3465 754 3609 808 velut

2029 834 2206 888 furore
2237 846 2387 890 actus
2431 837 2613 906 procul
2665 840 2716 892 in
2762 848 2967 908 partem
3012 840 3234 894 alteram
3285 842 3610 898 tenebatur:

2030 927 2217 981 Ducite
2259 944 2365 993 me,
2414 930 2609 999 inquit,
2660 930 2725 984 ad
2774 932 2971 997 fontes,
3003 932 3113 1000 jam
3148 935 3290 988 enim
3330 952 3434 992 non
3489 953 3611 993 sum

2030 1016 2201 1085 impos
2235 1019 2450 1083 mentis,
2493 1034 2590 1073 nec
2621 1035 2703 1075 me
2733 1030 2943 1089 captum
2996 1024 3224 1091 putetis;
3278 1036 3424 1079 certe
3466 1026 3612 1081 cnim

2019 1106 2130 1175 jam
2158 1106 2315 1175 cupio
2344 1108 2621 1177 baptizari.
2661 1109 2825 1177 Igitur
2850 1128 2971 1166 cum
3002 1114 3254 1188 reductus
3293 1118 3358 1170 ad
3399 1118 3612 1186 episco-

2026 1213 2152 1266 pum
2180 1198 2371 1252 iterum
2401 1200 3054 1266 pervenisset:0bsecru.
3102 1206 3193 1269 ait,
3239 1208 3492 1262 sacerdos
3537 1209 3612 1264 in-

2026 1288 2188 1359 clyte,
2220 1290 2531 1359 perficiatur
2576 1292 2626 1345 in
2675 1309 2758 1346 me
2797 1294 2933 1347 sacri
2986 1295 3141 1363 hujus
3188 1296 3380 1353 lavacri
3429 1316 3611 1355 sacra-

2026 1390 2285 1433 mentum.
2330 1380 2397 1435 Et
2426 1381 2548 1436 ille:
2576 1382 2709 1447 Non,
2739 1384 2980 1455 inquam,
3011 1388 3226 1452 faciam,
3258 1390 3356 1443 nisi
3394 1408 3608 1447 omnem

2025 1466 2173 1521 illum
2218 1468 2460 1525 horroris
2504 1486 2705 1537 casum,
2754 1482 2808 1527 et
2851 1474 3181 1533 confusionis
3230 1488 3332 1534 tua:
3372 1496 3611 1550 expoaas

2024 1571 2297 1621 arcanum,
2334 1567 2386 1611 et
2421 1560 2548 1629 quid
2577 1562 2669 1615 tibi
2696 1565 2937 1619 evenerit
2966 1576 3120 1620 antea
3156 1571 3408 1638 stuporis,
3442 1582 3498 1625 nt
3525 1588 3607 1626 sa-

2023 1645 2131 1699 cris
2166 1646 2319 1701 istius
2347 1663 2659 1706 exsecrares
2691 1653 2865 1709 laticis
2902 1659 3119 1723 undam,
3156 1660 3331 1715 verbis
3360 1663 3609 1717 veridicis

2023 1734 2264 1792 fatearis.
2312 1738 2461 1794 Tunc
2500 1742 2587 1795 ille
2626 1746 2867 1814 prorupit
2908 1746 2959 1799 in
2990 1747 3275 1817 Iacrymas,
3304 1750 3395 1809 ι.Ιί
3421 1752 3608 1807 ordine

329 1824 785 1879 manifestabatur
809 1827 876 1879 ad
906 1826 1064 1880 fidem
1093 1827 1343 1881 omnibus
1379 1828 1665 1897 proficeret
1707 1829 1772 1880 ad
1818 1841 1908 1880 sa-
1945 1825 1985 1882 II
2014 1828 2278 1896 passionis
2299 1848 2407 1885 sua:
2438 1833 2630 1886 seriem
2654 1838 2894 1903 pandens
2921 1857 2931 1891 :
2974 1838 3105 1893 Cmn
3140 1850 3263 1897 ante
3292 1846 3606 1899 vcst'hulum

328 1913 515 1969 Intem.
551 1916 665 1970 Non
698 1918 794 1971 abs
819 1933 874 1970 re
920 1927 1099 1971 autem
1147 1917 1384 1971 arbitror
1425 1932 1487 1970 ea
1528 1932 1648 1986 qua:
1702 1917 1767 1970 de
1820 1916 1917 1970 hu-

323 2001 624 2071 juscemodi
681 2007 1097 2061 revelationibus
1151 2008 1307 2062 nobis
1360 2007 1589 2062 lectione
1641 2016 1917 2075 comperta

326 2102 476 2158 sunt,
523 2094 589 2147 ad
639 2095 1050 2151 :edificationem
1083 2097 1373 2150 maximam
1409 2106 1747 2165 posterorum
1793 2096 1919 2149 huic

325 2185 507 2239 libello
546 2186 786 2241 inserere
818 2196 872 2241 et
912 2188 1171 2256 praeclara
1199 2186 1409 2241 Domini
1433 2186 1613 2241 Nostri
1638 2185 1687 2241 J.
1726 2184 1788 2240 C.
1819 2185 1918 2241 nii-

328 2277 536 2343 racula,
584 2292 651 2332 ne
696 2280 955 2333 memoria
1001 2278 1274 2344 excidant,
1319 2278 1483 2334 etiam
1516 2287 1702 2334 nostro
1742 2277 1917 2334 studio

324 2368 526 2439 scripta
579 2369 901 2438 relinquere.

424 2459 553 2513 Car.
606 2459 761 2513 XLII.
784 2491 854 2500 —
878 2461 1197 2515 .lliraculum
1232 2461 1295 2515 de
1330 2462 1557 2532 quodam
1606 2460 1815 2544 Judwq.

394 2546 512 2604 Non
547 2551 974 2621 incompetenter
1012 2552 1172 2605 edere
1200 2550 1434 2605 arbitror
1463 2551 1591 2603 illud
1630 2550 1771 2621 quod
1815 2550 1912 2603 ba-

322 2650 515 2694 ctenus
578 2643 812 2709 quodam
873 2642 1097 2695 Ichrzeo
1154 2642 1315 2694 didici
1377 2640 1660 2695 referente.
1734 2640 1915 2709 Neque

323 2727 471 2781 enim
508 2729 629 2783 ideo
670 2744 790 2785 esse
827 2746 931 2785 non
962 2730 1238 2799 putabilur
1275 2746 1459 2784 verum
1488 2732 1628 2799 quod
1660 2729 1914 2786 testifica-

322 2816 476 2871 tione
503 2815 755 2873 fortassis
783 2819 975 2872 annula
1011 2834 1105 2888 per
1135 2819 1479 2873 inimicorum
1520 2833 1615 2874 ora
1655 2828 1802 2872 certa
1830 2835 1913 2873 ra-

321 2903 399 2958 tio
424 2919 549 2958 vera
576 2905 989 2961 interlocutione
1014 2906 1235 2961 fatetur.
1297 2907 1447 2960 Solet
1472 2907 1613 2961 enim
1641 2907 1809 2977 major
1830 2908 1912 2963 bis

322 2996 727 3051 accommodari
754 2996 907 3062 fides,
926 2997 1013 3050 ubi
1039 2998 1242 3051 inimici
1271 2996 1631 3067 astipulantur
1650 2997 1809 3052 dictis
1827 3012 1912 3053 ve—

321 3083 529 3150 ridicis,
558 3086 755 3155 quibus
788 3086 905 3141 sine
930 3084 1055 3141 fuco
1078 3086 1401 3141 adulationis
1449 3100 1502 3140 et
1546 3088 1661 3141 sine
1703 3086 1908 3143 falsilo-

319 3175 449 3249 quio
476 3177 673 3230 favent.
721 3177 835 3232 Hoc
859 3178 1058 3231 etenim
1084 3180 1240 3233 modo
1262 3195 1357 3249 per
1382 3179 1601 3232 Balaam
1631 3180 1907 3234 inimicum
1936 3170 1979 3228 C

318 3266 507 3337 utique
539 3266 717 3337 populi
744 3265 1050 3323 Iudaeorum
1082 3269 1470 3323 benedictionis
1499 3270 1907 3340 promulgantur

315 3357 571 3427 insignia.
614 3358 721 3412 Sed
765 3368 821 3413 et
859 3359 967 3413 Vas
1011 3359 1289 3415 electionis
1335 3376 1440 3415 non
1484 3362 1909 3432 incompetenter

315 3447 553 3518 eligitur,
590 3457 645 3501 ut
675 3449 766 3520 qui
797 3450 1087 3519 putabatur
1134 3453 1399 3507 hactenus
1444 3470 1473 3506 a
1521 3452 1765 3507 fidelibus
1800 3470 1905 3507 non

314 3538 592 3603 ferendus,
625 3539 740 3610 ipse
781 3556 972 3595 nomen
1004 3540 1304 3610 inajestatis
1336 3543 1545 3597 Domini
1592 3541 1716 3596 Jesu
1762 3544 1908 3613 prin-

315 3630 528 3703 cipibus
562 3640 617 3685 et
645 3633 1000 3702 potestatibus
1038 3635 1350 3688 anteferret.
1408 3633 1602 3688 Verum
1652 3635 1739 3688 ille
1782 3635 1907 3703 quid

315 3720 561 3773 ferebat?
583 3720 831 3788 Quidam,
856 3724 1044 3793 inquit,
1069 3722 1285 3777 Judaeus
1305 3724 1371 3776 ad
1385 3724 1693 3792 episcopum
1720 3739 1905 3793 quem-

315 3810 443 3860 dam
477 3824 732 3878 pergens,
763 3812 837 3864 ait
860 3827 917 3864 se
946 3813 1064 3865 fidei
1094 3812 1375 3866 catholica:
1405 3812 1538 3866 velle
1570 3812 1769 3865 initiari
1802 3827 1909 3881 my-

314 3900 519 3963 steriis,
541 3903 735 3956 debere
756 3918 883 3973 ergo
903 3906 1211 3974 episcopum
1249 3905 1323 3957 illi
1358 3905 1571 3958 tradere
1593 3904 1801 3957 colendi
1833 3905 1905 3956 ri-

319 3998 460 4055 tum,
483 4007 589 4059 quo
610 3992 870 4060 prolatius
895 3995 1222 4059 instructus,
1267 3995 1375 4049 voti
1409 3995 1493 4049 sui
1527 4010 1746 4063 compos
1784 3994 1904 4049 effe-

315 4099 457 4153 ctus,
467 4087 578 4156 jam
600 4087 771 4142 fidelis
782 4086 1091 4142 Christiano
1111 4090 1320 4158 corpori
1337 4087 1674 4158 jungeretur.
1697 4089 1778 4142 Ad
1797 4090 1907 4143 [nec

314 4185 632 4255 episcopus:
681 4181 912 4247 Recede,
938 4181 1187 4245 obsecro,
1222 4194 1251 4233 a
1293 4179 1451 4234 nobis
1500 4179 1774 4235 hominum
1815 4196 1906 4249 ge-

316 4296 419 4338 nus
458 4280 713 4341 invisum,
755 4276 959 4340 desine,
1002 4283 1062 4328 ut
1101 4288 1218 4328 mos
1264 4284 1447 4328 vester
1493 4281 1597 4338 est,
1645 4283 1907 4327 attentare

318 4370 570 4440 maligne.
612 4367 719 4423 Sed
758 4368 825 4431 si,
865 4375 922 4420 ut
960 4365 1199 4430 assolet,
1261 4364 1581 4419 necessitate
1627 4363 1909 4433 cujuslibet

316 4463 567 4517 facinoris
611 4458 891 4529 obligaris,
937 4457 1193 4511 Ecclesia:
1235 4465 1285 4511 te
1320 4465 1663 4511 muneratam
1707 4456 1907 4523 stipen-

312 4553 404 4607 dio
431 4552 619 4623 gaude,
638 4549 931 4605 dummodo
962 4549 1150 4602 irrisor
1174 4555 1370 4602 nostrae
1397 4546 1519 4601 fidei
1542 4562 1647 4602 non
1678 4547 1899 4601 existas.
1935 4524 1981 4583 D

312 4644 396 4698 Ad
434 4645 545 4698 haec
597 4642 723 4697 ille:
757 4640 894 4704 Non,
936 4640 1180 4708 inquam,
1216 4639 1370 4693 beate
1416 4639 1673 4708 pontifex,
1707 4648 1764 4691 ut
1801 4637 1899 4691 bo-

310 4747 447 4791 stem
494 4734 889 4790 exsecrandum
934 4732 1176 4800 protinus
1206 4747 1354 4802 agas.
1408 4730 1576 4800 Cupio
1604 4731 1749 4785 enim
1778 4729 1901 4783 fidei

313 4836 503 4883 vestra:
563 4825 763 4879 initiari
818 4822 1086 4892 mysteriis
1122 4863 1135 4887 ,
1184 4824 1308 4892 quia
1361 4821 1624 4875 tremendi
1666 4819 1902 4874 nominis

308 4917 522 4976 Domini
554 4917 681 4973 Iesu
706 4914 909 4971 Christi
937 4924 990 4965 et
1014 4911 1242 4967 formido
1256 4912 1541 4982 judicium,
1575 4923 1629 4969 et
1656 4914 1903 4969 desidero

308 5009 511 5067 habere
547 5007 888 5078 prtesidium.
932 5004 1060 5070 Sed,
1090 5019 1210 5060 cum
1241 5012 1386 5058 esset
1418 5006 1664 5072 pertinax
1712 5004 1766 5057 in
1810 5020 1899 5058 ro-

306 5100 518 5171 gando,
577 5109 630 5153 et
689 5096 1062 5169 hujuscemodi
1112 5095 1515 5169 pollicitationis
1549 5096 1900 5167 jurejurando

306 5190 591 5246 immodica
620 5204 679 5244 se
714 5186 1011 5257 sponsione
1037 5187 1294 5241 cinxisset
1323 5185 1466 5240 nulla
1492 5188 1543 5243 id
1575 5187 1717 5260 quod
1749 5201 1898 5259 pete-

304 5290 394 5337 ret
417 5280 703 5335 securitate
733 5275 1034 5347 negligere,
1067 5280 1206 5335 nulla
1237 5282 1612 5348 persecutione
1642 5282 1894 5338 deserere

303 5374 513 5429 nullave
556 5375 830 5429 facilitate
870 5371 1122 5439 prodere,
1164 5372 1535 5432 catechizandi
1580 5378 1629 5431 ei
1679 5376 1890 5432 initium

302 5460 404 5500 ίιοι·
430 5464 757 5500 κίεηνιηηιιιιη
794 5460 971 5500 οΓΙΙίιία
1012 5466 1143 5500 Irrnli
1181 5464 1460 5500 auiam-nnc
1499 5470 1650 5500 ειη-οη
1735 5469 1885 5500 lin-AI

2018 1923 2243 1993 hujusce
2294 1926 2459 1982 fontis
2506 1932 2817 1988 assistercm
2866 1934 3164 1990 abluendus
3201 1979 3215 2003 ,
3263 1940 3411 1993 venit
3454 1940 3606 1994 turba

2018 2016 2317 2073 ἀωιηοιιυιη
2352 2022 2504 2077 valde
2532 2024 2830 2094 nigrorum,
2854 2025 3198 2097 EthiOpibus
3222 2046 3319 2101 par
3346 2032 3605 2088 existens.

2020 2104 2144 2161 Il;ee
2171 2123 2255 2163 me
2281 2111 2583 2180 proripiens
2624 2123 2934 2170 sanctorum
2962 2118 3208 2173 manibus
3233 2119 3435 2174 fontem
3459 2122 3610 2176 adire

2017 2196 2067 2249 vi
2100 2196 2273 2252 valida
2302 2200 2638 2267 prohibebat.
2694 2204 2933 2262 Aderant
2977 2208 3240 2278 siquidem
3289 2209 3378 2262 alii
3420 2211 3608 2266 candi-

2016 2286 2127 2341 dati
2175 2290 2499 2348 obsistentes
2541 2296 2745 2363 paritcr
2771 2337 2786 2361 ,
2838 2307 2892 2352 et
2933 2299 3211 2355 dicentes:
3248 2300 3421 2357 Nolite
3465 2304 3609 2360 hunc

2015 2378 2301 2446 prohibere
2331 2384 2471 2437 sacri
2503 2384 2668 2440 fontis
2700 2388 2850 2443 adire
2890 2390 3165 2459 mysteria.
3218 2390 3320 2457 Qui
3374 2406 3468 2447 vos
3512 2409 3609 2463 pu-

2015 2466 2196 2522 niendi
2219 2469 2302 2524 his
2330 2470 2604 2529 inservitis
2629 2478 3027 2533 sacramentis?
3063 2478 3229 2534 Vobis
3253 2481 3419 2548 enim,
3453 2484 3607 2539 vobis

2016 2557 2162 2611 noxii
2192 2558 2333 2627 ignis
2377 2563 2560 2629 ardor,
2609 2578 2715 2618 non
2765 2566 3014 2636 baptismi
3062 2569 3286 2624 debetur
3330 2572 3603 2640 splendor.

2014 2647 2171 2703 Atilii
2204 2667 2215 2703 :
2246 2650 2383 2717 Quid
2409 2653 2557 2709 vobis
2586 2665 2639 2710 et
2667 2656 2791 2711 isti?
2826 2656 3039 2725 Noster,
3070 2660 3338 2731 inquiunt,
3368 2673 3474 2730 est,
3505 2681 3604 2722 nec

2015 2738 2167 2795 vobis
2209 2741 2332 2811 jure
2362 2743 2634 2801 debendus
2669 2747 2960 2818 potabitur.
3007 2750 3104 2805 Illo
3146 2753 3308 2823 igitur
3353 2772 3475 2810 cum
3518 2774 3606 2813 me

2006 2827 2165 2897 jussu
2213 2840 2317 2887 tua:
2356 2836 2641 2902 potestatis
2689 2847 2918 2894 tractum
2957 2841 3204 2899 manibus
3249 2846 3603 2916 quormndam

2016 2923 2123 2978 tuis
2172 2925 2480 2995 aspectibus
2513 2927 2839 3000 elongasses,
2889 2942 3051 3003 atque
3099 2937 3349 2992 recedere
3396 2938 3604 2995 alterna

2013 3016 2066 3071 in
2096 3028 2250 3086 parte
2284 3018 2562 3089 jussisses,
2606 3021 2748 3077 inter
2772 3024 3028 3093 partium,
3061 3042 3179 3096 qua:
3206 3038 3381 3094 erant,
3419 3030 3604 3085 simul-

2015 3108 2249 3164 tationes
2296 3112 2531 3181 quadam
2569 3114 2814 3182 pactione
2852 3119 3132 3184 ‘conveuit,
3178 3129 3236 3177 ut
3287 3138 3371 3175 me
3416 3133 3603 3177 contra

2010 3210 2231 3271 peccata
2257 3218 2374 3258 mea
2406 3206 2519 3273 pari
2547 3205 2702 3261 lance
2729 3218 3038 3276 pensarent,
3066 3221 3119 3266 et
3144 3213 3188 3266 si
3211 3213 3461 3281 ponderis
3487 3232 3602 3269 rna-

2002 3300 2091 3369 jor
2112 3290 2377 3348 scelerum
2417 3307 2789 3353 concresceret
2821 3314 2987 3367 pensa
3012 3315 3197 3358 eorum
3231 3304 3599 3372 abscederem,

2011 3392 2069 3437 ut
2116 3384 2443 3452 immundus,
2487 3403 2587 3443 nec
2634 3390 2703 3445 ab
2751 3391 2830 3446 eis
2876 3392 3103 3451 ducerer
3152 3396 3433 3452 eluendus.
3484 3397 3591 3453 Sed

2008 3492 2128 3530 cum
2160 3478 2397 3547 pondere
2423 3479 2590 3534 nimio
2626 3482 2882 3538 oneribus
2928 3499 3105 3539 massa
3148 3485 3381 3542 infandis
3429 3489 3600 3544 invisa

2008 3567 2315 3634 crevisset,
2368 3570 2587 3638 quidam
2639 3585 2845 3641 pauper
2878 3612 2893 3637 ,
2945 3572 3101 3642 cujus
3154 3585 3280 3631 ante
3341 3578 3455 3633 dies
3502 3579 3600 3633 ali-

2008 3668 2136 3727 quot
2185 3674 2384 3728 corpus
2441 3676 2561 3717 meo
2621 3661 2975 3719 calefeceram
3036 3668 3374 3735 vestimento,
3410 3671 3598 3725 confe-

2008 3751 2131 3803 stim
2210 3748 2423 3817 afluit,
2489 3752 2860 3823 prolatamque
2923 3766 3127 3813 vestem
3195 3760 3426 3829 praebuit
3478 3778 3599 3817 meo

2008 3843 2222 3911 corpori
2289 3847 2764 3913 compensandam.
2832 3847 2982 3903 Illico
3038 3850 3201 3920 igitur
3268 3852 3431 3906 veluti
3498 3855 3596 3923 ipsi

2008 3934 2330 3989 vestimento
2376 3936 2622 3991 immensi
2680 3938 2933 4007 ponderis
2982 3943 3226 4010 quiedam
3276 3945 3464 3999 fuisset
3503 3948 3598 4000 ad-

2008 4024 2149 4079 dicta
2178 4027 2452 4092 materies,
2484 4030 2814 4098 supercrevit
2840 4046 3007 4101 pensa
3032 4034 3135 4088 mei
3186 4038 3450 4105 corporis,
3487 4037 3595 4106 eje-

2008 4113 2217 4182 ctisque
2247 4114 2352 4169 illis
2386 4114 2749 4185 Aithiopibus,
2776 4134 2837 4172 ac
2872 4119 3087 4190 fugatis,
3115 4125 3362 4180 manibus
3385 4128 3485 4181 huc
3514 4144 3597 4180 re-

2007 4203 2199 4259 ductus
2232 4220 2351 4258 sum
2388 4206 2685 4261 beatorum.
2726 4208 2967 4279 Cmnqne
3002 4212 3076 4266 ita
3108 4230 3165 4267 se
3199 4214 3399 4269 habere
3430 4214 3585 4283 jura—

2010 4293 2206 4347 mentis
2268 4294 2599 4349 terribilibus
2639 4296 2928 4353 affirmaret
2952 4342 2965 4365 ,
3005 4300 3271 4357 admissus
3310 4304 3376 4358 ad
3414 4306 3590 4375 bapti-

2009 4398 2184 4437 smum
2209 4385 2543 4438 sacrosancti
2562 4385 2762 4441 lavacri
2794 4404 2988 4445 munus
3013 4393 3244 4461 excepit.
3276 4393 3442 4464 Igitur
3470 4412 3591 4450 eum

2010 4478 2076 4530 ad
2117 4478 2401 4532 missarum
2440 4478 2628 4534 fuisset
2667 4484 2919 4551 mysteria
2955 4495 3204 4549 ventum,
3246 4497 3434 4542 sancta
3460 4504 3590 4543 san—

2006 4580 2215 4626 ctorum
2244 4572 2407 4641 cmpit
2439 4588 2643 4637 rursus,
2676 4575 2814 4627 sicut
2845 4575 2897 4628 in
2927 4577 3193 4647 baptismo
3215 4579 3363 4649 prius
3386 4591 3592 4650 egerat,

2010 4661 2256 4732 refugere
2279 4704 2292 4725 ,
2320 4672 2377 4716 et
2406 4664 2613 4732 rugitus
2638 4664 2798 4718 validi
2827 4668 3058 4735 gemitus
3085 4668 3214 4723 dare
3234 4710 3247 4733 ,
3278 4679 3439 4741 atque
3470 4672 3596 4726 hor-

2010 4765 2131 4805 rere
2160 4750 2441 4806 videbatur
2473 4755 2672 4808 acriter
2700 4755 2866 4823 ipsius
2897 4760 3140 4827 mysterii
3167 4771 3589 4817 sacramentum.

2010 4841 2206 4897 Verum
2222 4841 2287 4896 ad
2313 4844 2425 4898 haac
2446 4844 2730 4913 episcopus
2756 4845 2948 4900 iterum
2974 4849 3392 4918 obstupescens:
3417 4850 3555 4917 Quid
3585 4897 3599 4918 ,

2010 4933 2115 4998 ait,
2142 4932 2244 4986 iste
2278 4943 2502 4988 vexatus
2536 4934 2768 4999 insanit,
2799 4946 2849 4988 et
2883 4934 3065 4992 furore
3097 4940 3385 4996 immodico
3415 4943 3557 5011 rugit

2008 5025 2175 5094 Igitur
2202 5040 2328 5079 cum
2359 5025 2707 5095 aliquatenus
2738 5028 2905 5082 simus
2935 5030 3163 5085 aderant
3186 5031 3346 5086 simul
3378 5035 3596 5089 attoniti

2007 5130 2233 5185 prorsus
2265 5117 2535 5173 bmrerent
2556 5162 2569 5186 ,
2602 5117 2866 5175 accedunt
2900 5122 2969 5175 ad
2998 5135 3119 5175 eum
3156 5121 3372 5191 quidam
3414 5123 3631 5197 dicen-_

2008 5217 2086 5262 tes
2112 5226 2123 5260 :
2156 5204 2297 5272 Quid
2325 5216 2378 5261 tu
2410 5223 2625 5265 rursum
2654 5208 2977 5276 deprimeris
2999 5212 3260 5281 stupore?
3288 5211 3344 5268 Si
3375 5213 3604 5267 credere

2004 5314 2107 5352 noa
2134 5296 2239 5363 vis,
2279 5298 2408 5367 quid
2442 5313 2541 5369 per
2578 5297 2890 5371 hypocrisin
2932 5310 3146 5356 tentare
3183 5302 3261 5355 vis
3298 5302 3435 5355 tanti
3475 5318 3599 5373 my-

2004 5390 2156 5446 sterii
2181 5390 2694 5449 sacramentum.At
2725 5389 2841 5445 ille:
2875 5392 3135 5459 Maximo,
3156 5394 3348 5463 inquit,
3379 5409 3602 5464 pavore,

2038 5489 2051 5500 ι
2107 5492 2341 5500 -..Α----.--
2404 5496 2473 5500 --.
2508 5482 2535 5500 n
2578 5487 2588 5496 ο
