4516 5500
385 482 484 535 397

1231 476 1427 530 LIBER
1469 476 1553 530 DE
1591 476 1905 532 CORl‘OlIE
1946 476 2030 531 ET
2072 472 2413 528 SANGUINE
2452 474 2740 529 CHRISTI.

3508 482 3607 534 598

384 588 791 645 dehonorationi
821 596 874 640 et
900 586 1177 641 olletisioni
1207 602 1315 639 sum
1353 588 1645 642 addicere?
1692 586 1949 644 Estima-
1978 627 2022 683 Α
2054 585 2196 638 niam
2221 584 2434 653 quidam
2466 586 2544 637 vel
2573 587 2897 653 iguoranter,
2924 584 3004 639 vel
3029 588 3344 656 simpliciter
3365 588 3416 641 in
3442 589 3610 643 calice

386 680 563 733 vimus
590 677 852 747 siquidem
894 692 990 731 nos
1029 692 1149 730 ossa
1192 676 1589 744 apostolorum,
1630 678 1709 732 vel
1751 688 1953 748 marty-

385 784 527 831 rmn,
577 766 809 836 pretiosa
864 765 986 818 hinc
1039 764 1283 828 referre,
1338 767 1482 818 sicut
1533 767 1784 821 decuerat
1837 777 1955 821 tan-

389 868 503 910 tum
588 855 759 908 virum
828 856 903 907 uti
969 854 1216 907 domitms
1279 864 1464 908 noster
1527 864 1627 908 est.
1700 856 1738 907 Α
1807 864 1950 909 tanta

386 947 737 1002 nihilominus
784 946 927 1009 sede,
955 961 1073 1013 qum,
1123 946 1223 998 sita
1285 961 1313 997 a
1360 955 1465 997 tam
1518 946 1675 1014 longo
1718 956 1772 998 et
1819 945 1953 999 ditii-

384 1038 591 1091 eillimo
643 1037 773 1089 satis
828 1036 1059 1095 itinere.
1120 1046 1173 1088 et
1224 1036 1360 1088 data:
1410 1045 1533 1088 sunt
1582 1036 1737 1088 nobis
1794 1038 1951 1105 panni

387 1128 615 1180 modica:
669 1127 1062 1196 portiunculm,
1119 1142 1180 1179 ac
1233 1125 1275 1177 si
1329 1124 1627 1192 hujusmodi
1682 1126 1950 1192 panniculi

385 1233 556 1288 genus
618 1218 754 1286 apud
820 1232 917 1270 nos
982 1216 1258 1282 nequisset
1319 1215 1568 1268 inveniri.
1633 1215 1741 1269 Nisi
1813 1218 1955 1269 enim

385 1320 566 1360 causa!
620 1304 928 1359 sollicitudo
983 1305 1365 1367 subvenisset,
1423 1314 1481 1356 ut
1536 1304 1678 1373 quod
1734 1307 1958 1374 gereba-

386 1411 510 1451 mus
561 1408 1014 1466 cognosceremus
1046 1435 1059 1457 ,
1117 1406 1171 1448 et
1223 1396 1315 1466 sic.
1351 1396 1541 1450 stolide
1594 1396 1660 1450 ad
1715 1406 1956 1450 nostrum

387 1491 665 1545 dominum
722 1492 876 1544 nobis
926 1491 1241 1561 contigisset
1295 1492 1476 1545 venire
1508 1531 1522 1550 .
1579 1492 1797 1546 dubium
1852 1508 1955 1546 non

386 1590 475 1634 est
530 1580 829 1650 pericuhun
883 1582 1103 1635 honoris
1181 1590 1233 1634 et
1312 1583 1497 1651 gratize
1550 1597 1660 1635 sua:
1714 1598 1812 1636 nos
1866 1583 1960 1637 de-

388 1673 574 1726 buisse
640 1674 937 1725 incurrere.
1003 1672 1152 1738 Quod
1232 1674 1650 1727 archidiaconus
1718 1673 1957 1727 modesta

389 1763 763 1830 increpatione
829 1762 1142 1831 redarguit,
1195 1776 1293 1815 cur
1340 1763 1389 1815 iu
1448 1772 1651 1815 tantam
1704 1778 1959 1831 praesum-

388 1851 631 1919 ptionem
681 1852 958 1917 eruperint
1006 1861 1063 1903 ut
1112 1852 1404 1920 apostolica
1454 1852 1620 1921 sigilla
1678 1852 1916 1921 ruperint
1946 1893 1959 1915 ,

390 1944 617 1996 hortans
663 1957 756 1996 eos
802 1954 860 1995 ut
904 1943 1177 2005 redirent,
1224 1952 1276 1997 et
1324 1960 1441 2013 quze
1493 1954 1811 2012 acceperant
1865 1944 1958 1993 do-
1998 1952 2013 2006 ι

392 2035 543 2087 mino
574 2048 670 2085 suo
697 2048 815 2085 cum
846 2032 1051 2087 honore
1094 2034 1385 2087 deferrent.
1426 2036 1527 2087 Sed
1564 2036 1614 2089 hi
1649 2035 1955 2089 nullatenus

390 2125 613 2177 monitis
639 2125 754 2193 ejus
779 2140 842 2178 ac
862 2127 1187 2192 guiesceutes
1216 2141 1381 2194 usque
1410 2126 1473 2177 ad
1508 2127 1685 2179 domui
1712 2126 1957 2192 Gregorii

389 2225 658 2267 venerunt
696 2215 1059 2282 pra-sentiam,
1111 2215 1359 2283 factoque
1405 2226 1699 2283 cmnperto,
1756 2219 1959 2283 patien-

392 2301 602 2355 tissime
638 2316 825 2354 eorum
860 2300 977 2353 tulit
1006 2301 1311 2365 stultitiam,
1365 2318 1565 2371 eosque.
1603 2306 1962 2357 sacrosanctis

391 2390 679 2443 missarum
719 2388 995 2443 solemniis
1036 2390 1288 2458 prmcepit
1321 2391 1599 2444 interesse.
1633 2388 1805 2454 Unde,
1840 2408 1959 2444 eum

394 2480 461 2534 ad
482 2479 657 2534 locum
707 2480 787 2533 sui
836 2480 1101 2534 sermonis
1144 2488 1226 2533 est
1276 2490 1514 2543 ventum,
1558 2482 1747 2535 suadet
1772 2483 1964 2551 populo

393 2568 490 2621 Dei
511 2576 559 2622 el
584 2577 891 2622 sanctorum
916 2571 1140 2637 gratiam
1156 2582 1400 2629 exorare,
1421 2577 1684 2637 quatenus
1706 2570 1755 2622 in
1785 2570 1881 2622 hac
1911 2586 1967 2624 re

393 2656 1091 2726 dignarenturapertissime
1114 2658 1191 2711 sic
1212 2673 1361 2711 suam
1386 2659 1676 2726 potentiam
1702 2659 1966 2729 pateface-

396 2762 486 2811 re;
518 2748 713 2814 utquid
734 2757 1005 2801 mereatur
1020 2748 1170 2812 lides,
1188 2750 1487 2802 evidentius
1505 2750 1682 2803 minus
1697 2753 1894 2804 creduli
1914 2764 1967 2805 et

397 2837 713 2906 ignorantes
762 2837 968 2905 possint
1025 2852 1369 2905 cognoscere.
1426 2838 1491 2891 Et
1548 2839 1669 2892 data
1722 2842 1966 2895 oratione

394 2924 606 2991 accepit
634 2925 702 2978 ab
732 2940 796 2979 eo
824 2926 1122 2989 cultellum,
1170 2928 1260 2995 qui
1309 2936 1664 2983 temeraverat
1703 2930 1874 3001 signa,
1914 2940 1970 2985 et

394 3027 554 3079 super
602 3012 773 3067 altare
815 3016 1060 3083 corporis
1101 3018 1271 3069 sancti
1313 3016 1457 3071 Petri
1496 3030 1774 3089 acceptam
1805 3037 1966 3075 unam

393 3100 556 3168 panni
610 3101 1004 3167 portiunculam
1051 3119 1145 3173 per
1191 3106 1424 3160 medium
1476 3123 1718 3178 pungens
1744 3112 1965 3165 secavit.

395 3194 475 3247 Ex
505 3209 605 3262 qua
634 3196 817 3249 statim
846 3198 1064 3267 sanguis
1094 3200 1421 3265 decucurrit,
1464 3214 1519 3256 et
1560 3220 1778 3259 omnem
1816 3220 1963 3259 eam-

2054 676 2333 731 Dominico
2378 677 2767 731 sanctiﬁcando
2810 688 2863 732 et
2917 678 3054 747 plebi
3114 679 3469 733 ministrando
3510 698 3611 733 non

2054 765 2152 819 hoc
2195 763 2394 818 faciunt
2432 766 2572 833 quod
2628 763 2785 819 Iesus
2823 764 3069 819 Christus
3100 765 3358 822 Dotniuus
3386 779 3439 822 et
3478 768 3615 822 Deus

2054 859 2531 921 noster,sacriiicii
2584 859 2739 927 hujus
2788 869 2973 913 auctor
3021 869 3075 911 et
3133 860 3343 924 doctor,
3394 860 3509 915 fecit
3562 873 3615 914 et

2054 951 2257 1017 docuit,
2290 951 2594 1021 religiosum
2639 953 2841 1019 pariter
2885 967 2947 1003 ac
2989 953 3349 1005 nccessarium
3388 954 3511 1007 duxi
3550 957 3613 1005 de

2058 1040 2155 1093 hoc
2187 1040 2250 1091 ad
2280 1055 2372 1093 vos
2396 1040 2602 1093 litteras
2628 1039 2828 1101 f..cere,
2858 1050 2956 1093 etc.

2055 1126 2181 1178 CH‘.
2234 1125 2433 1179 XLVII.
2487 1158 2556 1165 —
2622 1126 2860 1191 Qualiter
2898 1129 2951 1179 in
3020 1129 3223 1181 Iluntiui
3282 1132 3443 1183 nostri
3488 1130 3613 1183 Ja'su

2127 1196 2318 1248 Christi
2360 1198 2599 1266 passione
2632 1199 2901 1265 mysticum
2934 1202 2998 1250 sit
3042 1197 3243 1251 Pascha
3266 1203 3539 1263 abolitum,
3570 1213 3615 1253 et

2126 1268 2178 1318 in
2206 1267 2319 1333 ejus
2352 1266 2701 1318 immolatione
2726 1268 2798 1318 rei
2832 1268 3009 1319 reritas
3038 1271 3100 1319 sit
3130 1281 3353 1321 ostensa.

2131 1356 2207 1423 (7)
2248 1355 2488 1410 Diximus
2528 1358 2579 1409 in
2622 1358 2991 1425 superioribus
3025 1360 3158 1412 satis
3186 1361 3250 1413 de
3278 1371 3619 1414 saeratnento

2057 1444 2264 1507 calicis,
2300 1445 2591 1498 secundum
2630 1446 2770 1514 quod
2796 1447 2853 1498 Β.
2888 1445 3155 1515 Cypriano
3187 1450 3407 1517 martyri
3442 1449 3607 1501 Domi-

2059 1549 2159 1587 nus
2189 1534 2428 1587 revelare
2452 1536 2699 1603 diguatus
2730 1545 2829 1588 est.
2871 1535 3129 1604 Superest
3155 1547 3211 1591 ut
3238 1553 3377 1591 nunc
3406 1539 3470 1591 de
3506 1554 3591 1607 lay

2061 1625 2226 1679 sterio
2283 1624 2541 1679 Dominici
2602 1628 2842 1696 corporis
2892 1630 3207 1697 nostrique.
3261 1628 3313 1682 id
3368 1638 3451 1682 est
3499 1631 3619 1681 novi

2060 1720 2278 1774 Paschte
2326 1718 2689 1773 immolatione
2738 1719 2990 1787 qualiter,
3040 1719 3119 1772 vel
3170 1734 3199 1773 a
3248 1720 3440 1787 quibus
3483 1722 3624 1775 cele—

2060 1810 2324 1863 brandum
2371 1808 2460 1861 sit.
2503 1808 2839 1860 Sanctissimi
2873 1825 3021 1878 papa:
3048 1808 3293 1878 Gregorii
3318 1824 3533 1863 sensum
3570 1822 3623 1863 et

2065 1898 2225 1951 verba
2259 1912 2540 1965 ponamus,
2574 1908 2630 1948 ut
2671 1898 2810 1965 quod
2850 1900 2948 1951 sub
2979 1898 3240 1953 velamine
3270 1897 3459 1953 littetm
3485 1910 3625 1969 lege—

2021 1955 2035 2005 δ
2066 1988 2223 2040 batur
2265 1987 2315 2037 in
2366 1986 2500 2054 lege,
2535 1986 2584 2037 in
2623 1985 2908 2053 Evangelia
2939 1986 3032 2040 liat
3060 1988 3135 2040 rei
3165 1988 3390 2042 veritate
3418 1990 3620 2058 perspi-

2058 2092 2245 2129 cuum:
2277 2075 2500 2137 Pascha,
2530 2074 2723 2142 inquit,
2751 2086 3002 2139 nostrum,
3034 2076 3625 2143 apostolis,immolatus

2061 2176 2134 2217 est
2168 2163 2425 2216 Christus.
2460 2162 2515 2215 Si
2556 2163 2715 2232 igitur
2747 2162 2947 2216 l’nst‘ltzt
2976 2166 3245 2229 Christus,
3292 2168 3624 2233 pensandum

2062 2258 2215 2310 nobis
2242 2266 2323 2309 est
2350 2256 2489 2323 quod
2521 2254 2586 2307 de
2626 2255 2829 2308 Pascha
2865 2255 2947 2307 lex
2982 2256 3239 2325 loquitur,
3287 2266 3342 2309 ut
3378 2258 3625 2310 subtilius

2062 2365 2196 2418 persi
2222 2358 2461 2401 rutantes
2481 2347 2747 2415 possimus
2768 2361 3055 2416 agnoscere
3079 2362 3144 2399 an
3169 2348 3231 2401 de
3248 2347 3462 2401 Christo
3483 2350 3622 2402 dicta

2066 2438 2367 2490 videantur.
2402 2436 2609 2504 Moyses
2640 2436 2835 2503 quippe
2866 2435 2977 2486 ait:
3014 2434 3229 2488 Sament
3266 2436 3330 2488 de
3371 2437 3625 2505 sanguine

2064 2544 2206 2594 agni.
2238 2534 2343 2578 etc.

2065 2606 2189 2659 CAP.
2250 2602 2472 2656 XLVIII.
2526 2630 2595 2640 —-
2654 2600 2841 2672 Utrum
2898 2598 3100 2672 Pascha
3146 2603 3285 2655 istud
3339 2602 3627 2672 legitimum

2134 2685 2243 2741 30st
2270 2674 2394 2725 anni
2426 2672 2645 2740 spatiunt
2676 2671 2749 2722 vel
2773 2682 2883 2737 post
2913 2670 3066 2739 longa
3096 2672 3368 2725 in‘ervallu
3392 2670 3627 2736 dierum,

2138 2762 2204 2795 au
2233 2744 2461 2812 quotidie
2489 2760 2517 2792 ιι
2550 2740 2789 2807 ﬁdelibus
2818 2742 2881 2792 sit
2907 2742 3178 2793 edendum.

2139 2836 2354 2890 Pasclue
2394 2846 2572 2887 autem
2616 2834 2772 2902 hujus
2808 2833 3226 2894 observantiam,
3259 2833 3307 2885 id
3336 2843 3417 2886 est
3450 2832 3629 2885 Domi-

2068 2927 2172 2982 nici
2204 2927 2449 2995 corporis
2478 2942 2541 2979 ac
2572 2925 2849 2993 Sanguinis
2877 2925 3275 2993 perceptionem
3306 2922 3625 2991 quibusdam

2070 3020 2235 3075 moris
2277 3027 2360 3073 est
2404 3028 2525 3087 post
2569 3017 2694 3069 anni
2727 3018 2982 3085 spatium,
3012 3014 3329 3085 quihusdam
3358 3030 3485 3067 vero
3517 3022 3635 3081 post

2070 3120 2219 3165 Certa
2250 3110 2525 3163 intervalla
2558 3109 2787 3170 diermn,
2821 3107 3135 3176 quibusdam
3158 3122 3371 3175 quoque
3396 3106 3634 3175 quotidie

2071 3216 2169 3271 pro
2222 3215 2507 3252 causarum
2554 3199 2864 3251 diversitate
2910 3197 3202 3251 celebrare.
3258 3196 3409 3262 Quod
3460 3210 3634 3251 tamen

395 3283 517 3338 dem
564 3285 879 3352 particulam
923 3290 1246 3343 cruentavit.
1286 3289 1539 3347 Videntes
1570 3304 1745 3348 autem
1778 3311 1966 3365 supra-
1996 3298 2038 3357 C
2071 3292 2240 3362 magis
2266 3291 2476 3344 videtur
2504 3291 2751 3343 humaute
2776 3288 2933 3342 saluti
2966 3303 3286 3356 congruere,
3317 3288 3359 3342 si
3397 3303 3526 3357 pura
3583 3297 3635 3341 et

396 3374 582 3442 scripti
622 3374 800 3444 legati,
844 3385 897 3430 et
927 3378 1101 3431 omnis
1133 3379 1356 3448 populus
1385 3384 1705 3451 stupendum
1737 3395 1792 3439 et
1817 3401 1965 3440 arca-

398 3479 527 3517 num
558 3464 674 3519 ﬁdei
711 3481 879 3520 sacrm
920 3466 1258 3532 miraculum,
1302 3471 1546 3526 cecidere
1584 3475 1734 3541 proni
1773 3475 1823 3527 in
1857 3483 1967 3527 ter-

398 3568 539 3618 ram,
590 3553 876 3609 adorantes
925 3556 1231 3618 Dominum,
1291 3566 1345 3610 et
1393 3558 1675 3615 dicentes:
1712 3562 1968 3615 Mirabilis

403 3642 541 3696 Deus
566 3644 618 3697 in
649 3647 839 3698 sanc.‘is
865 3646 993 3709 suis,
1041 3647 1179 3701 Deus
1206 3647 1396 3713 Israel,
1424 3652 1531 3719 ipse
1556 3654 1699 3705 dabit
1732 3656 1967 3707 virtutem

399 3742 450 3787 et
481 3733 834 3802 fortitudinem
870 3736 1003 3804 plebi
1038 3753 1169 3802 sum,
1210 3739 1504 3795 benedictus
1538 3743 1696 3797 Deus.
1734 3745 1800 3798 Et
1829 3744 1971 3802 facto

352 3834 369 3839 ‘
403 3823 619 3879 silentio
655 3824 792 3878 inter
824 3825 925 3879 alia
959 3826 1078 3881 ﬁdei
1110 3830 1430 3885 documenta
1462 3832 1597 3886 dixit
1621 3834 1686 3887 ad
1716 3850 1809 3889 eos
1838 3834 1965 3888 bea-
2008 3874 2011 3875 ν

407 3921 495 3967 tus
534 3912 857 3983 Gregorius,
904 3917 993 3983 qui
1042 3920 1273 3973 antehae
1327 3923 1661 3978 venerandas
1716 3926 1972 3994 reliquias

411 4002 563 4071 parvi
589 4002 891 4057 duxerant:
924 4006 1147 4068 Scitote,
1182 4008 1395 4073 fratres,
1436 4013 1561 4079 quia
1594 4013 1645 4066 in
1681 4029 1969 4070 consecra-

404 4091 802 4160 tioaecorporis
817 4104 869 4147 et
886 4095 1163 4164 sanguinis
1177 4097 1385 4153 Domini
1408 4100 1584 4155 Nostri
1599 4100 1644 4157 εἰ.
1668 4103 1728 4157 t1.
1756 4120 1876 4159 cum
1905 4106 1973 4160 ob

408 4181 888 4238 sanctilicationcm
916 4186 1257 4255 reliquiarum
1286 4190 1335 4242 in
1361 4190 1565 4247 honore
1587 4195 1969 4263 apostolorum,

404 4269 489 4324 vel
523 4280 819 4342 martyrum
856 4274 1042 4343 ipsius,
1072 4278 1266 4346 quibus
1293 4280 1597 4349 specialiter
1624 4285 1972 4352 assignaban-

404 4368 495 4413 tur
522 4375 682 4430 supra
713 4377 1118 4419 sacrosanctum
1166 4368 1336 4422 altare
1379 4369 1632 4425 libamina
1674 4373 1975 4430 offereban-

405 4460 513 4512 tur,
540 4465 750 4521 semper
773 4451 985 4506 illormn
1017 4458 1237 4525 sanguis
1264 4458 1362 4512 hos
1389 4475 1595 4527 pannos
1619 4462 1855 4527 intravit,
1883 4467 1971 4533 qui

403 4538 607 4593 el'usus
650 4549 735 4593 est
780 4555 878 4610 pro
929 4544 1141 4597 nomine
1179 4544 1378 4601 Christi
1409 4548 1472 4602 D.
1501 4548 1563 4601 N.
1591 4549 1639 4604 J.
1670 4550 1971 4607 Edilicatis

2072 3381 2261 3435 devota
2298 3394 2451 3432 mens
2481 3376 2647 3431 fuerit
2677 3376 3045 3430 accedentium
3090 3376 3155 3428 ad
3209 3374 3342 3429 tanti
3394 3376 3631 3445 mystcrii

2071 3477 2493 3524 sacrata-cntum.
2532 3466 2695 3520 Panis
2730 3467 2995 3535 siquidem
3023 3466 3145 3519 vita:
3173 3466 3421 3520 Christus
3450 3478 3552 3527 est,
3584 3478 3633 3519 et

2073 3558 2227 3627 panis
2254 3556 2340 3610 hic
2369 3555 2607 3608 etnnium
2638 3570 2743 3626 non
2775 3563 2878 3619 est,
2921 3554 3015 3607 sed
3058 3554 3293 3607 ﬁdelium
3332 3556 3521 3623 pieque
3551 3569 3635 3607 su-

2072 3646 2352 3702 mentium.
2384 3643 2537 3699 Sieut
2564 3644 2706 3697 enim
2737 3643 2877 3697 Deus
2902 3643 3062 3697 Pater
3090 3644 3306 3713 proprie
3337 3644 3632 3713 intelligen-

2073 3738 2203 3791 tium
2234 3745 2287 3790 et
2308 3734 2641 3789 credentium
2674 3743 2825 3801 pater
2855 3742 2961 3796 est,
3002 3733 3080 3787 sic
3121 3733 3368 3787 Christus
3408 3734 3547 3788 Deus
3586 3743 3641 3787 et

2071 3828 2330 3884 Dominus
2374 3836 2575 3889 noster,
2610 3826 2698 3878 Dei
2732 3824 2896 3878 Filius
2921 3840 3106 3877 eorum
3150 3826 3239 3893 qui
3269 3840 3466 3895 corpus
3522 3825 3637 3892 ejus

2071 3934 2192 3975 eum
2217 3918 2319 3971 title
2346 3915 2667 3984 suscipiunt,
2696 3914 2869 3968 Patris
2894 3923 2995 3967 est.
3026 3912 3193 3979 Quem
3217 3930 3408 3984 panem
3436 3930 3500 3969 ex
3524 3914 3639 3982 ejus

2072 4007 2431 4079 praeceptione
2477 4004 2591 4058 dari
2649 4005 2805 4059 nobis
2847 4004 3085 4073 quotidie
3122 4004 3452 4073 postulamus
3480 4023 3508 4057 a
3541 4005 3643 4058 Pa-

2074 4110 2179 4163 tre,
2208 4097 2387 4166 nequi
2432 4098 2484 4149 in
2529 4111 2593 4149 eo
2628 4111 2835 4159 sumus,
2872 4107 2927 4151 et
2971 4096 3353 4150 eucharistiam
3402 4112 3641 4167 corporis

2071 4192 2188 4261 ejus
2234 4189 2476 4258 quotidie
2506 4189 2571 4241 ad
2603 4189 2782 4241 cibum
2825 4188 3013 4243 salutis
3046 4188 3356 4259 accipimus,
3412 4190 3639 4245 interce-

2074 4282 2233 4335 dente
2278 4279 2457 4347 aliquo
2504 4279 2750 4348 graviore
2792 4279 3016 4342 delicto,
3047 4279 3173 4332 dmn
3200 4279 3429 4334 abstenti
3455 4291 3508 4334 et
3535 4296 3639 4335 non

2073 4370 2557 4432 communicantes,
2612 4379 2665 4424 et
2711 4386 2738 4422 a
2785 4370 2993 4425 cmlesti
3043 4386 3179 4440 pane
3219 4372 3387 4442 jejuni
3425 4373 3493 4427 ab
3525 4372 3641 4440 ejus

2075 4474 2299 4529 corpore
2343 4472 2677 4527 separemur,
2727 4458 2842 4527 ipso
2893 4460 3236 4527 praedicante,
3290 4470 3344 4515 et
3386 4460 3638 4517 dicente:

2076 4547 2188 4617 Ego
2210 4564 2323 4601 sum
2348 4548 2497 4615 panis
2522 4546 2686 4610 rivus,
2714 4547 2801 4615 qui
2826 4548 2888 4599 de
2912 4547 3037 4600 caelo
3064 4550 3335 4613 descendi;
3365 4552 3453 4621 qui
3478 4552 3639 4604 ederit

406 4628 462 4679 in
492 4626 591 4682 ﬁde
617 4630 828 4683 cunctis
862 4631 952 4700 qui
985 4633 1229 4697 aderant,
1258 4637 1588 4706 munitisque
1616 4640 1806 4694 iterum
1836 4644 1970 4711 pixi-
2005 4637 2049 4694 D
2076 4636 2139 4689 de
2186 4651 2298 4688 meo
2337 4651 2469 4703 pane
2510 4634 2640 4687 viret
2674 4636 2725 4687 in
2758 4644 3043 4699 trtcrnnnt;
3084 4638 3233 4705 ranis
3264 4648 3463 4704 autem,
3492 4656 3643 4709 quem

405 4717 561 4772 dibus
594 4718 745 4788 signo
772 4736 893 4787 suo,
922 4723 1141 4777 tradidit
1167 4726 1245 4780 eis
1274 4727 1710 4797 incomparabilia
1743 4748 1969 4788 munera

405 4806 516 4862 voti
553 4808 657 4861 sui.
697 4808 766 4863 Et
807 4826 929 4864 cum
960 4814 1154 4882 gaudio
1184 4818 1407 4881 reversi,
1441 4820 1553 4873 btet:
1581 4836 1678 4890 per
1729 4823 1969 4878 ordinem

404 4899 623 4955 domino
652 4916 753 4957 suo
783 4904 1116 4970 nuntiarent,
1167 4915 1221 4960 et
1269 4909 1348 4962 sui
1388 4908 1640 4965 desiderii
1671 4924 1970 4983 compotem

402 4992 704 5047 reddidere.
742 4992 843 5058 Qui
874 4995 1108 5063 pretiosa
1140 5007 1450 5053 sanctorum
1485 5003 1785 5070 patrocinia
1814 5019 1963 5059 reve-

403 5091 589 5138 renter
631 5086 889 5151 suscepit,
934 5096 989 5140 et
1021 5088 1408 5145 honorabiliter
1440 5093 1490 5145 iu
1525 5092 1640 5149 loco
1672 5100 1965 5153 venerabili

400 5174 665 5239 condidit,
694 5176 782 5229 ubi
813 5177 948 5231 Deus
973 5181 1230 5235 miracula
1258 5183 1467 5253 operari
1493 5186 1746 5255 dignatur
1769 5189 1835 5241 ad
1859 5189 1971 5243 lau-

399 5264 607 5320 demet
638 5265 869 5335 gloriam
918 5270 1149 5324 nominis
1194 5273 1273 5326 sui
1326 5290 1496 5341 usque
1546 5277 1598 5332 in
1649 5279 1967 5334 hodiernum

400 5354 547 5390 ("om

2076 4742 2167 4795 ego
2213 4725 2429 4788 dedero,
2471 4741 2592 4777 caro
2632 4742 2745 4778 mea
2782 4737 2855 4778 est
2889 4743 2984 4795 pro
3028 4729 3210 4781 mundi
3252 4729 3377 4782 vita.
3421 4730 3645 4798 Quando

2076 4832 2207 4889 ergo
2238 4817 2369 4872 dicit
2400 4818 2451 4871 in
2478 4828 2739 4872 :eternmn
2780 4818 2983 4882 vivere,
3030 4821 3073 4873 si
3118 4821 3237 4889 quis
3279 4822 3454 4878 ederit
3486 4823 3551 4877 de
3582 4838 3647 4878 eo

2077 4924 2235 4980 pane,
2278 4908 2621 4963 manifestum
2668 4917 2749 4965 est
2795 4924 2889 4963 eos
2937 4911 3139 4975 vivere,
3164 4913 3252 4981 qui
3296 4928 3493 4985 corpus
3529 4914 3646 4982 ejus

2080 5002 2375 5070 attingunt,
2418 5009 2473 5056 et
2523 5001 2904 5055 eucharistiam
2952 5018 3097 5058 verte
3140 5006 3647 5061 communicationis

2082 5090 2371 5161 accipiunt.
2406 5092 2480 5145 lla
2512 5102 2701 5147 contra
2732 5091 3033 5149 timendum
3056 5104 3137 5147 est
3162 5102 3215 5147 et
3242 5096 3526 5158 orandum,
3562 5112 3653 5160 ne,

2081 5184 2207 5238 dtnn
2252 5182 2375 5250 quis
2423 5182 2706 5237 abstentus
2749 5190 3042 5248 separatur
3086 5199 3117 5237 a
3156 5184 3357 5238 Christi
3407 5200 3656 5254 corpore,

2082 5286 2288 5328 vacuus
2341 5282 2617 5326 remaneat
2662 5290 2691 5328 a
2741 5271 2933 5337 salute,
2998 5274 3427 5332 communieante
3462 5276 3577 5345 ipso
3606 5287 3665 5330 et

2083 5365 2323 5390 ‘:Allnlno
2371 5362 2477 5388 M:-:
2523 5362 2723 5386 -J-A'.',
2778 5379 2920 5384 -..,-.--
3034 5367 3070 5380 νη
