  <div class='ocr_page' id='page_1' title='image "/cluster/home/n/w/nwhite01/storage/ocr_20150623/137/hvd.32044021286828/205.png"; bbox 0 0 4516 5500; ppageno 0'>
   <div class='ocr_carea' id='block_1_1' title="bbox 921 450 1026 505">
    <p class='ocr_par' dir='ltr' id='par_1_1' title="bbox 921 450 1026 505">
     <span class='ocr_line' id='line_1_1' title="bbox 921 450 1026 505; baseline 0 -1"><span class='ocrx_word' id='word_1_1' title='bbox 921 450 1026 505; x_wconf 72' lang='grc'>599</span> 
     </span>
    </p>
   </div>
   <div class='ocr_carea' id='block_1_2' title="bbox 1967 450 3104 511">
    <p class='ocr_par' dir='ltr' id='par_1_2' title="bbox 1967 450 3104 511">
     <span class='ocr_line' id='line_1_2' title="bbox 1967 450 3104 511; baseline 0.005 -6"><span class='ocrx_word' id='word_1_2' title='bbox 1967 451 2257 506; x_wconf 84' lang='lat' dir='ltr'><strong>GEZONIS</strong></span> <span class='ocrx_word' id='word_1_3' title='bbox 2296 450 2587 506; x_wconf 79' lang='lat' dir='ltr'><strong>ABBATIS</strong></span> <span class='ocrx_word' id='word_1_4' title='bbox 2628 450 3104 511; x_wconf 78' lang='lat' dir='ltr'><strong>DERTONENSIS</strong></span> 
     </span>
    </p>
   </div>
   <div class='ocr_carea' id='block_1_3' title="bbox 4056 458 4159 512">
    <p class='ocr_par' dir='ltr' id='par_1_3' title="bbox 4056 458 4159 512">
     <span class='ocr_line' id='line_1_3' title="bbox 4056 458 4159 512; baseline -0.029 1"><span class='ocrx_word' id='word_1_5' title='bbox 4056 458 4159 512; x_wconf 69' lang='grc'><strong>460</strong></span> 
     </span>
    </p>
   </div>
   <div class='ocr_carea' id='block_1_4' title="bbox 925 560 4135 640">
    <p class='ocr_par' dir='ltr' id='par_1_4' title="bbox 925 560 4135 640">
     <span class='ocr_line' id='line_1_4' title="bbox 925 560 4135 640; baseline 0.002 -23"><span class='ocrx_word' id='word_1_6' title='bbox 925 569 1106 617; x_wconf 78' lang='lat' dir='ltr'><strong>serunt</strong></span> <span class='ocrx_word' id='word_1_7' title='bbox 1131 561 1231 615; x_wconf 91' lang='lat' dir='ltr'><strong>hoc</strong></span> <span class='ocrx_word' id='word_1_8' title='bbox 1257 574 1469 629; x_wconf 80' lang='lat' dir='ltr'><strong>semper</strong></span> <span class='ocrx_word' id='word_1_9' title='bbox 1511 560 1776 615; x_wconf 90' lang='lat' dir='ltr'><strong>desiderio</strong></span> <span class='ocrx_word' id='word_1_10' title='bbox 1810 562 1982 615; x_wconf 78' lang='lat' dir='ltr'><strong>sancti</strong></span> <span class='ocrx_word' id='word_1_11' title='bbox 2011 565 2209 630; x_wconf 87' lang='lat' dir='ltr'><strong>quique</strong></span> <span class='ocrx_word' id='word_1_12' title='bbox 2241 572 2296 616; x_wconf 91' lang='lat' dir='ltr'><strong>ut</strong></span> <span class='ocrx_word' id='word_1_13' title='bbox 2324 561 2480 629; x_wconf 81' lang='lat' dir='ltr'><strong>hujus</strong></span> <span class='ocrx_word' id='word_1_14' title='bbox 2511 567 2559 623; x_wconf 79' lang='grc' dir='ltr'>Α</span> <span class='ocrx_word' id='word_1_15' title='bbox 2606 561 2732 617; x_wconf 72' lang='lat' dir='ltr'><strong>Csr.</strong></span> <span class='ocrx_word' id='word_1_16' title='bbox 2774 564 2973 617; x_wconf 86' lang='lat' dir='ltr'><strong>Llll.—</strong></span> <span class='ocrx_word' id='word_1_17' title='bbox 3011 566 3208 631; x_wconf 85' lang='lat' dir='ltr'><strong>Quibus</strong></span> <span class='ocrx_word' id='word_1_18' title='bbox 3249 568 3535 622; x_wconf 80' lang='lat' dir='ltr'><strong>inunolatio</strong></span> <span class='ocrx_word' id='word_1_19' title='bbox 3601 568 3857 623; x_wconf 81' lang='lat' dir='ltr'><strong>Dominici</strong></span> <span class='ocrx_word' id='word_1_20' title='bbox 3910 573 4135 640; x_wconf 79' lang='lat' dir='ltr'><strong>corporis</strong></span> 
     </span>
    </p>
   </div>
   <div class='ocr_carea' id='block_1_5' title="bbox 922 649 2483 720">
    <p class='ocr_par' dir='ltr' id='par_1_5' title="bbox 922 649 2483 720">
     <span class='ocr_line' id='line_1_5' title="bbox 922 649 2483 720; baseline 0.001 -17"><span class='ocrx_word' id='word_1_21' title='bbox 922 650 1071 719; x_wconf 88' lang='lat' dir='ltr'><strong>panis</strong></span> <span class='ocrx_word' id='word_1_22' title='bbox 1098 649 1350 703; x_wconf 91' lang='lat' dir='ltr'><strong>alimonia</strong></span> <span class='ocrx_word' id='word_1_23' title='bbox 1382 650 1492 703; x_wconf 89' lang='lat' dir='ltr'><strong>Deo</strong></span> <span class='ocrx_word' id='word_1_24' title='bbox 1520 650 1777 714; x_wconf 89' lang='lat' dir='ltr'><strong>viverent,</strong></span> <span class='ocrx_word' id='word_1_25' title='bbox 1810 651 2005 720; x_wconf 78' lang='lat' dir='ltr'><strong>quibus</strong></span> <span class='ocrx_word' id='word_1_26' title='bbox 2038 652 2349 720; x_wconf 94' lang='lat' dir='ltr'><strong>temporalis</strong></span> <span class='ocrx_word' id='word_1_27' title='bbox 2377 652 2483 705; x_wconf 91' lang='lat' dir='ltr'><strong>vita</strong></span> 
     </span>
    </p>
   </div>
   <div class='ocr_carea' id='block_1_6' title="bbox 920 739 2487 811">
    <p class='ocr_par' dir='ltr' id='par_1_6' title="bbox 920 739 2487 811">
     <span class='ocr_line' id='line_1_6' title="bbox 920 739 2487 811; baseline 0.001 -17"><span class='ocrx_word' id='word_1_28' title='bbox 920 740 1282 810; x_wconf 81' lang='lat' dir='ltr'><strong>dispendium,</strong></span> <span class='ocrx_word' id='word_1_29' title='bbox 1329 748 1384 795; x_wconf 88' lang='lat' dir='ltr'><strong>et</strong></span> <span class='ocrx_word' id='word_1_30' title='bbox 1429 740 1609 795; x_wconf 84' lang='lat' dir='ltr'><strong>vivere</strong></span> <span class='ocrx_word' id='word_1_31' title='bbox 1646 739 1893 796; x_wconf 78' lang='lat' dir='ltr'><strong>Christus</strong></span> <span class='ocrx_word' id='word_1_32' title='bbox 1922 741 2041 806; x_wconf 83' lang='lat' dir='ltr'><strong>fuit;</strong></span> <span class='ocrx_word' id='word_1_33' title='bbox 2073 757 2103 796; x_wconf 89' lang='lat' dir='ltr'><strong>e</strong></span> <span class='ocrx_word' id='word_1_34' title='bbox 2127 742 2321 811; x_wconf 82' lang='lat' dir='ltr'><strong>quibus</strong></span> <span class='ocrx_word' id='word_1_35' title='bbox 2346 758 2487 797; x_wconf 91' lang='lat' dir='ltr'><strong>unus</strong></span> 
     </span>
    </p>
   </div>
   <div class='ocr_carea' id='block_1_7' title="bbox 920 826 2483 905">
    <p class='ocr_par' dir='ltr' id='par_1_7' title="bbox 920 826 2483 905">
     <span class='ocr_line' id='line_1_7' title="bbox 920 826 2483 905; baseline 0.005 -23"><span class='ocrx_word' id='word_1_36' title='bbox 920 830 1241 885; x_wconf 81' lang='lat' dir='ltr'><strong>venerabilis</strong></span> <span class='ocrx_word' id='word_1_37' title='bbox 1264 826 1385 885; x_wconf 71' lang='lat' dir='ltr'><strong>vita:</strong></span> <span class='ocrx_word' id='word_1_38' title='bbox 1411 829 1645 896; x_wconf 80' lang='lat' dir='ltr'><strong>Cassius,</strong></span> <span class='ocrx_word' id='word_1_39' title='bbox 1680 833 1896 887; x_wconf 84' lang='lat' dir='ltr'><strong>nomine</strong></span> <span class='ocrx_word' id='word_1_40' title='bbox 1923 831 2259 899; x_wconf 87' lang='lat' dir='ltr'><strong>Narniensis,</strong></span> <span class='ocrx_word' id='word_1_41' title='bbox 2288 836 2483 905; x_wconf 72' lang='lat' dir='ltr'><strong>prmsul</strong></span> 
     </span>
    </p>
   </div>
   <div class='ocr_carea' id='block_1_8' title="bbox 925 917 2481 993">
    <p class='ocr_par' dir='ltr' id='par_1_8' title="bbox 925 917 2481 993">
     <span class='ocr_line' id='line_1_8' title="bbox 925 917 2481 993; baseline 0.003 -18"><span class='ocrx_word' id='word_1_42' title='bbox 925 918 1192 982; x_wconf 65' lang='lat' dir='ltr'><strong>Ecclesiae,</strong></span> <span class='ocrx_word' id='word_1_43' title='bbox 1226 928 1282 975; x_wconf 90' lang='lat' dir='ltr'><strong>ut</strong></span> <span class='ocrx_word' id='word_1_44' title='bbox 1311 917 1371 972; x_wconf 90' lang='grc' dir='ltr'><strong>Β.</strong></span> <span class='ocrx_word' id='word_1_45' title='bbox 1400 919 1695 990; x_wconf 79' lang='lat' dir='ltr'><strong>Gregorius</strong></span> <span class='ocrx_word' id='word_1_46' title='bbox 1739 920 1926 988; x_wconf 77' lang='lat' dir='ltr'><strong>refert,</strong></span> <span class='ocrx_word' id='word_1_47' title='bbox 1960 940 2081 978; x_wconf 91' lang='lat' dir='ltr'><strong>cum</strong></span> <span class='ocrx_word' id='word_1_48' title='bbox 2110 925 2481 993; x_wconf 89' lang='lat' dir='ltr'><strong>quotidianum</strong></span> 
     </span>
    </p>
   </div>
   <div class='ocr_carea' id='block_1_9' title="bbox 920 1008 2482 1082">
    <p class='ocr_par' dir='ltr' id='par_1_9' title="bbox 920 1008 2482 1082">
     <span class='ocr_line' id='line_1_9' title="bbox 920 1008 2482 1082; baseline 0.001 -16"><span class='ocrx_word' id='word_1_49' title='bbox 920 1010 1243 1066; x_wconf 71' lang='lat' dir='ltr'><strong>Sacriﬁcium</strong></span> <span class='ocrx_word' id='word_1_50' title='bbox 1286 1008 1524 1074; x_wconf 69' lang='lat' dir='ltr'><strong>oll‘erret,</strong></span> <span class='ocrx_word' id='word_1_51' title='bbox 1568 1025 1731 1079; x_wconf 86' lang='lat' dir='ltr'><strong>seque</strong></span> <span class='ocrx_word' id='word_1_52' title='bbox 1762 1011 1931 1081; x_wconf 90' lang='lat' dir='ltr'><strong>ipsum</strong></span> <span class='ocrx_word' id='word_1_53' title='bbox 1963 1014 2105 1067; x_wconf 89' lang='lat' dir='ltr'><strong>inter</strong></span> <span class='ocrx_word' id='word_1_54' title='bbox 2133 1014 2245 1082; x_wconf 89' lang='lat' dir='ltr'><strong>ipsa</strong></span> <span class='ocrx_word' id='word_1_55' title='bbox 2274 1014 2482 1069; x_wconf 88' lang='lat' dir='ltr'><strong>sacriti-</strong></span> 
     </span>
    </p>
   </div>
   <div class='ocr_carea' id='block_1_10' title="bbox 918 1094 2482 1171">
    <p class='ocr_par' dir='ltr' id='par_1_10' title="bbox 918 1094 2482 1171">
     <span class='ocr_line' id='line_1_10' title="bbox 918 1094 2482 1171; baseline 0.004 -18"><span class='ocrx_word' id='word_1_56' title='bbox 918 1100 1125 1154; x_wconf 85' lang='lat' dir='ltr'><strong>ciorum</strong></span> <span class='ocrx_word' id='word_1_57' title='bbox 1164 1115 1362 1155; x_wconf 90' lang='lat' dir='ltr'><strong>arcana</strong></span> <span class='ocrx_word' id='word_1_58' title='bbox 1388 1108 1595 1169; x_wconf 84' lang='lat' dir='ltr'><strong>gratam</strong></span> <span class='ocrx_word' id='word_1_59' title='bbox 1625 1094 1735 1155; x_wconf 90' lang='lat' dir='ltr'><strong>Deo</strong></span> <span class='ocrx_word' id='word_1_60' title='bbox 1763 1103 2036 1157; x_wconf 79' lang='lat' dir='ltr'><strong>victimam</strong></span> <span class='ocrx_word' id='word_1_61' title='bbox 2065 1104 2294 1171; x_wconf 85' lang='lat' dir='ltr'><strong>faceret,</strong></span> <span class='ocrx_word' id='word_1_62' title='bbox 2330 1121 2482 1159; x_wconf 89' lang='lat' dir='ltr'><strong>man-</strong></span> 
     </span>
    </p>
   </div>
   <div class='ocr_carea' id='block_1_11' title="bbox 924 1191 2480 1267">
    <p class='ocr_par' dir='ltr' id='par_1_11' title="bbox 924 1191 2480 1267">
     <span class='ocr_line' id='line_1_11' title="bbox 924 1191 2480 1267; baseline 0.002 -19"><span class='ocrx_word' id='word_1_63' title='bbox 924 1192 1096 1248; x_wconf 83' lang='lat' dir='ltr'><strong>tlatum</strong></span> <span class='ocrx_word' id='word_1_64' title='bbox 1124 1192 1333 1247; x_wconf 89' lang='lat' dir='ltr'><strong>Domini</strong></span> <span class='ocrx_word' id='word_1_65' title='bbox 1363 1208 1459 1262; x_wconf 91' lang='lat' dir='ltr'><strong>per</strong></span> <span class='ocrx_word' id='word_1_66' title='bbox 1484 1191 1759 1261; x_wconf 74' lang='lat' dir='ltr'><strong>cujusdam</strong></span> <span class='ocrx_word' id='word_1_67' title='bbox 1788 1194 1866 1248; x_wconf 91' lang='lat' dir='ltr'><strong>sui</strong></span> <span class='ocrx_word' id='word_1_68' title='bbox 1894 1195 2150 1249; x_wconf 78' lang='lat' dir='ltr'><strong>visionem</strong></span> <span class='ocrx_word' id='word_1_69' title='bbox 2172 1198 2480 1267; x_wconf 87' lang='lat' dir='ltr'><strong>presbyteri</strong></span> 
     </span>
    </p>
   </div>
   <div class='ocr_carea' id='block_1_12' title="bbox 917 1283 2481 1358">
    <p class='ocr_par' dir='ltr' id='par_1_12' title="bbox 917 1283 2481 1358">
     <span class='ocr_line' id='line_1_12' title="bbox 917 1283 2481 1358; baseline 0.004 -21"><span class='ocrx_word' id='word_1_70' title='bbox 917 1284 1172 1354; x_wconf 84' lang='lat' dir='ltr'><strong>suscepit,</strong></span> <span class='ocrx_word' id='word_1_71' title='bbox 1204 1285 1387 1340; x_wconf 86' lang='lat' dir='ltr'><strong>dicens</strong></span> <span class='ocrx_word' id='word_1_72' title='bbox 1418 1302 1431 1338; x_wconf 88' lang='lat'><strong>:</strong></span> <span class='ocrx_word' id='word_1_73' title='bbox 1464 1285 1576 1354; x_wconf 83' lang='lat' dir='ltr'><strong>Age</strong></span> <span class='ocrx_word' id='word_1_74' title='bbox 1599 1283 1741 1355; x_wconf 91' lang='lat' dir='ltr'><strong>quod</strong></span> <span class='ocrx_word' id='word_1_75' title='bbox 1765 1286 1907 1356; x_wconf 90' lang='lat' dir='ltr'><strong>agis;</strong></span> <span class='ocrx_word' id='word_1_76' title='bbox 1940 1302 2165 1355; x_wconf 88' lang='lat' dir='ltr'><strong>operare</strong></span> <span class='ocrx_word' id='word_1_77' title='bbox 2188 1290 2329 1357; x_wconf 90' lang='lat' dir='ltr'><strong>quod</strong></span> <span class='ocrx_word' id='word_1_78' title='bbox 2354 1302 2481 1358; x_wconf 87' lang='lat' dir='ltr'><strong>ope-</strong></span> 
     </span>
    </p>
   </div>
   <div class='ocr_carea' id='block_1_13' title="bbox 912 1375 2475 1447">
    <p class='ocr_par' dir='ltr' id='par_1_13' title="bbox 912 1375 2475 1447">
     <span class='ocr_line' id='line_1_13' title="bbox 912 1375 2475 1447; baseline 0.002 -19"><span class='ocrx_word' id='word_1_79' title='bbox 912 1376 1072 1429; x_wconf 89' lang='lat' dir='ltr'><strong>raris.</strong></span> <span class='ocrx_word' id='word_1_80' title='bbox 1114 1375 1231 1431; x_wconf 87' lang='lat' dir='ltr'><strong>Non</strong></span> <span class='ocrx_word' id='word_1_81' title='bbox 1273 1384 1447 1431; x_wconf 86' lang='lat' dir='ltr'><strong>cesset</strong></span> <span class='ocrx_word' id='word_1_82' title='bbox 1477 1392 1572 1447; x_wconf 86' lang='lat' dir='ltr'><strong>pes</strong></span> <span class='ocrx_word' id='word_1_83' title='bbox 1621 1386 1759 1441; x_wconf 91' lang='lat' dir='ltr'><strong>tuus,</strong></span> <span class='ocrx_word' id='word_1_84' title='bbox 1802 1393 1905 1432; x_wconf 93' lang='lat' dir='ltr'><strong>non</strong></span> <span class='ocrx_word' id='word_1_85' title='bbox 1948 1387 2121 1433; x_wconf 86' lang='lat' dir='ltr'><strong>cesset</strong></span> <span class='ocrx_word' id='word_1_86' title='bbox 2151 1394 2339 1434; x_wconf 89' lang='lat' dir='ltr'><strong>manus</strong></span> <span class='ocrx_word' id='word_1_87' title='bbox 2368 1388 2475 1433; x_wconf 91' lang='lat' dir='ltr'><strong>tua.</strong></span> 
     </span>
    </p>
   </div>
   <div class='ocr_carea' id='block_1_14' title="bbox 912 1460 2476 1532">
    <p class='ocr_par' dir='ltr' id='par_1_14' title="bbox 912 1460 2476 1532">
     <span class='ocr_line' id='line_1_14' title="bbox 912 1460 2476 1532; baseline 0.004 -18"><span class='ocrx_word' id='word_1_88' title='bbox 912 1460 1085 1516; x_wconf 83' lang='lat' dir='ltr'><strong>Natali</strong></span> <span class='ocrx_word' id='word_1_89' title='bbox 1136 1463 1495 1532; x_wconf 85' lang='lat' dir='ltr'><strong>apostolorum</strong></span> <span class='ocrx_word' id='word_1_90' title='bbox 1532 1464 1714 1519; x_wconf 88' lang='lat' dir='ltr'><strong>venies</strong></span> <span class='ocrx_word' id='word_1_91' title='bbox 1737 1466 1801 1518; x_wconf 86' lang='lat' dir='ltr'><strong>ad</strong></span> <span class='ocrx_word' id='word_1_92' title='bbox 1832 1481 1936 1529; x_wconf 89' lang='lat' dir='ltr'><strong>me,</strong></span> <span class='ocrx_word' id='word_1_93' title='bbox 1964 1475 2017 1519; x_wconf 92' lang='lat' dir='ltr'><strong>et</strong></span> <span class='ocrx_word' id='word_1_94' title='bbox 2049 1468 2341 1521; x_wconf 88' lang='lat' dir='ltr'><strong>retribuam</strong></span> <span class='ocrx_word' id='word_1_95' title='bbox 2381 1466 2476 1521; x_wconf 86' lang='lat' dir='ltr'><strong>tibi</strong></span> 
     </span>
    </p>
   </div>
   <div class='ocr_carea' id='block_1_15' title="bbox 911 1557 2477 1629">
    <p class='ocr_par' dir='ltr' id='par_1_15' title="bbox 911 1557 2477 1629">
     <span class='ocr_line' id='line_1_15' title="bbox 911 1557 2477 1629; baseline 0.003 -19"><span class='ocrx_word' id='word_1_96' title='bbox 911 1557 1213 1612; x_wconf 80' lang='lat' dir='ltr'><strong>mercedem</strong></span> <span class='ocrx_word' id='word_1_97' title='bbox 1241 1566 1406 1612; x_wconf 91' lang='lat' dir='ltr'><strong>tuam.</strong></span> <span class='ocrx_word' id='word_1_98' title='bbox 1430 1557 1528 1624; x_wconf 86' lang='lat' dir='ltr'><strong>Qui</strong></span> <span class='ocrx_word' id='word_1_99' title='bbox 1552 1566 1671 1627; x_wconf 91' lang='lat' dir='ltr'><strong>post</strong></span> <span class='ocrx_word' id='word_1_100' title='bbox 1702 1574 1872 1613; x_wconf 87' lang='lat' dir='ltr'><strong>annos</strong></span> <span class='ocrx_word' id='word_1_101' title='bbox 1918 1569 2119 1629; x_wconf 86' lang='lat' dir='ltr'><strong>septem</strong></span> <span class='ocrx_word' id='word_1_102' title='bbox 2166 1560 2281 1629; x_wconf 90' lang='lat' dir='ltr'><strong>ipso</strong></span> <span class='ocrx_word' id='word_1_103' title='bbox 2319 1569 2477 1614; x_wconf 88' lang='lat' dir='ltr'><strong>nata-</strong></span> 
     </span>
    </p>
   </div>
   <div class='ocr_carea' id='block_1_16' title="bbox 910 1645 2478 1719">
    <p class='ocr_par' dir='ltr' id='par_1_16' title="bbox 910 1645 2478 1719">
     <span class='ocr_line' id='line_1_16' title="bbox 910 1645 2478 1719; baseline 0.003 -20"><span class='ocrx_word' id='word_1_104' title='bbox 910 1645 1026 1700; x_wconf 91' lang='lat' dir='ltr'><strong>litio</strong></span> <span class='ocrx_word' id='word_1_105' title='bbox 1074 1647 1439 1717; x_wconf 87' lang='lat' dir='ltr'><strong>apostolorum</strong></span> <span class='ocrx_word' id='word_1_106' title='bbox 1472 1647 1559 1702; x_wconf 92' lang='lat' dir='ltr'><strong>die</strong></span> <span class='ocrx_word' id='word_1_107' title='bbox 1588 1662 1708 1702; x_wconf 90' lang='lat' dir='ltr'><strong>cum</strong></span> <span class='ocrx_word' id='word_1_108' title='bbox 1744 1649 2029 1702; x_wconf 89' lang='lat' dir='ltr'><strong>missarum</strong></span> <span class='ocrx_word' id='word_1_109' title='bbox 2072 1649 2329 1704; x_wconf 86' lang='lat' dir='ltr'><strong>solemnia</strong></span> <span class='ocrx_word' id='word_1_110' title='bbox 2356 1664 2478 1719; x_wconf 88' lang='lat' dir='ltr'><strong>per-</strong></span> 
     </span>
    </p>
   </div>
   <div class='ocr_carea' id='block_1_17' title="bbox 906 1737 2475 1808">
    <p class='ocr_par' dir='ltr' id='par_1_17' title="bbox 906 1737 2475 1808">
     <span class='ocr_line' id='line_1_17' title="bbox 906 1737 2475 1808; baseline 0.003 -19"><span class='ocrx_word' id='word_1_111' title='bbox 906 1737 1127 1806; x_wconf 77' lang='lat' dir='ltr'><strong>egisset,</strong></span> <span class='ocrx_word' id='word_1_112' title='bbox 1166 1745 1220 1791; x_wconf 90' lang='lat' dir='ltr'><strong>et</strong></span> <span class='ocrx_word' id='word_1_113' title='bbox 1243 1738 1497 1808; x_wconf 82' lang='lat' dir='ltr'><strong>mysteria</strong></span> <span class='ocrx_word' id='word_1_114' title='bbox 1528 1751 1696 1792; x_wconf 71' lang='lat' dir='ltr'><strong>sacrm</strong></span> <span class='ocrx_word' id='word_1_115' title='bbox 1738 1740 2129 1794; x_wconf 89' lang='lat' dir='ltr'><strong>communionis</strong></span> <span class='ocrx_word' id='word_1_116' title='bbox 2158 1740 2475 1808; x_wconf 82' lang='lat' dir='ltr'><strong>accepisset,</strong></span> 
     </span>
    </p>
   </div>
   <div class='ocr_carea' id='block_1_18' title="bbox 905 1828 1396 1897">
    <p class='ocr_par' dir='ltr' id='par_1_18' title="bbox 905 1828 1396 1897">
     <span class='ocr_line' id='line_1_18' title="bbox 905 1828 1396 1897; baseline 0.004 -18"><span class='ocrx_word' id='word_1_117' title='bbox 905 1840 936 1879; x_wconf 89' lang='lat' dir='ltr'><strong>e</strong></span> <span class='ocrx_word' id='word_1_118' title='bbox 962 1840 1187 1897; x_wconf 89' lang='lat' dir='ltr'><strong>corpore</strong></span> <span class='ocrx_word' id='word_1_119' title='bbox 1208 1828 1396 1883; x_wconf 73' lang='lat' dir='ltr'><strong>exivit.</strong></span> 
     </span>
    </p>
   </div>
   <div class='ocr_carea' id='block_1_19' title="bbox 3159 640 3593 706">
    <p class='ocr_par' dir='ltr' id='par_1_19' title="bbox 3159 640 3593 706">
     <span class='ocr_line' id='line_1_19' title="bbox 3159 640 3593 706; baseline 0.005 -17"><span class='ocrx_word' id='word_1_120' title='bbox 3159 640 3376 691; x_wconf 88' lang='lat' dir='ltr'><strong>mortuis</strong></span> <span class='ocrx_word' id='word_1_121' title='bbox 3412 640 3593 706; x_wconf 83' lang='lat' dir='ltr'><strong>prosit.</strong></span> 
     </span>
    </p>
   </div>
   <div class='ocr_carea' id='block_1_20' title="bbox 2664 764 4151 843">
    <p class='ocr_par' dir='ltr' id='par_1_20' title="bbox 2664 764 4151 843">
     <span class='ocr_line' id='line_1_20' title="bbox 2664 764 4151 843; baseline 0.005 -24"><span class='ocrx_word' id='word_1_122' title='bbox 2664 764 2769 820; x_wconf 82' lang='lat' dir='ltr'><strong>Sed</strong></span> <span class='ocrx_word' id='word_1_123' title='bbox 2799 766 3070 821; x_wconf 88' lang='lat' dir='ltr'><strong>sciendum</strong></span> <span class='ocrx_word' id='word_1_124' title='bbox 3100 775 3184 822; x_wconf 91' lang='lat' dir='ltr'><strong>est</strong></span> <span class='ocrx_word' id='word_1_125' title='bbox 3209 769 3333 839; x_wconf 90' lang='lat' dir='ltr'><strong>quia</strong></span> <span class='ocrx_word' id='word_1_126' title='bbox 3363 769 3465 825; x_wconf 93' lang='lat' dir='ltr'><strong>illis</strong></span> <span class='ocrx_word' id='word_1_127' title='bbox 3492 770 3707 825; x_wconf 79' lang='lat' dir='ltr'><strong>victima</strong></span> <span class='ocrx_word' id='word_1_128' title='bbox 3752 771 3977 827; x_wconf 87' lang='lat' dir='ltr'><strong>mortuis</strong></span> <span class='ocrx_word' id='word_1_129' title='bbox 4025 786 4151 843; x_wconf 88' lang='lat' dir='ltr'><strong>pro-</strong></span> 
     </span>
    </p>
   </div>
   <div class='ocr_carea' id='block_1_21' title="bbox 2586 854 4156 931">
    <p class='ocr_par' dir='ltr' id='par_1_21' title="bbox 2586 854 4156 931">
     <span class='ocr_line' id='line_1_21' title="bbox 2586 854 4156 931; baseline 0.006 -23"><span class='ocrx_word' id='word_1_130' title='bbox 2586 854 2725 917; x_wconf 87' lang='lat' dir='ltr'><strong>dest,</strong></span> <span class='ocrx_word' id='word_1_131' title='bbox 2759 858 2847 925; x_wconf 90' lang='lat' dir='ltr'><strong>qui</strong></span> <span class='ocrx_word' id='word_1_132' title='bbox 2881 858 2967 911; x_wconf 87' lang='lat' dir='ltr'><strong>hic</strong></span> <span class='ocrx_word' id='word_1_133' title='bbox 2994 858 3599 925; x_wconf 75' lang='lat' dir='ltr'><strong>obtinueruntvivendo,</strong></span> <span class='ocrx_word' id='word_1_134' title='bbox 3637 870 3696 915; x_wconf 90' lang='lat' dir='ltr'><strong>ut</strong></span> <span class='ocrx_word' id='word_1_135' title='bbox 3724 876 3818 916; x_wconf 93' lang='lat' dir='ltr'><strong>eos</strong></span> <span class='ocrx_word' id='word_1_136' title='bbox 3846 862 4005 916; x_wconf 90' lang='lat' dir='ltr'><strong>etiam</strong></span> <span class='ocrx_word' id='word_1_137' title='bbox 4031 872 4156 931; x_wconf 91' lang='lat' dir='ltr'><strong>post</strong></span> 
     </span>
    </p>
   </div>
   <div class='ocr_carea' id='block_1_22' title="bbox 2585 946 4155 1019">
    <p class='ocr_par' dir='ltr' id='par_1_22' title="bbox 2585 946 4155 1019">
     <span class='ocr_line' id='line_1_22' title="bbox 2585 946 4155 1019; baseline 0.005 -21"><span class='ocrx_word' id='word_1_138' title='bbox 2585 954 2813 1000; x_wconf 90' lang='lat' dir='ltr'><strong>mortem</strong></span> <span class='ocrx_word' id='word_1_139' title='bbox 2846 948 2982 1001; x_wconf 88' lang='lat' dir='ltr'><strong>bona</strong></span> <span class='ocrx_word' id='word_1_140' title='bbox 3018 946 3304 1016; x_wconf 90' lang='lat' dir='ltr'><strong>adjuveut,</strong></span> <span class='ocrx_word' id='word_1_141' title='bbox 3350 963 3469 1019; x_wconf 73' lang='lat' dir='ltr'><strong>quze</strong></span> <span class='ocrx_word' id='word_1_142' title='bbox 3508 950 3595 1005; x_wconf 90' lang='lat' dir='ltr'><strong>hic</strong></span> <span class='ocrx_word' id='word_1_143' title='bbox 3638 965 3736 1019; x_wconf 90' lang='lat' dir='ltr'><strong>pro</strong></span> <span class='ocrx_word' id='word_1_144' title='bbox 3767 951 3895 1019; x_wconf 90' lang='lat' dir='ltr'><strong>ipsis</strong></span> <span class='ocrx_word' id='word_1_145' title='bbox 3940 952 4008 1006; x_wconf 93' lang='lat' dir='ltr'><strong>ab</strong></span> <span class='ocrx_word' id='word_1_146' title='bbox 4034 953 4155 1007; x_wconf 88' lang='lat' dir='ltr'><strong>aliis</strong></span> 
     </span>
    </p>
   </div>
   <div class='ocr_carea' id='block_1_23' title="bbox 2586 1032 4156 1109">
    <p class='ocr_par' dir='ltr' id='par_1_23' title="bbox 2586 1032 4156 1109">
     <span class='ocr_line' id='line_1_23' title="bbox 2586 1032 4156 1109; baseline 0.006 -24"><span class='ocrx_word' id='word_1_147' title='bbox 2586 1032 2740 1087; x_wconf 82' lang='lat' dir='ltr'><strong>ﬁunt.</strong></span> <span class='ocrx_word' id='word_1_148' title='bbox 2768 1034 2912 1089; x_wconf 88' lang='lat' dir='ltr'><strong>Inter</strong></span> <span class='ocrx_word' id='word_1_149' title='bbox 2940 1036 3053 1089; x_wconf 64' lang='lat' dir='ltr'><strong>haec</strong></span> <span class='ocrx_word' id='word_1_150' title='bbox 3076 1046 3252 1090; x_wconf 90' lang='lat' dir='ltr'><strong>autem</strong></span> <span class='ocrx_word' id='word_1_151' title='bbox 3294 1038 3628 1106; x_wconf 83' lang='lat' dir='ltr'><strong>pensandum</strong></span> <span class='ocrx_word' id='word_1_152' title='bbox 3658 1049 3741 1093; x_wconf 87' lang='lat' dir='ltr'><strong>est</strong></span> <span class='ocrx_word' id='word_1_153' title='bbox 3769 1080 3783 1103; x_wconf 89' lang='lat'><strong>,</strong></span> <span class='ocrx_word' id='word_1_154' title='bbox 3816 1040 3957 1109; x_wconf 90' lang='lat' dir='ltr'><strong>quod</strong></span> <span class='ocrx_word' id='word_1_155' title='bbox 3990 1042 4156 1095; x_wconf 87' lang='lat' dir='ltr'><strong>tutior</strong></span> 
     </span>
    </p>
   </div>
   <div class='ocr_carea' id='block_1_24' title="bbox 2584 1123 4150 1197">
    <p class='ocr_par' dir='ltr' id='par_1_24' title="bbox 2584 1123 4150 1197">
     <span class='ocr_line' id='line_1_24' title="bbox 2584 1123 4150 1197; baseline 0.005 -22"><span class='ocrx_word' id='word_1_156' title='bbox 2584 1124 2667 1176; x_wconf 86' lang='lat' dir='ltr'><strong>via</strong></span> <span class='ocrx_word' id='word_1_157' title='bbox 2694 1123 2783 1190; x_wconf 88' lang='lat' dir='ltr'><strong>sit,</strong></span> <span class='ocrx_word' id='word_1_158' title='bbox 2819 1135 2875 1177; x_wconf 88' lang='lat' dir='ltr'><strong>ut</strong></span> <span class='ocrx_word' id='word_1_159' title='bbox 2908 1125 3125 1190; x_wconf 90' lang='lat' dir='ltr'><strong>bonum,</strong></span> <span class='ocrx_word' id='word_1_160' title='bbox 3154 1128 3297 1195; x_wconf 90' lang='lat' dir='ltr'><strong>quod</strong></span> <span class='ocrx_word' id='word_1_161' title='bbox 3326 1127 3553 1197; x_wconf 87' lang='lat' dir='ltr'><strong>quisque</strong></span> <span class='ocrx_word' id='word_1_162' title='bbox 3596 1136 3715 1197; x_wconf 90' lang='lat' dir='ltr'><strong>post</strong></span> <span class='ocrx_word' id='word_1_163' title='bbox 3746 1138 3971 1183; x_wconf 77' lang='lat' dir='ltr'><strong>mortem</strong></span> <span class='ocrx_word' id='word_1_164' title='bbox 3998 1146 4150 1184; x_wconf 90' lang='lat' dir='ltr'><strong>suam</strong></span> 
     </span>
    </p>
   </div>
   <div class='ocr_carea' id='block_1_25' title="bbox 2583 1215 4146 1289">
    <p class='ocr_par' dir='ltr' id='par_1_25' title="bbox 2583 1215 4146 1289">
     <span class='ocr_line' id='line_1_25' title="bbox 2583 1215 4146 1289; baseline 0.004 -22"><span class='ocrx_word' id='word_1_165' title='bbox 2583 1223 2766 1283; x_wconf 86' lang='lat' dir='ltr'><strong>sperat</strong></span> <span class='ocrx_word' id='word_1_166' title='bbox 2798 1215 2882 1285; x_wconf 92' lang='lat' dir='ltr'><strong>agi</strong></span> <span class='ocrx_word' id='word_1_167' title='bbox 2910 1230 3005 1284; x_wconf 92' lang='lat' dir='ltr'><strong>per</strong></span> <span class='ocrx_word' id='word_1_168' title='bbox 3031 1216 3186 1281; x_wconf 91' lang='lat' dir='ltr'><strong>alios,</strong></span> <span class='ocrx_word' id='word_1_169' title='bbox 3217 1226 3340 1287; x_wconf 88' lang='lat' dir='ltr'><strong>agat</strong></span> <span class='ocrx_word' id='word_1_170' title='bbox 3362 1218 3476 1287; x_wconf 91' lang='lat' dir='ltr'><strong>ipse</strong></span> <span class='ocrx_word' id='word_1_171' title='bbox 3502 1258 3517 1282; x_wconf 90' lang='lat'><strong>,</strong></span> <span class='ocrx_word' id='word_1_172' title='bbox 3550 1218 3675 1273; x_wconf 90' lang='lat' dir='ltr'><strong>dum</strong></span> <span class='ocrx_word' id='word_1_173' title='bbox 3706 1220 3838 1273; x_wconf 84' lang='lat' dir='ltr'><strong>vivit</strong></span> <span class='ocrx_word' id='word_1_174' title='bbox 3866 1260 3881 1285; x_wconf 93' lang='lat'><strong>,</strong></span> <span class='ocrx_word' id='word_1_175' title='bbox 3929 1234 4025 1289; x_wconf 88' lang='lat' dir='ltr'><strong>per</strong></span> <span class='ocrx_word' id='word_1_176' title='bbox 4066 1237 4146 1274; x_wconf 90' lang='lat' dir='ltr'><strong>se.</strong></span> 
     </span>
    </p>
   </div>
   <div class='ocr_carea' id='block_1_26' title="bbox 2582 1300 4151 1378">
    <p class='ocr_par' dir='ltr' id='par_1_26' title="bbox 2582 1300 4151 1378">
     <span class='ocr_line' id='line_1_26' title="bbox 2582 1300 4151 1378; baseline 0.005 -25"><span class='ocrx_word' id='word_1_177' title='bbox 2582 1300 2801 1358; x_wconf 90' lang='lat' dir='ltr'><strong>Beatius</strong></span> <span class='ocrx_word' id='word_1_178' title='bbox 2826 1306 3021 1373; x_wconf 81' lang='lat' dir='ltr'><strong>quippe</strong></span> <span class='ocrx_word' id='word_1_179' title='bbox 3051 1316 3134 1360; x_wconf 92' lang='lat' dir='ltr'><strong>est</strong></span> <span class='ocrx_word' id='word_1_180' title='bbox 3161 1306 3387 1361; x_wconf 88' lang='lat' dir='ltr'><strong>liberum</strong></span> <span class='ocrx_word' id='word_1_181' title='bbox 3415 1307 3565 1362; x_wconf 81' lang='lat' dir='ltr'><strong>exire</strong></span> <span class='ocrx_word' id='word_1_182' title='bbox 3607 1323 3765 1377; x_wconf 89' lang='lat' dir='ltr'><strong>quam</strong></span> <span class='ocrx_word' id='word_1_183' title='bbox 3794 1318 3914 1378; x_wconf 91' lang='lat' dir='ltr'><strong>post</strong></span> <span class='ocrx_word' id='word_1_184' title='bbox 3942 1308 4151 1364; x_wconf 91' lang='lat' dir='ltr'><strong>vincula</strong></span> 
     </span>
    </p>
   </div>
   <div class='ocr_carea' id='block_1_27' title="bbox 2581 1390 4145 1466">
    <p class='ocr_par' dir='ltr' id='par_1_27' title="bbox 2581 1390 4145 1466">
     <span class='ocr_line' id='line_1_27' title="bbox 2581 1390 4145 1466; baseline 0.005 -22"><span class='ocrx_word' id='word_1_185' title='bbox 2581 1390 2885 1447; x_wconf 89' lang='lat' dir='ltr'><strong>libertatem</strong></span> <span class='ocrx_word' id='word_1_186' title='bbox 2916 1409 3184 1463; x_wconf 65' lang='lat' dir='ltr'><strong>quaerere.</strong></span> <span class='ocrx_word' id='word_1_187' title='bbox 3215 1395 3482 1450; x_wconf 86' lang='lat' dir='ltr'><strong>Debemus</strong></span> <span class='ocrx_word' id='word_1_188' title='bbox 3507 1390 3687 1466; x_wconf 87' lang='lat' dir='ltr'><strong>itaque</strong></span> <span class='ocrx_word' id='word_1_189' title='bbox 3715 1413 3951 1466; x_wconf 63' lang='lat' dir='ltr'><strong>praesens</strong></span> <span class='ocrx_word' id='word_1_190' title='bbox 3978 1413 4145 1452; x_wconf 68' lang='lat' dir='ltr'><strong>scecu~</strong></span> 
     </span>
    </p>
   </div>
   <div class='ocr_carea' id='block_1_28' title="bbox 2582 1480 4144 1553">
    <p class='ocr_par' dir='ltr' id='par_1_28' title="bbox 2582 1480 4144 1553">
     <span class='ocr_line' id='line_1_28' title="bbox 2582 1480 4144 1553; baseline 0.004 -20"><span class='ocrx_word' id='word_1_191' title='bbox 2582 1480 2688 1534; x_wconf 90' lang='lat' dir='ltr'><strong>lum</strong></span> <span class='ocrx_word' id='word_1_192' title='bbox 2718 1520 2735 1546; x_wconf 90' lang='lat'><strong>,</strong></span> <span class='ocrx_word' id='word_1_193' title='bbox 2784 1482 2868 1535; x_wconf 91' lang='lat' dir='ltr'><strong>vel</strong></span> <span class='ocrx_word' id='word_1_194' title='bbox 2923 1483 3045 1552; x_wconf 87' lang='lat' dir='ltr'><strong>quia</strong></span> <span class='ocrx_word' id='word_1_195' title='bbox 3083 1482 3192 1551; x_wconf 88' lang='lat' dir='ltr'><strong>jatn</strong></span> <span class='ocrx_word' id='word_1_196' title='bbox 3241 1485 3601 1553; x_wconf 91' lang='lat' dir='ltr'><strong>conspicimus</strong></span> <span class='ocrx_word' id='word_1_197' title='bbox 3651 1484 3969 1550; x_wconf 80' lang='lat' dir='ltr'><strong>deﬂuxisse,</strong></span> <span class='ocrx_word' id='word_1_198' title='bbox 4037 1496 4144 1540; x_wconf 84' lang='lat' dir='ltr'><strong>tota</strong></span> 
     </span>
    </p>
   </div>
   <div class='ocr_carea' id='block_1_29' title="bbox 2580 1574 4143 1645">
    <p class='ocr_par' dir='ltr' id='par_1_29' title="bbox 2580 1574 4143 1645">
     <span class='ocr_line' id='line_1_29' title="bbox 2580 1574 4143 1645; baseline 0.004 -22"><span class='ocrx_word' id='word_1_199' title='bbox 2580 1580 2760 1624; x_wconf 90' lang='lat' dir='ltr'><strong>mente</strong></span> <span class='ocrx_word' id='word_1_200' title='bbox 2787 1580 3150 1638; x_wconf 86' lang='lat' dir='ltr'><strong>contemnere;</strong></span> <span class='ocrx_word' id='word_1_201' title='bbox 3179 1574 3491 1643; x_wconf 88' lang='lat' dir='ltr'><strong>quotidiana</strong></span> <span class='ocrx_word' id='word_1_202' title='bbox 3519 1575 3629 1629; x_wconf 88' lang='lat' dir='ltr'><strong>Deo</strong></span> <span class='ocrx_word' id='word_1_203' title='bbox 3654 1574 4012 1645; x_wconf 84' lang='lat' dir='ltr'><strong>lacrymarum</strong></span> <span class='ocrx_word' id='word_1_204' title='bbox 4055 1592 4143 1631; x_wconf 86' lang='lat' dir='ltr'><strong>sa-</strong></span> 
     </span>
    </p>
   </div>
   <div class='ocr_carea' id='block_1_30' title="bbox 2582 1662 4149 1737">
    <p class='ocr_par' dir='ltr' id='par_1_30' title="bbox 2582 1662 4149 1737">
     <span class='ocr_line' id='line_1_30' title="bbox 2582 1662 4149 1737; baseline 0.004 -21"><span class='ocrx_word' id='word_1_205' title='bbox 2582 1662 2809 1729; x_wconf 81' lang='lat' dir='ltr'><strong>criﬁcia,</strong></span> <span class='ocrx_word' id='word_1_206' title='bbox 2837 1664 3178 1733; x_wconf 80' lang='lat' dir='ltr'><strong>quotidianus</strong></span> <span class='ocrx_word' id='word_1_207' title='bbox 3208 1666 3387 1721; x_wconf 90' lang='lat' dir='ltr'><strong>carnis</strong></span> <span class='ocrx_word' id='word_1_208' title='bbox 3415 1665 3529 1733; x_wconf 86' lang='lat' dir='ltr'><strong>ejus</strong></span> <span class='ocrx_word' id='word_1_209' title='bbox 3558 1674 3613 1721; x_wconf 89' lang='lat' dir='ltr'><strong>et</strong></span> <span class='ocrx_word' id='word_1_210' title='bbox 3640 1668 3915 1737; x_wconf 83' lang='lat' dir='ltr'><strong>sanguinis</strong></span> <span class='ocrx_word' id='word_1_211' title='bbox 3944 1668 4149 1723; x_wconf 81' lang='lat' dir='ltr'><strong>hostias</strong></span> 
     </span>
    </p>
   </div>
   <div class='ocr_carea' id='block_1_31' title="bbox 2576 1751 4147 1826">
    <p class='ocr_par' dir='ltr' id='par_1_31' title="bbox 2576 1751 4147 1826">
     <span class='ocr_line' id='line_1_31' title="bbox 2576 1751 4147 1826; baseline 0.004 -21"><span class='ocrx_word' id='word_1_212' title='bbox 2576 1752 2875 1809; x_wconf 84' lang='lat' dir='ltr'><strong>immolare.</strong></span> <span class='ocrx_word' id='word_1_213' title='bbox 2939 1751 3065 1810; x_wconf 76' lang='lat' dir='ltr'><strong>llaec</strong></span> <span class='ocrx_word' id='word_1_214' title='bbox 3114 1770 3345 1825; x_wconf 88' lang='lat' dir='ltr'><strong>namque</strong></span> <span class='ocrx_word' id='word_1_215' title='bbox 3404 1756 3750 1826; x_wconf 88' lang='lat' dir='ltr'><strong>singulariter</strong></span> <span class='ocrx_word' id='word_1_216' title='bbox 3795 1758 4009 1812; x_wconf 81' lang='lat' dir='ltr'><strong>victima</strong></span> <span class='ocrx_word' id='word_1_217' title='bbox 4076 1760 4147 1813; x_wconf 84' lang='lat' dir='ltr'><strong>ab</strong></span> 
     </span>
    </p>
   </div>
   <div class='ocr_carea' id='block_1_32' title="bbox 2582 1845 4147 1915">
    <p class='ocr_par' dir='ltr' id='par_1_32' title="bbox 2582 1845 4147 1915">
     <span class='ocr_line' id='line_1_32' title="bbox 2582 1845 4147 1915; baseline 0.001 -16"><span class='ocrx_word' id='word_1_218' title='bbox 2582 1852 2787 1899; x_wconf 65' lang='lat' dir='ltr'><strong>aeterno</strong></span> <span class='ocrx_word' id='word_1_219' title='bbox 2816 1845 3030 1900; x_wconf 90' lang='lat' dir='ltr'><strong>interitu</strong></span> <span class='ocrx_word' id='word_1_220' title='bbox 3067 1846 3273 1901; x_wconf 87' lang='lat' dir='ltr'><strong>animas</strong></span> <span class='ocrx_word' id='word_1_221' title='bbox 3302 1845 3479 1911; x_wconf 81' lang='lat' dir='ltr'><strong>solvit,</strong></span> <span class='ocrx_word' id='word_1_222' title='bbox 3506 1862 3623 1915; x_wconf 60' lang='lat' dir='ltr'><strong>quae</strong></span> <span class='ocrx_word' id='word_1_223' title='bbox 3650 1846 3793 1900; x_wconf 89' lang='lat' dir='ltr'><strong>illam</strong></span> <span class='ocrx_word' id='word_1_224' title='bbox 3826 1847 3978 1902; x_wconf 91' lang='lat' dir='ltr'><strong>nobis</strong></span> <span class='ocrx_word' id='word_1_225' title='bbox 4006 1862 4147 1901; x_wconf 85' lang='lat' dir='ltr'><strong>mor-</strong></span> 
     </span>
    </p>
   </div>
   <div class='ocr_carea' id='block_1_33' title="bbox 904 1906 4144 2028">
    <p class='ocr_par' dir='ltr' id='par_1_33' title="bbox 904 1906 4144 2028">
     <span class='ocr_line' id='line_1_33' title="bbox 904 1906 4144 2028; baseline 0 -12"><span class='ocrx_word' id='word_1_226' title='bbox 904 1962 1029 2016; x_wconf 76' lang='lat' dir='ltr'><strong>CAP.</strong></span> <span class='ocrx_word' id='word_1_227' title='bbox 1076 1960 1333 2017; x_wconf 77' lang='lat' dir='ltr'><strong>XLIX.—</strong></span> <span class='ocrx_word' id='word_1_228' title='bbox 1360 1961 1625 2028; x_wconf 83' lang='lat' dir='ltr'><strong>Quantum</strong></span> <span class='ocrx_word' id='word_1_229' title='bbox 1664 1980 1828 2018; x_wconf 73' lang='lat' dir='ltr'><strong>sacra!</strong></span> <span class='ocrx_word' id='word_1_230' title='bbox 1863 1959 2138 2017; x_wconf 75' lang='lat' dir='ltr'><strong>oblationis</strong></span> <span class='ocrx_word' id='word_1_231' title='bbox 2180 1961 2469 2017; x_wconf 87' lang='lat' dir='ltr'><strong>inmtolatio</strong></span> <span class='ocrx_word' id='word_1_232' title='bbox 2500 1906 2546 1964; x_wconf 80' lang='grc' dir='ltr'><strong>Β</strong></span> <span class='ocrx_word' id='word_1_233' title='bbox 2578 1943 2683 1990; x_wconf 48' lang='lat' dir='ltr'><strong>tem</strong></span> <span class='ocrx_word' id='word_1_234' title='bbox 2722 1936 2995 2007; x_wconf 58' lang='lat' dir='ltr'><strong>U&#39;ﬁgeni&#39;i</strong></span> <span class='ocrx_word' id='word_1_235' title='bbox 3049 1952 3145 2004; x_wconf 63' lang='lat' dir='ltr'><strong>per</strong></span> <span class='ocrx_word' id='word_1_236' title='bbox 3191 1938 3509 2007; x_wconf 60' lang='lat' dir='ltr'><strong>mysmriu&#39;“</strong></span> <span class='ocrx_word' id='word_1_237' title='bbox 3561 1947 3793 2007; x_wconf 61' lang='lat' dir='ltr'><strong>reparal&#39;</strong></span> <span class='ocrx_word' id='word_1_238' title='bbox 3847 1938 3946 2005; x_wconf 68' lang='lat' dir='ltr'><strong>Qui</strong></span> <span class='ocrx_word' id='word_1_239' title='bbox 4018 1938 4144 1992; x_wconf 54' lang='lat' dir='ltr'><strong>licet</strong></span> 
     </span>
    </p>
   </div>
   <div class='ocr_carea' id='block_1_34' title="bbox 1272 2034 2098 2103">
    <p class='ocr_par' dir='ltr' id='par_1_34' title="bbox 1272 2034 2098 2103">
     <span class='ocr_line' id='line_1_34' title="bbox 1272 2034 2098 2103; baseline -0.001 -17"><span class='ocrx_word' id='word_1_240' title='bbox 1272 2042 1597 2086; x_wconf 86' lang='lat' dir='ltr'><strong>mortuorum</strong></span> <span class='ocrx_word' id='word_1_241' title='bbox 1620 2034 1887 2103; x_wconf 79' lang='lat' dir='ltr'><strong>spiritibus</strong></span> <span class='ocrx_word' id='word_1_242' title='bbox 1913 2034 2098 2102; x_wconf 83' lang='lat' dir='ltr'><strong>prosit.</strong></span> 
     </span>
    </p>
   </div>
   <div class='ocr_carea' id='block_1_35' title="bbox 973 2140 2474 2212">
    <p class='ocr_par' dir='ltr' id='par_1_35' title="bbox 973 2140 2474 2212">
     <span class='ocr_line' id='line_1_35' title="bbox 973 2140 2474 2212; baseline 0 -17"><span class='ocrx_word' id='word_1_243' title='bbox 973 2141 1049 2212; x_wconf 91' lang='lat'><strong>(8)</strong></span> <span class='ocrx_word' id='word_1_244' title='bbox 1074 2140 1177 2197; x_wconf 91' lang='lat' dir='ltr'><strong>Sed</strong></span> <span class='ocrx_word' id='word_1_245' title='bbox 1203 2141 1330 2212; x_wconf 89' lang='lat' dir='ltr'><strong>quid</strong></span> <span class='ocrx_word' id='word_1_246' title='bbox 1359 2142 1554 2196; x_wconf 89' lang='lat' dir='ltr'><strong>mirum</strong></span> <span class='ocrx_word' id='word_1_247' title='bbox 1582 2142 1625 2196; x_wconf 90' lang='lat' dir='ltr'><strong>si</strong></span> <span class='ocrx_word' id='word_1_248' title='bbox 1654 2142 1873 2196; x_wconf 84' lang='lat' dir='ltr'><strong>humani</strong></span> <span class='ocrx_word' id='word_1_249' title='bbox 1895 2140 2107 2211; x_wconf 88' lang='lat' dir='ltr'><strong>generis</strong></span> <span class='ocrx_word' id='word_1_250' title='bbox 2136 2155 2321 2195; x_wconf 87' lang='lat' dir='ltr'><strong>verum</strong></span> <span class='ocrx_word' id='word_1_251' title='bbox 2375 2140 2474 2196; x_wconf 90' lang='lat' dir='ltr'><strong>hoc</strong></span> 
     </span>
    </p>
   </div>
   <div class='ocr_carea' id='block_1_36' title="bbox 915 2229 2472 2301">
    <p class='ocr_par' dir='ltr' id='par_1_36' title="bbox 915 2229 2472 2301">
     <span class='ocr_line' id='line_1_36' title="bbox 915 2229 2472 2301; baseline -0.002 -14"><span class='ocrx_word' id='word_1_252' title='bbox 915 2240 957 2287; x_wconf 73' lang='lat' dir='ltr'><strong>tt</strong></span> <span class='ocrx_word' id='word_1_253' title='bbox 992 2230 1264 2301; x_wconf 89' lang='lat' dir='ltr'><strong>singulare</strong></span> <span class='ocrx_word' id='word_1_254' title='bbox 1299 2229 1609 2300; x_wconf 69' lang='lat' dir='ltr'><strong>pmsidium</strong></span> <span class='ocrx_word' id='word_1_255' title='bbox 1639 2230 1693 2284; x_wconf 92' lang='lat' dir='ltr'><strong>in</strong></span> <span class='ocrx_word' id='word_1_256' title='bbox 1724 2245 1951 2299; x_wconf 88' lang='lat' dir='ltr'><strong>corpore</strong></span> <span class='ocrx_word' id='word_1_257' title='bbox 1975 2230 2316 2285; x_wconf 89' lang='lat' dir='ltr'><strong>manentibus</strong></span> <span class='ocrx_word' id='word_1_258' title='bbox 2341 2230 2472 2284; x_wconf 83' lang='lat' dir='ltr'><strong>lide-</strong></span> 
     </span>
    </p>
   </div>
   <div class='ocr_carea' id='block_1_37' title="bbox 913 2319 2469 2389">
    <p class='ocr_par' dir='ltr' id='par_1_37' title="bbox 913 2319 2469 2389">
     <span class='ocr_line' id='line_1_37' title="bbox 913 2319 2469 2389; baseline -0.005 -10"><span class='ocrx_word' id='word_1_259' title='bbox 913 2322 1037 2379; x_wconf 78' lang='lat' dir='ltr'><strong>ibus</strong></span> <span class='ocrx_word' id='word_1_260' title='bbox 1090 2328 1146 2375; x_wconf 90' lang='lat' dir='ltr'><strong>et</strong></span> <span class='ocrx_word' id='word_1_261' title='bbox 1212 2319 1322 2375; x_wconf 91' lang='lat' dir='ltr'><strong>Deo</strong></span> <span class='ocrx_word' id='word_1_262' title='bbox 1364 2320 1542 2375; x_wconf 85' lang='lat' dir='ltr'><strong>charis</strong></span> <span class='ocrx_word' id='word_1_263' title='bbox 1589 2319 1656 2374; x_wconf 88' lang='lat' dir='ltr'><strong>ad</strong></span> <span class='ocrx_word' id='word_1_264' title='bbox 1697 2328 2013 2389; x_wconf 61' lang='lat' dir='ltr'><strong>praisentem</strong></span> <span class='ocrx_word' id='word_1_265' title='bbox 2051 2327 2105 2373; x_wconf 91' lang='lat' dir='ltr'><strong>et</strong></span> <span class='ocrx_word' id='word_1_266' title='bbox 2159 2328 2469 2388; x_wconf 88' lang='lat' dir='ltr'><strong>perpetuam</strong></span> 
     </span>
    </p>
   </div>
   <div class='ocr_carea' id='block_1_38' title="bbox 919 2407 2469 2478">
    <p class='ocr_par' dir='ltr' id='par_1_38' title="bbox 919 2407 2469 2478">
     <span class='ocr_line' id='line_1_38' title="bbox 919 2407 2469 2478; baseline 0.001 -17"><span class='ocrx_word' id='word_1_267' title='bbox 919 2410 1192 2478; x_wconf 64' lang='lat' dir='ltr'><strong>ipitulatur</strong></span> <span class='ocrx_word' id='word_1_268' title='bbox 1227 2407 1478 2474; x_wconf 89' lang='lat' dir='ltr'><strong>salutem,</strong></span> <span class='ocrx_word' id='word_1_269' title='bbox 1502 2408 1719 2478; x_wconf 84' lang='lat' dir='ltr'><strong>quando</strong></span> <span class='ocrx_word' id='word_1_270' title='bbox 1749 2408 1876 2462; x_wconf 90' lang='lat' dir='ltr'><strong>illud</strong></span> <span class='ocrx_word' id='word_1_271' title='bbox 1907 2408 2008 2477; x_wconf 91' lang='lat' dir='ltr'><strong>ipsi</strong></span> <span class='ocrx_word' id='word_1_272' title='bbox 2036 2408 2199 2463; x_wconf 90' lang='lat' dir='ltr'><strong>etiam</strong></span> <span class='ocrx_word' id='word_1_273' title='bbox 2230 2417 2469 2463; x_wconf 88' lang='lat' dir='ltr'><strong>mortuo-</strong></span> 
     </span>
    </p>
   </div>
   <div class='ocr_carea' id='block_1_39' title="bbox 910 2497 2470 2568">
    <p class='ocr_par' dir='ltr' id='par_1_39' title="bbox 910 2497 2470 2568">
     <span class='ocr_line' id='line_1_39' title="bbox 910 2497 2470 2568; baseline -0.002 -15"><span class='ocrx_word' id='word_1_274' title='bbox 910 2514 1015 2553; x_wconf 76' lang='lat' dir='ltr'><strong>rum</strong></span> <span class='ocrx_word' id='word_1_275' title='bbox 1063 2497 1285 2568; x_wconf 89' lang='lat' dir='ltr'><strong>spiritus</strong></span> <span class='ocrx_word' id='word_1_276' title='bbox 1338 2513 1369 2551; x_wconf 89' lang='lat' dir='ltr'><strong>a</strong></span> <span class='ocrx_word' id='word_1_277' title='bbox 1398 2498 1699 2552; x_wconf 90' lang='lat' dir='ltr'><strong>viventibus</strong></span> <span class='ocrx_word' id='word_1_278' title='bbox 1725 2505 1935 2567; x_wconf 91' lang='lat' dir='ltr'><strong>petunt,</strong></span> <span class='ocrx_word' id='word_1_279' title='bbox 1964 2506 2016 2551; x_wconf 91' lang='lat' dir='ltr'><strong>et</strong></span> <span class='ocrx_word' id='word_1_280' title='bbox 2045 2497 2193 2567; x_wconf 88' lang='lat' dir='ltr'><strong>signa</strong></span> <span class='ocrx_word' id='word_1_281' title='bbox 2229 2497 2470 2552; x_wconf 87' lang='lat' dir='ltr'><strong>indicant</strong></span> 
     </span>
    </p>
   </div>
   <div class='ocr_carea' id='block_1_40' title="bbox 904 2585 2468 2659">
    <p class='ocr_par' dir='ltr' id='par_1_40' title="bbox 904 2585 2468 2659">
     <span class='ocr_line' id='line_1_40' title="bbox 904 2585 2468 2659; baseline -0.002 -17"><span class='ocrx_word' id='word_1_282' title='bbox 904 2590 1091 2658; x_wconf 66' lang='lat' dir='ltr'><strong>quibus</strong></span> <span class='ocrx_word' id='word_1_283' title='bbox 1130 2604 1231 2659; x_wconf 84' lang='lat' dir='ltr'><strong>per</strong></span> <span class='ocrx_word' id='word_1_284' title='bbox 1277 2589 1379 2643; x_wconf 84' lang='lat' dir='ltr'><strong>hoc</strong></span> <span class='ocrx_word' id='word_1_285' title='bbox 1429 2586 1658 2641; x_wconf 88' lang='lat' dir='ltr'><strong>absoluti</strong></span> <span class='ocrx_word' id='word_1_286' title='bbox 1688 2600 1809 2641; x_wconf 88' lang='lat' dir='ltr'><strong>esse</strong></span> <span class='ocrx_word' id='word_1_287' title='bbox 1850 2586 2166 2640; x_wconf 86' lang='lat' dir='ltr'><strong>videantur?</strong></span> <span class='ocrx_word' id='word_1_288' title='bbox 2214 2585 2468 2640; x_wconf 86' lang='lat' dir='ltr'><strong>Testatur</strong></span> 
     </span>
    </p>
   </div>
   <div class='ocr_carea' id='block_1_41' title="bbox 898 2674 2461 2748">
    <p class='ocr_par' dir='ltr' id='par_1_41' title="bbox 898 2674 2461 2748">
     <span class='ocr_line' id='line_1_41' title="bbox 898 2674 2461 2748; baseline -0.003 -17"><span class='ocrx_word' id='word_1_289' title='bbox 898 2676 1166 2748; x_wconf 89' lang='lat' dir='ltr'><strong>siquidem</strong></span> <span class='ocrx_word' id='word_1_290' title='bbox 1210 2690 1352 2745; x_wconf 66' lang='lat' dir='ltr'><strong>saepe</strong></span> <span class='ocrx_word' id='word_1_291' title='bbox 1388 2675 1563 2730; x_wconf 88' lang='lat' dir='ltr'><strong>dictus</strong></span> <span class='ocrx_word' id='word_1_292' title='bbox 1589 2675 1963 2729; x_wconf 87' lang='lat' dir='ltr'><strong>sanctissimus</strong></span> <span class='ocrx_word' id='word_1_293' title='bbox 1988 2689 2123 2743; x_wconf 89' lang='lat' dir='ltr'><strong>papa</strong></span> <span class='ocrx_word' id='word_1_294' title='bbox 2150 2674 2461 2746; x_wconf 80' lang='lat' dir='ltr'><strong>Gregorius,</strong></span> 
     </span>
    </p>
   </div>
   <div class='ocr_carea' id='block_1_42' title="bbox 895 2765 2464 2837">
    <p class='ocr_par' dir='ltr' id='par_1_42' title="bbox 895 2765 2464 2837">
     <span class='ocr_line' id='line_1_42' title="bbox 895 2765 2464 2837; baseline -0.001 -16"><span class='ocrx_word' id='word_1_295' title='bbox 895 2779 992 2822; x_wconf 78' lang='lat' dir='ltr'><strong>suo</strong></span> <span class='ocrx_word' id='word_1_296' title='bbox 1041 2778 1280 2837; x_wconf 89' lang='lat' dir='ltr'><strong>tempore</strong></span> <span class='ocrx_word' id='word_1_297' title='bbox 1327 2765 1494 2822; x_wconf 82' lang='lat' dir='ltr'><strong>fuisse</strong></span> <span class='ocrx_word' id='word_1_298' title='bbox 1547 2767 1832 2836; x_wconf 86' lang='lat' dir='ltr'><strong>quemdam</strong></span> <span class='ocrx_word' id='word_1_299' title='bbox 1864 2777 2064 2821; x_wconf 66' lang='lat' dir='ltr'><strong>sanctae</strong></span> <span class='ocrx_word' id='word_1_300' title='bbox 2092 2768 2464 2821; x_wconf 91' lang='lat' dir='ltr'><strong>conversatio-</strong></span> 
     </span>
    </p>
   </div>
   <div class='ocr_carea' id='block_1_43' title="bbox 892 2857 2461 2924">
    <p class='ocr_par' dir='ltr' id='par_1_43' title="bbox 892 2857 2461 2924">
     <span class='ocr_line' id='line_1_43' title="bbox 892 2857 2461 2924; baseline -0.002 -10"><span class='ocrx_word' id='word_1_301' title='bbox 892 2861 978 2915; x_wconf 91' lang='lat' dir='ltr'><strong>nis</strong></span> <span class='ocrx_word' id='word_1_302' title='bbox 1025 2862 1385 2924; x_wconf 81' lang='lat' dir='ltr'><strong>sacerdotem,</strong></span> <span class='ocrx_word' id='word_1_303' title='bbox 1436 2860 1521 2913; x_wconf 93' lang='lat' dir='ltr'><strong>cui</strong></span> <span class='ocrx_word' id='word_1_304' title='bbox 1567 2860 1900 2913; x_wconf 91' lang='lat' dir='ltr'><strong>consuetudo</strong></span> <span class='ocrx_word' id='word_1_305' title='bbox 1945 2857 2120 2912; x_wconf 82' lang='lat' dir='ltr'><strong>fuerat</strong></span> <span class='ocrx_word' id='word_1_306' title='bbox 2170 2858 2222 2912; x_wconf 91' lang='lat' dir='ltr'><strong>in</strong></span> <span class='ocrx_word' id='word_1_307' title='bbox 2259 2858 2378 2913; x_wconf 91' lang='lat' dir='ltr'><strong>loco</strong></span> <span class='ocrx_word' id='word_1_308' title='bbox 2410 2860 2461 2912; x_wconf 92' lang='lat' dir='ltr'><strong>in</strong></span> 
     </span>
    </p>
   </div>
   <div class='ocr_carea' id='block_1_44' title="bbox 890 2949 2460 3021">
    <p class='ocr_par' dir='ltr' id='par_1_44' title="bbox 890 2949 2460 3021">
     <span class='ocr_line' id='line_1_44' title="bbox 890 2949 2460 3021; baseline -0.001 -16"><span class='ocrx_word' id='word_1_309' title='bbox 890 2968 997 3021; x_wconf 91' lang='lat' dir='ltr'><strong>quo</strong></span> <span class='ocrx_word' id='word_1_310' title='bbox 1052 2968 1205 3021; x_wconf 68' lang='lat' dir='ltr'><strong>aqua:</strong></span> <span class='ocrx_word' id='word_1_311' title='bbox 1267 2951 1455 3007; x_wconf 72' lang='lat' dir='ltr'><strong>calida:</strong></span> <span class='ocrx_word' id='word_1_312' title='bbox 1513 2965 1741 3020; x_wconf 86' lang='lat' dir='ltr'><strong>vapores</strong></span> <span class='ocrx_word' id='word_1_313' title='bbox 1802 2950 1997 3003; x_wconf 90' lang='lat' dir='ltr'><strong>nimios</strong></span> <span class='ocrx_word' id='word_1_314' title='bbox 2051 2949 2275 3015; x_wconf 79' lang='lat' dir='ltr'><strong>faciunt,</strong></span> <span class='ocrx_word' id='word_1_315' title='bbox 2323 2964 2460 3019; x_wconf 90' lang='lat' dir='ltr'><strong>quo-</strong></span> 
     </span>
    </p>
   </div>
   <div class='ocr_carea' id='block_1_45' title="bbox 889 3042 2459 3113">
    <p class='ocr_par' dir='ltr' id='par_1_45' title="bbox 889 3042 2459 3113">
     <span class='ocr_line' id='line_1_45' title="bbox 889 3042 2459 3113; baseline -0.003 -14"><span class='ocrx_word' id='word_1_316' title='bbox 889 3048 990 3101; x_wconf 85' lang='lat' dir='ltr'><strong>ties</strong></span> <span class='ocrx_word' id='word_1_317' title='bbox 1053 3046 1352 3100; x_wconf 90' lang='lat' dir='ltr'><strong>necessitas</strong></span> <span class='ocrx_word' id='word_1_318' title='bbox 1416 3042 1768 3113; x_wconf 73' lang='lat' dir='ltr'><strong>postulabat,</strong></span> <span class='ocrx_word' id='word_1_319' title='bbox 1844 3042 2057 3096; x_wconf 84' lang='lat' dir='ltr'><strong>lavandi</strong></span> <span class='ocrx_word' id='word_1_320' title='bbox 2132 3057 2295 3097; x_wconf 90' lang='lat' dir='ltr'><strong>causa</strong></span> <span class='ocrx_word' id='word_1_321' title='bbox 2364 3054 2459 3095; x_wconf 91' lang='lat' dir='ltr'><strong>ve-</strong></span> 
     </span>
    </p>
   </div>
   <div class='ocr_carea' id='block_1_46' title="bbox 897 3138 1168 3201">
    <p class='ocr_par' dir='ltr' id='par_1_46' title="bbox 897 3138 1168 3201">
     <span class='ocr_line' id='line_1_46' title="bbox 897 3138 1168 3201; baseline -0.004 -11"><span class='ocrx_word' id='word_1_322' title='bbox 897 3138 1034 3201; x_wconf 91' lang='lat' dir='ltr'><strong>nire,</strong></span> <span class='ocrx_word' id='word_1_323' title='bbox 1063 3144 1168 3191; x_wconf 89' lang='lat' dir='ltr'><strong>etc.</strong></span> 
     </span>
    </p>
   </div>
   <div class='ocr_carea' id='block_1_47' title="bbox 891 3242 2530 3317">
    <p class='ocr_par' dir='ltr' id='par_1_47' title="bbox 891 3242 2530 3317">
     <span class='ocr_line' id='line_1_47' title="bbox 891 3242 2530 3317; baseline 0.002 -17"><span class='ocrx_word' id='word_1_324' title='bbox 891 3248 1017 3301; x_wconf 64' lang='lat' dir='ltr'><strong>Car.</strong></span> <span class='ocrx_word' id='word_1_325' title='bbox 1049 3246 1109 3300; x_wconf 89' lang='lat' dir='ltr'><strong>L.</strong></span> <span class='ocrx_word' id='word_1_326' title='bbox 1139 3277 1208 3285; x_wconf 96' lang='lat'><strong>—</strong></span> <span class='ocrx_word' id='word_1_327' title='bbox 1235 3246 1310 3300; x_wconf 82' lang='lat' dir='ltr'><strong>De</strong></span> <span class='ocrx_word' id='word_1_328' title='bbox 1341 3248 1568 3317; x_wconf 83' lang='lat' dir='ltr'><strong>quodam</strong></span> <span class='ocrx_word' id='word_1_329' title='bbox 1616 3247 1871 3317; x_wconf 82' lang='lat' dir='ltr'><strong>monacho</strong></span> <span class='ocrx_word' id='word_1_330' title='bbox 1910 3248 2001 3315; x_wconf 87' lang='lat' dir='ltr'><strong>qui</strong></span> <span class='ocrx_word' id='word_1_331' title='bbox 2037 3262 2127 3314; x_wconf 82' lang='lat' dir='ltr'><strong>per</strong></span> <span class='ocrx_word' id='word_1_332' title='bbox 2170 3243 2458 3299; x_wconf 74' lang='lat' dir='ltr'><strong>salutarem</strong></span> <span class='ocrx_word' id='word_1_333' title='bbox 2487 3242 2530 3303; x_wconf 92' lang='lat' dir='ltr'><strong>C</strong></span> 
     </span>
    </p>
   </div>
   <div class='ocr_carea' id='block_1_48' title="bbox 1284 3316 2070 3386">
    <p class='ocr_par' dir='ltr' id='par_1_48' title="bbox 1284 3316 2070 3386">
     <span class='ocr_line' id='line_1_48' title="bbox 1284 3316 2070 3386; baseline 0 -17"><span class='ocrx_word' id='word_1_334' title='bbox 1284 3316 1506 3371; x_wconf 82' lang='lat' dir='ltr'><strong>hostiam</strong></span> <span class='ocrx_word' id='word_1_335' title='bbox 1545 3316 1859 3386; x_wconf 85' lang='lat' dir='ltr'><strong>supplicium</strong></span> <span class='ocrx_word' id='word_1_336' title='bbox 1888 3318 2070 3369; x_wconf 81' lang='lat' dir='ltr'><strong>evasit.</strong></span> 
     </span>
    </p>
   </div>
   <div class='ocr_carea' id='block_1_49' title="bbox 958 3428 2456 3498">
    <p class='ocr_par' dir='ltr' id='par_1_49' title="bbox 958 3428 2456 3498">
     <span class='ocr_line' id='line_1_49' title="bbox 958 3428 2456 3498; baseline -0.001 -14"><span class='ocrx_word' id='word_1_337' title='bbox 958 3431 1064 3485; x_wconf 88' lang='lat' dir='ltr'><strong>Sed</strong></span> <span class='ocrx_word' id='word_1_338' title='bbox 1107 3431 1230 3498; x_wconf 86' lang='lat' dir='ltr'><strong>quia</strong></span> <span class='ocrx_word' id='word_1_339' title='bbox 1259 3430 1325 3483; x_wconf 88' lang='lat' dir='ltr'><strong>ad</strong></span> <span class='ocrx_word' id='word_1_340' title='bbox 1352 3429 1832 3485; x_wconf 84' lang='lat' dir='ltr'><strong>commendandam</strong></span> <span class='ocrx_word' id='word_1_341' title='bbox 1889 3432 2141 3483; x_wconf 76' lang='lat' dir='ltr'><strong>virtutem</strong></span> <span class='ocrx_word' id='word_1_342' title='bbox 2193 3428 2456 3483; x_wconf 84' lang='lat' dir='ltr'><strong>Dominici</strong></span> 
     </span>
    </p>
   </div>
   <div class='ocr_carea' id='block_1_50' title="bbox 882 3518 2457 3591">
    <p class='ocr_par' dir='ltr' id='par_1_50' title="bbox 882 3518 2457 3591">
     <span class='ocr_line' id='line_1_50' title="bbox 882 3518 2457 3591; baseline -0.003 -15"><span class='ocrx_word' id='word_1_343' title='bbox 882 3522 1125 3591; x_wconf 86' lang='lat' dir='ltr'><strong>corporis</strong></span> <span class='ocrx_word' id='word_1_344' title='bbox 1166 3521 1231 3573; x_wconf 92' lang='lat' dir='ltr'><strong>de</strong></span> <span class='ocrx_word' id='word_1_345' title='bbox 1256 3518 1317 3571; x_wconf 89' lang='grc' dir='ltr'><strong>Β.</strong></span> <span class='ocrx_word' id='word_1_346' title='bbox 1345 3518 1589 3589; x_wconf 86' lang='lat' dir='ltr'><strong>Gregorii</strong></span> <span class='ocrx_word' id='word_1_347' title='bbox 1637 3518 1847 3590; x_wconf 88' lang='lat' dir='ltr'><strong>dialogo</strong></span> <span class='ocrx_word' id='word_1_348' title='bbox 1881 3520 2057 3588; x_wconf 89' lang='lat' dir='ltr'><strong>aliqua</strong></span> <span class='ocrx_word' id='word_1_349' title='bbox 2079 3519 2191 3587; x_wconf 90' lang='lat' dir='ltr'><strong>jam</strong></span> <span class='ocrx_word' id='word_1_350' title='bbox 2223 3518 2457 3588; x_wconf 79' lang='lat' dir='ltr'><strong>capitula</strong></span> 
     </span>
    </p>
   </div>
   <div class='ocr_carea' id='block_1_51' title="bbox 885 3610 2453 3679">
    <p class='ocr_par' dir='ltr' id='par_1_51' title="bbox 885 3610 2453 3679">
     <span class='ocr_line' id='line_1_51' title="bbox 885 3610 2453 3679; baseline -0.001 -13"><span class='ocrx_word' id='word_1_351' title='bbox 885 3612 1022 3666; x_wconf 69' lang='lat' dir='ltr'><strong>huic</strong></span> <span class='ocrx_word' id='word_1_352' title='bbox 1060 3610 1237 3665; x_wconf 91' lang='lat' dir='ltr'><strong>libello</strong></span> <span class='ocrx_word' id='word_1_353' title='bbox 1286 3610 1575 3665; x_wconf 88' lang='lat' dir='ltr'><strong>inserenda</strong></span> <span class='ocrx_word' id='word_1_354' title='bbox 1623 3610 1952 3679; x_wconf 89' lang='lat' dir='ltr'><strong>putavimus,</strong></span> <span class='ocrx_word' id='word_1_355' title='bbox 2002 3626 2108 3664; x_wconf 91' lang='lat' dir='ltr'><strong>non</strong></span> <span class='ocrx_word' id='word_1_356' title='bbox 2142 3612 2237 3665; x_wconf 87' lang='lat' dir='ltr'><strong>abs</strong></span> <span class='ocrx_word' id='word_1_357' title='bbox 2266 3624 2324 3665; x_wconf 91' lang='lat' dir='ltr'><strong>re</strong></span> <span class='ocrx_word' id='word_1_358' title='bbox 2348 3619 2453 3676; x_wconf 87' lang='lat' dir='ltr'><strong>est,</strong></span> 
     </span>
    </p>
   </div>
   <div class='ocr_carea' id='block_1_52' title="bbox 882 3699 2455 3770">
    <p class='ocr_par' dir='ltr' id='par_1_52' title="bbox 882 3699 2455 3770">
     <span class='ocr_line' id='line_1_52' title="bbox 882 3699 2455 3770; baseline 0.001 -16"><span class='ocrx_word' id='word_1_359' title='bbox 882 3701 925 3754; x_wconf 89' lang='lat' dir='ltr'><strong>si</strong></span> <span class='ocrx_word' id='word_1_360' title='bbox 969 3716 1157 3770; x_wconf 89' lang='lat' dir='ltr'><strong>pauca,</strong></span> <span class='ocrx_word' id='word_1_361' title='bbox 1204 3716 1324 3769; x_wconf 70' lang='lat' dir='ltr'><strong>qua:</strong></span> <span class='ocrx_word' id='word_1_362' title='bbox 1372 3708 1599 3762; x_wconf 87' lang='lat' dir='ltr'><strong>restant,</strong></span> <span class='ocrx_word' id='word_1_363' title='bbox 1648 3700 1937 3769; x_wconf 72' lang='lat' dir='ltr'><strong>prmteritis</strong></span> <span class='ocrx_word' id='word_1_364' title='bbox 1989 3701 2144 3754; x_wconf 89' lang='lat' dir='ltr'><strong>Iidem</strong></span> <span class='ocrx_word' id='word_1_365' title='bbox 2200 3699 2455 3755; x_wconf 78' lang='lat' dir='ltr'><strong>facientia</strong></span> 
     </span>
    </p>
   </div>
   <div class='ocr_carea' id='block_1_53' title="bbox 884 3787 2453 3845">
    <p class='ocr_par' dir='ltr' id='par_1_53' title="bbox 884 3787 2453 3845">
     <span class='ocr_line' id='line_1_53' title="bbox 884 3787 2453 3845; baseline -0.001 -1"><span class='ocrx_word' id='word_1_366' title='bbox 884 3800 1291 3845; x_wconf 86' lang='lat' dir='ltr'><strong>connectamus.</strong></span> <span class='ocrx_word' id='word_1_367' title='bbox 1350 3787 1679 3843; x_wconf 88' lang='lat' dir='ltr'><strong>Corroborat</strong></span> <span class='ocrx_word' id='word_1_368' title='bbox 1731 3790 1872 3842; x_wconf 91' lang='lat' dir='ltr'><strong>enim</strong></span> <span class='ocrx_word' id='word_1_369' title='bbox 1932 3791 2165 3844; x_wconf 77' lang='lat' dir='ltr'><strong>maxime</strong></span> <span class='ocrx_word' id='word_1_370' title='bbox 2219 3788 2453 3843; x_wconf 82' lang='lat' dir='ltr'><strong>ﬁdelium</strong></span> 
     </span>
    </p>
   </div>
   <div class='ocr_carea' id='block_1_54' title="bbox 883 3879 2453 3951">
    <p class='ocr_par' dir='ltr' id='par_1_54' title="bbox 883 3879 2453 3951">
     <span class='ocr_line' id='line_1_54' title="bbox 883 3879 2453 3951; baseline 0.001 -16"><span class='ocrx_word' id='word_1_371' title='bbox 883 3894 1034 3949; x_wconf 89' lang='lat' dir='ltr'><strong>spem</strong></span> <span class='ocrx_word' id='word_1_372' title='bbox 1062 3879 1127 3933; x_wconf 90' lang='lat' dir='ltr'><strong>de</strong></span> <span class='ocrx_word' id='word_1_373' title='bbox 1150 3879 1314 3933; x_wconf 91' lang='lat' dir='ltr'><strong>divini</strong></span> <span class='ocrx_word' id='word_1_374' title='bbox 1362 3893 1574 3947; x_wconf 90' lang='lat' dir='ltr'><strong>semper</strong></span> <span class='ocrx_word' id='word_1_375' title='bbox 1597 3879 1786 3948; x_wconf 87' lang='lat' dir='ltr'><strong>judicii</strong></span> <span class='ocrx_word' id='word_1_376' title='bbox 1817 3890 1960 3933; x_wconf 89' lang='lat' dir='ltr'><strong>metu</strong></span> <span class='ocrx_word' id='word_1_377' title='bbox 2002 3880 2284 3936; x_wconf 89' lang='lat' dir='ltr'><strong>sollicitam</strong></span> <span class='ocrx_word' id='word_1_378' title='bbox 2310 3882 2453 3951; x_wconf 90' lang='lat' dir='ltr'><strong>quod</strong></span> 
     </span>
    </p>
   </div>
   <div class='ocr_carea' id='block_1_55' title="bbox 878 3970 2453 4041">
    <p class='ocr_par' dir='ltr' id='par_1_55' title="bbox 878 3970 2453 4041">
     <span class='ocr_line' id='line_1_55' title="bbox 878 3970 2453 4041; baseline 0.002 -17"><span class='ocrx_word' id='word_1_379' title='bbox 878 3970 1133 4041; x_wconf 64' lang='lat' dir='ltr'><strong>praelatus</strong></span> <span class='ocrx_word' id='word_1_380' title='bbox 1198 3970 1568 4023; x_wconf 89' lang='lat' dir='ltr'><strong>bealisssimus</strong></span> <span class='ocrx_word' id='word_1_381' title='bbox 1618 3986 1752 4039; x_wconf 88' lang='lat' dir='ltr'><strong>papa</strong></span> <span class='ocrx_word' id='word_1_382' title='bbox 1827 3970 2119 4040; x_wconf 84' lang='lat' dir='ltr'><strong>Gregorius</strong></span> <span class='ocrx_word' id='word_1_383' title='bbox 2203 3988 2261 4027; x_wconf 89' lang='lat' dir='ltr'><strong>se</strong></span> <span class='ocrx_word' id='word_1_384' title='bbox 2319 3989 2453 4041; x_wconf 63' lang='lat' dir='ltr'><strong>pra:-</strong></span> 
     </span>
    </p>
   </div>
   <div class='ocr_carea' id='block_1_56' title="bbox 878 4059 2449 4133">
    <p class='ocr_par' dir='ltr' id='par_1_56' title="bbox 878 4059 2449 4133">
     <span class='ocr_line' id='line_1_56' title="bbox 878 4059 2449 4133; baseline 0.003 -18"><span class='ocrx_word' id='word_1_385' title='bbox 878 4069 1033 4115; x_wconf 90' lang='lat' dir='ltr'><strong>sente</strong></span> <span class='ocrx_word' id='word_1_386' title='bbox 1060 4059 1251 4115; x_wconf 84' lang='lat' dir='ltr'><strong>asserit</strong></span> <span class='ocrx_word' id='word_1_387' title='bbox 1281 4060 1331 4112; x_wconf 92' lang='lat' dir='ltr'><strong>in</strong></span> <span class='ocrx_word' id='word_1_388' title='bbox 1361 4075 1458 4114; x_wconf 92' lang='lat' dir='ltr'><strong>suo</strong></span> <span class='ocrx_word' id='word_1_389' title='bbox 1493 4061 1821 4115; x_wconf 88' lang='lat' dir='ltr'><strong>monasterio</strong></span> <span class='ocrx_word' id='word_1_390' title='bbox 1853 4064 2168 4133; x_wconf 87' lang='lat' dir='ltr'><strong>contigisse.</strong></span> <span class='ocrx_word' id='word_1_391' title='bbox 2220 4064 2449 4131; x_wconf 89' lang='lat' dir='ltr'><strong>Quidam</strong></span> 
     </span>
    </p>
   </div>
   <div class='ocr_carea' id='block_1_57' title="bbox 885 4151 2450 4221">
    <p class='ocr_par' dir='ltr' id='par_1_57' title="bbox 885 4151 2450 4221">
     <span class='ocr_line' id='line_1_57' title="bbox 885 4151 2450 4221; baseline 0.004 -14"><span class='ocrx_word' id='word_1_392' title='bbox 885 4166 1111 4221; x_wconf 72' lang='lat' dir='ltr'><strong>namque</strong></span> <span class='ocrx_word' id='word_1_393' title='bbox 1166 4151 1503 4217; x_wconf 85' lang='lat' dir='ltr'><strong>monachus,</strong></span> <span class='ocrx_word' id='word_1_394' title='bbox 1564 4152 1748 4207; x_wconf 83' lang='lat' dir='ltr'><strong>Justus</strong></span> <span class='ocrx_word' id='word_1_395' title='bbox 1804 4154 2062 4221; x_wconf 87' lang='lat' dir='ltr'><strong>nomine,</strong></span> <span class='ocrx_word' id='word_1_396' title='bbox 2114 4166 2231 4210; x_wconf 88' lang='lat' dir='ltr'><strong>arte</strong></span> <span class='ocrx_word' id='word_1_397' title='bbox 2278 4158 2450 4212; x_wconf 85' lang='lat' dir='ltr'><strong>medi-</strong></span> 
     </span>
    </p>
   </div>
   <div class='ocr_carea' id='block_1_58' title="bbox 879 4251 1137 4309">
    <p class='ocr_par' dir='ltr' id='par_1_58' title="bbox 879 4251 1137 4309">
     <span class='ocr_line' id='line_1_58' title="bbox 879 4251 1137 4309; baseline -0.016 -10"><span class='ocrx_word' id='word_1_398' title='bbox 879 4256 995 4309; x_wconf 87' lang='lat' dir='ltr'><strong>cus,</strong></span> <span class='ocrx_word' id='word_1_399' title='bbox 1029 4251 1137 4297; x_wconf 92' lang='lat' dir='ltr'><strong>etc.</strong></span> 
     </span>
    </p>
   </div>
   <div class='ocr_carea' id='block_1_59' title="bbox 884 4333 2452 4424">
    <p class='ocr_par' dir='ltr' id='par_1_59' title="bbox 884 4333 2452 4424">
     <span class='ocr_line' id='line_1_59' title="bbox 884 4333 2452 4424; baseline 0.004 -15"><span class='ocrx_word' id='word_1_400' title='bbox 884 4351 1007 4409; x_wconf 68' lang='lat' dir='ltr'><strong>CAP.</strong></span> <span class='ocrx_word' id='word_1_401' title='bbox 1050 4353 1131 4407; x_wconf 83' lang='lat' dir='ltr'><strong>LI.</strong></span> <span class='ocrx_word' id='word_1_402' title='bbox 1162 4384 1235 4424; x_wconf 10' lang='lat'><strong>7-—</strong></span> <span class='ocrx_word' id='word_1_403' title='bbox 1265 4333 1342 4408; x_wconf 63' lang='lat' dir='ltr'><strong>be</strong></span> <span class='ocrx_word' id='word_1_404' title='bbox 1370 4354 1595 4424; x_wconf 85' lang='lat' dir='ltr'><strong>quodam</strong></span> <span class='ocrx_word' id='word_1_405' title='bbox 1640 4356 1793 4424; x_wconf 84' lang='lat' dir='ltr'><strong>cujus</strong></span> <span class='ocrx_word' id='word_1_406' title='bbox 1826 4355 2030 4409; x_wconf 75' lang='lat' dir='ltr'><strong>vincula</strong></span> <span class='ocrx_word' id='word_1_407' title='bbox 2063 4358 2115 4410; x_wconf 86' lang='lat' dir='ltr'><strong>in</strong></span> <span class='ocrx_word' id='word_1_408' title='bbox 2161 4361 2452 4422; x_wconf 77' lang='lat' dir='ltr'><strong>captivitate</strong></span> 
     </span>
    </p>
   </div>
   <div class='ocr_carea' id='block_1_60' title="bbox 1085 4423 2251 4497">
    <p class='ocr_par' dir='ltr' id='par_1_60' title="bbox 1085 4423 2251 4497">
     <span class='ocr_line' id='line_1_60' title="bbox 1085 4423 2251 4497; baseline 0.005 -20"><span class='ocrx_word' id='word_1_409' title='bbox 1085 4423 1255 4478; x_wconf 86' lang='lat' dir='ltr'><strong>oblato</strong></span> <span class='ocrx_word' id='word_1_410' title='bbox 1280 4423 1489 4492; x_wconf 85' lang='lat' dir='ltr'><strong>peracto</strong></span> <span class='ocrx_word' id='word_1_411' title='bbox 1511 4423 1771 4492; x_wconf 75' lang='lat' dir='ltr'><strong>sacriﬁcio</strong></span> <span class='ocrx_word' id='word_1_412' title='bbox 1794 4426 2125 4480; x_wconf 80' lang='lat' dir='ltr'><strong>solvebantur</strong></span> <span class='ocrx_word' id='word_1_413' title='bbox 2155 4430 2251 4497; x_wconf 84' lang='lat'><strong>(9).</strong></span> 
     </span>
    </p>
   </div>
   <div class='ocr_carea' id='block_1_61' title="bbox 2572 2028 4143 2095">
    <p class='ocr_par' dir='ltr' id='par_1_61' title="bbox 2572 2028 4143 2095">
     <span class='ocr_line' id='line_1_61' title="bbox 2572 2028 4143 2095; baseline 0.002 -17"><span class='ocrx_word' id='word_1_414' title='bbox 2572 2040 2785 2094; x_wconf 77' lang='lat' dir='ltr'><strong>surgens</strong></span> <span class='ocrx_word' id='word_1_415' title='bbox 2817 2044 2847 2079; x_wconf 90' lang='lat' dir='ltr'><strong>a</strong></span> <span class='ocrx_word' id='word_1_416' title='bbox 2874 2030 3091 2080; x_wconf 87' lang='lat' dir='ltr'><strong>mortuis</strong></span> <span class='ocrx_word' id='word_1_417' title='bbox 3107 2028 3221 2095; x_wconf 86' lang='lat' dir='ltr'><strong>jam</strong></span> <span class='ocrx_word' id='word_1_418' title='bbox 3259 2044 3359 2081; x_wconf 91' lang='lat' dir='ltr'><strong>non</strong></span> <span class='ocrx_word' id='word_1_419' title='bbox 3395 2028 3649 2092; x_wconf 89' lang='lat' dir='ltr'><strong>moritur,</strong></span> <span class='ocrx_word' id='word_1_420' title='bbox 3678 2038 3727 2082; x_wconf 90' lang='lat' dir='ltr'><strong>et</strong></span> <span class='ocrx_word' id='word_1_421' title='bbox 3762 2044 3901 2081; x_wconf 89' lang='lat' dir='ltr'><strong>mors</strong></span> <span class='ocrx_word' id='word_1_422' title='bbox 3932 2029 3978 2082; x_wconf 89' lang='lat' dir='ltr'><strong>ci</strong></span> <span class='ocrx_word' id='word_1_423' title='bbox 4003 2028 4143 2081; x_wconf 86' lang='lat' dir='ltr'><strong>ultra</strong></span> 
     </span>
    </p>
   </div>
   <div class='ocr_carea' id='block_1_62' title="bbox 2577 2116 4145 2185">
    <p class='ocr_par' dir='ltr' id='par_1_62' title="bbox 2577 2116 4145 2185">
     <span class='ocr_line' id='line_1_62' title="bbox 2577 2116 4145 2185; baseline 0.001 -15"><span class='ocrx_word' id='word_1_424' title='bbox 2577 2134 2679 2171; x_wconf 87' lang='lat' dir='ltr'><strong>non</strong></span> <span class='ocrx_word' id='word_1_425' title='bbox 2722 2117 3112 2183; x_wconf 84' lang='lat' dir='ltr'><strong>dominabitur,</strong></span> <span class='ocrx_word' id='word_1_426' title='bbox 3150 2117 3202 2170; x_wconf 91' lang='lat' dir='ltr'><strong>in</strong></span> <span class='ocrx_word' id='word_1_427' title='bbox 3258 2131 3315 2171; x_wconf 90' lang='lat' dir='ltr'><strong>se</strong></span> <span class='ocrx_word' id='word_1_428' title='bbox 3368 2116 3481 2185; x_wconf 84' lang='lat' dir='ltr'><strong>ipso</strong></span> <span class='ocrx_word' id='word_1_429' title='bbox 3528 2116 3944 2181; x_wconf 78' lang='lat' dir='ltr'><strong>immortaliter,</strong></span> <span class='ocrx_word' id='word_1_430' title='bbox 3984 2127 4145 2185; x_wconf 86' lang='lat' dir='ltr'><strong>atque</strong></span> 
     </span>
    </p>
   </div>
   <div class='ocr_carea' id='block_1_63' title="bbox 2572 2205 4143 2275">
    <p class='ocr_par' dir='ltr' id='par_1_63' title="bbox 2572 2205 4143 2275">
     <span class='ocr_line' id='line_1_63' title="bbox 2572 2205 4143 2275; baseline 0.002 -15"><span class='ocrx_word' id='word_1_431' title='bbox 2572 2205 3051 2273; x_wconf 89' lang='lat' dir='ltr'><strong>incorruptibiliter</strong></span> <span class='ocrx_word' id='word_1_432' title='bbox 3108 2206 3295 2260; x_wconf 89' lang='lat' dir='ltr'><strong>vivens</strong></span> <span class='ocrx_word' id='word_1_433' title='bbox 3342 2208 3439 2275; x_wconf 89' lang='lat' dir='ltr'><strong>pro</strong></span> <span class='ocrx_word' id='word_1_434' title='bbox 3487 2206 3642 2260; x_wconf 90' lang='lat' dir='ltr'><strong>nobis</strong></span> <span class='ocrx_word' id='word_1_435' title='bbox 3689 2206 3880 2261; x_wconf 82' lang='lat' dir='ltr'><strong>iterum</strong></span> <span class='ocrx_word' id='word_1_436' title='bbox 3929 2208 3983 2261; x_wconf 89' lang='lat' dir='ltr'><strong>in</strong></span> <span class='ocrx_word' id='word_1_437' title='bbox 4039 2208 4143 2263; x_wconf 88' lang='lat' dir='ltr'><strong>hoc</strong></span> 
     </span>
    </p>
   </div>
   <div class='ocr_carea' id='block_1_64' title="bbox 2576 2294 4144 2366">
    <p class='ocr_par' dir='ltr' id='par_1_64' title="bbox 2576 2294 4144 2366">
     <span class='ocr_line' id='line_1_64' title="bbox 2576 2294 4144 2366; baseline 0.001 -17"><span class='ocrx_word' id='word_1_438' title='bbox 2576 2295 2833 2365; x_wconf 80' lang='lat' dir='ltr'><strong>mysterio</strong></span> <span class='ocrx_word' id='word_1_439' title='bbox 2861 2309 3029 2348; x_wconf 66' lang='lat' dir='ltr'><strong>sacrae</strong></span> <span class='ocrx_word' id='word_1_440' title='bbox 3068 2294 3355 2349; x_wconf 82' lang='lat' dir='ltr'><strong>oblationis</strong></span> <span class='ocrx_word' id='word_1_441' title='bbox 3396 2294 3723 2349; x_wconf 87' lang='lat' dir='ltr'><strong>immolatur.</strong></span> <span class='ocrx_word' id='word_1_442' title='bbox 3773 2294 3903 2363; x_wconf 82' lang='lat' dir='ltr'><strong>Ejus</strong></span> <span class='ocrx_word' id='word_1_443' title='bbox 3946 2296 4144 2366; x_wconf 89' lang='lat' dir='ltr'><strong>quippe</strong></span> 
     </span>
    </p>
   </div>
   <div class='ocr_carea' id='block_1_65' title="bbox 2572 2384 4141 2456">
    <p class='ocr_par' dir='ltr' id='par_1_65' title="bbox 2572 2384 4141 2456">
     <span class='ocr_line' id='line_1_65' title="bbox 2572 2384 4141 2456; baseline 0.002 -19"><span class='ocrx_word' id='word_1_444' title='bbox 2572 2384 2644 2438; x_wconf 91' lang='lat' dir='ltr'><strong>ibi</strong></span> <span class='ocrx_word' id='word_1_445' title='bbox 2674 2399 2869 2453; x_wconf 88' lang='lat' dir='ltr'><strong>corpus</strong></span> <span class='ocrx_word' id='word_1_446' title='bbox 2899 2384 3150 2449; x_wconf 88' lang='lat' dir='ltr'><strong>sumitur,</strong></span> <span class='ocrx_word' id='word_1_447' title='bbox 3179 2385 3295 2454; x_wconf 85' lang='lat' dir='ltr'><strong>ejus</strong></span> <span class='ocrx_word' id='word_1_448' title='bbox 3320 2399 3446 2439; x_wconf 88' lang='lat' dir='ltr'><strong>caro</strong></span> <span class='ocrx_word' id='word_1_449' title='bbox 3473 2385 3526 2439; x_wconf 90' lang='lat' dir='ltr'><strong>in</strong></span> <span class='ocrx_word' id='word_1_450' title='bbox 3556 2384 3735 2455; x_wconf 88' lang='lat' dir='ltr'><strong>populi</strong></span> <span class='ocrx_word' id='word_1_451' title='bbox 3765 2385 3989 2441; x_wconf 89' lang='lat' dir='ltr'><strong>salutem</strong></span> <span class='ocrx_word' id='word_1_452' title='bbox 4018 2403 4141 2456; x_wconf 88' lang='lat' dir='ltr'><strong>par-</strong></span> 
     </span>
    </p>
   </div>
   <div class='ocr_carea' id='block_1_66' title="bbox 2570 2471 4141 2543">
    <p class='ocr_par' dir='ltr' id='par_1_66' title="bbox 2570 2471 4141 2543">
     <span class='ocr_line' id='line_1_66' title="bbox 2570 2471 4141 2543; baseline 0.001 -17"><span class='ocrx_word' id='word_1_453' title='bbox 2570 2472 2719 2536; x_wconf 88' lang='lat' dir='ltr'><strong>titur,</strong></span> <span class='ocrx_word' id='word_1_454' title='bbox 2750 2473 2863 2542; x_wconf 84' lang='lat' dir='ltr'><strong>ejus</strong></span> <span class='ocrx_word' id='word_1_455' title='bbox 2894 2474 3115 2543; x_wconf 88' lang='lat' dir='ltr'><strong>sanguis</strong></span> <span class='ocrx_word' id='word_1_456' title='bbox 3145 2488 3247 2528; x_wconf 91' lang='lat' dir='ltr'><strong>non</strong></span> <span class='ocrx_word' id='word_1_457' title='bbox 3284 2472 3396 2540; x_wconf 90' lang='lat' dir='ltr'><strong>jam</strong></span> <span class='ocrx_word' id='word_1_458' title='bbox 3442 2471 3496 2527; x_wconf 91' lang='lat' dir='ltr'><strong>in</strong></span> <span class='ocrx_word' id='word_1_459' title='bbox 3525 2475 3773 2529; x_wconf 90' lang='lat' dir='ltr'><strong>manibus</strong></span> <span class='ocrx_word' id='word_1_460' title='bbox 3801 2475 4087 2530; x_wconf 78' lang='lat' dir='ltr'><strong>inﬁdelium</strong></span> <span class='ocrx_word' id='word_1_461' title='bbox 4121 2516 4141 2539; x_wconf 82' lang='lat'><strong>,</strong></span> 
     </span>
    </p>
   </div>
   <div class='ocr_carea' id='block_1_67' title="bbox 2566 2560 4140 2635">
    <p class='ocr_par' dir='ltr' id='par_1_67' title="bbox 2566 2560 4140 2635">
     <span class='ocr_line' id='line_1_67' title="bbox 2566 2560 4140 2635; baseline 0.004 -22"><span class='ocrx_word' id='word_1_462' title='bbox 2566 2563 2661 2614; x_wconf 87' lang='lat' dir='ltr'><strong>sed</strong></span> <span class='ocrx_word' id='word_1_463' title='bbox 2694 2562 2746 2614; x_wconf 90' lang='lat' dir='ltr'><strong>in</strong></span> <span class='ocrx_word' id='word_1_464' title='bbox 2785 2576 2878 2615; x_wconf 90' lang='lat' dir='ltr'><strong>ora</strong></span> <span class='ocrx_word' id='word_1_465' title='bbox 2927 2560 3162 2616; x_wconf 81' lang='lat' dir='ltr'><strong>ﬁdelium</strong></span> <span class='ocrx_word' id='word_1_466' title='bbox 3204 2561 3460 2617; x_wconf 80' lang='lat' dir='ltr'><strong>funditur.</strong></span> <span class='ocrx_word' id='word_1_467' title='bbox 3499 2564 3635 2618; x_wconf 90' lang='lat' dir='ltr'><strong>lliuc</strong></span> <span class='ocrx_word' id='word_1_468' title='bbox 3677 2579 3806 2635; x_wconf 86' lang='lat' dir='ltr'><strong>ergo</strong></span> <span class='ocrx_word' id='word_1_469' title='bbox 3852 2580 4140 2635; x_wconf 89' lang='lat' dir='ltr'><strong>pensemus</strong></span> 
     </span>
    </p>
   </div>
   <div class='ocr_carea' id='block_1_68' title="bbox 2566 2649 4138 2723">
    <p class='ocr_par' dir='ltr' id='par_1_68' title="bbox 2566 2649 4138 2723">
     <span class='ocr_line' id='line_1_68' title="bbox 2566 2649 4138 2723; baseline 0.004 -21"><span class='ocrx_word' id='word_1_470' title='bbox 2566 2649 2724 2719; x_wconf 88' lang='lat' dir='ltr'><strong>quale</strong></span> <span class='ocrx_word' id='word_1_471' title='bbox 2754 2649 2823 2703; x_wconf 91' lang='lat' dir='ltr'><strong>sit</strong></span> <span class='ocrx_word' id='word_1_472' title='bbox 2850 2664 2948 2719; x_wconf 91' lang='lat' dir='ltr'><strong>pro</strong></span> <span class='ocrx_word' id='word_1_473' title='bbox 2984 2649 3139 2705; x_wconf 87' lang='lat' dir='ltr'><strong>nobis</strong></span> <span class='ocrx_word' id='word_1_474' title='bbox 3163 2651 3264 2705; x_wconf 85' lang='lat' dir='ltr'><strong>hoc</strong></span> <span class='ocrx_word' id='word_1_475' title='bbox 3290 2652 3616 2706; x_wconf 76' lang='lat' dir='ltr'><strong>Sacriﬁcium</strong></span> <span class='ocrx_word' id='word_1_476' title='bbox 3646 2692 3660 2716; x_wconf 90' lang='lat'><strong>,</strong></span> <span class='ocrx_word' id='word_1_477' title='bbox 3690 2667 3795 2723; x_wconf 92' lang='lat' dir='ltr'><strong>quo</strong></span> <span class='ocrx_word' id='word_1_478' title='bbox 3838 2668 3934 2723; x_wconf 91' lang='lat' dir='ltr'><strong>pro</strong></span> <span class='ocrx_word' id='word_1_479' title='bbox 3980 2655 4138 2709; x_wconf 83' lang='lat' dir='ltr'><strong>abso-</strong></span> 
     </span>
    </p>
   </div>
   <div class='ocr_carea' id='block_1_69' title="bbox 2566 2742 4139 2814">
    <p class='ocr_par' dir='ltr' id='par_1_69' title="bbox 2566 2742 4139 2814">
     <span class='ocr_line' id='line_1_69' title="bbox 2566 2742 4139 2814; baseline 0.003 -21"><span class='ocrx_word' id='word_1_480' title='bbox 2566 2742 2764 2797; x_wconf 90' lang='lat' dir='ltr'><strong>lutione</strong></span> <span class='ocrx_word' id='word_1_481' title='bbox 2784 2750 2963 2796; x_wconf 89' lang='lat' dir='ltr'><strong>nostra</strong></span> <span class='ocrx_word' id='word_1_482' title='bbox 2980 2743 3282 2811; x_wconf 87' lang='lat' dir='ltr'><strong>passionem</strong></span> <span class='ocrx_word' id='word_1_483' title='bbox 3309 2743 3566 2813; x_wconf 91' lang='lat' dir='ltr'><strong>unigeniti</strong></span> <span class='ocrx_word' id='word_1_484' title='bbox 3587 2743 3707 2797; x_wconf 81' lang='lat' dir='ltr'><strong>Filii</strong></span> <span class='ocrx_word' id='word_1_485' title='bbox 3731 2759 3944 2814; x_wconf 87' lang='lat' dir='ltr'><strong>semper</strong></span> <span class='ocrx_word' id='word_1_486' title='bbox 3960 2746 4139 2799; x_wconf 81' lang='lat' dir='ltr'><strong>imita-</strong></span> 
     </span>
    </p>
   </div>
   <div class='ocr_carea' id='block_1_70' title="bbox 2564 2832 4137 2904">
    <p class='ocr_par' dir='ltr' id='par_1_70' title="bbox 2564 2832 4137 2904">
     <span class='ocr_line' id='line_1_70' title="bbox 2564 2832 4137 2904; baseline 0 -17"><span class='ocrx_word' id='word_1_487' title='bbox 2564 2848 2701 2887; x_wconf 89' lang='lat' dir='ltr'><strong>mur.</strong></span> <span class='ocrx_word' id='word_1_488' title='bbox 2732 2832 2861 2898; x_wconf 84' lang='lat' dir='ltr'><strong>Quis</strong></span> <span class='ocrx_word' id='word_1_489' title='bbox 2888 2832 3027 2887; x_wconf 90' lang='lat' dir='ltr'><strong>enim</strong></span> <span class='ocrx_word' id='word_1_490' title='bbox 3060 2832 3292 2887; x_wconf 85' lang='lat' dir='ltr'><strong>lidelium</strong></span> <span class='ocrx_word' id='word_1_491' title='bbox 3309 2834 3505 2888; x_wconf 88' lang='lat' dir='ltr'><strong>habere</strong></span> <span class='ocrx_word' id='word_1_492' title='bbox 3520 2833 3736 2887; x_wconf 91' lang='lat' dir='ltr'><strong>dubium</strong></span> <span class='ocrx_word' id='word_1_493' title='bbox 3760 2834 3995 2904; x_wconf 90' lang='lat' dir='ltr'><strong>possitin</strong></span> <span class='ocrx_word' id='word_1_494' title='bbox 4022 2837 4137 2903; x_wconf 86' lang='lat' dir='ltr'><strong>ipsa</strong></span> 
     </span>
    </p>
   </div>
   <div class='ocr_carea' id='block_1_71' title="bbox 2565 2922 4141 2992">
    <p class='ocr_par' dir='ltr' id='par_1_71' title="bbox 2565 2922 4141 2992">
     <span class='ocr_line' id='line_1_71' title="bbox 2565 2922 4141 2992; baseline -0.002 -15"><span class='ocrx_word' id='word_1_495' title='bbox 2565 2922 2949 2978; x_wconf 88' lang='lat' dir='ltr'><strong>immolationis</strong></span> <span class='ocrx_word' id='word_1_496' title='bbox 2992 2924 3123 2977; x_wconf 86' lang='lat' dir='ltr'><strong>hora</strong></span> <span class='ocrx_word' id='word_1_497' title='bbox 3170 2922 3237 2976; x_wconf 88' lang='lat' dir='ltr'><strong>ad</strong></span> <span class='ocrx_word' id='word_1_498' title='bbox 3280 2923 3573 2978; x_wconf 86' lang='lat' dir='ltr'><strong>sacerdotis</strong></span> <span class='ocrx_word' id='word_1_499' title='bbox 3595 2938 3779 2977; x_wconf 90' lang='lat' dir='ltr'><strong>vocem</strong></span> <span class='ocrx_word' id='word_1_500' title='bbox 3822 2923 3984 2977; x_wconf 76' lang='lat' dir='ltr'><strong>caelos</strong></span> <span class='ocrx_word' id='word_1_501' title='bbox 4007 2937 4141 2992; x_wconf 86' lang='lat' dir='ltr'><strong>ape-</strong></span> 
     </span>
    </p>
   </div>
   <div class='ocr_carea' id='block_1_72' title="bbox 2565 3003 4136 3083">
    <p class='ocr_par' dir='ltr' id='par_1_72' title="bbox 2565 3003 4136 3083">
     <span class='ocr_line' id='line_1_72' title="bbox 2565 3003 4136 3083; baseline 0.001 -17"><span class='ocrx_word' id='word_1_502' title='bbox 2565 3003 2696 3066; x_wconf 75' lang='lat' dir='ltr'><strong>riri?</strong></span> <span class='ocrx_word' id='word_1_503' title='bbox 2723 3013 2777 3066; x_wconf 92' lang='lat' dir='ltr'><strong>in</strong></span> <span class='ocrx_word' id='word_1_504' title='bbox 2814 3012 2902 3067; x_wconf 93' lang='lat' dir='ltr'><strong>illo</strong></span> <span class='ocrx_word' id='word_1_505' title='bbox 2930 3012 3053 3067; x_wconf 81' lang='lat' dir='ltr'><strong>Jesu</strong></span> <span class='ocrx_word' id='word_1_506' title='bbox 3078 3012 3279 3067; x_wconf 84' lang='lat' dir='ltr'><strong>Christi</strong></span> <span class='ocrx_word' id='word_1_507' title='bbox 3319 3013 3577 3083; x_wconf 88' lang='lat' dir='ltr'><strong>mysterio</strong></span> <span class='ocrx_word' id='word_1_508' title='bbox 3604 3012 3915 3083; x_wconf 83' lang='lat' dir='ltr'><strong>angelorum</strong></span> <span class='ocrx_word' id='word_1_509' title='bbox 3942 3013 4136 3068; x_wconf 86' lang='lat' dir='ltr'><strong>choros</strong></span> 
     </span>
    </p>
   </div>
   <div class='ocr_carea' id='block_1_73' title="bbox 2560 3102 4139 3159">
    <p class='ocr_par' dir='ltr' id='par_1_73' title="bbox 2560 3102 4139 3159">
     <span class='ocr_line' id='line_1_73' title="bbox 2560 3102 4139 3159; baseline 0 -2"><span class='ocrx_word' id='word_1_510' title='bbox 2560 3104 2784 3159; x_wconf 84' lang='lat' dir='ltr'><strong>adesse?</strong></span> <span class='ocrx_word' id='word_1_511' title='bbox 2838 3105 3064 3157; x_wconf 90' lang='lat' dir='ltr'><strong>summis</strong></span> <span class='ocrx_word' id='word_1_512' title='bbox 3113 3104 3219 3157; x_wconf 88' lang='lat' dir='ltr'><strong>ima</strong></span> <span class='ocrx_word' id='word_1_513' title='bbox 3276 3104 3512 3159; x_wconf 80' lang='lat' dir='ltr'><strong>sociari?</strong></span> <span class='ocrx_word' id='word_1_514' title='bbox 3558 3113 3757 3159; x_wconf 87' lang='lat' dir='ltr'><strong>terram</strong></span> <span class='ocrx_word' id='word_1_515' title='bbox 3825 3102 4139 3158; x_wconf 71' lang='lat' dir='ltr'><strong>cmlestibus</strong></span> 
     </span>
    </p>
   </div>
   <div class='ocr_carea' id='block_1_74' title="bbox 2558 3195 4131 3267">
    <p class='ocr_par' dir='ltr' id='par_1_74' title="bbox 2558 3195 4131 3267">
     <span class='ocr_line' id='line_1_74' title="bbox 2558 3195 4131 3267; baseline 0.001 -17"><span class='ocrx_word' id='word_1_516' title='bbox 2558 3195 2754 3267; x_wconf 81' lang='lat' dir='ltr'><strong>jungi?</strong></span> <span class='ocrx_word' id='word_1_517' title='bbox 2788 3211 2951 3249; x_wconf 89' lang='lat' dir='ltr'><strong>unum</strong></span> <span class='ocrx_word' id='word_1_518' title='bbox 2980 3196 3195 3267; x_wconf 91' lang='lat' dir='ltr'><strong>quidem</strong></span> <span class='ocrx_word' id='word_1_519' title='bbox 3218 3210 3285 3251; x_wconf 80' lang='lat' dir='ltr'><strong>ex</strong></span> <span class='ocrx_word' id='word_1_520' title='bbox 3316 3197 3609 3254; x_wconf 88' lang='lat' dir='ltr'><strong>visibilibus</strong></span> <span class='ocrx_word' id='word_1_521' title='bbox 3636 3207 3798 3267; x_wconf 90' lang='lat' dir='ltr'><strong>atque</strong></span> <span class='ocrx_word' id='word_1_522' title='bbox 3847 3198 4131 3253; x_wconf 86' lang='lat' dir='ltr'><strong>invisibili-</strong></span> 
     </span>
    </p>
   </div>
   <div class='ocr_carea' id='block_1_75' title="bbox 2562 3274 4133 3358">
    <p class='ocr_par' dir='ltr' id='par_1_75' title="bbox 2562 3274 4133 3358">
     <span class='ocr_line' id='line_1_75' title="bbox 2562 3274 4133 3358; baseline -0.001 -16"><span class='ocrx_word' id='word_1_523' title='bbox 2562 3288 2662 3343; x_wconf 88' lang='lat' dir='ltr'><strong>bus</strong></span> <span class='ocrx_word' id='word_1_524' title='bbox 2710 3274 2864 3342; x_wconf 72' lang='lat' dir='ltr'><strong>fieri?</strong></span> <span class='ocrx_word' id='word_1_525' title='bbox 2917 3288 3022 3343; x_wconf 89' lang='lat' dir='ltr'><strong>Sed</strong></span> <span class='ocrx_word' id='word_1_526' title='bbox 3052 3302 3270 3343; x_wconf 87' lang='lat' dir='ltr'><strong>necesse</strong></span> <span class='ocrx_word' id='word_1_527' title='bbox 3296 3297 3380 3343; x_wconf 90' lang='lat' dir='ltr'><strong>est</strong></span> <span class='ocrx_word' id='word_1_528' title='bbox 3429 3298 3508 3355; x_wconf 91' lang='lat' dir='ltr'><strong>ut,</strong></span> <span class='ocrx_word' id='word_1_529' title='bbox 3540 3302 3662 3344; x_wconf 91' lang='lat' dir='ltr'><strong>cum</strong></span> <span class='ocrx_word' id='word_1_530' title='bbox 3714 3289 3827 3343; x_wconf 78' lang='lat' dir='ltr'><strong>lucc</strong></span> <span class='ocrx_word' id='word_1_531' title='bbox 3878 3288 4085 3358; x_wconf 92' lang='lat' dir='ltr'><strong>agimus</strong></span> <span class='ocrx_word' id='word_1_532' title='bbox 4115 3328 4133 3351; x_wconf 86' lang='lat'><strong>,</strong></span> 
     </span>
    </p>
   </div>
   <div class='ocr_carea' id='block_1_76' title="bbox 2562 3376 4131 3445">
    <p class='ocr_par' dir='ltr' id='par_1_76' title="bbox 2562 3376 4131 3445">
     <span class='ocr_line' id='line_1_76' title="bbox 2562 3376 4131 3445; baseline 0 -14"><span class='ocrx_word' id='word_1_533' title='bbox 2562 3376 2920 3445; x_wconf 87' lang='lat' dir='ltr'><strong>nosmetipsos</strong></span> <span class='ocrx_word' id='word_1_534' title='bbox 2946 3377 3056 3432; x_wconf 91' lang='lat' dir='ltr'><strong>Deo</strong></span> <span class='ocrx_word' id='word_1_535' title='bbox 3107 3376 3161 3430; x_wconf 92' lang='lat' dir='ltr'><strong>in</strong></span> <span class='ocrx_word' id='word_1_536' title='bbox 3210 3378 3389 3433; x_wconf 89' lang='lat' dir='ltr'><strong>cordis</strong></span> <span class='ocrx_word' id='word_1_537' title='bbox 3433 3377 3753 3433; x_wconf 90' lang='lat' dir='ltr'><strong>contritione</strong></span> <span class='ocrx_word' id='word_1_538' title='bbox 3803 3386 4131 3441; x_wconf 84' lang='lat' dir='ltr'><strong>mactemus,</strong></span> 
     </span>
    </p>
   </div>
   <div class='ocr_carea' id='block_1_77' title="bbox 2560 3466 4129 3538">
    <p class='ocr_par' dir='ltr' id='par_1_77' title="bbox 2560 3466 4129 3538">
     <span class='ocr_line' id='line_1_77' title="bbox 2560 3466 4129 3538; baseline -0.001 -19"><span class='ocrx_word' id='word_1_539' title='bbox 2560 3466 2709 3536; x_wconf 91' lang='lat' dir='ltr'><strong>quia,</strong></span> <span class='ocrx_word' id='word_1_540' title='bbox 2744 3466 2834 3535; x_wconf 92' lang='lat' dir='ltr'><strong>qui</strong></span> <span class='ocrx_word' id='word_1_541' title='bbox 2871 3466 3135 3535; x_wconf 88' lang='lat' dir='ltr'><strong>passionis</strong></span> <span class='ocrx_word' id='word_1_542' title='bbox 3167 3466 3459 3522; x_wconf 66' lang='lat' dir='ltr'><strong>Dominicae</strong></span> <span class='ocrx_word' id='word_1_543' title='bbox 3488 3467 3743 3538; x_wconf 86' lang='lat' dir='ltr'><strong>mysteria</strong></span> <span class='ocrx_word' id='word_1_544' title='bbox 3774 3466 4129 3530; x_wconf 86' lang='lat' dir='ltr'><strong>celebramus,</strong></span> 
     </span>
    </p>
   </div>
   <div class='ocr_carea' id='block_1_78' title="bbox 2558 3556 4131 3627">
    <p class='ocr_par' dir='ltr' id='par_1_78' title="bbox 2558 3556 4131 3627">
     <span class='ocr_line' id='line_1_78' title="bbox 2558 3556 4131 3627; baseline -0.003 -14"><span class='ocrx_word' id='word_1_545' title='bbox 2558 3558 2816 3613; x_wconf 89' lang='lat' dir='ltr'><strong>debemus</strong></span> <span class='ocrx_word' id='word_1_546' title='bbox 2844 3556 3041 3610; x_wconf 90' lang='lat' dir='ltr'><strong>imitari</strong></span> <span class='ocrx_word' id='word_1_547' title='bbox 3073 3558 3213 3626; x_wconf 88' lang='lat' dir='ltr'><strong>quod</strong></span> <span class='ocrx_word' id='word_1_548' title='bbox 3250 3557 3478 3626; x_wconf 88' lang='lat' dir='ltr'><strong>agimus.</strong></span> <span class='ocrx_word' id='word_1_549' title='bbox 3524 3556 3672 3611; x_wconf 88' lang='lat' dir='ltr'><strong>Tunc</strong></span> <span class='ocrx_word' id='word_1_550' title='bbox 3700 3572 3828 3627; x_wconf 87' lang='lat' dir='ltr'><strong>ergo</strong></span> <span class='ocrx_word' id='word_1_551' title='bbox 3858 3571 3982 3611; x_wconf 88' lang='lat' dir='ltr'><strong>vera</strong></span> <span class='ocrx_word' id='word_1_552' title='bbox 4029 3572 4131 3624; x_wconf 88' lang='lat' dir='ltr'><strong>pro</strong></span> 
     </span>
    </p>
   </div>
   <div class='ocr_carea' id='block_1_79' title="bbox 2556 3648 4127 3718">
    <p class='ocr_par' dir='ltr' id='par_1_79' title="bbox 2556 3648 4127 3718">
     <span class='ocr_line' id='line_1_79' title="bbox 2556 3648 4127 3718; baseline -0.004 -12"><span class='ocrx_word' id='word_1_553' title='bbox 2556 3651 2712 3706; x_wconf 89' lang='lat' dir='ltr'><strong>nobis</strong></span> <span class='ocrx_word' id='word_1_554' title='bbox 2738 3652 2844 3704; x_wconf 88' lang='lat' dir='ltr'><strong>Deo</strong></span> <span class='ocrx_word' id='word_1_555' title='bbox 2870 3649 3046 3704; x_wconf 88' lang='lat' dir='ltr'><strong>hostia</strong></span> <span class='ocrx_word' id='word_1_556' title='bbox 3080 3648 3204 3714; x_wconf 88' lang='lat' dir='ltr'><strong>erit,</strong></span> <span class='ocrx_word' id='word_1_557' title='bbox 3229 3664 3351 3703; x_wconf 92' lang='lat' dir='ltr'><strong>cum</strong></span> <span class='ocrx_word' id='word_1_558' title='bbox 3403 3664 3501 3704; x_wconf 85' lang='lat' dir='ltr'><strong>nos</strong></span> <span class='ocrx_word' id='word_1_559' title='bbox 3532 3648 3679 3718; x_wconf 86' lang='lat' dir='ltr'><strong>ipsos</strong></span> <span class='ocrx_word' id='word_1_560' title='bbox 3707 3648 3934 3702; x_wconf 84' lang='lat' dir='ltr'><strong>hostiam</strong></span> <span class='ocrx_word' id='word_1_561' title='bbox 3984 3648 4127 3701; x_wconf 83' lang='lat' dir='ltr'><strong>fece-</strong></span> 
     </span>
    </p>
   </div>
   <div class='ocr_carea' id='block_1_80' title="bbox 2556 3739 4124 3809">
    <p class='ocr_par' dir='ltr' id='par_1_80' title="bbox 2556 3739 4124 3809">
     <span class='ocr_line' id='line_1_80' title="bbox 2556 3739 4124 3809; baseline -0.004 -12"><span class='ocrx_word' id='word_1_562' title='bbox 2556 3744 2647 3799; x_wconf 90' lang='lat' dir='ltr'><strong>rit.</strong></span> <span class='ocrx_word' id='word_1_563' title='bbox 2687 3742 2793 3797; x_wconf 86' lang='lat' dir='ltr'><strong>Sed</strong></span> <span class='ocrx_word' id='word_1_564' title='bbox 2820 3742 3139 3797; x_wconf 88' lang='lat' dir='ltr'><strong>studendum</strong></span> <span class='ocrx_word' id='word_1_565' title='bbox 3172 3741 3325 3796; x_wconf 92' lang='lat' dir='ltr'><strong>nobis</strong></span> <span class='ocrx_word' id='word_1_566' title='bbox 3349 3749 3451 3807; x_wconf 87' lang='lat' dir='ltr'><strong>est,</strong></span> <span class='ocrx_word' id='word_1_567' title='bbox 3480 3741 3727 3795; x_wconf 86' lang='lat' dir='ltr'><strong>utetiam</strong></span> <span class='ocrx_word' id='word_1_568' title='bbox 3755 3749 3875 3809; x_wconf 86' lang='lat' dir='ltr'><strong>post</strong></span> <span class='ocrx_word' id='word_1_569' title='bbox 3918 3739 4124 3793; x_wconf 87' lang='lat' dir='ltr'><strong>oratio-</strong></span> 
     </span>
    </p>
   </div>
   <div class='ocr_carea' id='block_1_81' title="bbox 2556 3829 4126 3901">
    <p class='ocr_par' dir='ltr' id='par_1_81' title="bbox 2556 3829 4126 3901">
     <span class='ocr_line' id='line_1_81' title="bbox 2556 3829 4126 3901; baseline -0.003 -14"><span class='ocrx_word' id='word_1_570' title='bbox 2556 3833 2639 3887; x_wconf 92' lang='lat' dir='ltr'><strong>nis</strong></span> <span class='ocrx_word' id='word_1_571' title='bbox 2670 3842 2908 3901; x_wconf 89' lang='lat' dir='ltr'><strong>lempora</strong></span> <span class='ocrx_word' id='word_1_572' title='bbox 2929 3870 2944 3896; x_wconf 93' lang='lat'><strong>,</strong></span> <span class='ocrx_word' id='word_1_573' title='bbox 2984 3831 3035 3884; x_wconf 90' lang='lat' dir='ltr'><strong>in</strong></span> <span class='ocrx_word' id='word_1_574' title='bbox 3067 3838 3325 3901; x_wconf 89' lang='lat' dir='ltr'><strong>quantum</strong></span> <span class='ocrx_word' id='word_1_575' title='bbox 3358 3830 3466 3885; x_wconf 90' lang='lat' dir='ltr'><strong>Deo</strong></span> <span class='ocrx_word' id='word_1_576' title='bbox 3494 3829 3756 3900; x_wconf 86' lang='lat' dir='ltr'><strong>largiente</strong></span> <span class='ocrx_word' id='word_1_577' title='bbox 3800 3844 4080 3899; x_wconf 88' lang='lat' dir='ltr'><strong>possumus</strong></span> <span class='ocrx_word' id='word_1_578' title='bbox 4110 3868 4126 3891; x_wconf 81' lang='lat'><strong>,</strong></span> 
     </span>
    </p>
   </div>
   <div class='ocr_carea' id='block_1_82' title="bbox 2556 3922 4122 3999">
    <p class='ocr_par' dir='ltr' id='par_1_82' title="bbox 2556 3922 4122 3999">
     <span class='ocr_line' id='line_1_82' title="bbox 2556 3922 4122 3999; baseline -0.003 -22"><span class='ocrx_word' id='word_1_579' title='bbox 2556 3923 2609 3977; x_wconf 92' lang='lat' dir='ltr'><strong>in</strong></span> <span class='ocrx_word' id='word_1_580' title='bbox 2642 3922 2759 3992; x_wconf 92' lang='lat' dir='ltr'><strong>ipso</strong></span> <span class='ocrx_word' id='word_1_581' title='bbox 2788 3922 3024 3976; x_wconf 90' lang='lat' dir='ltr'><strong>animum</strong></span> <span class='ocrx_word' id='word_1_582' title='bbox 3079 3936 3177 3976; x_wconf 89' lang='lat' dir='ltr'><strong>suo</strong></span> <span class='ocrx_word' id='word_1_583' title='bbox 3202 3922 3437 3991; x_wconf 85' lang='lat' dir='ltr'><strong>pondere</strong></span> <span class='ocrx_word' id='word_1_584' title='bbox 3485 3932 3540 3975; x_wconf 63' lang='lat' dir='ltr'><strong>tn</strong></span> <span class='ocrx_word' id='word_1_585' title='bbox 3592 3922 3772 3989; x_wconf 84' lang='lat' dir='ltr'><strong>vigore</strong></span> <span class='ocrx_word' id='word_1_586' title='bbox 3802 3935 4122 3999; x_wconf 84' lang='lat' dir='ltr'><strong>servemus,</strong></span> 
     </span>
    </p>
   </div>
   <div class='ocr_carea' id='block_1_83' title="bbox 2556 4011 4124 4084">
    <p class='ocr_par' dir='ltr' id='par_1_83' title="bbox 2556 4011 4124 4084">
     <span class='ocr_line' id='line_1_83' title="bbox 2556 4011 4124 4084; baseline -0.001 -17"><span class='ocrx_word' id='word_1_587' title='bbox 2556 4029 2623 4069; x_wconf 93' lang='lat' dir='ltr'><strong>ne</strong></span> <span class='ocrx_word' id='word_1_588' title='bbox 2652 4022 2773 4084; x_wconf 89' lang='lat' dir='ltr'><strong>post</strong></span> <span class='ocrx_word' id='word_1_589' title='bbox 2794 4013 3049 4083; x_wconf 83' lang='lat' dir='ltr'><strong>cogitatio</strong></span> <span class='ocrx_word' id='word_1_590' title='bbox 3071 4011 3212 4067; x_wconf 81' lang='lat' dir='ltr'><strong>ﬂuxa</strong></span> <span class='ocrx_word' id='word_1_591' title='bbox 3240 4012 3532 4079; x_wconf 87' lang='lat' dir='ltr'><strong>dissolvat,</strong></span> <span class='ocrx_word' id='word_1_592' title='bbox 3563 4028 3629 4069; x_wconf 86' lang='lat' dir='ltr'><strong>ne</strong></span> <span class='ocrx_word' id='word_1_593' title='bbox 3669 4027 3804 4067; x_wconf 90' lang='lat' dir='ltr'><strong>vana</strong></span> <span class='ocrx_word' id='word_1_594' title='bbox 3832 4014 3996 4067; x_wconf 89' lang='lat' dir='ltr'><strong>menti</strong></span> <span class='ocrx_word' id='word_1_595' title='bbox 4027 4012 4124 4066; x_wconf 75' lang='lat' dir='ltr'><strong>lac-</strong></span> 
     </span>
    </p>
   </div>
   <div class='ocr_carea' id='block_1_84' title="bbox 2555 4105 4125 4176">
    <p class='ocr_par' dir='ltr' id='par_1_84' title="bbox 2555 4105 4125 4176">
     <span class='ocr_line' id='line_1_84' title="bbox 2555 4105 4125 4176; baseline -0.001 -16"><span class='ocrx_word' id='word_1_596' title='bbox 2555 4106 2671 4161; x_wconf 90' lang='lat' dir='ltr'><strong>titia</strong></span> <span class='ocrx_word' id='word_1_597' title='bbox 2722 4105 2975 4176; x_wconf 85' lang='lat' dir='ltr'><strong>subrepat</strong></span> <span class='ocrx_word' id='word_1_598' title='bbox 3004 4116 3056 4160; x_wconf 92' lang='lat' dir='ltr'><strong>et</strong></span> <span class='ocrx_word' id='word_1_599' title='bbox 3086 4106 3293 4160; x_wconf 87' lang='lat' dir='ltr'><strong>lucrum</strong></span> <span class='ocrx_word' id='word_1_600' title='bbox 3336 4105 3761 4175; x_wconf 89' lang='lat' dir='ltr'><strong>compunclionis</strong></span> <span class='ocrx_word' id='word_1_601' title='bbox 3809 4106 3983 4160; x_wconf 90' lang='lat' dir='ltr'><strong>anima</strong></span> <span class='ocrx_word' id='word_1_602' title='bbox 4028 4121 4125 4175; x_wconf 92' lang='lat' dir='ltr'><strong>per</strong></span> 
     </span>
    </p>
   </div>
   <div class='ocr_carea' id='block_1_85' title="bbox 2556 4197 4125 4269">
    <p class='ocr_par' dir='ltr' id='par_1_85' title="bbox 2556 4197 4125 4269">
     <span class='ocr_line' id='line_1_85' title="bbox 2556 4197 4125 4269; baseline -0.002 -15"><span class='ocrx_word' id='word_1_603' title='bbox 2556 4199 2819 4254; x_wconf 90' lang='lat' dir='ltr'><strong>incuriam</strong></span> <span class='ocrx_word' id='word_1_604' title='bbox 2856 4197 3008 4253; x_wconf 71' lang='lat' dir='ltr'><strong>ﬂuxa:</strong></span> <span class='ocrx_word' id='word_1_605' title='bbox 3048 4198 3394 4268; x_wconf 85' lang='lat' dir='ltr'><strong>cogitationis</strong></span> <span class='ocrx_word' id='word_1_606' title='bbox 3430 4198 3635 4269; x_wconf 87' lang='lat' dir='ltr'><strong>perdat.</strong></span> <span class='ocrx_word' id='word_1_607' title='bbox 3668 4198 3801 4251; x_wconf 88' lang='lat' dir='ltr'><strong>Dum</strong></span> <span class='ocrx_word' id='word_1_608' title='bbox 3826 4208 4001 4251; x_wconf 89' lang='lat' dir='ltr'><strong>autem</strong></span> <span class='ocrx_word' id='word_1_609' title='bbox 4027 4212 4125 4265; x_wconf 79' lang='lat' dir='ltr'><strong>per</strong></span> 
     </span>
    </p>
   </div>
   <div class='ocr_carea' id='block_1_86' title="bbox 2555 4288 4123 4359">
    <p class='ocr_par' dir='ltr' id='par_1_86' title="bbox 2555 4288 4123 4359">
     <span class='ocr_line' id='line_1_86' title="bbox 2555 4288 4123 4359; baseline -0.003 -16"><span class='ocrx_word' id='word_1_610' title='bbox 2555 4288 2743 4344; x_wconf 92' lang='lat' dir='ltr'><strong>indulti</strong></span> <span class='ocrx_word' id='word_1_611' title='bbox 2773 4289 3028 4359; x_wconf 83' lang='lat' dir='ltr'><strong>temporis</strong></span> <span class='ocrx_word' id='word_1_612' title='bbox 3056 4290 3287 4359; x_wconf 83' lang='lat' dir='ltr'><strong>spatium</strong></span> <span class='ocrx_word' id='word_1_613' title='bbox 3332 4288 3475 4354; x_wconf 91' lang='lat' dir='ltr'><strong>licet,</strong></span> <span class='ocrx_word' id='word_1_614' title='bbox 3502 4289 3626 4343; x_wconf 89' lang='lat' dir='ltr'><strong>dum</strong></span> <span class='ocrx_word' id='word_1_615' title='bbox 3661 4288 3825 4358; x_wconf 75' lang='lat' dir='ltr'><strong>judex</strong></span> <span class='ocrx_word' id='word_1_616' title='bbox 3852 4288 4081 4342; x_wconf 90' lang='lat' dir='ltr'><strong>sustinet</strong></span> <span class='ocrx_word' id='word_1_617' title='bbox 4108 4330 4123 4352; x_wconf 87' lang='lat'><strong>,</strong></span> 
     </span>
    </p>
   </div>
   <div class='ocr_carea' id='block_1_87' title="bbox 2554 4381 4119 4451">
    <p class='ocr_par' dir='ltr' id='par_1_87' title="bbox 2554 4381 4119 4451">
     <span class='ocr_line' id='line_1_87' title="bbox 2554 4381 4119 4451; baseline -0.002 -16"><span class='ocrx_word' id='word_1_618' title='bbox 2554 4383 2678 4436; x_wconf 89' lang='lat' dir='ltr'><strong>dum</strong></span> <span class='ocrx_word' id='word_1_619' title='bbox 2706 4382 3110 4437; x_wconf 88' lang='lat' dir='ltr'><strong>conversionem</strong></span> <span class='ocrx_word' id='word_1_620' title='bbox 3136 4390 3373 4435; x_wconf 86' lang='lat' dir='ltr'><strong>nostram</strong></span> <span class='ocrx_word' id='word_1_621' title='bbox 3401 4381 3468 4446; x_wconf 85' lang='lat' dir='ltr'><strong>is,</strong></span> <span class='ocrx_word' id='word_1_622' title='bbox 3493 4383 3581 4451; x_wconf 89' lang='lat' dir='ltr'><strong>qui</strong></span> <span class='ocrx_word' id='word_1_623' title='bbox 3613 4382 3800 4450; x_wconf 88' lang='lat' dir='ltr'><strong>culpas</strong></span> <span class='ocrx_word' id='word_1_624' title='bbox 3826 4381 4119 4439; x_wconf 78' lang='lat' dir='ltr'><strong>examinat,</strong></span> 
     </span>
    </p>
   </div>
   <div class='ocr_carea' id='block_1_88' title="bbox 2552 4473 4121 4545">
    <p class='ocr_par' dir='ltr' id='par_1_88' title="bbox 2552 4473 4121 4545">
     <span class='ocr_line' id='line_1_88' title="bbox 2552 4473 4121 4545; baseline -0.001 -16"><span class='ocrx_word' id='word_1_625' title='bbox 2552 4483 2871 4545; x_wconf 82' lang='lat' dir='ltr'><strong>exspectat,</strong></span> <span class='ocrx_word' id='word_1_626' title='bbox 2908 4473 3197 4529; x_wconf 79' lang='lat' dir='ltr'><strong>coullemus</strong></span> <span class='ocrx_word' id='word_1_627' title='bbox 3220 4474 3271 4528; x_wconf 91' lang='lat' dir='ltr'><strong>iu</strong></span> <span class='ocrx_word' id='word_1_628' title='bbox 3318 4473 3570 4544; x_wconf 83' lang='lat' dir='ltr'><strong>lacrymis</strong></span> <span class='ocrx_word' id='word_1_629' title='bbox 3600 4475 3850 4529; x_wconf 87' lang='lat' dir='ltr'><strong>duritiam</strong></span> <span class='ocrx_word' id='word_1_630' title='bbox 3882 4474 4077 4528; x_wconf 90' lang='lat' dir='ltr'><strong>mentis</strong></span> <span class='ocrx_word' id='word_1_631' title='bbox 4106 4514 4121 4537; x_wconf 93' lang='lat'><strong>,</strong></span> 
     </span>
    </p>
   </div>
   <div class='ocr_carea' id='block_1_89' title="bbox 943 4540 4122 4648">
    <p class='ocr_par' dir='ltr' id='par_1_89' title="bbox 943 4540 4122 4648">
     <span class='ocr_line' id='line_1_89' title="bbox 943 4540 4122 4648; baseline -0 -30"><span class='ocrx_word' id='word_1_632' title='bbox 943 4542 1061 4648; x_wconf 54' lang='lat' dir='ltr'><strong>N9“</strong></span> <span class='ocrx_word' id='word_1_633' title='bbox 1087 4540 1244 4648; x_wconf 61' lang='grc' dir='ltr'><strong>ιίξῖξὲθ</strong></span> <span class='ocrx_word' id='word_1_634' title='bbox 1291 4540 1567 4648; x_wconf 30' lang='lat' dir='ltr'><strong>afﬁni?</strong></span> <span class='ocrx_word' id='word_1_635' title='bbox 1592 4541 2148 4648; x_wconf 43' lang='lat' dir='ltr'><strong>lenur‘tem&#39;porib‘fs</strong></span> <span class='ocrx_word' id='word_1_636' title='bbox 2203 4542 2400 4648; x_wconf 53' lang='lat' dir='ltr'><strong>ra‘fw&#39;&quot;</strong></span> <span class='ocrx_word' id='word_1_637' title='bbox 2430 4586 2443 4609; x_wconf 69' lang='grc' dir='ltr'><strong>ν</strong></span> <span class='ocrx_word' id='word_1_638' title='bbox 2477 4590 2525 4648; x_wconf 79' lang='lat' dir='ltr'><strong>D</strong></span> <span class='ocrx_word' id='word_1_639' title='bbox 2555 4540 2847 4622; x_wconf 81' lang='lat' dir='ltr'><strong>formemus</strong></span> <span class='ocrx_word' id='word_1_640' title='bbox 2891 4566 2942 4619; x_wconf 93' lang='lat' dir='ltr'><strong>in</strong></span> <span class='ocrx_word' id='word_1_641' title='bbox 2975 4565 3236 4636; x_wconf 77' lang='lat' dir='ltr'><strong>proximis</strong></span> <span class='ocrx_word' id='word_1_642' title='bbox 3280 4540 3506 4635; x_wconf 83' lang='lat' dir='ltr'><strong>gratiam</strong></span> <span class='ocrx_word' id='word_1_643' title='bbox 3548 4565 3916 4635; x_wconf 89' lang='lat' dir='ltr'><strong>benignitatis,</strong></span> <span class='ocrx_word' id='word_1_644' title='bbox 3960 4573 4013 4617; x_wconf 92' lang='lat' dir='ltr'><strong>et</strong></span> <span class='ocrx_word' id='word_1_645' title='bbox 4054 4564 4122 4617; x_wconf 80' lang='lat' dir='ltr'><strong>ii-</strong></span> 
     </span>
    </p>
   </div>
   <div class='ocr_carea' id='block_1_90' title="bbox 872 4630 2446 4701">
    <p class='ocr_par' dir='ltr' id='par_1_90' title="bbox 872 4630 2446 4701">
     <span class='ocr_line' id='line_1_90' title="bbox 872 4630 2446 4701; baseline 0.003 -18"><span class='ocrx_word' id='word_1_646' title='bbox 872 4631 1016 4701; x_wconf 90' lang='lat' dir='ltr'><strong>quod</strong></span> <span class='ocrx_word' id='word_1_647' title='bbox 1049 4630 1266 4700; x_wconf 90' lang='lat' dir='ltr'><strong>quidam</strong></span> <span class='ocrx_word' id='word_1_648' title='bbox 1308 4630 1375 4683; x_wconf 89' lang='lat' dir='ltr'><strong>ab</strong></span> <span class='ocrx_word' id='word_1_649' title='bbox 1403 4630 1649 4684; x_wconf 88' lang='lat' dir='ltr'><strong>hostibus</strong></span> <span class='ocrx_word' id='word_1_650' title='bbox 1681 4638 1868 4698; x_wconf 88' lang='lat' dir='ltr'><strong>captus</strong></span> <span class='ocrx_word' id='word_1_651' title='bbox 1917 4630 2071 4700; x_wconf 86' lang='lat' dir='ltr'><strong>longe</strong></span> <span class='ocrx_word' id='word_1_652' title='bbox 2104 4632 2446 4689; x_wconf 88' lang='lat' dir='ltr'><strong>transductus</strong></span> 
     </span>
    </p>
   </div>
   <div class='ocr_carea' id='block_1_91' title="bbox 867 4731 1106 4787">
    <p class='ocr_par' dir='ltr' id='par_1_91' title="bbox 867 4731 1106 4787">
     <span class='ocr_line' id='line_1_91' title="bbox 867 4731 1106 4787; baseline -0.004 -10"><span class='ocrx_word' id='word_1_653' title='bbox 867 4734 968 4787; x_wconf 89' lang='lat' dir='ltr'><strong>est,</strong></span> <span class='ocrx_word' id='word_1_654' title='bbox 1001 4731 1106 4778; x_wconf 74' lang='grc' dir='ltr'><strong>εις.</strong></span> 
     </span>
    </p>
   </div>
   <div class='ocr_carea' id='block_1_92' title="bbox 867 4853 2446 4924">
    <p class='ocr_par' dir='ltr' id='par_1_92' title="bbox 867 4853 2446 4924">
     <span class='ocr_line' id='line_1_92' title="bbox 867 4853 2446 4924; baseline 0.001 -17"><span class='ocrx_word' id='word_1_655' title='bbox 867 4855 995 4908; x_wconf 68' lang='lat' dir='ltr'><strong>CAP.</strong></span> <span class='ocrx_word' id='word_1_656' title='bbox 1036 4854 1144 4909; x_wconf 76' lang='grc' dir='ltr'><strong>ιιι.</strong></span> <span class='ocrx_word' id='word_1_657' title='bbox 1175 4884 1243 4894; x_wconf 93' lang='lat'><strong>—</strong></span> <span class='ocrx_word' id='word_1_658' title='bbox 1281 4853 1357 4908; x_wconf 72' lang='lat' dir='ltr'><strong>De</strong></span> <span class='ocrx_word' id='word_1_659' title='bbox 1388 4854 1615 4923; x_wconf 89' lang='lat' dir='ltr'><strong>quodam</strong></span> <span class='ocrx_word' id='word_1_660' title='bbox 1643 4863 1806 4909; x_wconf 87' lang='lat' dir='ltr'><strong>nauta</strong></span> <span class='ocrx_word' id='word_1_661' title='bbox 1843 4854 1931 4924; x_wconf 90' lang='lat' dir='ltr'><strong>qui</strong></span> <span class='ocrx_word' id='word_1_662' title='bbox 1964 4862 2075 4923; x_wconf 87' lang='lat' dir='ltr'><strong>post</strong></span> <span class='ocrx_word' id='word_1_663' title='bbox 2102 4854 2256 4924; x_wconf 87' lang='lat' dir='ltr'><strong>longa</strong></span> <span class='ocrx_word' id='word_1_664' title='bbox 2285 4857 2446 4909; x_wconf 91' lang='lat' dir='ltr'><strong>maris</strong></span> 
     </span>
    </p>
   </div>
   <div class='ocr_carea' id='block_1_93' title="bbox 939 4924 2443 4979">
    <p class='ocr_par' dir='ltr' id='par_1_93' title="bbox 939 4924 2443 4979">
     <span class='ocr_line' id='line_1_93' title="bbox 939 4924 2443 4979; baseline 0 -1"><span class='ocrx_word' id='word_1_665' title='bbox 939 4926 1248 4979; x_wconf 81' lang='lat' dir='ltr'><strong>discrimina</strong></span> <span class='ocrx_word' id='word_1_666' title='bbox 1301 4924 1562 4979; x_wconf 87' lang='lat' dir='ltr'><strong>Dominici</strong></span> <span class='ocrx_word' id='word_1_667' title='bbox 1626 4925 1814 4978; x_wconf 82' lang='lat' dir='ltr'><strong>virtute</strong></span> <span class='ocrx_word' id='word_1_668' title='bbox 1865 4924 2177 4979; x_wconf 83' lang='lat' dir='ltr'><strong>sacramenti</strong></span> <span class='ocrx_word' id='word_1_669' title='bbox 2226 4934 2443 4979; x_wconf 82' lang='lat' dir='ltr'><strong>mortem</strong></span> 
     </span>
    </p>
   </div>
   <div class='ocr_carea' id='block_1_94' title="bbox 937 4998 1117 5050">
    <p class='ocr_par' dir='ltr' id='par_1_94' title="bbox 937 4998 1117 5050">
     <span class='ocr_line' id='line_1_94' title="bbox 937 4998 1117 5050; baseline -0.011 0"><span class='ocrx_word' id='word_1_670' title='bbox 937 4998 1117 5050; x_wconf 86' lang='lat' dir='ltr'><strong>evasit.</strong></span> 
     </span>
    </p>
   </div>
   <div class='ocr_carea' id='block_1_95' title="bbox 937 5104 2445 5178">
    <p class='ocr_par' dir='ltr' id='par_1_95' title="bbox 937 5104 2445 5178">
     <span class='ocr_line' id='line_1_95' title="bbox 937 5104 2445 5178; baseline 0.001 -17"><span class='ocrx_word' id='word_1_671' title='bbox 937 5107 1051 5178; x_wconf 81' lang='grc'><strong>(10)</strong></span> <span class='ocrx_word' id='word_1_672' title='bbox 1067 5108 1278 5177; x_wconf 86' lang='lat' dir='ltr'><strong>Agatho</strong></span> <span class='ocrx_word' id='word_1_673' title='bbox 1292 5107 1511 5172; x_wconf 88' lang='lat' dir='ltr'><strong>etenim,</strong></span> <span class='ocrx_word' id='word_1_674' title='bbox 1528 5104 1942 5161; x_wconf 81' lang='lat' dir='ltr'><strong>Pauormitanus</strong></span> <span class='ocrx_word' id='word_1_675' title='bbox 1966 5106 2270 5177; x_wconf 88' lang='lat' dir='ltr'><strong>cpiscopus,</strong></span> <span class='ocrx_word' id='word_1_676' title='bbox 2304 5107 2445 5162; x_wconf 89' lang='lat' dir='ltr'><strong>sicut</strong></span> 
     </span>
    </p>
   </div>
   <div class='ocr_carea' id='block_1_96' title="bbox 864 5197 2441 5269">
    <p class='ocr_par' dir='ltr' id='par_1_96' title="bbox 864 5197 2441 5269">
     <span class='ocr_line' id='line_1_96' title="bbox 864 5197 2441 5269; baseline -0.001 -15"><span class='ocrx_word' id='word_1_677' title='bbox 864 5197 1049 5254; x_wconf 70' lang='lat' dir='ltr'><strong>ﬁdeles</strong></span> <span class='ocrx_word' id='word_1_678' title='bbox 1079 5198 1212 5253; x_wconf 85' lang='lat' dir='ltr'><strong>mihi</strong></span> <span class='ocrx_word' id='word_1_679' title='bbox 1244 5197 1591 5269; x_wconf 88' lang='lat' dir='ltr'><strong>religiosique</strong></span> <span class='ocrx_word' id='word_1_680' title='bbox 1618 5197 1723 5251; x_wconf 90' lang='lat' dir='ltr'><strong>viri</strong></span> <span class='ocrx_word' id='word_1_681' title='bbox 1765 5197 1915 5251; x_wconf 89' lang='lat' dir='ltr'><strong>multi</strong></span> <span class='ocrx_word' id='word_1_682' title='bbox 1948 5198 2126 5252; x_wconf 80' lang='lat' dir='ltr'><strong>testati</strong></span> <span class='ocrx_word' id='word_1_683' title='bbox 2157 5207 2302 5263; x_wconf 90' lang='lat' dir='ltr'><strong>sunt,</strong></span> <span class='ocrx_word' id='word_1_684' title='bbox 2335 5206 2441 5253; x_wconf 89' lang='lat' dir='ltr'><strong>etc.</strong></span> 
     </span>
    </p>
   </div>
   <div class='ocr_carea' id='block_1_97' title="bbox 934 5288 2446 5360">
    <p class='ocr_par' dir='ltr' id='par_1_97' title="bbox 934 5288 2446 5360">
     <span class='ocr_line' id='line_1_97' title="bbox 934 5288 2446 5360; baseline 0 -17"><span class='ocrx_word' id='word_1_685' title='bbox 934 5288 1061 5345; x_wconf 78' lang='lat' dir='ltr'><strong>Haec</strong></span> <span class='ocrx_word' id='word_1_686' title='bbox 1088 5288 1319 5360; x_wconf 77' lang='lat' dir='ltr'><strong>exempli</strong></span> <span class='ocrx_word' id='word_1_687' title='bbox 1355 5289 1530 5359; x_wconf 88' lang='lat' dir='ltr'><strong>gratia</strong></span> <span class='ocrx_word' id='word_1_688' title='bbox 1561 5288 1703 5342; x_wconf 90' lang='lat' dir='ltr'><strong>dicta</strong></span> <span class='ocrx_word' id='word_1_689' title='bbox 1736 5297 1859 5343; x_wconf 90' lang='lat' dir='ltr'><strong>sunt</strong></span> <span class='ocrx_word' id='word_1_690' title='bbox 1890 5328 1903 5353; x_wconf 94' lang='lat'><strong>,</strong></span> <span class='ocrx_word' id='word_1_691' title='bbox 1930 5298 1989 5342; x_wconf 91' lang='lat' dir='ltr'><strong>ut</strong></span> <span class='ocrx_word' id='word_1_692' title='bbox 2016 5289 2193 5342; x_wconf 89' lang='lat' dir='ltr'><strong>cuncti</strong></span> <span class='ocrx_word' id='word_1_693' title='bbox 2241 5288 2446 5358; x_wconf 84' lang='lat' dir='ltr'><strong>liquido</strong></span> 
     </span>
    </p>
   </div>
   <div class='ocr_carea' id='block_1_98' title="bbox 863 5376 2443 5422">
    <p class='ocr_par' dir='ltr' id='par_1_98' title="bbox 863 5376 2443 5422">
     <span class='ocr_line' id='line_1_98' title="bbox 863 5376 2443 5422; baseline 0.004 -6"><span class='ocrx_word' id='word_1_694' title='bbox 863 5386 1188 5416; x_wconf 73' lang='lat' dir='ltr'><strong>manncnnnt</strong></span> <span class='ocrx_word' id='word_1_695' title='bbox 1237 5378 1359 5418; x_wconf 68' lang='lat' dir='ltr'><strong>nnis:</strong></span> <span class='ocrx_word' id='word_1_696' title='bbox 1384 5377 1425 5418; x_wconf 70' lang='lat' dir='ltr'><strong>ei</strong></span> <span class='ocrx_word' id='word_1_697' title='bbox 1465 5376 1775 5420; x_wconf 63' lang='lat' dir='ltr'><strong>inmlnltilm</strong></span> <span class='ocrx_word' id='word_1_698' title='bbox 1796 5376 1965 5420; x_wconf 66' lang='lat' dir='ltr'><strong>mulum</strong></span> <span class='ocrx_word' id='word_1_699' title='bbox 1993 5392 2094 5420; x_wconf 88' lang='lat' dir='ltr'><strong>nnn</strong></span> <span class='ocrx_word' id='word_1_700' title='bbox 2126 5378 2342 5422; x_wconf 62' lang='lat' dir='ltr'><strong>fuerint-</strong></span> <span class='ocrx_word' id='word_1_701' title='bbox 2378 5378 2443 5422; x_wconf 72' lang='lat' dir='ltr'><strong>ad</strong></span> 
     </span>
    </p>
   </div>
   <div class='ocr_carea' id='block_1_99' title="bbox 2555 4656 4123 4726">
    <p class='ocr_par' dir='ltr' id='par_1_99' title="bbox 2555 4656 4123 4726">
     <span class='ocr_line' id='line_1_99' title="bbox 2555 4656 4123 4726; baseline -0.001 -13"><span class='ocrx_word' id='word_1_702' title='bbox 2555 4658 2745 4713; x_wconf 90' lang='lat' dir='ltr'><strong>denter</strong></span> <span class='ocrx_word' id='word_1_703' title='bbox 2772 4657 2891 4711; x_wconf 92' lang='lat' dir='ltr'><strong>dico</strong></span> <span class='ocrx_word' id='word_1_704' title='bbox 2912 4696 2926 4722; x_wconf 90' lang='lat'><strong>,</strong></span> <span class='ocrx_word' id='word_1_705' title='bbox 2961 4656 3084 4726; x_wconf 91' lang='lat' dir='ltr'><strong>quia</strong></span> <span class='ocrx_word' id='word_1_706' title='bbox 3130 4656 3353 4711; x_wconf 86' lang='lat' dir='ltr'><strong>salutari</strong></span> <span class='ocrx_word' id='word_1_707' title='bbox 3391 4656 3565 4711; x_wconf 87' lang='lat' dir='ltr'><strong>hostia</strong></span> <span class='ocrx_word' id='word_1_708' title='bbox 3595 4664 3715 4726; x_wconf 89' lang='lat' dir='ltr'><strong>post</strong></span> <span class='ocrx_word' id='word_1_709' title='bbox 3754 4666 3981 4711; x_wconf 90' lang='lat' dir='ltr'><strong>mortem</strong></span> <span class='ocrx_word' id='word_1_710' title='bbox 4014 4671 4123 4711; x_wconf 92' lang='lat' dir='ltr'><strong>non</strong></span> 
     </span>
    </p>
   </div>
   <div class='ocr_carea' id='block_1_100' title="bbox 2555 4744 4120 4819">
    <p class='ocr_par' dir='ltr' id='par_1_100' title="bbox 2555 4744 4120 4819">
     <span class='ocr_line' id='line_1_100' title="bbox 2555 4744 4120 4819; baseline -0.003 -16"><span class='ocrx_word' id='word_1_711' title='bbox 2555 4748 2931 4819; x_wconf 88' lang='lat' dir='ltr'><strong>indigebimus,</strong></span> <span class='ocrx_word' id='word_1_712' title='bbox 2950 4747 2994 4801; x_wconf 90' lang='lat' dir='ltr'><strong>si</strong></span> <span class='ocrx_word' id='word_1_713' title='bbox 3018 4757 3140 4801; x_wconf 89' lang='lat' dir='ltr'><strong>ante</strong></span> <span class='ocrx_word' id='word_1_714' title='bbox 3154 4754 3378 4802; x_wconf 88' lang='lat' dir='ltr'><strong>mortem</strong></span> <span class='ocrx_word' id='word_1_715' title='bbox 3405 4746 3514 4802; x_wconf 88' lang='lat' dir='ltr'><strong>Deo</strong></span> <span class='ocrx_word' id='word_1_716' title='bbox 3538 4746 3709 4802; x_wconf 85' lang='lat' dir='ltr'><strong>hostia</strong></span> <span class='ocrx_word' id='word_1_717' title='bbox 3725 4746 3823 4817; x_wconf 90' lang='lat' dir='ltr'><strong>ipsi</strong></span> <span class='ocrx_word' id='word_1_718' title='bbox 3840 4744 4120 4800; x_wconf 83' lang='lat' dir='ltr'><strong>fuerimus.</strong></span> 
     </span>
    </p>
   </div>
   <div class='ocr_carea' id='block_1_101' title="bbox 2552 4855 4123 4927">
    <p class='ocr_par' dir='ltr' id='par_1_101' title="bbox 2552 4855 4123 4927">
     <span class='ocr_line' id='line_1_101' title="bbox 2552 4855 4123 4927; baseline -0.004 -12"><span class='ocrx_word' id='word_1_719' title='bbox 2552 4858 2677 4915; x_wconf 75' lang='lat' dir='ltr'><strong>CAP.</strong></span> <span class='ocrx_word' id='word_1_720' title='bbox 2718 4857 2849 4913; x_wconf 83' lang='lat' dir='ltr'><strong>LIV.</strong></span> <span class='ocrx_word' id='word_1_721' title='bbox 2885 4888 2950 4898; x_wconf 74' lang='grc' dir='ltr'><strong>-ο-</strong></span> <span class='ocrx_word' id='word_1_722' title='bbox 2994 4856 3111 4922; x_wconf 83' lang='lat' dir='ltr'><strong>Qua</strong></span> <span class='ocrx_word' id='word_1_723' title='bbox 3133 4857 3427 4926; x_wconf 85' lang='lat' dir='ltr'><strong>disciplina,</strong></span> <span class='ocrx_word' id='word_1_724' title='bbox 3461 4874 3563 4927; x_wconf 88' lang='lat' dir='ltr'><strong>qua</strong></span> <span class='ocrx_word' id='word_1_725' title='bbox 3593 4857 3843 4912; x_wconf 77' lang='lat' dir='ltr'><strong>modestia</strong></span> <span class='ocrx_word' id='word_1_726' title='bbox 3863 4855 4123 4909; x_wconf 87' lang='lat' dir='ltr'><strong>orandum</strong></span> 
     </span>
    </p>
   </div>
   <div class='ocr_carea' id='block_1_102' title="bbox 2620 4927 4122 4995">
    <p class='ocr_par' dir='ltr' id='par_1_102' title="bbox 2620 4927 4122 4995">
     <span class='ocr_line' id='line_1_102' title="bbox 2620 4927 4122 4995; baseline -0.003 -12"><span class='ocrx_word' id='word_1_727' title='bbox 2620 4930 2709 4992; x_wconf 90' lang='lat' dir='ltr'><strong>sit,</strong></span> <span class='ocrx_word' id='word_1_728' title='bbox 2745 4944 2862 4981; x_wconf 90' lang='lat' dir='ltr'><strong>cum</strong></span> <span class='ocrx_word' id='word_1_729' title='bbox 2888 4927 3129 4981; x_wconf 87' lang='lat' dir='ltr'><strong>sacerdos</strong></span> <span class='ocrx_word' id='word_1_730' title='bbox 3152 4928 3415 4995; x_wconf 73' lang='lat' dir='ltr'><strong>sacriﬁcat</strong></span> <span class='ocrx_word' id='word_1_731' title='bbox 3436 4968 3449 4991; x_wconf 90' lang='lat'><strong>,</strong></span> <span class='ocrx_word' id='word_1_732' title='bbox 3488 4937 3535 4980; x_wconf 85' lang='lat' dir='ltr'><strong>et</strong></span> <span class='ocrx_word' id='word_1_733' title='bbox 3568 4928 3918 4995; x_wconf 82' lang='lat' dir='ltr'><strong>unusquisque</strong></span> <span class='ocrx_word' id='word_1_734' title='bbox 3941 4927 3995 4979; x_wconf 88' lang='lat' dir='ltr'><strong>in</strong></span> <span class='ocrx_word' id='word_1_735' title='bbox 4025 4941 4122 4979; x_wconf 86' lang='lat' dir='ltr'><strong>suo</strong></span> 
     </span>
    </p>
   </div>
   <div class='ocr_carea' id='block_1_103' title="bbox 2622 4997 3905 5065">
    <p class='ocr_par' dir='ltr' id='par_1_103' title="bbox 2622 4997 3905 5065">
     <span class='ocr_line' id='line_1_103' title="bbox 2622 4997 3905 5065; baseline -0.003 -12"><span class='ocrx_word' id='word_1_736' title='bbox 2622 4998 2805 5053; x_wconf 88' lang='lat' dir='ltr'><strong>ordine</strong></span> <span class='ocrx_word' id='word_1_737' title='bbox 2829 4998 3012 5051; x_wconf 85' lang='lat' dir='ltr'><strong>horam</strong></span> <span class='ocrx_word' id='word_1_738' title='bbox 3038 5014 3203 5051; x_wconf 75' lang='lat' dir='ltr'><strong>sacra:</strong></span> <span class='ocrx_word' id='word_1_739' title='bbox 3231 4997 3606 5050; x_wconf 85' lang='lat' dir='ltr'><strong>communionis</strong></span> <span class='ocrx_word' id='word_1_740' title='bbox 3629 5005 3905 5065; x_wconf 77' lang='lat' dir='ltr'><strong>exspectat.</strong></span> 
     </span>
    </p>
   </div>
   <div class='ocr_carea' id='block_1_104' title="bbox 2621 5106 4122 5180">
    <p class='ocr_par' dir='ltr' id='par_1_104' title="bbox 2621 5106 4122 5180">
     <span class='ocr_line' id='line_1_104' title="bbox 2621 5106 4122 5180; baseline -0.002 -16"><span class='ocrx_word' id='word_1_741' title='bbox 2621 5110 2912 5180; x_wconf 86' lang='lat' dir='ltr'><strong>Postquam</strong></span> <span class='ocrx_word' id='word_1_742' title='bbox 2937 5110 2989 5164; x_wconf 91' lang='lat' dir='ltr'><strong>in</strong></span> <span class='ocrx_word' id='word_1_743' title='bbox 3012 5109 3378 5180; x_wconf 89' lang='lat' dir='ltr'><strong>superioribus</strong></span> <span class='ocrx_word' id='word_1_744' title='bbox 3402 5108 3467 5163; x_wconf 92' lang='lat' dir='ltr'><strong>de</strong></span> <span class='ocrx_word' id='word_1_745' title='bbox 3489 5116 3831 5163; x_wconf 82' lang='lat' dir='ltr'><strong>sacramento</strong></span> <span class='ocrx_word' id='word_1_746' title='bbox 3856 5106 4122 5162; x_wconf 89' lang='lat' dir='ltr'><strong>Dominici</strong></span> 
     </span>
    </p>
   </div>
   <div class='ocr_carea' id='block_1_105' title="bbox 2550 5198 4126 5269">
    <p class='ocr_par' dir='ltr' id='par_1_105' title="bbox 2550 5198 4126 5269">
     <span class='ocr_line' id='line_1_105' title="bbox 2550 5198 4126 5269; baseline -0.002 -14"><span class='ocrx_word' id='word_1_747' title='bbox 2550 5200 2792 5269; x_wconf 88' lang='lat' dir='ltr'><strong>corporis</strong></span> <span class='ocrx_word' id='word_1_748' title='bbox 2816 5208 2867 5255; x_wconf 91' lang='lat' dir='ltr'><strong>et</strong></span> <span class='ocrx_word' id='word_1_749' title='bbox 2891 5198 3165 5269; x_wconf 84' lang='lat' dir='ltr'><strong>sanguinis</strong></span> <span class='ocrx_word' id='word_1_750' title='bbox 3189 5199 3343 5268; x_wconf 87' lang='lat' dir='ltr'><strong>plura</strong></span> <span class='ocrx_word' id='word_1_751' title='bbox 3367 5198 3479 5266; x_wconf 91' lang='lat' dir='ltr'><strong>jam</strong></span> <span class='ocrx_word' id='word_1_752' title='bbox 3503 5198 3756 5263; x_wconf 69' lang='lat' dir='ltr'><strong>diximus,</strong></span> <span class='ocrx_word' id='word_1_753' title='bbox 3791 5212 4126 5267; x_wconf 88' lang='lat' dir='ltr'><strong>consequens</strong></span> 
     </span>
    </p>
   </div>
   <div class='ocr_carea' id='block_1_106' title="bbox 2553 5288 4127 5359">
    <p class='ocr_par' dir='ltr' id='par_1_106' title="bbox 2553 5288 4127 5359">
     <span class='ocr_line' id='line_1_106' title="bbox 2553 5288 4127 5359; baseline -0.002 -14"><span class='ocrx_word' id='word_1_754' title='bbox 2553 5298 2655 5354; x_wconf 88' lang='lat' dir='ltr'><strong>est,</strong></span> <span class='ocrx_word' id='word_1_755' title='bbox 2688 5300 2746 5343; x_wconf 91' lang='lat' dir='ltr'><strong>ut</strong></span> <span class='ocrx_word' id='word_1_756' title='bbox 2775 5305 2879 5359; x_wconf 89' lang='lat' dir='ltr'><strong>qua</strong></span> <span class='ocrx_word' id='word_1_757' title='bbox 2908 5290 3229 5353; x_wconf 90' lang='lat' dir='ltr'><strong>reverentia,</strong></span> <span class='ocrx_word' id='word_1_758' title='bbox 3262 5304 3437 5358; x_wconf 90' lang='lat' dir='ltr'><strong>quove</strong></span> <span class='ocrx_word' id='word_1_759' title='bbox 3466 5304 3633 5353; x_wconf 91' lang='lat' dir='ltr'><strong>more,</strong></span> <span class='ocrx_word' id='word_1_760' title='bbox 3664 5299 3932 5358; x_wconf 87' lang='lat' dir='ltr'><strong>quantave</strong></span> <span class='ocrx_word' id='word_1_761' title='bbox 3960 5288 4127 5343; x_wconf 87' lang='lat' dir='ltr'><strong>disci-</strong></span> 
     </span>
    </p>
   </div>
   <div class='ocr_carea' id='block_1_107' title="bbox 2550 5379 4125 5422">
    <p class='ocr_par' dir='ltr' id='par_1_107' title="bbox 2550 5379 4125 5422">
     <span class='ocr_line' id='line_1_107' title="bbox 2550 5379 4125 5422; baseline -0.001 0"><span class='ocrx_word' id='word_1_762' title='bbox 2550 5380 2693 5422; x_wconf 71' lang='lat' dir='ltr'><strong>nlinn</strong></span> <span class='ocrx_word' id='word_1_763' title='bbox 2772 5396 2893 5422; x_wconf 70' lang='lat' dir='ltr'><strong>num</strong></span> <span class='ocrx_word' id='word_1_764' title='bbox 2928 5380 3181 5422; x_wconf 62' lang='lat' dir='ltr'><strong>canas-dna</strong></span> <span class='ocrx_word' id='word_1_765' title='bbox 3212 5394 3419 5422; x_wconf 65' lang='lat' dir='ltr'><strong>capram</strong></span> <span class='ocrx_word' id='word_1_766' title='bbox 3452 5379 3689 5422; x_wconf 74' lang='lat' dir='ltr'><strong>immnlnt</strong></span> <span class='ocrx_word' id='word_1_767' title='bbox 3718 5380 3946 5422; x_wconf 69' lang='lat' dir='ltr'><strong>Imaliam</strong></span> <span class='ocrx_word' id='word_1_768' title='bbox 3980 5420 3987 5421; x_wconf 59' lang='lat'><strong><em>,</em></strong></span> <span class='ocrx_word' id='word_1_769' title='bbox 4042 5379 4125 5422; x_wconf 74' lang='lat' dir='ltr'><strong>ili-</strong></span> 
     </span>
    </p>
   </div>
  </div>
