4516 5500
453 441 539 495 ιοι
1325 454 1520 510 LIBER
1562 456 1649 511 DE
1688 456 2005 517 CORPOIII'J
2046 464 2130 517 ΕΤ
2171 464 2513 524 SANG'JINE
2550 470 2841 527 CHRISTI.

3584 480 3687 535 ιοὶδ.

446 555 597 609 nobis
650 557 817 613 nostri
872 561 1138 619 tradidere
1184 566 1416 635 majores
1442 610 1455 632 ,
1506 580 1559 624 et
1590 585 1619 623 a
1662 572 2020 627 sanctissimis
2048 580 2094 639 Α
2125 586 2177 627 et
2209 577 2320 645 ipsa
2358 580 2601 635 ecclesia:
2631 585 2814 645 facies,
2844 596 2896 639 ct
2936 586 3045 655 ipsa
3072 603 3193 641 \asa
3227 589 3432 653 altaris,
3493 593 3585 645 sed
3631 600 3685 646 ct

444 642 650 699 Domini
681 650 1066 716 sacerdotibus,
1094 654 1418 724 Cyprianum
1447 660 1567 714 dico
1602 673 1762 729 atque
1791 663 2016 717 Ambro-

451 732 603 797 tium,
638 736 815 791 edocti
846 753 1052 807 sumus,
1085 744 1175 813 qui
1210 745 1260 799 in
1293 748 1404 801 suis
1430 749 1531 804 hoc
1576 752 1835 820 scriptum
1889 754 2015 807 reli-

448 837 603 890 jucre
628 823 817 891 libris,
852 828 904 881 in
956 831 1062 885 line
1092 832 1251 904 hujus
1308 836 1471 891 libelli
1511 840 1576 891 de
1626 840 1807 895 multis
1846 858 2013 910 pauca

436 924 716 977 ponamus.
750 914 985 981 Quorum
1020 935 1157 975 unus
1178 921 1479 993 Cyprianus
1506 928 1713 984 scilicet
1744 949 1756 983 :
1790 930 2011 996 Quando

438 998 655 1067 inquit,
708 1004 759 1056 in
804 1022 967 1061 unum
1013 1025 1134 1065 cum
1193 1014 1453 1073 fratribus
1497 1023 1889 1090 convenimus,
1957 1036 2011 1081 ct

432 1089 699 1144 sacrificia
730 1093 908 1148 divina
935 1112 1054 1151 cum
1080 1100 1175 1156 Dei
1205 1106 1487 1163 sacerdote
1532 1110 1889 1175 celebramus,
1919 1130 2010 1170 ve-

433 1180 702 1236 recundiae
746 1192 801 1238 et
831 1186 1124 1257 disciplinae
1151 1208 1417 1255 memores
1436 1213 1558 1255 esse
1581 1202 1867 1269 debemus;
1902 1221 2005 1260 non

429 1266 627 1334 passim
659 1272 919 1328 ventilare
949 1292 1142 1346 preces
1190 1293 1404 1341 nostras
1433 1287 1719 1345 inconditis
1750 1295 1966 1349 vocibus
1987 1335 2001 1360 ,

428 1369 529 1411 nec
576 1359 891 1427 petitionem
955 1372 1439 1429 commendandam
1489 1381 1729 1435 modeste
1781 1382 2004 1440 Domino

428 1448 751 1506 tumultuosa
779 1453 1099 1523 loquacitate
1125 1461 1355 1530 jactare,
1380 1468 1505 1535 quia
1536 1469 1676 1526 Deus
1703 1488 1807 1529 non
1832 1477 1999 1543 vocis,

368 1539 382 1553 ‘
425 1535 519 1589 sed
542 1538 722 1593 cordis
752 1543 971 1598 auditor
1000 1557 1101 1602 εει.
1145 1548 1252 1605 Nec
1295 1554 1666 1614 admonendus
1690 1572 1773 1616 est
1800 1564 1999 1620 clamo-

423 1626 575 1682 ribus
601 1668 617 1693 ,
646 1632 735 1699 qui
759 1635 1116 1703 cogitationes
1169 1643 1331 1698 videt.
1372 1644 1455 1700 Sit
1495 1657 1675 1703 autem
1717 1655 1998 1717 orantibus

422 1729 601 1772 sermo
624 1760 640 1784 ,
693 1730 747 1776 et
779 1728 1019 1792 precatio
1066 1745 1189 1785 cum
1222 1734 1522 1804 disciplina,
1557 1741 1788 1808 quietem
1829 1747 1997 1801 conti-

420 1818 555 1861 nens
583 1816 638 1862 et
662 1812 941 1879 pudorem.
971 1816 1277 1889 Cogitemus
1308 1841 1405 1880 nos
1442 1830 1541 1883 sub
1574 1844 1863 1901 conspectu
1898 1836 1992 1891 Dei

417 1903 583 1951 stare.
613 1898 938 1959 Placcndum
983 1917 1066 1963 est
1092 1910 1288 1968 divinis
1338 1917 1509 1974 oculis
1556 1931 1611 1975 et
1643 1898 1829 1978 habitu
1864 1940 1987 1980 cor-

415 1986 562 2052 poris
587 1998 643 2043 et
673 1994 833 2048 modo
854 1997 1021 2052 vocis.
1055 1999 1183 2055 Nam
1208 2013 1265 2057 ut
1292 2006 1615 2075 impudentis
1638 2021 1720 2066 est
1745 2012 1995 2070 clamori-

415 2072 516 2128 bus
544 2085 806 2147 strepere,
829 2083 899 2137 ita
930 2088 1100 2157 magis
1124 2093 1371 2161 congruit
1402 2100 1705 2153 verecundo
1734 2104 1993 2158 modestis

411 2165 663 2262 precibus
712 2185 901 2243 orare,
947 2186 1053 2231 etc.
1113 2178 1334 2249 Reliqua
1362 2184 1474 2239 vide
1504 2205 1589 2257 ap.
1621 2188 1679 2242 S.
1714 2190 1869 2262 Cypr.
1896 2195 1985 2247 lib.

409 2250 474 2304 de
502 2251 652 2310 Orat.
680 2257 971 2335 Dominica.

406 2360 541 2419 CAP.
584 2367 694 2425 LV.
738 2402 807 2412 ——
847 2375 987 2465 quid
1016 2384 1299 2465 cpvendunt
1326 2385 1379 2439 in
1402 2390 1637 2444 oratione
1668 2393 1757 2458 sit,
1789 2404 1836 2447 et
1858 2413 1987 2465 qna-

878 2445 999 2499 liter
1028 2449 1285 2516 facienda'
1312 2472 1507 2523 preces.

476 2525 827 2589 Beatissimus
859 2551 1073 2607 quoque
1101 2544 1295 2611 praesul
1321 2546 1656 2616 Ambrosius,
1688 2556 1982 2625 pretiosum

400 2614 571 2673 divini
598 2620 795 2692 eloquii
820 2641 1108 2698 organum,
1142 2633 1315 2689 locum
1344 2637 1491 2693 illum
1520 2645 1981 2718 sanctiEvangelii

400 2719 697 2778 exponens,
725 2730 833 2784 quo
856 2716 1113 2777 Dominus
1143 2723 1194 2778 in
1227 2727 1475 2785 cubiculo
1500 2735 1762 2803 orandum
1792 2716 1983 2807 princi-

398 2799 497 2866 pit,
528 2817 691 2898 quam
715 2818 874 2865 caute
899 2851 915 2876 ,
963 2828 1136 2882 quave
1163 2816 1449 2889 disciplina
1492 2825 1601 2892 sint
1643 2799 1977 2898 impleranda

398 2891 648 2957 praesidia
679 2897 812 2951 satis
842 2898 1147 2957 luculenter
1199 2906 1402 2963 indicat
1432 2928 1444 2963 :
1476 2891 1790 2971 Cubicultim
1816 2959 1831 2983 ,
1896 2920 1977 2973 in-

396 2978 535 3045 quit,
566 2989 715 3038 tuum
746 2988 941 3042 mentis
968 3006 1246 3060 arcanum,
1274 2997 1549 3069 animique
1576 3014 1843 3061 secretum
1870 3018 1973 3062 εει.

394 3066 455 3122 1η
486 3070 589 3127 hoc
622 3075 928 3133 cubiculum
970 3088 1117 3136 tuum
1142 3085 1302 3150 intra,
1334 3088 1435 3143 boc
1463 3066 1551 3145 est
1595 3094 1735 3149 intra
1781 3096 1833 3150 in
1866 3098 1973 3153 alta

392 3165 711 3233 praecordia,
729 3179 834 3225 etc.
866 3170 1080 3245 Reliqua
1100 3177 1215 3233 vide
1237 3196 1321 3249 ap.
1341 3178 1397 3235 S.
1418 3183 1619 3251 Ambr.,
1638 3186 1684 3265 Vl.
1717 3203 1731 3241 ι
1754 3191 1818 3243 de
1844 3190 1969 3246 Abel

391 3261 442 3304 et
467 3252 597 3310 Cain
620 3298 635 3323 ,
688 3277 803 3331 cap.
828 3263 879 3318 9.

456 3363 583 3421 CAP.
623 3368 756 3425 LVI.
796 3404 867 3415 —
906 3376 1201 3503 Cyjiririlqus
1231 3385 1300 3440 ad
1323 3387 1522 3442 clerum
1558 3391 1621 3444 de
1653 3396 1914 3460 precando

1139 3470 1276 3503 eum.

1139 3470 1276 3507 eum.

463 3523 573 3595 (Il)
605 3527 902 3599 Cyprianus
950 3539 1279 3609 presbyteris
1320 3551 1375 3597 et
1414 3545 1734 3603 diaconibus
1780 3550 1965 3607 fratri-

386 3610 489 3666 bus
543 3614 794 3673 salutem.
821 3621 1136 3695 Quanquam
1174 3631 1342 3686 sciam
1367 3674 1383 3699 ,
1415 3634 1609 3691 fratres
1637 3638 1962 3708 cbarissimi,

384 3712 485 3765 pro
511 3716 714 3770 amore,
745 3722 905 3777 quem
928 3712 1121 3784 singuli
1150 3717 1407 3777 debemus
1428 3723 1557 3789 Deo,
1587 3734 1691 3781 etc.

383 3806 513 3863 CAP.
555 3812 713 3887 LVII.
749 3847 821 3858 -—
856 3820 1011 3893 Quod
1040 3826 1194 3879 etiam
1226 3830 1278 3881 in
1321 3834 1568 3887 exteriori
1595 3836 1738 3889 cultu
1782 3855 1961 3893 sacro-

594 3898 831 3941 sanctum
865 3891 1124 3947 Dominici
1146 3897 1309 3952 altare
1339 3904 1633 3958 ornandum
1662 3909 1748 3960 sit.

457 3972 763 4045 Mysterium
790 3982 979 4038 altaris
1008 3986 1059 4039 in
1085 3988 1395 4056 primordiis
1433 3994 1687 4051 Ecclesia:
1719 4014 1823 4053 non
1850 4009 1957 4054 tam

378 4063 693 4133 frequenter
718 4110 732 4134 ,
760 4072 835 4125 uti
867 4089 1010 4128 nunc
1039 4077 1348 4134 celebratur
1372 4123 1386 4145 ,
1423 4091 1598 4138 tamen
1624 4097 1824 4155 quanto
1874 4107 1959 4143 ra-

377 4159 495 4214 rius
516 4200 530 4225 ,
575 4169 724 4219 tanto
759 4166 1062 4236 religiosius
1092 4174 1371 4242 agebatur.
1423 4175 1687 4247 Tempore
1716 4198 1950 4252 namque

374 4250 618 4320 priorum
650 4253 869 4311 Patrum
901 4259 1004 4314 illis
1031 4262 1430 4333 injungebatur,
1457 4278 1513 4321 ut
1544 4270 1757 4325 Eusebii
1788 4250 1956 4328 refert

374 4339 634 4409 Historia,
675 4347 1014 4404 sacrificandi
1046 4352 1279 4409 ofﬁcium
1304 4397 1317 4419 ,
1367 4358 1459 4426 qui
1489 4361 1719 4414 naturali
1751 4363 1955 4431 simpli-

369 4434 541 4489 citate
565 4436 866 4508 fulgebant,
893 4442 1051 4511 juxta
1084 4443 1211 4499 illud
1240 4464 1253 4499 :
1287 4446 1420 4502 Cum
1467 4450 1802 4520 simplicibus
1838 4469 1952 4508 ser-

370 4526 665 4584 mocinatio
709 4531 847 4600 ejus.
874 4534 954 4588 Ad
984 4535 1125 4603 quod
1159 4541 1471 4607 mysterium
1504 4542 1593 4609 qni
1626 4543 1949 4613 participare

368 4615 659 4681 debebant,
691 4593 1034 4676 di'scalceati-s
1059 4593 1285 4693 pedib'us
1312 4593 1641 4682 accedebani
1668 4670 1682 4693 ,
1726 4593 1947 4699 propter
1976 4593 2035 4651 Β

366 4702 535 4771 iIlud,
568 4708 712 4776 quod
739 4708 910 4779 Moysi
946 4721 1001 4765 et
1045 4713 1206 4767 Josue
1236 4726 1561 4784 praeceptum
1595 4730 1677 4773 est
1719 4738 1729 4773 :
1792 4722 1944 4778 Solve

361 4791 775 4850 calceamentum
824 4798 888 4852 de
930 4800 1147 4868 pedibus
1184 4804 1321 4867 tuis;
1354 4814 1492 4857 terra
1515 4806 1651 4859 enim
1676 4848 1689 4870 ,
1741 4811 1793 4863 in
1839 4830 1942 4882 qua

361 4890 474 4937 stas
503 4924 519 4949 ,
563 4895 707 4940 terra
753 4897 937 4943 sancta
969 4901 1064 4945 est.
1096 4890 1325 4949 Sanctus
1376 4909 1589 4965 quoque
1619 4896 1942 4956 Pacliomius

361 4972 657 5041 pistoribus
716 4980 973 5049 praecepit
1038 4990 1143 5045 ut,
1214 4998 1334 5037 cum
1393 4985 1691 5043 oblationes
1748 5004 1945 5061 coque-

362 5072 485 5118 rent
514 5106 527 5130 ,
557 5066 820 5122 salutaria
849 5072 1275 5141 meditarentur,
1306 5076 1436 5128 nihil
1469 5093 1605 5133 vane
1638 5081 1936 5149 loquentes.

358 5151 495 5207 Cum
548 5170 679 5226 ergo
739 5160 846 5214 hoc
902 5161 956 5215 in
1020 5166 1350 5220 monasterio
1415 5164 1728 5225 Tabenense
1800 5190 1935 5243 qua~

359 5241 483 5297 dam
508 5246 625 5301 vice
653 5248 972 5316 violaretur,
1022 5254 1205 5308 statim
1240 5254 1536 5312 Pacbomio
1563 5260 1818 5316 divinitus
1852 5279 1933 5317 re-

358 5332 586 5391 velatum
613 5348 715 5393 est.
772 5339 877 5404 Qui
917 5342 1157 5409 protinus
1190 5343 1529 5401 Theodorum
1556 5351 1798 5411 mittens,
1841 5370 1929 5407 ηυ-

2118 663 2444 730 Iinteamina,
2497 685 2588 723 seu
2641 674 2892 739 qtnelibet
2952 685 3170 741 ςωιειέι,
3228 694 3344 746 quae
3399 680 3464 733 ad
3525 696 3681 736 usum

2114 752 2402 811 Dominica:
2458 762 2733 815 servitutis
2775 766 3061 831 pertinent,
3133 768 3414 824 manifeste
3463 771 3681 825 demou-

2112 850 2304 896 strant.
2338 844 2450 899 Non
2497 862 2717 903 necesse
2754 860 2833 904 cst
2855 853 3062 923 singula
3095 856 3404 925 singillatim
3430 860 3675 927 prodere.

2113 930 2254 986 Satis
2282 942 2429 1004 patet
2472 952 2590 1005 qurc
2620 940 2909 997 studiosius
2954 946 3263 1000 sacerdmes
3309 946 3513 1011 colunt,
3556 964 3675 1017 qua:

2108 1037 2204 1077 sua
2240 1033 2386 1089 sunt,
2414 1041 2479 1079 an
2507 1042 2624 1095 qua:
2655 1030 2859 1085 altaris.
2909 1032 3013 1087 Sed
3049 1036 3300 1089 nimirum
3330 1053 3451 1091 cum
3500 1039 3683 1092 cbari-

2108 1122 2212 1177 tas,
2275 1130 2394 1185 qua:
2446 1118 2721 1187 plenitudo
2786 1124 2918 1194 legis
2980 1136 3081 1189 cst,
3139 1144 3203 1181 ne
3256 1138 3360 1184 tota
3419 1132 3531 1200 jam
3591 1148 3675 1186 rc.

2106 1202 2309 1273 friguit,
2363 1211 2629 1277 quomodo
2665 1212 2718 1266 in
2751 1216 3105 1271 sacrificando
3158 1230 3305 1274 tanta
3338 1222 3681 1277 continuatio

2105 1308 2437 1363 perseverat,
2504 1302 2605 1356 nisi
2644 1305 2768 1372 quia
2800 1308 3064 1375 malignus
3104 1310 3274 1365 hostis
3300 1311 3351 1364 in
3376 1311 3473 1365 boc.
3501 1313 3678 1366 saeui.

2104 1382 2388 1443 licantibus
2422 1406 2527 1445 non
2570 1394 2892 1448 contradicit
2920 1436 2932 1458 ,
2996 1398 3046 1451 in
3080 1416 3185 1466 quo
3218 1401 3387 1469 magis
3416 1416 3508 1456 eos
3549 1417 3684 1473 gra-

2102 1478 2215 1531 vari
2246 1482 2409 1535 novit.
2461 1482 2643 1553 Neque
2663 1486 2807 1540 enim
2846 1486 3036 1541 Iudam
3074 1492 3245 1545 vetuit
3287 1493 3667 1549 eucharistiam

2098 1587 2354 1642 sumere;
2420 1580 2579 1634 scivit
2601 1583 2742 1636 enim
2767 1624 2780 1646 ,
2833 1586 2958 1653 quia
2989 1588 3129 1641 sicut
3154 1605 3182 1642 a
3215 1588 3421 1645 devotis
3456 1606 3553 1661 per
3603 1594 3667 1647 il-

2098 1666 2200 1721 lius
2231 1670 2472 1737 mysterii
2506 1675 2905 1741 perceptionem
2948 1677 3062 1743 ejus
3098 1679 3243 1732 fraus
3285 1683 3666 1750 compescitur,

2096 1756 2257 1810 sicin
2294 1758 2398 1821 bis,
2459 1760 2549 1828 qui
2591 1761 2730 1814 lianc
2767 1763 2967 1834 indigni
3028 1768 3350 1836 percipiunt,
3413 1770 3655 1827 licentiu.

2094 1856 2389 1912 grassatur.
2424 1848 2621 1903 Contra
2675 1852 2790 1907 illos
2820 1856 3019 1909 etenim
3067 1858 3157 1926 qui
3186 1862 3509 1917 exteriorem
3553 1863 3641 1933 glo

2018 1920 2063 1979 Β
2095 1935 2187 1988 ria:
2214 1937 2415 1991 cultum
2459 1940 2731 2010 ncgligunt
2765 1943 3021 2000 Dominus
3048 1920 3144 2017 per
3170 1948 3489 2006 Malachiam
3536 1920 3665 2022 ciue-

2097 2025 2233 2078 ritur
2284 2027 2511 2083 dicens:
2554 2032 2597 2083 0
2638 2049 2724 2086 ros
2775 2036 3084 2101 sacerdotes,
3145 2042 3233 2108 qui
3261 2042 3521 2110 despicitis
3574 2062 3664 2097 no-

2092 2129 2206 2167 men
2230 2131 2419 2181 menut,
2466 2128 2512 2171 et
2536 2119 2739 2174 dixistis
2762 2136 2782 2175 :
2814 2121 2880 2175 In
2901 2140 3001 2191 quo
3024 2125 3049 2177 ?
3084 2124 3150 2178 In
3172 2127 3267 2180 hoc
3287 2130 3549 2198 despicitis
3573 2149 3661 2186 uo-

2091 2220 2205 2256 men
2227 2221 2419 2271 meum,
2460 2210 2729 2277 o/ferentes
2752 2229 2906 2283 super
2932 2216 3099 2270 altare
3134 2235 3302 2271 meum
3334 2238 3519 2289 partem
3550 2228 3662 2293 pol-

2089 2291 2280 2358 lutum,
2312 2305 2359 2348 et
2388 2296 2601 2352 dicitis:
2655 2300 2839 2355 Mensa
2880 2303 3090 2359 Domini
3139 2308 3337 2376 polluta
3394 2322 3486 2365 est.
3542 2291 3663 2368 I’ol-

2089 2380 2240 2436 bmnt
2287 2386 2593 2443 sacerdotes
2650 2406 2843 2458 panem
2870 2434 2885 2459 ,
2954 2395 3005 2449 id
3033 2405 3117 2451 est
3161 2413 3358 2469 corpus
3407 2402 3652 2467 Christi,

2087 2472 2299 2539 quando
2337 2474 2538 2545 indigni
2600 2482 2968 2537 accedunt'ad
3000 2486 3189 2541 altare.
3236 2488 3477 2546 Hensam
3523 2508 3653 2551 vero

2085 2561 2412 2629 despectam,
2464 2566 2587 2622 licet
2618 2569 2793 2624 verbis
2825 2587 2929 2626 non
2954 2572 3153 2639 dicant,
3191 2585 3365 2631 tamen
3405 2594 3525 2633 cum
3554 2582 3653 2652 ipsi

2083 2650 2404 2707 exteriorem
2467 2656 2584 2725 ejus
2631 2659 2832 2714 cultum
2883 2678 2989 2716 non
3031 2675 3269 2733 ornant,
3326 2683 3443 2722 eam
3490 2670 3653 2725 etiam

2084 2735 2233 2792 laicis
2293 2741 2672 2812 despicabilem
2740 2748 2989 2816 faciunt,
3047 2756 3302 2822 quoniam
3354 2758 3653 2815 carnalium

2081 2841 2272 2882 sensus
2315 2834 2502 2886 deesse
2541 2845 2732 2904 putant
2778 2842 3132 2897 sanetimonia
3163 2844 3357 2899 divina:
3402 2846 3650 2915 virtutis,

2080 2926 2167 2980 ubi
2199 2928 2384 2985 deesse
2408 2932 2589 2987 vident
2629 2946 2878 2991 ornatum
2906 2940 3236 2996 ambitionis.

2077 3038 2203 3094 CAP.
2242 3042 2693 3123 LVIII_.—Quod
2740 3051 2869 3104 nihil
2920 3069 3075 3121 super
3135 3053 3301 3109 altare
3354 3058 3650 3123 ponendum

2362 3116 2428 3167 sit
2452 3128 2638 3184 prwter
2668 3116 3055 3174 sacrosanctam
3087 3116 3418 3179 oblationem.

2146 3200 2240 3256 Est
2275 3203 2502 3260 ecclesia
2541 3207 2709 3263 beatae
2753 3208 3063 3283 Walburgis
3114 3214 3167 3267 in
3224 3230 3328 3284 qua
3386 3217 3647 3272 miracula

2076 3290 2191 3345 fieri
2229 3292 2495 3349 solebant.
2548 3295 2987 3369 Contigitautem
3043 3304 3354 3374 aliquando,
3401 3317 3461 3363 ut
3509 3308 3649 3377 ejus-

2071 3379 2191 3433 dem
2224 3392 2426 3439 sanctze
2455 3384 2766 3458 Walburgis
2792 3391 3030 3462 reliquiae
3052 3411 3213 3465 super
3235 3398 3405 3453 altare
3429 3415 3523 3469 per
3550 3402 3645 3455 ali-

2070 3481 2200 3539 quot
2249 3472 2363 3528 dies
2407 3488 2727 3544 manerent,
2787 3484 2881 3538 sed
2922 3500 3042 3539 mox
3102 3489 3361 3544 miracula
3396 3505 3642 3549 cessavc-

2067 3568 2210 3612 runt.
2260 3560 2497 3618 Tandem
2550 3582 2679 3623 vero
2711 3571 2823 3639 ipsa
2857 3573 3007 3642 virgo
3042 3576 3256 3630 cuidam
3294 3594 3356 3632 ex
3414 3580 3643 3636 infirmis

2066 3664 2327 3719 apparens
2359 3672 2371 3707 :
2405 3655 2627 3724 Idcirco,
2667 3661 2862 3731 inquit,
2897 3680 3001 3718 non
3026 3669 3315 3733 sanamini,
3349 3672 3474 3739 quia
3520 3673 3643 3727 reli-

2064 3743 2203 3809 quize
2242 3759 2372 3799 mea:
2396 3757 2521 3801 sunt
2548 3765 2711 3820 super
2738 3753 2909 3808 altare
2941 3755 3176 3823 Domini,
3242 3761 3331 3814 ubi
3388 3761 3642 3830 majestas

2064 3829 2229 3884 divini
2281 3837 2521 3903 mystcrii
2568 3839 2728 3896 debet
2784 3842 3121 3902 solummodo
3170 3829 3636 3921 celebrari.Quod

2061 3934 2181 3973 cum
2219 3922 2305 3978 ille
2345 3928 2658 3984 custodibus
2701 3932 2959 3999 referret,
3015 3936 3252 3993 tulerunt
3290 3956 3528 4011 capsam,
3584 3956 3640 4000 et

2060 4014 2305 4079 protinus
2326 4016 2581 4073 miracula
2617 4020 2730 4076 fieri
2759 4036 3062 4095 cmpcrunt.
3114 4029 3170 4084 Si
3212 4031 3377 4101 igitur
3403 4033 3472 4087 ob
3496 4034 3639 4091 illius

2059 4104 2296 4171 mysterii
2340 4110 2700 4165 reverentiam
2752 4128 2851 4169 nec
2898 4118 3013 4186 ipsa
3062 4133 3156 4172 sua
3202 4121 3423 4191 pignora
3461 4127 3633 4179 sancti

2057 4190 2240 4246 volunt
2264 4195 2484 4263 propius
2511 4200 2760 4267 vicinari,
2792 4203 2920 4273 quid
2947 4190 3273 4263 censendum
3306 4221 3391 4265 est
3422 4213 3485 4266 de
3536 4215 3634 4267 im-

2057 4286 2378 4342 munditiis?

2053 4394 2177 4449 CAP.
2218 4397 2353 4455 LIX.
2376 4431 2445 4441 ——
2476 4404 2629 4468 Quod
2652 4423 2745 4474 pro
2775 4410 3053 4466 homicidis
3099 4423 3145 4467 et
3191 4414 3480 4470 latronibus
3526 4434 3629 4472 non

2567 4484 2643 4527 est
2672 4480 3098 4546 sacriﬁcandum.

2124 4558 2178 4611 In
2233 4576 2292 4613 ea
2323 4563 2403 4616 via
2452 4580 2569 4632 quae
2612 4567 2956 4626 Alvernensis
3003 4577 3312 4631 monasterii
3370 4579 3518 4633 ducit
3559 4582 3624 4634 ad

2054 4647 2251 4713 forum,
2305 4662 2386 4707 est
2412 4655 2638 4710 ecclesia
2670 4658 2727 4712 S.
2770 4659 2935 4727 Petri,
2968 4680 3087 4733 quae
3107 4667 3304 4721 dicitur
3334 4669 3398 4723 ad
3449 4669 3623 4735 Salas,

2054 4737 2104 4789 in
2129 4740 2279 4807 cujus
2306 4743 2500 4797 vicinia
2534 4750 2785 4803 manebat
2814 4753 3030 4820 quidam
3058 4755 3216 4821 latro,
3259 4761 3349 4827 qui
3373 4761 3507 4815 duos
3536 4763 3623 4815 iti-

2052 4837 2323 4894 ncrantcs,
2351 4847 2485 4901 quos
2522 4835 2754 4906 hospitio
2790 4854 3120 4913 susceperat,
3149 4847 3381 4916 Spoliare
3410 4851 3614 4920 volens,

2050 4923 2206 4969 nocte
2236 4917 2539 4977 interficere
2568 4927 2814 4991 tentavit,
2846 4930 2938 4984 sed
2970 4932 3043 4986 illi
3068 4936 3422 5003 praevalentes
3454 4917 3619 4996 inter-

2052 5003 2296 5061 fecerunt
2317 5024 2459 5077 eum;
2493 5028 2725 5086 cumque
2753 5020 3091 5088 sepeliendus
3117 5027 3183 5080 ad
3212 5028 3499 5085 ecclesiam
3525 5032 3619 5086 de-

2049 5095 2303 5162 ferretur,
2360 5104 2610 5160 sacerdos
2652 5123 2747 5176 pro
2775 5123 2840 5161 co
2889 5112 3106 5168 missam
3136 5116 3415 5172 celebrare
3436 5122 3626 5188 coepit.

2044 5189 2178 5240 Cum
2214 5203 2344 5261 ergo
2369 5194 2433 5247 ad
2461 5196 2625 5250 verba
2648 5202 3074 5258 consecrationis
3105 5203 3383 5260 Dominica
3442 5210 3632 5266 venire

2043 5274 2285 5340 deberet,
2343 5282 2600 5341 terribilis
2635 5301 2798 5342 sonus
2834 5288 2883 5341 in
2940 5300 3085 5349 tecto
3138 5292 3379 5349 ecclesiae
3409 5310 3631 5363 percre.

2045 5369 2182 5426 υιιίῑ.
2214 5378 2269 5421 υἱ
2294 5373 2462 5426 altare
2508 5389 2679 5426 usnne
2715 5378 2779 5426 ad
2809 5379 3026 5426 radinne
3046 5386 3267 5426 animum
3300 5394 3398 5426 pel,
3429 5387 3634 5426 Sinniu-
