4516 5500
839 358 944 412 405
1888 359 2184 415 GEZONlS
2224 357 2514 412 ABBATIS
2559 359 3034 417 DERTONENSIS
3987 361 4093 414 401

840 478 966 530 Car.
999 470 1113 528 LX.
1166 504 1235 514 —
1273 473 1351 529 De
1380 474 1460 530 his
1508 479 1596 547 qui
1622 478 1999 547 elecmosynam
2049 477 2322 541 tribuunt,
2374 482 2421 529 et
2450 476 2497 535 Α
2527 475 2756 541 quodam
2788 478 3069 541 monacho,
3095 476 3206 547 qui,
3248 488 3306 532 ιιι
3332 478 3514 543 credo,
3562 491 3665 530 non
3696 477 3831 532 bene
3870 491 4092 545 compos

1283 556 1493 614 peccata
1517 564 1618 600 non
1643 548 1926 601 dimittunt.
2525 566 2718 621 mentis
2754 583 2862 620 sum
2911 579 3026 621 erat
3051 609 3066 635 ,

2525 566 2718 621 mentis
2754 583 2862 620 sua:
2911 579 3066 635 erat,
3117 584 3215 639 pro
3242 569 3474 639 quadam
3505 569 3620 640 ejus
3642 567 3877 637 querela,
3929 583 4091 636 quam

904 657 1005 724 Qui
1039 658 1110 712 ita
1137 656 1534 728 cleemosynam
1561 660 1747 714 tribuit
1773 702 1786 723 ,
1828 670 1887 714 ιιι
1914 660 2127 730 culpam
2176 674 2280 713 non
2336 660 2418 713 di-
2522 671 2625 707 non
2650 657 2832 710 statim
2858 658 3187 726 expedierat,
3212 658 3709 713 excommunicatus
3733 667 3835 711 est.
3864 656 3927 710 Et
3968 670 4086 711 mo-

836 748 1032 813 mittat,
1066 748 1305 801 animam
1369 764 1474 802 non
1518 749 1767 813 redimit,
1812 764 1972 819 quam
2026 764 2054 802 θ
2106 748 2250 803 vitiis
2311 764 2415 802 non
2520 744 2730 797 uachus
2788 746 3003 815 quidem
3053 747 3611 801 cxcommuuicatione
3676 747 3727 800 in
3773 746 3971 817 potatio
3998 744 4095 798 dc-

832 838 1144 909 compcscit.
1195 837 1307 893 Hoc
1342 838 1430 892 ille
1478 840 1701 895 eremita
1727 856 1823 894 suo
1853 840 1993 893 facto
2043 840 2257 910 probat,
2300 839 2412 908 qtti,
2519 836 2739 905 scripta,
2766 846 2817 891 et
2843 854 2948 908 quo
2995 841 3062 894 ab
3091 841 3417 909 imperatore
3468 842 3708 894 invenire
3740 849 3919 911 posset
3961 854 4091 909 pro-

831 945 952 983 cqu
991 929 1173 985 multis
1220 930 1506 986 virtutibus
1528 946 1650 986 eum
1678 934 1909 1003 quoiam
1944 948 2042 987 suo
2072 932 2276 1001 collega
2315 932 2408 985 de-
2510 928 2674 997 jecta,
2704 929 2972 984 discessit.
3001 930 3070 984 At
3101 932 3393 1001 imperator
3422 946 3525 985 non
3550 931 3696 985 ilium
3736 938 4091 1000 gyrovag’um,

832 1024 1108 1087 serviSSct,
1137 1024 1251 1079 hmo
1282 1024 1353 1078 illi
1384 1040 1477 1094 per
1502 1024 1770 1079 diabolmu
1799 1024 1992 1094 injecta
2024 1025 2281 1096 cogitatio
2308 1032 2412 1088 est,
2516 1022 2607 1076 sed
2635 1022 2907 1077 cmlestem
2962 1024 3139 1094 potius
3167 1040 3369 1093 regem,
3426 1023 3578 1091 cujus
3606 1022 3926 1077 auctoritate
3951 1020 4090 1075 solet

831 1122 889 1167 ut
918 1112 1347 1183 quandocunque
1372 1114 1593 1169 libidine
1617 1115 1948 1181 titillarctur,
1998 1116 2076 1170 sic
2106 1129 2290 1170 semen
2321 1114 2415 1168 de—
2514 1114 2999 1168 exconuuunicatio
3036 1113 3174 1179 ﬁeri,
3208 1115 3259 1167 in
3308 1128 3466 1168 causa
3513 1112 3885 1175 considerans,
3927 1126 4093 1180 pran-

834 1203 963 1257 tritu
1011 1203 1262 1272 genitalis
1304 1203 1529 1257 membri
1584 1219 1804 1274 egerere
1853 1207 2109 1267 deberet,
2188 1212 2247 1258 ut
2299 1212 2413 1257 tan-
2514 1204 2644 1258 dere
2694 1204 3033 1266 nullatenus,
3100 1220 3220 1259 cum
3269 1204 3484 1275 quidem
3545 1203 3883 1259 incumberet
3928 1203 4088 1267 hora,

830 1308 994 1361 quam
1049 1292 1240 1362 llcgma
1268 1295 1331 1348 de
1373 1294 1594 1349 naribus
1622 1295 1928 1365 projiceret.
1983 1295 2082 1362 Qui
2120 1297 2190 1350 ob
2234 1296 2307 1362 id,
2359 1303 2414 1349 et
2513 1296 2868 1365 praesumpsit.
2931 1295 3212 1366 Multisque
3257 1294 3522 1366 episcopis
3550 1308 3733 1349 coram
3760 1293 4086 1358 astantibus,

830 1384 1163 1437 dtemonibus
1186 1384 1855 1447 moriens,videntesocio,
1890 1386 2121 1438 traditus
2149 1393 2249 1439 est.
2277 1383 2409 1439 Cum
2513 1386 2674 1438 etiam
2734 1386 2823 1440 illo
2865 1387 3116 1456 episcopo
3168 1389 3234 1440 ad
3273 1388 3426 1456 cujus
3468 1386 3746 1441 ditecesim
3798 1385 4089 1455 przcdicttts

828 1476 1044 1544 quidem
1097 1476 1267 1530 isdem
1319 1476 1497 1530 socius
1554 1484 1760 1531 reatum
1821 1476 1936 1544 ejus
1982 1477 2267 1545 ignorans,
2316 1476 2409 1530 sed
2510 1474 2807 1528 monachus
2832 1474 3171 1543 pertinebat,
3225 1475 3496 1529 licentiam
3528 1474 3805 1537 dantibus,
3830 1472 3946 1543 cogi
3970 1486 4080 1527 non

829 1565 1086 1620 exercitia
1130 1567 1387 1621 virtutum
1422 1566 1667 1623 recolens
1692 1581 1826 1637 pene
1855 1566 2402 1635 despcravitdiceus:
2508 1563 2721 1630 potuit,
2781 1572 2837 1616 ut
2886 1563 3088 1632 aliquid
3119 1572 3378 1632 gustaret.
3415 1564 3595 1618 Donec
3647 1564 3943 1617 monachus
3988 1562 4084 1618 diu

828 1656 871 1707 0
898 1656 1017 1723 quis
1054 1656 1251 1723 poterit
1296 1655 1478 1710 salvus
1506 1670 1646 1715 esse.
1677 1657 1892 1725 quando
1924 1657 2027 1709 iste
2057 1656 2265 1723 periit?
2309 1655 2403 1709 Cui
2510 1654 3507 1724 nmltumqueqmesitus,etaliquando
3544 1662 3811 1722 repertus,
3850 1653 4089 1722 impera-

828 1762 950 1798 mox
999 1746 1222 1816 angelus
1266 1754 1451 1801 astans
1503 1747 1679 1801 dixit:
1716 1746 1792 1801 Ne
1841 1746 2091 1801 turbcris.
2126 1747 2228 1800 Istc
2258 1746 2399 1801 enim
2508 1746 2607 1797 tori
2641 1744 2909 1799 licentiam
2938 1746 3110 1799 daret.

827 1838 953 1892 licet
1016 1837 1181 1892 multa
1230 1836 1455 1904 fecerit,
1515 1848 1697 1893 tamen
1748 1854 1842 1908 per
1873 1838 1997 1891 illud
2026 1838 2212 1891 vitium
2259 1837 2401 1907 quod
2437 1816 2475 1872 Β
2508 1835 2633 1887 Car.
2660 1833 2836 1888 LXIV.
2868 1864 2937 1873 —
2958 1833 3093 1887 Item
3123 1833 3270 1887 aliud
3293 1834 3584 1905 exemplum
3601 1834 3755 1888 nimis
3775 1831 4092 1902 parendum.

823 1926 1112 1994 Apostolus
1141 1937 1296 1982 vocat
1324 1927 1720 1981 immunditiam
1747 1968 1761 1990 ,
1807 1934 2001 1981 cuncta
2045 1925 2285 1981 foedavit.
2334 1925 2410 1980 De
2582 1924 2832 1994 Legimus
2880 1925 2933 1978 in
2966 1924 3202 1980 llisloria
3251 1925 3425 1995 gentis
3472 1924 3764 1996 Anglorum
3794 1923 3933 1993 quod
3971 1920 4097 1991 quis

821 2036 929 2075 ouo
951 2021 1209 2091 propheta
1229 2021 1305 2074 ait
1339 2041 1349 2072 :
1387 2020 1579 2075 Manus
1611 2030 1787 2075 uestra:
1814 2018 2247 2088 sanguinepleua:
2267 2028 2407 2072 sunt.
2511 2017 2629 2072 dam
2662 2017 2947 2085 episcopus
2990 2017 3123 2070 duos
3165 2015 3360 2070 fratres
3384 2016 3649 2085 palatinos
3692 2016 3836 2070 viros
3866 2029 3964 2084 pro
4008 2028 4094 2066 rc-

824 2113 1098 2181 Siquidem
1125 2112 1229 2166 tale
1262 2111 1466 2180 aliquid
1498 2121 1682 2166 nostro
1707 2120 1946 2180 tempore
1976 2109 2219 2180 contigit,
2245 2111 2406 2179 quod,
2512 2106 2671 2173 pudio
2710 2122 2935 2159 uxorum
2966 2107 3475 2161 excommunicavit.
3521 2106 3758 2176 Contigit
3796 2113 3970 2160 autem
4031 2111 4093 2155 ut

823 2216 888 2253 ne
921 2201 1004 2254 sui
1029 2200 1264 2254 novitate
1290 2200 1534 2265 vilescat,
1565 2199 2015 2256 considerandum
2044 2208 2143 2253 est.
2513 2211 2602 2248 rex
2652 2195 2818 2263 ipsius
2849 2196 3025 2262 gentis
3062 2194 3216 2262 juxta
3258 2197 3476 2257 domum
3531 2197 3767 2266 ipsorum
3809 2195 4087 2249 transiret.

820 2314 946 2365 CAP.
994 2310 1127 2366 LXL
1161 2300 1228 2350 μ,
1262 2310 1589 2379 stupendum
1640 2313 1795 2364 nimis
1825 2312 1889 2363 de
1933 2311 2165 2379 quodam
2196 2311 2405 2381 ρνεδὺῃ,
2509 2284 2607 2350 Qui
2654 2284 2833 2381 multis
2864 2285 3252 2381 blandimentis
3298 2286 3578 2381 delinitus,
3614 2296 3671 2340 ut
3715 2285 3995 2381 apudneos‘
4021 2284 4091 2381 ad

1541 2393 1672 2433 tero.
1945 2372 1955 2379 ’
2196 2372 2206 2379 ’
2349 2372 2371 2381 ν
2508 2374 2877 2442 prandendum
2911 2373 3235 2435 diverteret,
3274 2375 3489 2429 tandem
3534 2374 3831 2429 consensit.
3864 2372 4093 2442 Expleta

2507 2473 2685 2519 autem
2710 2464 2958 2519 convivio
2982 2480 3103 2519 cum
3130 2464 3350 2529 rediret,
3375 2464 3612 2520 obviavlt
3638 2464 3970 2533 episc0pum.
3995 2460 4093 2531 qui

2509 2554 2703 2607 fratres
2734 2554 2853 2609 illos
2884 2555 3408 2620 excommunicavit;
3452 2568 3612 2623 quem
3658 2570 3781 2609 cum
3828 2554 4090 2616 vidisset,

2508 2648 2807 2711 intremuit,
2852 2657 2906 2700 et
2945 2648 3201 2702 exsilicus
3253 2648 3318 2701 de
3367 2661 3507 2716 equo
3541 2646 3593 2699 in
3630 2646 3826 2709 media,
3858 2654 3918 2699 ut
3946 2653 4087 2709 erat,

2506 2740 2613 2801 via,
2644 2738 2937 2807 prostravit
2989 2754 3046 2793 sc
3092 2738 3366 2806 episcopo.
3420 2737 3489 2789 At
3535 2736 3623 2790 ille
3656 2734 3981 2805 appropians
4018 2735 4091 2790 ad

2502 2844 2622 2882 cum
2660 2828 2847 2892 ferula,
2886 2843 3046 2897 quam
3090 2843 3252 2881 manu
3302 2826 3538 2888 tenebat,
3587 2826 3761 2893 tetigit
3787 2825 4011 2879 dicens:
4043 2823 4092 2877 Ο

2507 2934 2619 2981 rex,
2646 2934 2753 2972 non
2786 2933 2963 2971 meum
3007 2927 3090 2971 est
3116 2918 3393 2987 ignoscere
3418 2917 3533 2978 tibi,
3558 2916 3681 2986 quia
3705 2923 3890 2972 contra
3917 2913 4089 2969 Deum

2504 2998 2716 3072 fecisti,
2735 3008 2952 3076 quando
2985 3016 3037 3061 te
3065 3003 3555 3061 excemmunicatis
3580 3005 3818 3060 scienter
3842 3003 4089 3058 sociasti.

2506 3100 2712 3153 Idcirco
2743 3100 2843 3153 ista
2877 3099 3145 3153 sententia
3172 3107 3256 3153 est
3279 3098 3345 3153 de
3373 3107 3426 3152 te
3458 3116 3470 3150 :
3504 3096 3616 3152 Hoc
3642 3111 3785 3149 anno
3815 3095 3949 3149 mori
3986 3094 4089 3147 ba-

2505 3192 2599 3244 bes
2630 3190 2681 3243 in
2713 3190 2872 3243 domo
2919 3190 3059 3258 ipsa,
3093 3190 3145 3243 in
3173 3204 3278 3258 qua
3310 3187 3925 3244 excommunicationem
3960 3200 4093 3240 con-

2504 3280 2788 3350 tempsisti.
2822 3279 2975 3346 Quod
3020 3278 3221 3333 factum
3273 3287 3377 3342 est,
3417 3280 3556 3336 sicut
3603 3278 3675 3333 ibi
3706 3277 3923 3349 legitur.
3948 3276 4091 3330 Ecce

2504 3390 2595 3429 rex
2627 3390 2730 3428 non
2761 3372 2938 3442 potuit
2966 3373 3111 3426 hunc
3139 3380 3347 3425 reatum
3376 3370 3479 3424 nisi
3519 3369 3800 3424 moriendo
3842 3368 4085 3437 expiare.

2502 3465 2641 3519 Ecce
2680 3465 2965 3533 episcopus
2996 3477 3093 3517 nec
3120 3470 3400 3531 prostrato
3431 3460 3544 3530 regi
3584 3460 3635 3514 in
3665 3460 3885 3530 pulvere
3915 3459 4091 3529 potuit

2504 3555 2802 3623 ignoscere.
2834 3553 2909 3604 Ex
2935 3552 3019 3606 bis
3040 3566 3170 3619 ergo
3200 3550 3556 3620 colligendum
3579 3557 3681 3614 est,
3706 3548 3947 3617 quiancc
3971 3548 4091 3616 ipse

2500 3646 2807 3716 episcopus,
2840 3646 2994 3715 cujus
3020 3643 3514 3720 excommunicatio
3537 3642 3927 3705 contemnitur,
3968 3640 4091 3695 sine

2499 3738 2823 3811 gravissima
2867 3738 3187 3807 poenitentia
3219 3736 3523 3806 huiusmodi
3554 3735 3765 3793 facinus
3806 3735 4089 3805 ignoscere

896 2493 1125 2560 Quidam
1174 2509 1405 2562 namque
1454 2494 1739 2564 presbyter
1776 2495 1827 2547 iu
1863 2495 2007 2563 Pago
2039 2494 2405 2549 Abitiucatino

817 2584 883 2637 de
913 2586 1244 2640 continentia
1279 2586 1680 2653 desperaverat.
1743 2584 1837 2639 llic
1868 2601 1962 2655 per
2018 2600 2206 2640 novem
2257 2586 2403 2641 vices

823 2676 1047 2729 Romam
1075 2676 1224 2738 adiit.
1246 2691 1274 2729 a
1291 2676 1349 2729 Β.
1368 2675 1529 2729 Petro
1562 2677 1765 2728 scilicet
1786 2677 2159 2745 impunitatem
2182 2676 2405 2731 sceleris

818 2766 969 2833 quasi
1016 2776 1237 2834 propter
1284 2766 1619 2835 frequentem
1647 2768 1747 2821 loci
1776 2768 2139 2821 visitationem
2176 2784 2402 2837 sperans

817 2857 1116 2924 promereri
1152 2874 1164 2919 ;
1228 2857 1475 2925 quamvis
1518 2859 1662 2911 enim
1691 2858 2255 2926 peccattimtieserere
2285 2858 2402 2911 uol—

816 2945 910 3006 iet,
953 2954 1129 2998 tamen
1162 2947 1511 3000 vehementer
1555 2947 1798 3010 timebat,
1846 2949 2101 3015 quoniam
2142 2949 2241 3003 iste
2285 2963 2402 3001 mos

815 3042 898 3086 cst
950 3049 1260 3103 pravorum,
1319 3043 1375 3086 ut
1417 3035 1542 3089 licet
1582 3036 1634 3088 in
1685 3036 1839 3104 culpa
1891 3036 2227 3105 superbiant,
2273 3036 2398 3090 licet

813 3140 975 3192 prava
1004 3125 1151 3180 feras
1180 3126 1435 3181 audacter
1493 3126 1711 3186 faciant.
1751 3128 1802 3181 in
1828 3130 1990 3183 corde
2023 3139 2201 3184 tamen
2236 3129 2398 3198 trepi-
2427 3158 2469 3217 ρ

814 3217 946 3269 dare
976 3225 1262 3285 coguntur,
1294 3226 1354 3269 ut
1387 3216 1499 3285 ipse
1525 3218 1686 3270 timor
1716 3219 1785 3273 sit
1810 3229 1968 3289 aptus
1996 3220 2147 3273 testis
2176 3219 2397 3273 damna-

818 3305 1000 3358 tionis.
1031 3303 1183 3360 Unde
1225 3306 1395 3360 Adam
1432 3316 1552 3376 post
1579 3308 1787 3376 culpam
1818 3310 1883 3361 ad
1921 3308 2203 3362 latibulum
2239 3308 2398 3378 fugit,

813 3396 905 3447 sed
940 3405 1118 3451 tamen
1166 3397 1327 3450 etiam
1364 3398 1559 3451 timens
1588 3397 1741 3469 fugit,
1798 3399 2024 3452 multum
2050 3400 2245 3465 timuit,
2271 3400 2398 3468 quia

814 3488 925 3541 Deo
971 3488 1180 3541 duriter
1230 3488 1525 3557 respondit.
1576 3490 1673 3543 Hic
1703 3506 1830 3560 ergo
1872 3491 2066 3544 timens
2096 3492 2247 3558 quasi
2273 3493 2400 3545 reli-

815 3579 991 3648 gionis
1024 3580 1344 3647 obsequium
1374 3579 1671 3635 deferebat.
1706 3581 1811 3635 Sed
1866 3591 1925 3636 ut
1964 3581 2101 3636 Deus
2150 3584 2401 3638 ostende-

815 3678 915 3731 ret,
957 3668 1099 3737 quod
1131 3667 1559 3724 satisfactionem
1606 3671 1707 3724 nisi
1746 3686 1842 3739 pro
1869 3671 1953 3724 his
1979 3673 2238 3742 peccatis,
2279 3688 2400 3742 qua!

812 3760 1157 3822 deseruntur,
1219 3774 1324 3812 non
1373 3761 1595 3829 recepit,
1642 3776 1763 3815 cum
1814 3762 2016 3817 rediret
2059 3778 2199 3816 nona
2257 3764 2396 3826 vice,

814 3858 868 3903 et
897 3849 1050 3917 quasi
1081 3849 1324 3904 securior
1359 3851 1703 3904 concubitum
1761 3861 2047 3919 repeteret.
2093 3854 2164 3907 ita
2219 3853 2399 3908 divino
2500 3837 2695 3898 Ρθίθδί·

806 3940 1011 4008 judicio
1033 3942 1198 3995 miser
1231 3942 1454 4005 interiit,
1498 3952 1556 3994 ut
1580 3958 1701 3996 cum
1726 3959 1906 3997 semen
1935 3943 2253 4011 effunderct,
2285 3948 2400 4000 ani-
2498 3943 2624 3998 Cap.
2667 3939 2824 4011 LXV.
2854 3970 2923 4011 ε
2954 3937 3476 4011 (incuteret-arentia
3508 3934 3791 4011 episcopali
3812 3934 4089 4011 cathedra:

812 4047 955 4085 mam
992 4033 1197 4103 pariter
1241 4033 1553 4098 exhalaret,
1595 4033 1733 4089 sicut
1773 4034 1959 4089 infelix
2000 4036 2194 4090 mulier
2218 4000 2401 4105 perbi-
2568 4010 2956 4134 ῗίξηίέἶξξηάεα·
3012 4008 3087 4061 De
3144 4009 3334 4061 domno
3382 4005 3537 4059 Paro
3581 4000 3942 4058 Alexandrino
3989 4020 4086 4073 pa-

814 4122 949 4175 lutit.

812 4232 921 4286 CAP
973 4232 1106 4286 LX”
1159 4264 1230 4273 _
1275 4233 1430 4298 Quod
1457 4236 1834 4307 qualiscunque
1863 4238 2151 4293 sacerdotis
2193 4254 2398 4291 ϐποῃῇ
2567 4192 2704 4247 Huic
2738 4192 2975 4246 instante
3002 4188 3273 4259 passionis
3304 4185 3536 4240 articulo
3562 4183 3815 4241 Christus
3860 4196 3957 4253 per
3995 4197 4084 4237 so-

928 4272 940 4285 '
1021 4304 1028 4307 .
1114 4272 1137 4307 ’.
1322 4305 1328 4307 Α
2055 4300 2058 4303 λ
2499 4284 2701 4307 .....:.-...
2743 4282 2907 4307 ..:.....:..
2942 4279 3228 4307 -..ιη-,ιηηη
3276 4276 3483 4307 Ρηιηηηυ
3528 4274 3775 4307 ηηηανηίι
3866 4274 4082 4307 imlnnm

885 4274 1170 4356 inimico-lio
1208 4274 2396 4373 υαῖἷιεᾜιἕιλῖάῖῖνᾶἵιὲῖ,τίἕῖιλῖἱὲῖταιρῖῦῖιῗίη
2499 4284 2703 4338 “mium
2743 4279 3228 4373 “imioisplel‘dwe
3274 4276 3486 4373 ﬁnge?"
3511 4274 3815 4373 f‘ppamift
3866 4274 4084 4373 “"1"”?

883 4374 1035 4446 cujus
1079 4360 1505 4446 interitisiIJsed
1564 4376 1718 4446 cujus
1770 4360 2082 4446 auctoritate
2121 4376 2217 4428 hoc
2248 4376 2394 4443 facit,
2498 4373 2745 4428 videlicet
2773 4371 2981 4426 colobio
3026 4368 3189 4423 nimis
3233 4365 3638 4429 candidissimo,
3670 4363 3765 4419 sed
3806 4376 3977 4432 usque
4015 4360 4084 4416 ad

879 4444 1087 4533 eti-(tum
1130 4443 1327 4510 injuste
1376 4444 1595 4511 videtur,
1624 4443 1635 4446 ⁷
1662 4446 1800 4515 quod
1849 4444 2002 4507 obsit,
2043 4447 2398 4498 excommuui-
2427 4507 2469 4533 Π
2500 4465 2665 4533 pedes
2692 4463 2893 4523 scisso;
2924 4461 3067 4528 ηυοιι
3097 4467 3278 4512 tamen
3322 4456 3592 4531 ροιοδξυιῃ
3624 4454 3886 4516 ambabus
3911 4452 4083 4507 mani-

978 4513 987 4522 .
1180 4507 1190 4510 -
1582 4507 1590 4511 .
1674 4507 1685 4515 .
2515 4507 2665 4519 ,ww
2692 4507 2893 4523 ηψπ,
2928 4507 3067 4528 .,--.,
3790 4507 3810 4509 ν,
3873 4507 3877 4508 ,

882 4523 1043 4565 “mo.
2423 4507 2469 4564 Β
2501 4507 2599 4609 bus
2638 4554 2703 4609 ad
2752 4563 2939 4625 peetus
2992 4565 3146 4625 suum
3196 4547 3514 4616 stringebat,
3568 4544 3867 4599 nuditatem
3925 4556 4080 4597 suam

880 4624 1013 4681 Cum
1043 4635 1168 4680 ante
1195 4627 1289 4682 bos
1334 4642 1505 4682 annos
1548 4628 1720 4682 sancti
1741 4627 1971 4684 Andreae
1996 4628 2311 4687 solemnitas
2341 4631 2393 4684 in
2499 4644 2663 4715 quod:

2297 4645 2311 4684 ⁵
2341 4631 2393 4684 ill
2499 4620 2897 4715 quodaminodo
2927 4620 3196 4709 operiens.
3233 4637 3403 4702 Quem
3431 4634 3707 4707 Christum
3732 4647 3854 4687 esse
3891 4632 4080 4687 Petrus

798 4719 983 4788 prima
1032 4717 1311 4773 Dominica
1389 4718 1654 4773 Dominici
1704 4719 1982 4775 Adventus
2009 4722 2392 4788 concurrisset,
2501 4714 2580 4796 im

2294 4730 2392 4788 δεῖν
2501 4714 2825 4806 intelligens,
2850 4746 2972 4786 cum
3020 4728 3222 4797 ingenti
3270 4729 3496 4781 horrore
3545 4726 3811 4780 attonitus
3842 4724 3965 4778 ait:
4007 4714 4077 4777 Mi

806 4811 1026 4881 quidam
1073 4809 1329 4865 sacerdos
1380 4811 1703 4880 pnsensibus
1741 4813 1853 4867 suis
1894 4822 2150 4885 utrasque
2203 4814 2396 4869 missas
2502 4826 2747 4892 Domine,
2779 4824 3023 4887 Domine,
3059 4822 3180 4891 quis
3213 4822 3315 4874 hoc
3347 4818 3506 4874 fecit?
3543 4818 3613 4873 At
3646 4818 3736 4873 ille
3763 4818 3877 4893 ait:
3910 4817 4080 4872 Anius

806 4902 998 4955 audire
1021 4900 1293 4969 praecepit.
1335 4900 1476 4954 Inter
1501 4915 1636 4970 quos
1658 4910 1775 4955 erat
1802 4903 2062 4969 medicus,
2096 4903 2187 4972 qui
2213 4902 2395 4956 audita
2500 4917 2589 4971 mn

2297 4902 2395 4956 πίει
2500 4917 2629 4971 mihi
2660 4916 2761 4970 hoc
2792 4912 2936 4969 fecit.
2974 4911 3067 4966 Hic
3097 4925 3225 4981 ergo
3252 4910 3443 4964 Petrus
3474 4920 3714 4979 tempore
3737 4910 4080 4979 episcopatus

807 4990 983 5058 prima
1043 4990 1204 5043 missa
1241 4989 1511 5045 discessit.
1571 4989 1740 5057 Quem
1770 5006 1890 5045 cum
1922 4995 2175 5047 sacerdos
2218 4994 2393 5048 incre—
2501 5022 2774 5079 "unquam
2822 5006 2874 5065 in
2906 5003 3163 5064 cathedra
3199 5018 3295 5056 sua
3321 5002 3509 5057 sedere
3544 5002 3735 5064 voluit,
3781 5002 3874 5054 sed
3918 5014 4081 5070 super

804 5089 1009 5148 pﬂSSCl,
1068 5079 1199 5134 dure
1229 5080 1277 5133 Cl
1316 5080 1611 5149 respondit.
1689 5084 1756 5134 Ᾱῑ
1786 5082 1873 5135 ille
1904 5084 2393 5137 excommunicavit
2500 5098 2790 5154 scabellum
2825 5096 2990 5166 ipsius
3033 5094 3308 5151 cathedrm
3348 5092 3641 5148 residebat,
3676 5092 3905 5163 Propter
3935 5094 4079 5163 quod

806 5189 952 5227 eum.
1003 5173 1071 5225 ΑΙ,
1096 5187 1225 5227 vero
1266 5172 1437 5226 iratus
1473 5174 1713 5227 medicus
1744 5175 1809 5227 at]
1842 5190 1994 5227 suam
2022 5176 2238 5228 domum
2276 5176 2388 5229 diS-
2500 5189 2809 5240 Γιηραιιειιῑει·
2835 5184 3013 5239 clerus
3039 5192 3095 5238 et
3127 5182 3351 5240 populus
3398 5190 3586 5237 contra
3613 5196 3737 5237 eum
3780 5175 4081 5240 querebau-
