4516 5500
858 327 963 384 407

865 524 1622 556 mg

1134 539 2084 555 imm

1821 342 1875 396 S.
1920 343 2335 400 DUNSTANUS
2372 345 2691 404 ARClllEi‘.
2734 349 3081 407 CANTUAR.

1989 700 2152 742 ANNO
2198 702 2426 745 DOMINI
2472 704 2971 749 DCCCCLXXXVIII.

1440 868 2287 1032 SANCTUS
2399 880 3277 1035 DUNSTAN
3300 882 3532 1039 US

1876 1139 2461 1197 ARClllEPlSCOPUS
2499 1142 3068 1201 CANTUARIENSIS.

1519 1423 1909 1552 VITA
2011 1424 2572 1554 SANCTI
2672 1429 3462 1557 DUNSTANI

1608 1654 1949 1709 AUCTORE
1991 1657 2334 1712 OSBIL'IiNO
2380 1658 2937 1715 CANTLMRIENSI
2975 1661 3339 1717 MONACIIO

1370 1809 1544 1877 (Apud
1579 1810 1802 1876 .“illilll.,
1834 1812 1961 1865 Acta
1992 1822 2292 1867 sanctorum
2316 1814 2518 1868 ordinis
2551 1813 2611 1868 S.
2645 1814 2938 1883 Benedicti,
2968 1815 3158 1871 Sa'culi
3184 1816 3249 1882 V,
3276 1832 3395 1888 pag.
3423 1817 3569 1886 654.)

1828 2108 2624 2189 )BSERVATIONES
2686 2107 3135 2192 l’RZEVUE.

912 2307 959 2357 1,
989 2304 1133 2375 Inter
1155 2301 1386 2375 eximios
1413 2301 1718 2375 Anglicana-
1746 2303 2001 2375 Ecclesim
2032 2322 2129 2375 per
2158 2311 2411 2365 sarculum
2442 2315 2489 2370 Α
2518 2318 2635 2363 esto
2672 2309 2952 2375 Prologus,
2978 2308 3192 2362 Albrieo
3224 2323 3317 2362 seu
3362 2307 3562 2361 Alfrieo
3615 2308 3881 2365 Ell'ricnve
3932 2314 4106 2371 altero

837 2393 866 2427 κ
908 2374 1191 2444 pontiﬁces
1246 2373 1426 2425 nescio
1457 2388 1543 2444 an,
1573 2374 1804 2441 primum
1834 2374 2007 2428 locum
2035 2373 2305 2434 lmeretur
2362 2380 2419 2439 S.

840 2443 1166 2518 lhmslanus,
1186 2457 1345 2518 quem
1368 2443 1582 2511 egregia
1608 2445 1735 2518 vitae
1749 2445 2026 2518 sanctitas.
2044 2448 2123 2518 ait
2141 2449 2421 2518 Baronius,

836 2513 1189 2569 sacerdotalis
1218 2513 1437 2564 immota
1470 2516 1797 2577 constantia,
1823 2514 2089 2570 claritudo
2134 2513 2423 2574 miraculo;

836 2602 977 2646 rum,
1009 2591 1064 2636 et
1094 2583 1275 2635 omnia
1311 2580 1548 2650 Spiritus
1599 2584 1768 2637 sancti
1819 2582 2149 2640 charismata
2186 2590 2422 2643 illustra-

837 2663 984 2715 runt,
1010 2652 1208 2722 quibus
1231 2652 1393 2705 etiam
1429 2653 1563 2706 adde
1594 2651 1934 2720 splendorem
1981 2653 2261 2711 natalium.
2296 2660 2423 2717 lndc

836 2725 889 2777 in
920 2724 1035 2791 ejus
1098 2722 1283 2775 laudes
1314 2722 1465 2789 quasi
1512 2723 1758 2776 certatim
1809 2735 2106 2779 excurrunt
2133 2727 2422 2785 Britannia:

835 2795 1023 2846 insulae
1064 2792 1377 2867 sc_riptore_s,
1411 2793 1667 2867 :equales,
1696 2809 1957 2867 suppares
1982 2836 1995 2856 ,
2032 2799 2422 2867 subsequentes

836 2879 898 2918 ac
924 2862 1276 2938 recentiores.
1311 2860 1385 2913 Ex
1416 2863 1716 2928 {equalihus
1745 2860 1774 2913 «ἡ
1800 2864 1887 2915 alii
1907 2907 1926 2938 _,
1966 2876 2099 2938 teste
2151 2860 2419 2938 (isliernp,

834 2934 939 2988 etsi
979 2932 1112 2987 satis
1141 2931 1437 3001 eleganter,
1467 2949 1571 2984 non
1608 2941 1783 2985 tamen
1816 2935 1947 2987 satis
1983 2936 2298 3001 diligenter,
2327 2931 2419 2995 sed

831 3012 1093 3073 quantum
1145 2998 1583 3055 ad’nocturnum
1642 3002 1949 3056 festivitatis
2002 2998 2232 3061 ollicium
2286 3011 2419 3066 satis

832 3072 1279 3144 essejudicantes
1311 3111 1326 3134 ,
1380 3072 1777 3144 sermocinandi
1815 3074 1899 3144 ad
1946 3076 2198 3144 populum
2261 3081 2419 3134 modo

833 3140 1122 3217 scripsere.
1171 3140 1273 3194 Alii
1314 3151 1494 3193 autem
1526 3143 1648 3195 dum
1694 3142 1856 3217 nimis
1901 3140 2205 3217 diligenter,
2230 3163 2420 3217 quem-

834 3212 1121 3267 admodum
1166 3226 1393 3280 quaeque
1437 3226 1522 3282 res
1563 3221 1683 3265 acta
1723 3212 1813 3274 sit,
1842 3212 2111 3282 explicare
2153 3212 2417 3271 conaren-

835 3293 942 3346 tur,
974 3282 1297 3350 elegantiam
1328 3281 1696 3349 perdiderunt,
1742 3281 1991 3350 atquein
2034 3285 2158 3338 illud
2206 3287 2415 3342 dicendi

834 3369 1028 3423 genus,
1060 3351 1199 3423 quod
1229 3350 1507 3423 sufl'ulttun
1530 3350 1786 3423 Romana:
1818 3353 2067 3422 princeps
2096 3356 2417 3423 eloquentize

832 3420 1010 3486 vccat,
1046 3420 1373 3475 inciderunt.
1411 3421 1511 3485 Qui
1537 3437 1665 3493 vero
1696 3420 2178 3493 inutraqueparte
2203 3420 2414 3483 dicendi

834 3493 1271 3554 elaboraverunt,
1301 3501 1361 3544 ut
1389 3500 1571 3543 esst-nt
1598 3491 1769 3544 festivi
1803 3494 2007 3559 pariter
2029 3491 2195 3562 atque
2223 3511 2417 3551 secun-

834 3564 957 3616 dum
989 3572 1170 3631 gestas
1196 3577 1281 3615 res
1310 3562 1445 3613 bene
1471 3562 1701 3613 ordinati
1728 3577 1741 3623 ;
1774 3562 1964 3615 horum
2012 3566 2211 3632 scripta
2244 3567 2294 3619 in
2328 3568 2414 3621 illo

832 3633 1081 3709 i_ncen_dio
1102 3640 1419 3709 consumpta
1441 3639 1585 3709 sunt,
1602 3632 1743 3699 quod
1766 3641 1888 3684 ante
1912 3633 2009 3685 hos
2032 3650 2201 3688 annos
2228 3646 2412 3691 sancta
2450 3652 2490 3709 Β

836 3703 1262 3757 Doroberncnsis
1290 3700 1519 3769 ecclesia
1562 3716 1681 3754 cum
1716 3716 1910 3769 magno
1956 3718 2173 3756 suarmn
2232 3722 2412 3761 rerum

835 3774 1157 3844 detrimento
1187 3786 1440 3844 perpessa
1485 3768 1666 3844 fuisse
1716 3770 2065 3839 dignoscitur.
2122 3795 2139 3824 ι
2195 3775 2413 3844 Triplex

838 3844 994 3896 istius
1032 3842 1259 3896 ecclesia
1308 3840 1612 3894 incendium
1662 3852 2052 3895 commemorat
2096 3840 2411 3900 Gerv'asius.

832 3914 1095 3974 Primum,
1136 3930 1154 3962 ι
1184 3912 1398 3979 quando
1448 3910 1637 3981 beatus
1666 3923 1873 3980 martyr
1924 3912 2137 3981 Ellegus
2172 3930 2200 3966 a
2250 3915 2415 3971 Danis

831 3994 1023 4047 captus
1072 3992 1154 4035 est
1204 3990 1257 4035 et
1306 3980 1563 4049 martyrio
1611 3990 1901 4051 coronatus
1938 4002 1954 4031 ι
2008 3980 2231 4051 (nempe
2276 4003 2414 4039 anno

833 4054 1012 4121 1020).
1051 4071 1069 4101 ‹
1107 4052 1412 4105 Secundum
1441 4090 1455 4112 ,
1508 4066 1629 4103 eum
1684 4050 2016 4105 Lanfrancus
2062 4053 2413 4109 Cadomensis

831 4124 1003 4177 abbas
1074 4122 1596 4189 archicpiseOpalnm
1684 4121 2091 4174 Cantuariensis
2164 4123 2415 4178 Ecclesiae

832 4193 1071 4258 suscepit
1104 4193 1416 4261 regendum.
1449 4210 1465 4239 ι
1511 4191 1585 4261 (id
1614 4202 1686 4241 est
1751 4207 1888 4261 anno
1918 4190 2076 4260 1070)
2115 4212 2131 4240 ι
2170 4192 2411 4245 Tertium

831 4279 959 4317 vero
1018 4272 1259 4331 tempore
1320 4260 2029 4331 Richardi‘archiepiscopi
2096 4270 2151 4315 et
2212 4262 2413 4317 Odonis

831 4333 1044 4402 prioris.
1089 4329 1367 4384 {Scilicet
1391 4344 1533 4402 anno
1561 4329 1683 4393 974,
1710 4335 1854 4397 quod
1900 4341 2229 4399 postrennun
2279 4332 2412 4386 Ger-

828 4400 1013 4457 vasius
1044 4400 1470 4472 Dorobernensis
1505 4402 1833 4472 monachus
1856 4402 2109 4470 graphice
2152 4402 2409 4472 depingit.

830 4474 907 4525 De
935 4472 1171 4526 secundo
1206 4470 1583 4539 intelligendus
1620 4480 1705 4523 est
1744 4470 2025 4539 iOsbernus
2049 4512 2060 4530 ,
2112 4487 2268 4537 quem
2312 4470 2411 4527 sub

832 4542 1135 4596 Laufranco
1168 4538 1415 4611 ﬂoruisse
1458 4549 1688 4611 constat.
1734 4538 1930 4611 subdit
1972 4542 2246 4611 Osbernus
2288 4551 2413 4611 post

828 4614 1105 4678 przctuissa
1142 4629 1154 4663 :
1194 4632 1211 4662 ι
1248 4610 1352 4663 Sed
1370 4611 1450 4681 Aab
1478 4609 1560 4662 his
1588 4648 1601 4671 ,
1654 4610 1902 4676 inquiunt
1929 4652 1940 4670 ,
1990 4610 2164 4677 aliqua
2216 4612 2267 4664 in
2293 4609 2413 4681 ipa-

831 4682 1018 4746 trium,
1051 4682 1100 4736 id
1134 4690 1216 4735 est
1247 4679 1528 4749 Anglicum
1557 4694 1887 4740 sermonem,
1922 4682 2182 4750 translata
2225 4679 2413 4750 super-

830 4762 955 4804 sunt
984 4770 995 4803 :
1022 4769 1084 4805 ex
1116 4753 1311 4821 quibus
1338 4750 1417 4803 vel
1438 4750 1487 4821 id
1512 4750 1744 4816 petimus
1766 4750 1981 4812 elicere,
2006 4758 2060 4803 et
2087 4750 2137 4803 in
2164 4749 2409 4805 Latinam

833 4823 1012 4876 denuo
1045 4819 1277 4891 linguam
1306 4819 1618 4874 transferre.
1656 4838 1673 4870 ι

901 4893 953 4946 ‘2.
996 4892 1071 4946 Ex
1103 4888 1353 4945 omnibus
1403 4904 1532 4958 ergo
1578 4888 1798 4959 scriptis
1851 4905 1969 4957 quae
2018 4890 2082 4941 de
2136 4891 2412 4945 Dunstano

829 4963 1013 5017 statim
1048 4970 1168 5031 post
1206 4961 1322 5030 ejus
1352 4970 1577 5031 mortem
1625 4962 1842 5031 condita
1888 4971 2048 5018 sunt.
2094 4971 2413 5029 supererant

832 5041 1043 5087 tantum
1073 5031 1317 5086 Osberno
1346 5030 1619 5083 scribente
1653 5030 1809 5098 primi
1840 5046 1903 5083 ac
1946 5031 2165 5083 secundi
2197 5033 2411 5098 generis

832 5102 1261 5163 lucubrationes,
1291 5114 1410 5170 quae
1439 5098 1523 5170 vel
1550 5099 1614 5170 ad
1667 5108 1988 5154 nocturnum
2024 5099 2255 5154 cilicium
2304 5118 2414 5154 ser-

829 5173 1131 5225 mocinandi
1159 5169 1354 5233 modo;
1386 5169 1465 5223 vel
1496 5169 1845 5237 ineleganter,
1881 5170 2092 5223 tametsi
2136 5182 2410 5235 accurate,

829 5241 983 5297 facta
1015 5242 1250 5306 fuerant;
1281 5256 1400 5309 qua:
1426 5255 1553 5294 vero
1579 5251 1834 5294 accurate
1867 5241 2026 5293 simul
2058 5248 2111 5293 et
2140 5242 2414 5310 eleganter

830 5314 1066 5383 scripto,
1093 5328 1188 5367 eas
1215 5310 1509 5365 secundum
1536 5310 1666 5383 illud
1697 5311 2123 5383 Dorohernensis
2172 5311 2413 5365 eet-lesia:

827 5378 1140 5440 incendium
1175 5390 1600 5450 consumpserat.
1635 5378 1868 5434 Secundi
1895 5382 2108 5451 generis
2137 5390 2411 5434 auctorem

835 5454 1009 5500 reneri
1075 5453 1125 5500 in
1184 5468 1284 5500 ms.
1342 5451 1527 5500 codice
1578 5450 1911 5500 monasterii
1951 5450 2226 5500 Vedastini
2274 5450 2413 5500 anud

2439 4998 2483 5057 C

2526 2388 2649 2447 post
2680 2380 3015 2433 Dunstannm
3048 2378 3423 2449 Cantuariensi
3454 2378 3863 2449 archiepiscopo
3895 2400 4104 2439 nuncu-

2526 2459 2686 2516 palus
2716 2451 2766 2502 in
2819 2450 2958 2502 hunc
3008 2450 3263 2501 modum:
3306 2467 3323 2496 ι
3361 2447 3711 2516 Pcrprudenti
3761 2447 3975 2506 domino
4003 2457 4105 2508 Ar-

2526 2520 2669 2572 conti
2699 2519 2915 2572 Albrico
2940 2560 2953 2581 ,
2986 2519 3223 2572 oumimn
3266 2520 3500 2571 extimus
3546 2520 3883 2574 sacerdotum
3934 2523 3993 2577 Β.
4024 2526 4105 2578 vi-

2528 2587 2700 2656 lisque
2738 2590 3010 2641 Saxonum
3042 2588 3313 2659 indigena,
3349 2586 3455 2659 alta
3489 2588 3734 2653 polormn
3778 2593 3990 2659 gaudia.
4026 2594 4105 2648 Te

2525 2660 2761 2739 quidem,
2796 2666 2979 2726 pastor
3003 2657 3273 2743 prmcclsne,
3316 2658 3383 2710 ob
3408 2657 4100 2743 enormitatem:divulgare

2525 2728 2753 2796 peritire,
2779 2743 2981 2848 perque
3024 2727 3362 2794 magniﬁcam
3411 2726 3677 2793 placidam
3719 2726 3991 2797 privilegii
4022 2733 4103 2787 di-

2525 2798 2804 2848 enitatem.
2846 2814 2895 2848 at
2946 2797 3360 2848 insunerabilem
3396 2796 3523 2848 mihi
3559 2798 3841 2848 tuitionem
3871 2811 4103 2848 canem;

2524 2798 2804 2865 gnitatem,
2846 2796 2911 2850 ad
2946 2797 3360 2864 insuperabilcm
3396 2796 3523 2849 mihi
3559 2798 3841 2851 tuitionem
3871 2796 4105 2858 creteros

2523 2882 2785 2940 quosque.
2817 2866 3062 2935 quamvis
3093 2866 3205 2940 sint
3234 2866 3473 2940 doctrina
3501 2867 3767 2940 perSpicui
3788 2909 3801 2930 ,
3832 2871 4103 2940 excipien-

2524 2938 2644 3007 dam
2680 2952 2977 3007 sccvrnam,
3015 2936 3104 3003 qui
3156 2937 3389 3007 quodam
3434 2935 3702 3007 luculento
3744 2935 4102 3007 cuinpelentis

2525 3006 2785 3060 facundize
2835 3006 3082 3068 calamo,
3140 3006 3379 3059 decentis
3433 3005 3652 3066 aeditui,
3718 3005 4102 3065 almi‘scilicct

2526 3076 2807 3138 Dunstani,
2846 3076 3034 3129 merita
3066 3085 3408 3128 monumenta
3440 3074 3708 3142 protelare
3758 3094 4008 3143 conarer,
4045 3080 4097 3133 in

2525 3146 2759 3219 inempta
2780 3146 3026 3219 gloriosee
3052 3145 3173 3198 vita:
3204 3146 3369 3219 ipsius
3399 3146 3656 3219 prommia
3688 3163 3909 3219 omnem
3937 3150 4096 3219 hujus

2522 3216 2761 3287 Opusculi
2797 3214 3195 3287 dillinitionem_
3219 3214 3471 3287 degeneri
3508 3214 3767 3287 Avitiorum
3815 3218 3950 3287 ston
3976 3214 4019 3281 ,⁷
4042 3228 4101 3273 ut

2520 3282 2718 3345 cernis,
2754 3285 3126 3356 attaminando
3173 3284 3453 3356 fmdarem.
3499 3282 3839 3353 Quapropter
3865 3282 4099 3356 'primus

2519 3369 2629 3422 prae
2678 3355 2887 3408 cmtcris
2932 3354 3306 3425 hujuscemodi
3345 3354 3579 3407 dedecus
3624 3357 3801 3423 patula
3837 3354 4100 3425 protesta-

2522 3426 2667 3477 tione
2699 3433 2802 3476 ture
2852 3423 3127 3476 serenitati
3180 3422 3436 3492 proﬁteor
3464 3464 3478 3485 ,
3524 3422 3714 3492 iiteqtie
3770 3422 3904 3481 adeo
3950 3443 4100 3484 more

2520 3494 2881 3561 aligerorum,
2914 3494 3005 3562 qui
3059 3508 3116 3546 sc
3162 3494 3472 3561 priusquam
3524 3494 3873 3560 professionis
3912 3513 4096 3553 vocem

2518 3566 2805 3625 emittant,
2858 3564 3063 3615 alarum
3116 3563 3390 3631 plausibus
3452 3562 3735 3632 ‘ﬂagellare
3806 3566 4096 3633 videntur,

2520 3634 2751 3706 prepriis
2786 3634 3407 3706 verborumjcrberibus
3427 3672 3440 3691 .
3469 3635 3584 3706 _t_uis
3606 3634 3916 3706 provolutus
3942 3638 4094 3706 geni-

2518 3701 2641 3768 bus,
2678 3718 2980 3757 exonerans
3025 3701 3221 3774 allligo,
3262 3722 3283 3774 i_
3314 3713 3418 3755 etc.
3467 3701 3564 3755 llic
3612 3702 3918 3774 illegrstylus
3945 3701 4095 3761 Ἰ»οηί

2517 3775 2769 3837 oratoris,
2802 3790 2959 3842 quem
2986 3788 3105 3827 esse
3136 3772 3499 3825 Bridt‘erthmn
3524 3772 3754 3842 comobii
3782 3772 4097 3830 llamcsien-

2518 3844 2593 3897 sis
2624 3840 2945 3897 monachum
2974 3842 3236 3909 conjicio,
3272 3851 3383 3895 tum
3436 3858 3501 3894 ex
3547 3840 3589 3893 B
3636 3842 3814 3896 littera
3864 3847 4097 3901 nominis

2518 3913 2731 3973 initiali,
2763 3929 2921 3981 quam
2968 3914 3185 3981 prmfert
3224 3912 3546 3966 Vedastinus
3587 3912 3754 3966 codex
3782 3953 3796 3975 ,
3858 3924 3967 3968 tum
4023 3930 4092 3970 ex

2516 3992 2671 4037 aetate
2703 3983 3026 4043 Bridferthi,
3070 3997 3228 4050 quem
3276 3982 3516 4036 Abbonis
3562 3982 3882 4050 discipulum
3931 3984 4097 4040 fuisse

2518 4052 2727 4107 Pitsens
2754 4053 2937 4115 tradit,
2964 4061 3124 4118 atque
3152 4052 3251 4103 sub
3298 4067 3493 4104 annum
3540 4051 3643 4105 980
3670 4054 3887 4107 vixisse.
3936 4054 4098 4110 Certe

2515 4124 2759 4191 quisquis
2800 4122 2885 4173 ille
2915 4130 2996 4175 est
3046 4120 3102 4173 Β.
3136 4121 3293 4187 hujus
3331 4120 3669 4191 stribiliginis
3698 4132 3914 4185 auctor,
3945 4125 4095 4178 Dun—

2516 4190 2961 4263 stanoarmialem
3018 4192 3184 4263 fuisse
3220 4190 3533 4263 intelligitur
3554 4206 3621 4244 ex
3652 4192 3735 4246 his
3758 4193 3936 4247 verbis
3976 4209 4095 4263 qua:

2516 4263 2616 4314 sub
2672 4261 2830 4313 liuent
2886 4262 3334 4332 vitrerleguntur.
3400 4259 3699 4332 (Equum
3758 4272 3937 4316 tamen
3977 4259 4099 4319 esse

2516 4332 2769 4391 arbitror,
2798 4339 2937 4386 utea
2968 4330 3144 4384 saltim
3195 4346 3315 4399 qure
3345 4330 3425 4383 vel
3458 4340 3672 4400 egomet
3709 4333 3835 4397 vidi,
3868 4334 3951 4385 vel
3998 4347 4097 4386 au-

2515 4401 2646 4461 divi,
2670 4400 2813 4468 justa
2840 4402 2931 4453 Dei
2958 4402 3323 4455 admonitione
3346 4400 3653 4455 stimulatus
3681 4417 3938 4471 proposse
3968 4403 4097 4456 cha-

2516 4472 2696 4524 ritatis
2723 4472 2971 4523 enodem.
3009 4489 3039 4541 »ν
3063 4471 3303 4541 Denique
3356 4471 3573 4539 scripsit
3603 4473 3702 4525 sub
3747 4471 3976 4525 [Elh'ico
4002 4488 4093 4525 ar-

2514 4541 2862 4610 chiepiscopo
2890 4580 2903 4600 ,
2954 4540 3043 4607 qui
3101 4557 3242 4594 anno
3281 4557 3309 4594 a
3351 4541 3610 4595 [tunstani
3648 4541 3797 4595 obitu
3857 4542 4097 4596 secundo

2514 4610 2891 4665 Cantuariensi
2936 4610 3191 4664 Ecclesia:
3224 4625 3452 4678 pratesse
3477 4612 3661 4679 erepit.
3699 4610 3849 4667 Unde
3880 4621 4097 4666 nonest

2514 4680 2907 4736 contemnenda
2952 4681 3067 4747 ejus
3100 4680 3394 4733 auctoritas
3438 4682 3489 4733 in
3530 4682 3895 4751 singularibus
3935 4683 4095 4737 factis

2513 4752 2868 4819 exponendis,
2902 4766 3019 4819 qua:
3057 4752 3123 4803 ab
3160 4765 3223 4803 eo
3252 4750 3539 4803 identidem
3591 4750 3991 4814 mutuabimur,
4039 4762 4095 4805 et

2515 4823 2567 4875 in
2616 4822 2828 4874 notulas
2879 4822 3194 4875 referemus.
3230 4819 3412 4872 Redeo
3460 4822 3526 4871 ad
3573 4820 3861 4876 {Ell‘ricum
3906 4821 4092 4874 archi-

2512 4892 2840 4960 episcopum,
2859 4906 3015 4959 quem
3044 4890 3334 4945 Gervasins
3362 4890 3577 4943 tertium
3607 4906 3633 4941 a
3666 4891 3938 4945 Duustano
3964 4905 4096 4944 con-

2516 4962 2724 5025 stituit,
2760 4977 2953 5028 nempe
3002 4969 3119 5029 post
3152 4960 3505 5029 Athelgarum
3545 4968 3599 5013 et
3629 4961 3881 5015 Sir-icium
3913 4978 3924 5013 :
3958 4960 4097 5013 Wil-

2516 5031 2707 5086 lelmus
2739 5028 3229 5083 Malmesburiensis
3277 5028 3586 5098 Ethclgaro,
3632 5046 3790 5097 quem
3824 5047 3961 5083 anno
3988 5047 4093 5083 uno

2515 5103 2719 5155 sedisse
2748 5100 2897 5161 dicit,
2931 5101 3172 5168 proxime
3205 5098 3499 5152 substituit.
3536 5098 3687 5153 Unde
3707 5100 3890 5154 mirari
3922 5101 4089 5159 subit,

2516 5171 2830 5226 Godwinum
2863 5172 2931 5223 ita
2963 5170 3123 5222 fuisse
3150 5170 3634 5231 hallucinatum,ut
3660 5170 3804 5223 dicat
3830 5169 4090 5223 Alfricum

2516 5258 2545 5294 a
2578 5240 2846 5293 Willclmo
2874 5240 3291 5308 prmtermissum
3339 5240 3389 5291 in
3422 5254 3529 5309 suo
3558 5240 4089 5309 archiepiscoporum

2517 5311 2987 5365 Cantuaricnsium
3017 5308 3560 5380 catalogo.Willelmi
3602 5311 3715 5363 hzec
3740 5308 4089 5380 verba’sunt:

2524 5401 2541 5431 α
2579 5381 2688 5433 Iloe
2718 5381 2783 5433 de
2809 5381 2983 5434 medio
3009 5380 3165 5442 iacto,
3200 5378 3407 5432 scilicet
3435 5381 3743 5449 Ethelgaro,
3774 5380 3913 5433 sedit
3933 5378 4091 5449 annis

2520 5468 2570 5500 xi
2607 5450 3021 5500 Wiltunensium
3056 5452 3205 5500 nrius
3249 5449 3532 5500 eniscoous
3574 5448 3870 5500 Ailfricus.
3902 5448 3991 5500 oui
4035 5458 4091 5500 et
