4516 5500
429 430 531 483 415

1663 427 2203 485 νιτΑ.-οδΒΕιιΝ.
2244 431 2457 487 EPIST.

3552 434 3652 489 ιιι

430 540 493 617 de
524 540 855 617 Eucharistia
876 540 995 617 ,λος
1022 528 1607 617 άρςὶηιξεῖῦε-οτίκίια
1639 542 1987 617 Philosophia.
2022 547 2064 602 Α
2093 543 2306 617 leltnum
2336 564 2441 601 non
2471 547 2697 616 reperio.
2721 540 2984 617 Quidquid
3014 548 3103 613 sit,
3130 561 3248 603 eam
3282 549 3543 617 integram
3568 551 3652 604 hic

432 609 506 663 De
522 610 846 678 ordinatione
866 610 1264 678 cleri,epistolus
1286 613 1471 669 rarius,
1491 609 1713 677 quarum
1730 611 1991 665 nonnulla:

432 678 686 732 adversus
709 677 1038 743 Aidwiuum;
1067 696 1186 748 quze
1205 680 1381 732 omnia
1401 692 1450 731 ut
1473 694 1567 748 pro
1595 681 1735 733 veris
1760 680 1991 733 habean-

435 758 537 809 tur,
570 748 830 815 imperare
874 748 1057 815 nolim,
1104 748 1194 802 sed
1247 758 1421 801 tamen
1451 748 1691 817 quaedam
1719 764 1843 802 vera
1874 764 1993 805 esse

434 816 706 870 fatendu-u
730 827 829 871 est.
863 818 927 870 Et
962 819 1134 886 primo
1161 819 1373 887 quidem
1414 816 1578 887 ipsius
1606 818 1743 872 fetus
1768 827 1849 872 cst
1888 819 1990 872 De-

431 896 633 939 cretum
672 902 766 953 pro
797 889 1079 941 concordia
1116 902 1207 941 seu
1236 886 1485 941 unifmmi
1531 888 1740 941 vivendi
1788 888 1993 942 ratione

433 957 811 1009 moaacliorum
837 999 851 1023 ,
883 958 980 1010 sub
1028 958 1241 1011 nomine
1268 957 1495 1025 Eadgari
1527 959 1665 1025 regis
1696 959 1990 1021 conditum,

430 1026 495 1075 dc
519 1040 621 1094 quo
645 1027 887 1093 superius
904 1042 1049 1078 num.
1074 1026 1192 1089 7,et
1214 1026 1393 1080 forsan
1421 1025 1463 1078 is
1487 1025 1711 1080 estliber
1731 1028 1793 1080 de
1812 1026 1990 1095 regula

432 1096 546 1146 t-ilw
568 1097 867 1148 monasticm
891 1112 919 1147 a
945 1095 1123 1149 Pitseo
1157 1096 1421 1149 laudatus.
1456 1095 1653 1149 Deimlc
1681 1105 1885 1150 certum
1914 1105 1995 1149 est

429 1166 568 1233 quod
595 1165 659 1215 de
683 1179 748 1217 eo
769 1164 963 1233 legitur
986 1166 1034 1217 iu
1063 1165 1336 1233 sequentis
1361 1165 1491 1217 Viue
1518 1181 1663 1218 num.
1691 1166 1780 1230 54,
1805 1179 1993 1232 nempe

431 1232 600 1295 ipsum
636 1248 854 1287 vacasse
885 1250 988 1288 non
1018 1232 1187 1287 solum
1218 1234 1454 1295 lectioni,
1486 1235 1579 1288 sed
1608 1234 1768 1287 etiam
1794 1236 1994 1288 codici-

432 1303 528 1386 ius
550 1302 929 1383 emendandis;
961 1319 1069 1386 quo
1092 1304 1363 1386 iu_gcnere
1394 1303 1858 1386 sanctiﬁeuedicti
1894 1302 1994 1357 Rc-

428 1372 564 1437 gulae
594 1386 809 1440 operam
840 1374 1115 1440 impendit.
1150 1372 1224 1427 Ex
1257 1372 1368 1439 ejus
1392 1374 1630 1440 epistolis
1658 1390 1812 1426 uuam
1845 1374 1991 1426 iuve-

430 1440 606 1511 nimus
631 1440 840 1511 Wlﬂiuo
863 1440 1220 1511 Wigorniensi
1249 1443 1499 1509 episcopo
1527 1445 1695 1510 script
1732 1458 1803 1505 tu,
1833 1457 1991 1510 quam

430 1508 618 1563 damus
646 1510 781 1564 infra
810 1528 871 1565 ex
904 1508 1003 1564 ius.
1037 1512 1333 1565 Pontilicali
1366 1508 1487 1564 ante
1517 1508 1687 1565 annos
1712 1508 1995 1563 sexcentos

426 1580 646 1649 scripto,
676 1580 814 1647 quod
856 1582 1011 1633 modo
1058 1596 1220 1649 penes
1261 1580 1680 1633 eruditissimum
1708 1581 1993 1632 Antonium

427 1644 659 1699 Faui'um
695 1644 977 1702 'dOCIorcni
1017 1644 1078 1702 ac
1110 1649 1310 1703 socium
1346 1650 1697 1702 Sorbonicum
1730 1658 1991 1701 servatur.

427 1715 614 1796 Eidem
650 1716 945 1796 liontilicali
985 1719 1266 1796 prmmissa
1311 1727 1389 1771 est
1434 1717 1655 1796 Joannis
1699 1733 1846 1796 papze
1884 1716 1993 1796 xlii

424 1785 651 1855 cpistola
678 1789 952 1841 Dunslano
985 1788 1238 1856 inscripta
1282 1802 1378 1855 pro
1405 1787 1601 1855 pallio;
1633 1785 1798 1856 cujus,
1813 1787 1997 1856 titulus

2094 614 2375 670 refcrinms
2401 632 2465 669 ex
2490 614 2831 671 membranei)
2854 614 3061 680 codice,
3090 620 3321 672 maxime
3342 614 3461 672 cum
3477 633 3576 672 nec
3599 620 3653 674 iu

2093 698 2240 757 nova
2262 684 2621 757 Conciliorum
2657 687 2889 741 editione
2921 688 3125 757 integra
3154 686 3652 757 reperi::_t_u_r_._(lfri—

2091 753 2330 825 vilegium
2353 756 2447 809 hoc
2464 757 2665 825 require
2687 756 2818 809 inter
2840 753 3083 825 epistolis
3106 753 3326 812 Joannis
3350 753 3524 821 XIII,
3551 755 3655 811 Pa-

2092 822 2325 891 trologirv
2353 835 2487 879 (omo
2514 822 2645 888 CV.)

2163 892 2247 946 15.
2276 892 2552 965 Postremo
2579 895 2628 947 iu
2655 894 2857 965 legibus
2884 893 3271 950 ecclesiasticis
3297 893 3486 965 canali
3513 894 3656 965 regis

2092 976 2233 1014 anno
2284 962 2418 1018 i032
2453 965 2610 1018 editis
2661 962 2851 1017 festum
2896 966 3065 1019 sancti
3110 964 3367 1019 Dunstaui
3402 979 3487 1016 XIV
3531 962 3652 1016 Kal.

2092 1030 2232 1102 Junii
2262 1034 2585 1100 prmcipitur,
2619 1050 2736 1102 cap.
2770 1032 2859 1086 2:5.
2908 1032 3155 1100 Ejusdem
3187 1033 3442 1102 memoria
3475 1040 3556 1086 cst
3601 1032 3655 1085 in

2094 1099 2484 1169 Martyrologiis
2522 1099 2714 1156 exinde
2744 1102 2921 1156 editis.
2952 1102 3048 1156 llic
3078 1118 3144 1156 ex
3178 1100 3514 1170 llarpsfeldio
3543 1115 3657 1154 mo-

2094 1171 2301 1224 nendus
2358 1172 2549 1233 lector,
2583 1180 2641 1224 ut
2694 1173 2735 1225 si
2784 1170 2918 1225 forte
2950 1172 3148 1225 incidat
3195 1171 3245 1224 in
3291 1169 3655 1223 commentitia

2094 1240 2194 1307 (sic
2226 1240 2338 1309 ipse
2364 1243 2542 1310 vocat)
2573 1242 2658 1293 illa
2696 1240 2916 1306 scripta,
2947 1240 3140 1310 quibus
3174 1239 3506 1310 significatur
3525 1238 3658 1310 _re|i-

2094 1307 2258 1379 quias'
2280 1310 2417 1363 beati
2453 1307 2705 1363 Duirstaui
2731 1328 2757 1361 a
2780 1307 3067 1362 Cantuaria
3092 1309 3431 1363 Glasconiam
3456 1307 3658 1379 tlelatas

2098 1378 2162 1431 ad
2193 1396 2385 1431 annum
2416 1379 2623 1432 Domini
2659 1381 2808 1440 lOl'l,
2835 1388 2890 1430 ιιι
2914 1394 2978 1432 ne
3004 1378 3160 1433 facile
3184 1378 3653 1433 cit'cumvcniatut‘.

2095 1448 2414 1504 Eadmerum
2456 1449 2649 1516 quippe
2692 1452 2741 1501 in
2773 1448 2892 1500 Vita
2934 1446 3361 1501 sauctiAnsclmi
3388 1460 3661 1500 commen-

2097 1526 2205 1569 tum
2264 1517 2388 1570 illud
2435 1515 2651 1585 prorsus
2680 1517 2966 1584 cxplodere
2986 1556 2999 1578 ,
3050 1515 3372 1570 scribentem
3402 1530 3459 1568 se
3491 1527 3660 1585 puero

2094 1600 2289 1652 corpus
2319 1581 2488 1639 sancti
2520 1581 2773 1639 Dunstaui
2808 1587 3080 1638 inventum
3109 1600 3228 1637 cum
3256 1584 3411 1646 tiara,
3439 1581 3659 1645 annulo,

2095 1655 2275 1722 pallio.
2327 1664 2380 1708 et
2436 1654 2555 1708 aliis
2606 1654 2894 1723 pontificiis
2948 1653 3308 1716 ornamentis,
3365 1660 3419 1706 et
3467 1652 3664 1723 lamina

2094 1719 2364 1791 plumbea,
2396 1740 2513 1791 qua:
2558 1719 2865 1778 tléclarabat
2904 1722 3044 1776 illius
3077 1736 3195 1776 esse
3226 1736 3417 1791 corpus
3446 1738 3457 1771 :
3508 1719 3665 1791 illud-

2096 1788 2200 1859 que
2252 1793 2300 1845 in
2349 1788 2539 1845 novam
2587 1808 2617 1846 a
2666 1792 2967 1847 Lauri-aueo
3007 1788 3336 1845 exstructam
3390 1788 3663 1859 basilicam

426 1859 478 1931 [ιι
532 1869 630 1931 ius.
681 1856 865 1931 codice
913 1855 1279 1931 observantius
1314 1865 1417 1931 est.
1464 1856 1554 1931 βία
1583 1865 1758 1931 autem
1790 1855 1992 1908 habet:
2031 1874 2069 1931 ις
2102 1855 2327 1915 illatum.
2377 1862 2616 1930 Denique
2646 1877 2786 1917 anno
2833 1859 2970 1915 1508
3010 1858 3353 1931 Guillelmum
3380 1858 3665 1931 _Warah:_t-

427 1921 615 1989 Incipit
651 1926 865 1990 epistola
901 1925 1173 1993 privilegii,
1203 1942 1359 1994 quant
1388 1924 1603 1992 jubente
1629 1923 1836 1977 Joanne
1862 1940 1995 1991 papa

422 2003 657 2059 suscepta
699 1995 1050 2047 benedictione
1073 1995 1136 2048 ab
1165 2012 1225 2049 eo
1260 1994 1493 2047 Dunstan
1518 1995 1933 2061 archiepiscopus
1963 2010 1995 2045 (ι

424 2062 535 2114 suis
604 2063 837 2115 munibus
883 2064 1112 2129 accepit,
1152 2065 1241 2117 sed
1300 2063 1515 2131 pallium
1580 2080 1611 2115 a
1658 2064 1765 2115 suis
1821 2062 1994 2114 mani-

423 2131 517 2201 lius
565 2147 685 2201 non
742 2133 958 2201 accepit,
1006 2134 1095 2185 sed
1150 2150 1207 2185 eo
1246 2130 1458 2200 jubente
1506 2130 1568 2184 ab
1605 2132 1771 2185 altare
1822 2132 1991 2201 sancti

428 2196 573 2271 ἐξεινί
606 2196 1028 2271 apostolifllanc
1060 2196 1338 2271 epistolam
1370 2202 1629 2254 Duronius
1659 2202 1851 2271 partim
1884 2200 1997 2271 edi-

422 2268 503 2319 dit
529 2284 593 2321 ex
620 2269 872 2323 Willelmi
900 2268 1389 2325 Malmesburiensis
1417 2270 1550 2323 libro
1577 2272 1670 2337 (uti
1697 2270 1762 2323 ad
1794 2268 1992 2336 margi«

424 2352 544 2390 nem
575 2341 745 2409 notat)
772 2340 838 2395 de
882 2339 1229 2396 Pontilicibus
1260 2360 1272 2394 :
1299 2355 1458 2410 quam
1486 2350 1660 2392 tamen
1697 2340 1834 2409 apud
1860 2337 1994 2390 Wil-

2102 1947 2244 1983 mmn
2277 1925 2746 2005 archiepiscopum
2772 1943 2990 2005 curasse
3018 1929 3213 1998 aperiri
3245 1925 3660 2005 sepulcrrnuain

2100 2015 2205 2067 quo
2234 2011 2395 2069 caput
2427 1995 2549 2053 cum
2584 1995 2832 2053 omnibus
2860 1995 3073 2053 ossibus
3100 2006 3156 2069 et
3188 1998 3441 2069 prmdicta
3469 1995 3667 2047 lamina

2102 2066 2371 2138 repertum
2422 2079 2521 2123 est.
2572 2069 2857 2124 Auselmus
2887 2069 3029 2138 piam
3066 2068 3152 2138 Ade
3176 2074 3363 2138 sancto
3394 2066 3669 2138 Duustano

2100 2132 2395 2191 orationem
2421 2140 2719 2205 composuit
2741 2154 2861 2192 cum
2888 2132 3261 2191 recordatione
3285 2132 3668 2205 miraculorum

2098 2209 2232 2275 cj-zs,
2279 2224 2396 2275 qua:
2426 2201 2601 2261 exstat
2653 2208 2703 2260 in
2750 2222 2882 2260 nova
2910 2205 3164 2271 editione,
3200 2220 3321 2275 pag.
3345 2203 3469 2257 297.
3512 2201 3663 2254 Nunc

2104 2287 2315 2346 tempus
2350 2288 2429 2330 est
2462 2286 2517 2329 ut
2546 2277 2845 2332 Osbcrnum
2879 2275 3179 2328 audiamus.

2518 2516 3657 2544 mm

1101 2674 1556 2755 ‘OSBERNI
1618 2674 2115 2752 EPISTOLA
2181 2672 2364 2749 SEU
2429 2673 2975 2751 PR/EFATIO.

774 2979 995 3036 Occasio
1032 2980 1289 3034 scribendi
1327 2990 1441 3050 post
1484 2980 1636 3033 alios.

495 3073 545 3126 1.
578 3072 857 3127 Universis
901 3070 1176 3125 catholica
1220 3072 1410 3125 matris
1439 3071 1690 3125 Ecclesia:
1720 3070 1842 3124 filiis
1864 3085 1993 3125 con-

424 3160 592 3214 frater
619 3176 823 3221 eorum,
855 3175 951 3229 per
978 3176 1095 3213 eam
1144 3176 1262 3229 qua:
1296 3161 1349 3215 in
1388 3161 1604 3216 Christo
1645 3173 1728 3216 est
1767 3179 1992 3232 regene—

423 3251 707 3315 rationem,
737 3250 1010 3305 Osnsnnus
1030 3264 1218 3318 pacem
1246 3252 1439 3305 bonam
1472 3268 1535 3305 ac
1562 3263 1873 3322 perpetuam
1906 3269 1990 3306 sa-

423 3339 609 3394 lutem.

494 3427 778 3482 Multorum
824 3444 966 3499 smpe
1011 3445 1074 3485 ac
1126 3428 1513 3484 venerabilium
1558 3430 1775 3485 Patrum
1828 3446 1988 3486 vene-

421 3519 587 3572 randa
620 3519 752 3572 mihi
782 3518 1077 3573 auctoritas
1108 3519 1405 3584 imminuit,
1435 3529 1491 3573 ut
1531 3521 1693 3574 vitam
1727 3522 1993 3591 magnifici

420 3609 596 3663 Patris
653 3608 912 3664 Dunstaui
984 3609 1284 3663 litterarum
1345 3612 1688 3665 monimentis
1757 3613 1990 3678 tradere,

420 3709 581 3767 atque
608 3698 674 3752 ad
704 3700 797 3753 Dei
823 3698 1037 3755 laudem
1069 3701 1455 3770 hominumque
1485 3702 1774 3755 utilitatem
1802 3703 1992 3758 Eccle-

420 3792 516 3845 sia:
541 3777 1035 3846 deberemaurlbus
1067 3792 1356 3846 insinuare.
1392 3792 1596 3858 Quibus
1621 3794 1743 3846 dum
1774 3810 1872 3864 ego
1898 3810 1994 3863 pro

420 3879 667 3935 facienda
686 3882 1032 3935 excusatione
1056 3880 1183 3935 illud
1203 3890 1257 3935 et
1277 3898 1462 3935 verum
1487 3883 1830 3936 obtenderent
1855 3899 1993 3947 esse,

422 3969 573 4036 plttra
601 3984 631 4021 a
664 3969 937 4038 plerisque
971 3986 1073 4021 non
1118 3970 1366 4039 ignobilis
1404 3986 1792 4039 usquequaque
1823 3972 1998 4025 scien-

424 4056 510 4109 tia:
540 4056 673 4110 viris
706 4056 772 4111 de
817 4058 917 4111 hac
953 4073 1009 4111 re
1031 4060 1359 4125 conscripta,
1393 4060 1675 4127 vcrerique
1704 4076 1789 4112 me
1822 4058 1999 4112 homi-

424 4160 550 4198 num
582 4145 1053 4214 reprehensiones,
1089 4144 1177 4214 qui
1218 4144 1353 4200 forte
1383 4145 1575 4200 mimos
1600 4160 1696 4200 nos
1723 4154 1815 4198 aut
1857 4154 2003 4199 certe

424 4236 744 4289 temerarios
769 4250 966 4289 vocare
1010 4245 1249 4303 possent,
1284 4237 1410 4290 dum
1435 4252 1541 4290 non
1573 4246 1677 4289 tam
1708 4236 1838 4291 nihil
1869 4237 2004 4289 satis

424 4341 523 4380 nos
558 4327 777 4389 habere,
810 4342 970 4395 quam
1000 4327 1129 4379 nihil
1173 4326 1325 4381 nobis
1367 4328 1499 4381 satis
1532 4340 1651 4381 esse
1694 4342 1851 4397 posse
1881 4342 2003 4381 con-

424 4418 746 4473 tenderent:
787 4428 974 4472 contra
1018 4418 1093 4472 illi
1126 4418 1299 4488 magis
1330 4418 1463 4472 nihil
1504 4419 1635 4473 satis
1678 4433 1737 4473 se
1777 4418 1997 4481 haltere,

422 4526 586 4580 quam
611 4511 744 4565 nihil
786 4511 921 4565 satis
946 4525 1069 4566 esse
1114 4525 1272 4580 posse
1304 4510 1623 4571 retulerunt,
1657 4519 1711 4565 et
1749 4511 1851 4565 hoc
1872 4525 2000 4579 pro-

421 4602 693 4657 habilibus
741 4601 1009 4655 rationum
1063 4599 1419 4654 firmamentis
1463 4599 1600 4654 velle
1643 4615 1701 4654 se
1756 4608 1998 4653 astruere

2108 2996 2230 3036 iene
2259 2980 2517 3045 ordinati,
2549 2982 2741 3035 horum
2772 2982 2969 3050 scripta
3010 2980 3063 3034 in
3104 2981 3194 3035 illo
3239 2979 3487 3034 incendio
3535 2970 3669 3034 cori-

2092 3084 2302 3138 sumpta
2335 3080 2486 3135 sunt,
2514 3073 2657 3141 quod
2698 3082 2821 3126 ante
2853 3073 2951 3125 hos
2982 3086 3153 3126 annos
3187 3080 3372 3126 sancta
3403 3070 3669 3125 Dorober-

2094 3166 2274 3220 neusis
2312 3163 2547 3220 Ecclesia
2598 3178 2719 3217 cum
2760 3176 2955 3230 magno
3001 3176 3220 3214 suarum
3267 3174 3445 3213 rerum
3495 3159 3665 3215 detri-

2093 3264 2274 3310 mento
2302 3269 2555 3324 perpessa
2602 3252 2767 3305 fuisse
2808 3250 3159 3320 dignoscitur.
3190 3248 3294 3303 Sed
3322 3249 3388 3302 ab
3428 3249 3535 3312 his,
3585 3248 3669 3301 in-

2094 3347 2307 3414 quiunt,
2340 3346 2515 3414 aliqua
2566 3344 2617 3395 in
2648 3342 2902 3411 patrium,
2949 3340 2999 3393 id
3030 3348 3115 3393 est
3152 3338 3433 3407 Anglicum
3459 3351 3671 3391 sermo-

2096 3451 2240 3499 nem,
2276 3435 2535 3490 translata
2567 3440 2855 3501 supersunt
2888 3448 2899 3481 :
2934 3444 2999 3483 ex
3027 3429 3222 3498 quibus
3244 3428 3323 3481 vel
3357 3429 3406 3481 id
3439 3427 3672 3497 petimus

2092 3525 2309 3590 elicere,
2340 3536 2397 3580 et
2440 3525 2491 3579 in
2539 3523 2784 3576 Latinam
2812 3523 2988 3576 denuo
3025 3520 3229 3589 poteris
3270 3519 3529 3586 linguam,
3561 3517 3673 3572 Deo

2091 3613 2438 3685 suﬂ‘ragante,
2472 3612 2786 3667 transferre.

2359 3702 2625 3756 'Auctoris
2653 3700 2924 3752 modestia.
2953 3697 3138 3767 Operis
3170 3697 3377 3752 divisio.

2162 3794 2214 3846 Ξ.
2250 3794 2435 3862 Itaque
2462 3793 2547 3845 his
2570 3793 2683 3845 sive
2708 3790 3027 3853 rationibus,
3053 3789 3167 3843 sive
3195 3789 3461 3841 rationum
3485 3795 3674 3841 aucto-

2096 3884 2244 3937 ribus
2293 3884 2357 3936 ad
2417 3881 2759 3935 scribendum
2809 3881 3110 3943 traductus,
3169 3879 3437 3931 malebam
3486 3877 3677 3932 aliena:

2097 3972 2359 4026 voluntati
2392 3973 2527 4024 bene
2558 3969 2784 4023 dicendo
2826 3969 3232 4036 obtemperare,
3257 3983 3416 4035 quam
3446 3966 3679 4036 propria:

2097 4063 2341 4117 serviens
2366 4061 2626 4114 voluntati
2654 4077 2680 4112 a
2710 4061 2844 4113 bene
2875 4059 3102 4112 dicendo
3126 4068 3446 4127 temperare.
3480 4055 3678 4110 Verum

2102 4151 2169 4205 ad
2197 4151 2299 4203 hoc
2327 4148 2655 4202 audiendum
2704 4163 2809 4201 non
2853 4148 2971 4201 sine
2997 4147 3229 4216 quadam
3262 4147 3483 4216 pudoris
3510 4145 3680 4200 δυσυ-

2099 4239 2251 4293 sione
2281 4237 2511 4301 accedo,
2562 4246 2850 4305 propterea
2897 4236 3037 4304 quod
3088 4235 3328 4289 onmium
3362 4249 3459 4290 ora
3511 4235 3564 4287 iu
3595 4247 3682 4288 me

2098 4344 2216 4383 esse
2242 4328 2514 4391 existimo,
2552 4326 2715 4379 veluti
2750 4325 2803 4378 in
2833 4326 3106 4379 hominem
3138 4339 3288 4378 more
3328 4324 3473 4378 Lmlii
3514 4339 3681 4382 novas

2100 4416 2311 4473 dicendi
2363 4415 2618 4469 victorias
2660 4414 3024 4484 pollicentem,
3057 4424 3112 4468 et
3155 4415 3309 4483 quasi
3354 4427 3416 4467 ea
3460 4428 3580 4483 qua:
3613 4417 3682 4469 ab

2101 4509 2222 4563 aliis
2269 4509 2550 4563 commode
2596 4508 2738 4561 dicta
2783 4515 2908 4561 sunt
2953 4507 3289 4561 commodius
3313 4520 3372 4560 se
3410 4506 3679 4560 dicturum

2102 4608 2542 4669 prmsumcntcm.
2578 4596 2684 4651 Sed
2718 4611 2819 4667 ego
2846 4611 3019 4664 neque
3042 4595 3160 4649 illos
3193 4595 3371 4647 minus
3400 4593 3683 4648 commode

423 4693 697 4747 dixerunt.
723 4689 854 4745 Nam
879 4706 1088 4752 eorum,
1120 4689 1391 4761 inquiunt,
1419 4705 1648 4760 quorum
1673 4689 1997 4759 prarcipuam
2028 4719 2078 4779 Ι)
2104 4692 2306 4749 dixisse
2339 4689 2698 4759 reprehendo,
2730 4701 2905 4756 neque
2932 4700 3017 4739 me
3047 4684 3383 4740 commodius
3413 4682 3683 4737 dicturum

424 4781 672 4836 interfuit
698 4781 858 4849 hujus
882 4781 960 4835 rei
996 4780 1333 4851 diligentiam
1363 4780 1565 4835 habere
1584 4821 1599 4844 ,
1633 4780 1757 4841 alii,
1786 4781 1885 4835 etsi
1915 4795 1997 4835 sa-

425 4875 497 4928 tis
522 4874 818 4943 eleganter,
850 4887 954 4926 non
996 4882 1174 4926 tamen
1214 4871 1347 4926 satis
1375 4870 1680 4938 diligenter,
1704 4870 1797 4924 sed
1826 4885 1999 4938 quan-

424 4976 537 5025 tum
586 4965 651 5018 ad
712 4972 1036 5017 nocturnum
1090 4959 1400 5015 festivitatis
1433 4959 1667 5015 oliieium
1699 4960 1832 5015 satis
1881 4973 2002 5014 esse

420 5054 766 5121 indicavere,
814 5052 1208 5107 sermocinandi
1259 5051 1325 5104 ad
1369 5050 1623 5120 populum
1665 5050 1825 5105 modo
1862 5049 2000 5103 scri-

424 5158 603 5211 psere;
633 5143 725 5199 alii
770 5150 953 5195 autem
1000 5140 1126 5195 dum
1166 5139 1329 5194 nimis
1381 5139 1687 5209 diligenter,
1737 5137 2001 5208 quemad-

427 5234 632 5289 modum
668 5245 903 5303 qumque
942 5245 1030 5285 res
1073 5238 1190 5285 acta
1221 5230 1293 5285 sit
1334 5228 1605 5297 explicare
1649 5236 1996 5290 conarentur,

426 5320 739 5390 elegantiam
765 5319 1137 5388 perdiderunt,
1160 5327 1321 5387 atque
1350 5317 1401 5370 in
1426 5316 1553 5370 illud
1576 5317 1785 5372 dicendi
1805 5328 1999 5383 genus,

427 5413 562 5475 quod
581 5410 875 5469 suﬂ'ultttm
909 5408 1160 5466 Romana:
1188 5407 1442 5478 princeps
1472 5406 1790 5480 eloquentiae
1818 5411 2001 5467 vocat,

2104 4780 2398 4850 promitto;
2442 4777 2534 4831 scd
2567 4778 2679 4831 sive
2710 4776 2763 4829 id
2791 4775 3011 4844 dignum
3055 4773 3240 4836 fuerit,
3269 4773 3384 4827 sive
3413 4786 3511 4841 pro
3534 4779 3683 4827 tanta

2109 4883 2288 4921 rerum
2317 4866 2541 4920 materia
2574 4866 2734 4934 digno
2760 4863 3115 4927 contrarium,
3143 4861 3287 4931 quod
3318 4860 3537 4915 intendo
3563 4860 3684 4915 illo-

2106 4972 2224 5012 rum
2284 4955 2495 5011 meritis
2545 4962 2640 5008 aut
2692 4952 2863 5022 culpa:
2903 4952 3140 5016 ascribo,
3182 4965 3412 5018 quorum
3464 4949 3690 5017 imperio

2108 5055 2272 5116 atque
2316 5045 2724 5114 importunitate
2751 5042 2929 5096 victus
2960 5043 3079 5099 haec
3107 5038 3313 5098 scribo.
3340 5037 3599 5106 Quamvis
3638 5047 3694 5093 et

2109 5150 2227 5188 mea
2253 5134 2498 5189 voluntas
2547 5141 2755 5187 tantum
2800 5129 3109 5186 devotionis
3153 5143 3285 5196 erga
3321 5127 3567 5183 eumdem
3596 5140 3696 5195 pa-

2106 5237 2241 5282 trem
2291 5234 2345 5280 et
2399 5222 2677 5278 dominum
2721 5228 2979 5275 nostrum
3029 5222 3283 5278 obtinere
3313 5216 3524 5275 debeat,
3549 5223 3612 5267 ut
3655 5213 3700 5271 si

2106 5312 2234 5370 nulli
2268 5312 2463 5367 vellent
2505 5311 2609 5368 ista
2648 5326 2677 5365 a
2724 5323 2810 5361 me
2858 5322 3150 5379 expetere,
3202 5318 3309 5373 ego
3346 5317 3443 5375 pro
3473 5315 3705 5368 persona

2107 5420 2225 5462 mea
2262 5419 2369 5458 non
2416 5402 2727 5460 dubitarem
2770 5399 3049 5468 ingerere.
3090 5401 3168 5455 lta
3212 5406 3446 5465 namque
3482 5404 3607 5444 cum
3659 5392 3711 5447 in
