4516 5500
754 347 858 401 435

1750 352 1807 405 S.
1850 350 2273 407 DUNSTANUS
2310 351 2628 408 ARCHIEP.
2672 338 3021 408 CANTUAR.

3902 350 4006 404 M6

744 462 993 531 pulcrum
1015 460 1132 529 ejus
1154 460 1481 531 perpetratis
1505 460 1801 527 scribetur,
1831 462 2013 517 dicere
2043 462 2326 519 consilium
2361 479 2406 536 Α
2434 463 2685 518 omnibus
2716 463 2802 517 bis
2845 477 2966 532 qua
3004 462 3076 517 ita
3114 460 3265 517 fuere
3298 460 3583 525 mirabilia,
3616 469 3675 513 ut
3711 457 4018 513 inﬁdelibus

747 552 867 605 fuit.
903 550 1055 606 Nunc
1092 559 1272 605 autem
1301 551 1598 621 primordia
1626 551 1927 606 nativitatis
1947 550 2086 620 ejus,
2116 566 2333 622 proces-

747 659 867 697 sum
896 643 1074 697 aetatis
1108 658 1231 698 cum
1264 652 1554 714 augmento
1575 644 1762 714 gratia-
1790 644 2055 710 caelestis,
2090 659 2334 699 commu-

751 730 1009 785 tationem
1052 732 1298 787 mortalis
1341 732 1519 787 s'eculi
1550 748 1649 802 pro
1692 734 2101 789 immortalitate
2146 734 2334 789 mterni

747 819 929 875 smcuii
959 835 1123 891 quam
1171 822 1454 877 verissime
1496 820 1735 877 conabor
1768 806 2070 888 absolvere;
2118 822 2335 879 omissis

2435 552 2722 606 videantur
2748 551 3107 607 incredibilia.
3134 551 3208 606 Ae
3230 564 3315 605 me
3341 550 3556 619 quidem
3586 550 3670 603 his
3694 546 4020 604 enarrandis

2438 642 2701 711 imparem
2738 643 2873 709 seio,
2902 641 2995 696 sed
3026 642 3077 695 in
3105 640 3221 709 ejus
3249 641 3467 695 nomine
3494 639 3548 693 in
3569 654 3730 709 quem
3759 639 3872 708 ipse
3893 636 4020 692 lide-

2438 731 2560 786 liter
2589 732 2851 795 credidit,
2890 740 2945 787 et
2972 732 3061 787 cui
3097 733 3211 801 ipse
3252 730 3405 787 fidele
3442 731 3621 802 operis
3658 730 4020 787 ministerium

2438 822 2714 886 exhibuit,
2745 823 2844 877 ista
2868 822 3089 893 aggredi
3118 821 3354 881 tentabo.

1190 1121 1731 1237 INCIPIT
1813 1120 2170 1242 VITA
2257 1118 2777 1234 SANCTI
2880 1117 3604 1235 DUNSTANI

1175 1343 1727 1401 CANTUARIENSIS
1763 1342 2280 1397 ARCHIEPISCOI’]
2322 1341 2410 1395 ET
2446 1340 2912 1396 CONFESSORIS
2953 1341 3093 1412 (XIV
3134 1340 3289 1396 KAL.
3328 1340 3542 1411 JUNII).

2274 1498 2605 1515 ——

1060 1622 1328 1676 Dunstani
1360 1631 1599 1691 parentes
1624 1621 1821 1677 nobiles
1850 1639 1910 1676 ac
1939 1623 2032 1692 pii.

819 1712 872 1768 3.
912 1713 1195 1784 Regnante
1236 1712 1526 1785 magniﬁco
1554 1712 1849 1785 Anglorum
1880 1728 2007 1783 rege
2037 1711 2340 1767 Ethelesta-

750 1818 843 1870 no,
874 1819 1020 1859 anno
1051 1802 1126 1874 (i)
1159 1803 1375 1871 quidem
1428 1802 1638 1873 imperii
1689 1801 1805 1870 ejus
1833 1804 2033 1872 primo,
2078 1802 2343 1857 adventus

749 1909 879 1951 vero
918 1895 1215 1965 Anglorum
1279 1894 1332 1948 in
1397 1894 1735 1949 Britanniam
1804 1893 2342 1963 quadringentesitm)

749 1986 1100 2055 nonagesimo
1142 1986 1396 2053 septimo,
1445 2000 1570 2039 cum
1608 1984 1747 2037 idem
1781 1998 1907 2045 rex,
1944 1983 2190 2037 hostibus
2237 1982 2344 2035 cir-

750 2089 1091 2143 cumquaque
1122 2074 1385 2139 subactis,
1414 2089 1547 2144 pace
1570 2082 1627 2129 et
1655 2072 1944 2127 concordia
1982 2088 2206 2141 regnum
2236 2080 2346 2124 tue-

751 2178 940 2232 retur,
974 2178 1132 2223 natus
1174 2176 1257 2221 est
1292 2182 1425 2237 puer
1461 2167 1554 2221 Dei
1588 2166 1899 2220 Dunstanus
1942 2164 2345 2219 Wessaxonicis

750 2258 957 2330 Angiim
980 2259 1243 2328 partibus,
1285 2258 1496 2328 magnis
1524 2256 1744 2326 quidem
1783 2271 1881 2326 pro
1919 2254 2098 2309 sateuli
2137 2254 2214 2323 (2)
2265 2254 2345 2308 di-

751 2351 957 2420 gnitate
989 2351 1326 2420 parentibus,
1354 2348 1449 2402 sed
1481 2349 1548 2402 ad
1584 2348 1900 2418 religionem
1925 2363 2045 2417 qua:
2080 2348 2344 2402 Christia-

753 2456 854 2496 nos
884 2441 1042 2495 decet
1085 2439 1243 2510 longe
1272 2436 1589 2507 majoribus.
1622 2438 1793 2492 Tanta
1821 2439 2085 2508 siquidem
2131 2437 2345 2492 virtutis

754 2531 968 2584 ratione
998 2529 1245 2585 viventes
1277 2528 1519 2582 animum
1549 2527 1818 2590 colebant,
1856 2536 1930 2581 tot
1959 2527 2061 2596 piis
2090 2528 2344 2596 operibus

752 2621 1061 2675 laborantes
1109 2619 1476 2683 insudabant,
1528 2626 1589 2672 ut
1637 2633 1980 2672 communem
2030 2617 2347 2670 mortalibus

752 2709 897 2764 viam
926 2710 1174 2779 ingressi,
1210 2708 1470 2777 angelicis
1501 2708 1784 2777 spiritibus
1813 2716 2153 2759 mererentur
2198 2720 2346 2759 asso-

753 2800 909 2863 ciari,
942 2801 1083 2854 sicut
1128 2800 1302 2853 eidem
1334 2798 1445 2851 tilio
1474 2813 1572 2853 suo
1605 2797 1945 2867 postmodum
1979 2796 2158 2849 divina
2194 2810 2345 2849 reve-

759 2892 966 2947 latione
1002 2893 1257 2946 innotuit.
1292 2892 1442 2957 Quod
1492 2906 1599 2944 non
1641 2890 1875 2943 alienum
1919 2898 2002 2941 est
2044 2886 2344 2941 divinitatis

2372 1622 2418 1680 B
2447 1619 2703 1685 solverat,
2722 1620 2835 1689 jam
2860 1622 3314 1692 quemadmodum
3342 1638 3569 1694 puerum
3597 1626 3779 1681 Jesum
3810 1627 3863 1681 in
3897 1636 4024 1684 tem-

2443 1708 2590 1777 plum
2620 1720 2873 1779 parentes
2901 1712 3221 1769 imlucerent
3251 1715 3472 1771 recitari
3498 1726 3760 1787 coeperat,
3792 1734 3915 1774 cum
3944 1733 4030 1775 re-

2442 1812 2603 1871 pente
2653 1804 2907 1873 majestas
2952 1806 3163 1860 Domini
3212 1808 3266 1862 in
3330 1808 3528 1879 templo
3578 1811 3857 1879 apparuit,
3911 1827 4031 1881 quae

2443 1894 2624 1948 omnia
2650 1895 2894 1950 omnium
2919 1896 3207 1952 luminaria
3234 1898 3495 1953 exstinxit
3518 1908 3794 1969 totamque
3812 1901 4029 1956 domum

2446 1982 2725 2038 tenebrosa
2774 1984 3003 2053 caligine
3048 1985 3280 2041 obtexit.
3331 1986 3467 2042 llinc
3523 1988 3733 2058 gelidus
3778 1991 4025 2044 omnium

2446 2076 2686 2131 membra
2765 2090 2934 2144 pavor
2994 2078 3298 2147 perserpit,
3351 2078 3526 2147 rigent
3577 2093 3789 2143 coma},
3856 2095 4031 2150 genua

2444 2166 2783 2222 colliduntur.
2816 2168 3047 2222 Stabant
3081 2168 3277 2238 quippe
3324 2184 3484 2223 sensu
3534 2169 3823 2234 luerentes,
3854 2180 3909 2224 et
3939 2169 4017 2222 al.

2445 2256 2614 2311 ternis
2643 2257 2921 2311 obtutibus
2946 2266 3220 2327 stuporem
3251 2258 3574 2314 indicantes.
3623 2258 3728 2314 Sed
3763 2268 3820 2313 ut
3852 2259 4031 2314 omni-

2446 2344 2547 2399 bus
2593 2344 2799 2399 eiarnm
2856 2345 3008 2400 ﬁeret
3058 2346 3185 2415 quid
3218 2347 3320 2399 hac
3365 2347 3416 2400 in
3466 2363 3522 2401 re
3551 2362 3611 2401 ea
3638 2364 3756 2417 qua:
3786 2349 4037 2418 apparuit

2447 2433 2700 2501 majestas
2728 2436 3045 2500 intenderet,
3080 2437 3351 2506 extemplo
3378 2437 3466 2491 lux
3494 2438 3706 2493 cmlitus
3733 2440 3929 2494 emissa
3970 2441 4026 2493 in

2448 2526 2645 2595 templo
2672 2526 3019 2595 respieuduit,
3052 2537 3105 2582 et
3135 2544 3255 2583 eum
3287 2543 3447 2597 quem
3472 2543 3737 2599 puerpera
3770 2546 3927 2584 manu
3956 2540 4035 2584 te-

2448 2618 2610 2671 nebat
2637 2632 2851 2671 ceremn
2901 2618 3171 2671 accendit.
3224 2617 3279 2671 Si
3312 2627 3436 2673 ante
3476 2619 3703 2687 populus
3730 2619 3797 2673 de
3832 2620 4034 2674 amisso

2448 2706 2649 2764 lumiue
2682 2706 2905 2759 miratus
2932 2714 3031 2767 est,
3069 2721 3209 2760 nunc
3239 2704 3425 2773 majori
3473 2706 3830 2761 admiratione
3873 2706 4037 2760 simul

2448 2806 2504 2852 et
2568 2797 2928 2852 exsultatione
2999 2798 3365 2852 detinebatnr.
3435 2798 3753 2853 Exsultabat
3801 2814 4037 2868 namque

2451 2901 2769 2959 praesentem
2823 2908 2883 2945 se
2930 2892 3027 2945 Dei
3052 2893 3282 2962 gratiam
3341 2892 3559 2957 vidisse.
3601 2893 3693 2948 sed
3742 2893 4040 2946 mirabatur

755 2983 986 3039 consilio
1014 2982 1214 3035 factum
1245 2982 1542 3051 conjicere,
1576 2990 1635 3035 ut
1658 2981 1907 3034 videlicet
1955 2989 2134 3032 tantus
2168 2978 2346 3032 infans
2374 2968 2418 3027 Ο
2451 2983 2591 3035 hanc
2639 2981 2739 3033 sibi
2772 2996 2867 3050 per
2900 2981 3155 3035 feminam
3206 2984 3537 3051 provenisse.
3590 2982 3703 3037 line
3754 2983 3930 3051 itaque
3971 2985 4039 3036 ab

756 3073 894 3129 tales
922 3082 1177 3143 parentes
1206 3073 1467 3138 haberet,
1496 3072 1587 3142 qui
1619 3088 1740 3126 cum
1776 3072 1873 3140 ipsi
1916 3071 2050 3123 bene
2084 3071 2347 3135 viverent,

757 3174 871 3219 tum
896 3166 1030 3219 bene
1062 3165 1275 3220 vivendi
1320 3163 1551 3218 formam
1607 3164 1886 3217 uaseituro
1911 3178 1976 3215 ex
2014 3178 2071 3216 se
2108 3162 2215 3215 lilio
2243 3169 2350 3214 tra-

757 3255 887 3308 dere
918 3265 1159 3323 possent.
1217 3254 1463 3323 Magnum
1511 3254 1709 3323 quippe
1740 3253 1881 3306 Deus
1912 3252 2059 3303 illum
2109 3251 2349 3303 futurum

763 3345 1128 3414 prmvidebat.
1163 3361 1323 3413 quem
1358 3346 1429 3398 ibi
1478 3344 1777 3397 dulcedinis
1820 3360 1931 3397 suae
1958 3343 2347 3397 benedictioni-

758 3436 861 3488 bus
892 3444 1254 3502 przevenerat,
1287 3434 1376 3488 ubi
1404 3449 1594 3487 omnes
1624 3434 1719 3486 ﬁlii
1746 3434 1917 3487 Adam
1950 3434 2142 3487 nativa:
2182 3432 2348 3487 maie-

758 3524 1014 3579 dictionis
1040 3525 1369 3579 sententiam
1398 3524 1698 3593 excipiunt,
1732 3525 1775 3578 si
1828 3539 1932 3577 non
1999 3540 2094 3592 per
2142 3539 2350 3578 assum-

758 3623 906 3684 ptam
945 3630 974 3667 a
1004 3615 1143 3669 Filio
1168 3615 1262 3669 Dei
1294 3614 1513 3668 humani
1549 3615 1764 3667 habitus
1792 3612 2019 3667 formam
2076 3614 2141 3665 ad
2168 3612 2351 3682 pristi-

760 3719 885 3758 nam
938 3704 1301 3758 reformentur
1345 3703 1761 3757 beatitudinem.
1798 3702 2070 3772 Magnum,
2104 3702 2348 3770 inquam,

763 3794 905 3848 Deus
935 3794 1085 3849 illum
1115 3795 1356 3847 futurum
1382 3794 1732 3862 prmvidebat,
1759 3796 1843 3847 cui
1875 3803 2080 3847 tantum
2110 3794 2351 3848 muneris

762 3884 1018 3937 donatum
1071 3891 1177 3947 est,
1225 3894 1283 3936 ut
1333 3893 1459 3935 ante
1516 3884 1714 3937 mumlo
1755 3884 1926 3952 signis
1969 3884 2350 3948 innotesceret,

762 3990 923 4044 quam
977 3976 1122 4030 hunc
1157 3976 1210 4028 in
1261 3976 1444 4028 mundi
1480 3974 1638 4042 hujus
1680 3974 1852 4027 lucem
1884 3986 2056 4027 mater
2101 3974 2349 4028 fudisset.

762 4066 940 4135 Atque
962 4074 1021 4119 ut
1046 4074 1241 4121 caetera
1266 4065 1501 4120 dilucide
1529 4076 1582 4119 et
1602 4066 1851 4119 ordinate
1882 4066 2197 4134 procedant,
2226 4066 2355 4120 hinc

763 4156 975 4212 dicendi
1008 4155 1163 4210 initia
1192 4156 1542 4210 constituam.

1166 4244 1342 4300 Cereis
1373 4244 1466 4299 lux
1491 4245 1689 4299 coalitus
1720 4245 1945 4298 reddita.

832 4334 887 4389 ι.
922 4333 1182 4389 Maternis
1215 4334 1379 4405 igitur
1427 4334 1638 4389 sinibus
1687 4349 1842 4389 sacro
1882 4335 2167 4403 puerperio
2213 4314 2433 4389 intu-D

764 4428 1145 4492 mescentibus,
1177 4428 1291 4482 dies
1313 4427 1717 4482 Puriﬁcationis
1748 4438 1949 4482 saneta:
1991 4442 2052 4481 ac
2080 4435 2353 4497 perpetua:

766 4515 1001 4588 Virginis
1029 4517 1211 4572 Mariae
1243 4517 1418 4571 illuxit
1450 4517 1693 4571 festivus.
1726 4517 1970 4587 Cumque
2000 4516 2210 4572 vicinus
2251 4534 2352 4573 un—

765 4609 926 4677 dique
948 4609 1175 4679 populus
1202 4609 1269 4662 ad
1298 4608 1583 4663 ecclesiam
1617 4607 1791 4662 eidem
1824 4607 2028 4677 Virgini
2063 4609 2114 4662 in
2140 4608 2353 4664 Glesto—

766 4697 911 4752 niam
942 4698 1177 4753 dicatam
1207 4696 1506 4753 conﬂueret
1538 4706 1596 4751 ut
1625 4698 1930 4752 devotionis
1966 4714 2076 4752 suae
2108 4700 2353 4755 ministe-

766 4787 908 4843 rium
934 4789 987 4843 in
1007 4798 1157 4842 tanta
1188 4788 1532 4844 solemnitate
1559 4791 1685 4859 Regi
1707 4805 1891 4857 regum
1914 4789 2130 4845 Christo
2153 4790 2356 4861 persol-

766 4888 938 4946 veret,
979 4880 1204 4949 contigit
1250 4889 1459 4949 patrem
1502 4880 1654 4949 pueri
1702 4878 2025 4932 llerstannm
2072 4895 2194 4934 eum
2224 4896 2354 4932 con-

762 4970 892 5041 juge
939 4986 1037 5024 sua
1088 4971 1397 5042 Kyuedrida
1453 4972 1768 5034 advenisse,
1822 4971 2171 5041 accensisque
2226 4971 2356 5024 lam-

768 5062 1000 5132 padibus
1079 5062 1249 5117 sacris
1326 5062 1613 5116 missarum
1696 5062 1973 5117 solemniis
2030 5061 2355 5116 interfuisse.

768 5152 999 5225 Jamque
1022 5154 1308 5225 plurimam
1350 5155 1528 5209 diurni
1575 5154 1778 5209 servitii
1818 5164 2023 5225 partem
2062 5154 2238 5209 clerus
2269 5154 2361 5208 ab-

844 5292 922 5361 (i)
950 5289 1247 5361 Etheistaui
1277 5304 1451 5343 anuus
1475 5289 1680 5361 primus
1697 5288 2044 5361 componitur
2069 5303 2190 5361 cum
2214 5302 2355 5342 anno

774 5358 974 5416 Christi
1020 5360 1124 5415 925
1174 5360 1226 5414 in
1286 5360 1633 5429 ehronologia
1689 5358 1994 5422 Saxonica,
2056 5358 2356 5429 eodemque

776 5446 918 5486 anno
950 5431 1261 5485 Dunstanus
1289 5431 1487 5485 ibidem
1520 5428 1677 5481 natus
1704 5431 1920 5484 dicitur.
1952 5430 2015 5482 At
2052 5428 2151 5482 iste
2181 5443 2357 5481 annus

2450 3074 2701 3127 omnibus
2729 3085 3057 3142 perrectum,
3088 3084 3141 3127 et
3172 3074 3296 3128 hinc
3328 3074 3507 3128 iumen
3552 3075 3806 3128 omnibus
3845 3088 4037 3142 porre-

2450 3172 2618 3219 ctum.
2672 3164 2943 3217 Habemus
3003 3179 3133 3233 ergo
3184 3179 3381 3217 novum
3432 3164 3498 3218 de
3552 3179 3690 3217 nova
3751 3163 4033 3217 Elizabeth

2449 3256 2745 3318 Joannem;
2792 3256 3051 3309 habemus
3074 3256 3240 3308 nostri
3274 3256 3526 3325 temporis
3560 3254 3873 3318 Jeremiam,
3899 3264 4037 3323 quo-

2449 3362 2567 3400 rum
2600 3346 2829 3400 alterum
2855 3346 3018 3409 Deus,
3050 3345 3280 3400 alterum
3312 3347 3670 3417 archangelus
3710 3347 3803 3401 Dei
3846 3348 3895 3401 in
3926 3362 4042 3401 ma-

2452 3436 2551 3489 tris
2602 3444 2756 3489 utero
2812 3437 3214 3490 sanctilicatum
3247 3437 3501 3491 asseruit.
3554 3437 3730 3507 Atque
3756 3446 3815 3491 ut
3867 3437 4042 3492 excel-

2450 3527 2733 3581 lentiorem
2775 3528 3007 3597 gratiam
3065 3527 3337 3591 advertas,
3391 3533 3495 3597 qua
3542 3529 3628 3583 die
3658 3528 3825 3583 Filius
3876 3529 3965 3582 Dei
4010 3544 4041 3582 a

2452 3626 2625 3671 matre
2661 3618 2881 3688 Virgine
2912 3618 2962 3671 in
2998 3618 3196 3687 templo
3226 3628 3311 3673 est
3348 3628 3729 3689 prmsentatus,
3778 3636 3839 3675 ea
3885 3620 4043 3674 nimi-

2455 3726 2574 3764 rum
2608 3726 2741 3779 puer
2765 3711 2858 3763 Dei
2894 3711 2944 3764 in
2972 3711 3163 3765 matris
3192 3721 3346 3765 utero
3367 3712 3434 3765 ad
3463 3710 3724 3781 templum
3753 3721 3834 3766 est
3856 3712 4045 3781 depor-

2456 3808 2617 3853 tatus.
2650 3800 2853 3854 l.umen
2900 3800 2967 3853 ad
3005 3801 3390 3855 revelationem
3425 3802 3690 3871 gentium,
3720 3810 3777 3855 et
3816 3800 4043 3870 gloriam

2456 3889 2619 3942 Israel
2644 3898 2865 3942 sanctus
2890 3888 3111 3944 Simeon
3143 3891 3465 3945 exsultando
3513 3890 3886 3959 proclamabat
3914 3908 3925 3941 :
3965 3888 4047 3941 lu-

2456 3994 2576 4032 men
2608 3979 2958 4033 nihilominus
2990 3980 3041 4032 in
3080 3988 3222 4033 terra
3255 3980 3551 4049 Anglorum
3593 3991 3843 4033 exortum
3880 3978 4041 4033 Chri-

2454 4079 2589 4133 stus,
2621 4068 2711 4136 qui
2741 4083 2925 4121 vermu
2953 4068 3131 4121 lumen
3165 4077 3265 4131 est,
3298 4067 3499 4121 lumine
3538 4068 3865 4122 declarabat.

2776 4156 3042 4209 Dunstani
3074 4157 3319 4210 nativitas
3348 4167 3395 4210 et
3426 4156 3733 4227 baptismus.

2528 4247 2583 4301 5.
2612 4247 2903 4315 Postquam
2930 4254 3109 4299 autem
3133 4244 3325 4299 edendi
3356 4254 3540 4315 partus
3564 4254 3775 4315 tempus
3805 4246 4041 4309 advenit,

2460 4335 2656 4391 mulier
2681 4335 2863 4406 genuit
2891 4334 2966 4405 (5)
3001 4334 3167 4387 ﬁlium
3206 4336 3510 4403 quantitate
3540 4335 3755 4405 quidem
3794 4335 4040 4403 corporis

2458 4424 2764 4494 parvulum,
2796 4426 2889 4477 sed
2922 4439 2983 4477 ea
3027 4438 3146 4493 qua:
3191 4432 3495 4492 praeventus
3528 4423 3704 4479 fuerat
3740 4425 3912 4494 gratia
3952 4424 4045 4477 Dei

2460 4520 2803 4574 immensmn.
2841 4516 2968 4571 lmle
3012 4518 3194 4572 statim
3238 4516 3490 4571 secundae
3540 4515 3907 4584 generationis
3950 4514 4047 4567 bo-

2461 4625 2595 4665 nore
2645 4610 2869 4678 potitus,
2905 4608 3141 4663 futuram
3196 4606 3317 4661 ﬁdei
3369 4606 3510 4659 illius
3558 4604 3886 4659 soliditatem
3930 4604 4043 4674 jam

2462 4710 2591 4755 tunc
2617 4700 2877 4753 divinitus
2901 4699 3301 4768 przeﬁguratam
3328 4697 3379 4750 in
3402 4696 3619 4751 nomine
3648 4697 3874 4750 sortitur
3903 4696 4045 4750 Dun-

2462 4798 2671 4852 stanus,
2697 4788 2838 4858 quod
2865 4798 3031 4856 petra:
3056 4788 3363 4841 ﬁrmitatem
3386 4794 3560 4849 sonat,
3595 4794 3877 4855 parentum
3922 4799 4048 4839 suo-

2466 4897 2581 4934 rum
2634 4880 2979 4935 adnotatione
3022 4879 3309 4933 vocitatus.
3383 4877 3584 4933 Deinde
3658 4877 3782 4932 dum
3834 4886 4045 4930 teneros

2467 4988 2637 5026 annos
2693 4971 2933 5025 infantize
2996 4986 3229 5041 sequens
3289 4979 3417 5025 tetas
3475 4970 3833 5032 exclusisset,
3877 4979 3931 5022 et
3994 4968 4046 5021 in

2466 5074 2684 5133 apertos
2724 5080 2889 5118 sonos
2931 5063 3168 5134 linguam
3215 5061 3326 5130 jam
3363 5060 3600 5115 formare
3649 5058 3923 5128 coepisset,
3979 5056 4046 5109 ad

2470 5155 2725 5226 templum
2756 5155 3050 5209 nascentia:
3082 5153 3224 5207 illius
3252 5150 3516 5206 miraculo
3544 5150 3814 5220 quondam
3841 5148 4046 5218 insigne

2463 5291 2551 5345 ubi
2580 5292 2647 5345 de
2676 5300 2850 5345 morte
2874 5288 3160 5343 Dunstani.

2537 5362 2613 5432 (2)
2642 5360 2818 5484 Ιὲεθὴε
2838 5359 2988 5425 stirpi
3011 5356 3479 5427 consanguinitatis
3496 5355 3621 5426 jure
3642 5353 3884 5416 devincti,
3908 5350 4043 5406 infra

2541 5447 2612 5484 m.
2694 5470 2708 5484 .

2465 5447 2612 5486 num.
2655 5447 2708 5484 υ.
