4516 5500
870 373 975 428 619

1894 364 1955 420 s.
1997 349 2416 422 consultos
2454 358 2766 416 ARCHIEP.
2809 361 3158 417 camena.

4029 364 4134 417 ιεο

869 484 997 542 lude
1028 482 1094 536 ad
1124 480 1348 534 alteram
1393 476 1519 534 tecti
1569 479 1801 546 partem,
1845 492 1950 547 qua
1982 476 2159 532 nullus
2198 487 2318 533 erat
2360 476 2449 529 de-
2480 477 2523 533 A
2554 473 2822 545 gentiam:
2854 483 3076 528 auctore
3098 466 3208 527 Deo
3234 473 3314 527 sic
3345 481 3573 543 utraque
3602 476 3858 544 pranlitus
3888 486 4028 540 erat,
4072 489 4134 531 ιιι

869 586 1117 634 scensus,
1160 570 1532 640 progrediens,
1563 567 1824 638 angelicis
1872 568 2122 623 manibus
2159 568 2226 621 ad
2274 568 2445 621 solum

870 663 1179 733 deponitur,
1227 669 1282 716 et
1335 660 1388 714 in
1446 659 1705 714 interiora
1753 658 1933 727 templi
1981 673 2085 713 n0u
2142 658 2449 727 patentibus

871 753 1127 809 claustris
1161 751 1455 807 inducitur.
1495 748 1627 808 Orta
1655 757 1834 803 autem
1863 748 2005 810 luce,
2042 748 2166 801 dum
2190 763 2285 816 per
2319 747 2448 815 vici-

873 856 970 897 nas
992 841 1179 897 domos
1208 841 1432 909 quarstio
1458 838 1523 894 de
1560 853 1727 907 puero
1768 837 1906 892 facta
1952 836 2161 901 fuisset,
2205 845 2450 905 repertus

871 939 952 985 est
981 931 1034 984 in
1064 930 1258 999 templo
1288 945 1410 984 cum
1444 929 1528 983 his
1553 929 1645 999 qui
1676 938 1966 983 nocturnas
2005 928 2279 982 custodias
2326 942 2449 996 age-

872 1018 1001 1074 bant
1026 1020 1131 1075 leni
1166 1034 1358 1089 sopore
1399 1018 1623 1073 oflusus.
1664 1018 1900 1088 Rogatus
1930 1029 1989 1073 ut
2035 1028 2141 1073 tam
2187 1017 2450 1071 mirabilis

870 1121 1095 1164 eventus
1119 1111 1332 1164 modum
1361 1117 1681 1179 exponeret,
1707 1124 1813 1164 non
1835 1123 1956 1165 esse
1982 1109 2085 1163 hoc
2113 1110 2166 1162 in
2202 1124 2297 1163 sua
2320 1123 2448 1164 con-

869 1201 1096 1255 scientia
1124 1202 1420 1272 rcspoudit,
1438 1210 1491 1256 et
1516 1201 1877 1272 ignorantium
1900 1210 2110 1255 mentes
2134 1201 2322 1269 majori
2341 1216 2449 1255 ams

868 1290 1030 1364 liiguo
1050 1293 1287 1347 deduxit.
1326 1293 1429 1347 Sed
1462 1293 1515 1347 hi
1540 1308 1675 1363 quos
1695 1292 2008 1362 explorandi
2037 1293 2204 1362 gratia
2223 1306 2444 1361 puerum

868 1393 1083 1438 secutos
1108 1383 1272 1437 fuisse
1300 1384 1666 1453 praediximus,
1692 1384 1758 1437 de
1777 1384 2027 1437 omnibus
2048 1399 2167 1451 qua:
2192 1398 2359 1451 usque
2382 1386 2446 1437 ad

867 1488 1117 1542 suprema
1148 1474 1327 1543 templi
1344 1475 1554 1543 fastigia
1576 1475 1937 1541 contigerant,
1963 1472 2109 1527 claro
2136 1483 2189 1527 ct
2219 1473 2446 1541 probato

866 1580 1118 1620 sermone
1170 1563 1570 1619 testificantur:
1604 1573 1801 1617 caetera
1835 1578 1992 1627 vero,
2026 1564 2278 1632 quoniam
2327 1562 2446 1617 illos

866 1664 921 1710 et
950 1671 1177 1726 puerum
1204 1654 1499 1717 latuerunt,
1539 1653 1704 1708 solius
1736 1654 1827 1708 Dei
1861 1656 2097 1722 potentia
2128 1655 2447 1708 mirabiliter

864 1755 1077 1816 patrata
1106 1745 1272 1799 fuisse
1300 1745 1632 1800 claruerunt.
1672 1744 1864 1814 Magno
1890 1746 2052 1813 igitur
2080 1746 2275 1799 timore
2306 1762 2439 1799 con-

2552 576 2608 619 et
2644 565 2906 619 facilitate
2951 566 3150 635 ingenii
3182 566 3476 635 quamlibet
3526 582 3637 622 rem
3681 568 3995 623 acutissime
4048 569 4132 621 in-

2554 655 2820 726 telligerct
2846 697 2861 719 ,
2907 666 2961 709 et
2987 657 3342 721 occupatione
3373 658 3533 711 studii
3566 658 3926 728 quodcunque
3958 659 4130 715 intel-

2552 742 2748 798 lectum
2799 743 2989 800 fuisset
3039 743 3346 800 firmissime
3394 746 3674 801 retineret.
3720 746 3796 801 Ex
3831 765 3940 819 quo
3977 749 4126 803 brevi

2500 819 2509 829 ’
2552 832 2749 886 factum
2780 842 2882 898 est,
2913 844 2969 888 ut
2997 850 3171 904 neque
3199 838 3624 906 praeceptoribus
3649 839 3764 892 suis
3797 839 4123 908 imperitior,

2549 934 2603 979 et
2656 926 3150 994 condiscipulorum
3203 930 3549 997 peritissimis
3607 931 3777 987 multo
3821 945 3967 988 esset
4011 935 4125 1003 ipse

2551 1015 2789 1085 peritior.
2825 1015 3274 1087 Philosophorum
3318 1021 3613 1087 scientias,
3644 1038 3781 1091 quas
3820 1038 4009 1078 carum
4040 1042 4128 1079 re-

2552 1120 2667 1158 rum
2696 1120 2815 1175 qua:
2846 1116 3003 1171 sunt,
3034 1117 3088 1162 et
3111 1123 3231 1177 qua:
3258 1109 3420 1162 aliter
3448 1124 3567 1163 esse
3619 1126 3724 1164 non
3757 1119 4000 1179 possunt,
4033 1128 4125 1167 cn-

2548 1196 2844 1265 gnitioncm
2884 1199 3131 1253 veritatis
3177 1209 3419 1255 vetustas
3468 1215 3588 1254 esse
3636 1200 3860 1265 diffinit;
3899 1212 3955 1256 ut
4000 1212 4127 1256 sunt

2549 1288 2970 1357 magnitudines,
3002 1300 3056 1344 ct
3087 1305 3271 1344 earum
3302 1291 3421 1344 alize
3449 1303 3729 1347 niauentcs
3752 1304 4007 1363 motuque
4034 1312 4126 1349 ea-

2549 1388 2760 1445 rentes,
2807 1379 2925 1433 alia:
2972 1395 3100 1435 vero
3128 1396 3246 1450 qua:
3275 1381 3457 1435 mobili
3496 1397 3712 1452 semper
3741 1384 3954 1439 ratione
4004 1401 4125 1438 ver-

2548 1477 2755 1532 tuntur,
2784 1485 2883 1523 nec
2916 1468 3036 1523 ullis
3075 1471 3407 1539 temporibus
3450 1472 3807 1541 acquiescant
3830 1514 3845 1538 ,
3878 1476 4124 1529 multitu-

2546 1558 2699 1613 dines
2727 1574 2973 1629 quoque,
3017 1572 3072 1615 et
3136 1574 3322 1614 earum
3366 1562 3718 1618 nihilominus
3751 1564 3867 1619 alia:
3905 1581 4001 1634 per
4025 1582 4118 1630 se,

2546 1648 2664 1701 alite
2700 1649 2751 1702 in
2788 1649 3051 1704 relatione
3078 1650 3287 1719 posite.
3338 1651 3570 1719 liorttm,
3597 1654 3835 1723 inquam,
3865 1656 4122 1711 scientias

2548 1735 2790 1807 diligenti
2832 1738 3065 1793 excoluit
3099 1740 3338 1805 ratione,
3382 1757 3631 1811 magnam
3669 1743 3720 1796 in
3773 1744 3855 1797 his
3899 1754 3951 1799 et
3996 1761 4121 1800 cond

864 1815 1009 1893 cussi
1035 1851 1225 1891 omnes
1247 1836 1338 1905 qui
1362 1836 1685 1901 audierunt,
1716 1835 2024 1906 cogitabant
2052 1837 2307 1904 quidnam
2358 1852 2441 1891 es—
2478 1815 2513 1870 ll
2546 1836 2647 1881 Slal

2358 1852 2441 1891 es-
2478 1815 2513 1870 li
2546 1836 2775 1881 stantem
2805 1830 3137 1897 perspiciens
3171 1844 3291 1883 esse
3317 1830 3732 1899 perfectionem;
3764 1845 3819 1888 ct
3862 1837 4112 1905 quamvis

863 1939 946 1982 set
980 1928 1121 1996 quod
1152 1942 1317 1996 puero
1347 1926 1685 1996 contigisset,
1711 1926 1952 1980 dicentes
1979 1928 2043 1979 ad
2077 1926 2395 1981 alterutrum
2424 1948 2435 1980 :

862 2017 1001 2082 Quid
1027 2016 1128 2069 sibi
1165 2015 1275 2068 vult
1304 2030 1439 2084 puer
1470 2015 1595 2080 iste,
1627 2015 1709 2068 cui
1757 2025 1837 2069 tot
1866 2024 1917 2069 et
1954 2024 2062 2068 tam
2092 2025 2277 2070 sancta
2306 2033 2439 2085 prze-

859 2108 1015 2160 eonia
1046 2107 1412 2160 attestantur?
1441 2107 1531 2175 qui
1559 2113 1685 2161 ante
1711 2107 1900 2161 beatus
1921 2124 2082 2177 quam
2110 2120 2289 2173 natus,
2314 2120 2438 2164 ante

858 2196 1034 2249 virtus
1065 2196 1301 2263 prodidit
1333 2196 1627 2265 gloriosum
1656 2212 1816 2266 quam
1843 2206 1973 2251 celas
2002 2198 2254 2266 probaret
2285 2200 2435 2253 adul‘

860 2294 994 2338 tum.
1060 2284 1329 2355 Singulari
1394 2286 1536 2340 hune
1594 2287 1764 2356 gratia
1817 2288 2098 2356 praeditum
2159 2289 2435 2353 videmus,

858 2391 1019 2445 quem
1067 2376 1289 2446 angelus
1332 2388 1592 2446 (cgnitum
1622 2379 1869 2442 sanavit,
1914 2378 2161 2433 diabolus
2189 2392 2435 2434 sanatum

859 2464 1220 2526 contremuit,
1297 2464 1540 2518 Ecclesia
1595 2465 1803 2534 signata
1859 2468 2091 2534 excepit.
2149 2467 2216 2521 Et
2261 2470 2438 2521 denuo

857 2565 1118 2611 orantes:
1146 2555 1377 2624 Augeat,
1416 2554 1689 2624 inquiunt,
1722 2556 1861 2611 Deus
1894 2559 2145 2612 meritum
2173 2560 2325 2628 pueri
2364 2560 2430 2613 ad

857 2642 1087 2713 gloriam
1129 2644 1235 2698 sui.
1277 2644 1345 2697 At
1370 2643 1458 2698 ille
1499 2644 1735 2713 regentis
1767 2659 1825 2698 se
1880 2645 2082 2700 Christi
2121 2649 2310 2717 spiritu
2355 2666 2438 2703 τρο

853 2734 1052 2803 pletus,
1083 2747 1244 2789 aures
1275 2734 1495 2802 quidem
1529 2736 1775 2803 corporis
1805 2750 1833 2789 a
1862 2737 1975 2791 suis
2006 2737 2256 2794 laudibus
2279 2756 2435 2796 aver-

855 2824 1027 2889 tebat,
1062 2825 1157 2879 sed
1194 2824 1247 2877 in
1284 2834 1496 2879 secreto
1527 2826 1821 2893 peetuscnli
1858 2828 2021 2880 Deum
2059 2828 2431 2885 benedicebat.

851 2916 934 2971 Ab
960 2917 1048 2970 illo
1074 2917 1257 2985 itaque
1281 2916 1368 2971 die
1399 2918 1451 2970 in
1492 2927 1640 2972 tanta
1674 2920 2036 2973 admiratione
2063 2920 2285 2976 habitus
2310 2933 2393 2977 est
2420 2964 2432 2985 ,

854 3015 913 3059 ut
940 3006 1170 3075 plurima
1214 3004 1360 3059 illum
1394 3007 1674 3075 utriusque
1714 3022 1875 3061 sexus
1901 3008 2217 3073 multitudo,
2246 3026 2434 3079 quam-

852 3094 936 3148 vis
984 3094 1161 3148 adhuc
1213 3094 1541 3158 delicatum,
1594 3094 1779 3150 videre
1827 3106 2071 3165 cuperet.
2131 3098 2248 3168 Ipse
2299 3115 2430 3154 vero
2465 3154 2503 3172 ﬂ

852 3194 1056 3252 quanto
1095 3183 1480 3239 excellentiora
1528 3185 1821 3251 audiebat,
1859 3194 2008 3242 tanto
2044 3188 2108 3242 de
2136 3203 2195 3244 se
2220 3189 2428 3245 minora

851 3286 1074 3330 SClllll'e.

958 3384 1181 3439 Ordines
1212 3386 1437 3439 minores
1463 3388 1711 3507 suscipit.
1749 3387 1980 3441 Lectioni
2008 3399 2055 3442 et
2096 3391 2325 3445 scientiis

1502 3466 1553 3507 at
1596 3474 1828 3507 onerum.

1502 3466 1553 3509 at
1596 3474 1828 3521 operam.

917 3547 970 3601 8.
1012 3544 1241 3617 Jamque
1284 3558 1518 3602 vernans
1548 3556 1681 3603 actas
1721 3550 2105 3606 adolescentia:
2135 3552 2298 3607 decus
2346 3552 2428 3605 iu-

848 3640 1037 3694 duerat
1062 3680 1077 3703 ,
1104 3654 1226 3693 cum
1256 3653 1377 3693 eum
1402 3646 1657 3707 parentes
1694 3640 1775 3693 sui
1807 3655 1995 3695 sacros
2026 3642 2245 3695 ordines
2274 3658 2429 3712 roga-

848 3739 971 3783 rent
1012 3730 1291 3798 suscipere
1314 3769 1329 3794 ,
1364 3738 1423 3783 ut
1463 3730 1556 3800 qui
1586 3728 1763 3786 fuerat
1791 3746 1823 3787 ι
1855 3734 2107 3802 primawa
2138 3743 2297 3787 actate
2328 3735 2429 3787 Do-

848 3824 998 3878 mino
1027 3823 1254 3889 electus,
1283 3839 1381 3895 per
1401 3821 1708 3895 huiusmodi
1738 3827 1964 3895 gratiam
1999 3826 2172 3880 eidem
2202 3827 2431 3896 conjun-

847 3915 1299 3970 ctusadhrereret.
1316 3915 1552 3981 Quorum
1571 3916 1657 3969 ille
1674 3916 1932 3971 voluntati
1950 3917 2221 3971 humiliter
2234 3932 2426 3987 parens

845 4007 1087 4060 minores
1113 4004 1313 4074 gradus
1341 4005 1416 4075 (6)
1457 4014 1511 4058 et
1534 4004 1721 4060 habitu
1751 4008 1991 4073 suscepit
2013 4017 2065 4061 et
2098 4009 2218 4063 vitae
2259 4009 2428 4065 hone-

845 4101 987 4147 state
1008 4093 1271 4147 servavit.
1302 4092 1437 4147 Tum
1468 4109 1597 4147 vero
1625 4096 1765 4163 quod
1815 4095 1888 4148 illi
1920 4097 2065 4150 :etati
2111 4114 2214 4151 non
2260 4114 2426 4167 parvo

845 4194 1170 4238 ornamento
1201 4192 1322 4247 est,
1370 4185 1615 4238 certabat
1661 4201 1849 4240 omnes
1902 4185 2075 4241 olIicio
2123 4203 2381 4257 superare
2408 4230 2422 4255 ,

842 4275 1018 4346 gratia
1047 4284 1101 4330 et
1131 4273 1447 4329 affabilitate
1477 4291 1669 4330 omnes
1692 4279 1932 4343 anteire,
1958 4295 2177 4335 servare.
2209 4282 2422 4351 pudici-

843 4372 995 4435 tiam,
1019 4370 1202 4441 fugere
1231 4370 1539 4435 lasciviam;
1574 4374 1849 4441 appetitor
1870 4375 2103 4439 honesti,
2138 4379 2427 4448 turpitudi-

2542 1920 2792 1972 omnibus
2820 1922 2904 1973 his
2934 1922 3142 1974 artibus
3176 1923 3459 1987 magnitice
3504 1923 3751 1992 polleret,
3794 1924 3908 1994 ejus
3939 1935 4117 1982 tamen

2543 2008 2902 2062 multitudinis
2945 2024 3063 2078 qua:
3102 2010 3365 2065 musicam
3413 2012 3667 2077 instruit,
3698 2027 3816 2066 eam
3870 2014 4119 2070 videlicet

2540 2115 2658 2169 qute
2675 2100 3047 2156 instrmnentis
3060 2104 3316 2170 agitatur,
3348 2105 3568 2173 speciali
3586 2107 3816 2174 quadam
3839 2105 4119 2163 affectione

2539 2190 2824 2244 scientiam
2877 2192 3223 2257 vindicabat,
3274 2194 3413 2247 sicut
3448 2193 3613 2247 David
3668 2195 3979 2264 psalterium
4030 2212 4118 2250 su-

2540 2297 2730 2345 mens,
2788 2282 3051 2335 citharam
3108 2285 3458 2352 percutiens,
3508 2285 3823 2340 modificatis
3880 2302 4118 2357 organa,

2538 2374 2786 2444 cymbala
2820 2384 3067 2445 tangens,
3101 2376 3196 2432 sed
3229 2393 3333 2429 non
3359 2378 3497 2431 sicut
3528 2378 3579 2431 hi
3609 2393 3837 2446 quorum
3869 2379 4115 2434 inertiam

2539 2475 2593 2518 et
2638 2464 2967 2519 luxoriosum
3024 2466 3193 2519 otium
3241 2476 3427 2521 noster
3475 2469 3823 2537 propheticus
3872 2469 4119 2537 increpat

2539 2556 2935 2609 armentarius:
2974 2556 3076 2620 Qui
3099 2557 3357 2621 dormitis,
3394 2558 3587 2627 inquit,
3621 2559 3673 2612 in
3690 2558 3833 2613 lectis
3855 2560 4114 2622 eburneis,

2537 2653 2583 2696 et
2611 2643 2863 2698 lascivitis
2900 2648 2952 2698 in
2975 2648 3154 2700 stratis
3182 2648 3388 2712 vestris,
3414 2650 3506 2718 qui
3534 2650 3805 2703 comeditis
3834 2666 4024 2719 agn-im
4052 2652 4116 2703 de

2536 2750 2707 2805 grege,
2737 2745 2784 2789 et
2814 2737 3002 2789 vitulos
3028 2737 3091 2789 de
3112 2739 3281 2791 medio
3312 2740 3557 2804 armenti,
3585 2741 3674 2809 qni
3710 2741 3896 2794 canitis
3928 2742 3995 2793 nd
4026 2758 4117 2794 ιιοι

2537 2840 2642 2877 rem
2672 2825 2907 2895 psallerii
2933 2828 3064 2879 sicut
3094 2827 3261 2880 David
3282 2867 3296 2891 ,
3328 2838 3638 2897 putaverunt
3675 2846 3730 2883 se
3769 2846 3892 2884 vasa
3924 2830 4113 2884 cantici

2537 2916 2724 2971 habere
2750 2916 2975 2971 bibentes
3002 2918 3055 2970 in
3078 2918 3268 2987 phialis
3292 2920 3489 2972 vinum.
3520 2919 3632 2975 Nec
3656 2935 3721 2974 eo
3748 2920 3849 2976 ista
3877 2938 4119 2977 commc-

2537 3021 2841 3069 moramus,
2874 3022 2980 3076 quo
3018 3007 3100 3061 his
3128 3022 3263 3077 Opus
3293 3023 3415 3063 esse
3450 3009 3515 3064 ad
3561 3010 3949 3080 perfectionem
3999 3021 4116 3067 ten-

2538 3096 2681 3150 denti
2714 3097 3065 3161 arbitremur,
3099 3099 3193 3151 sed
3223 3107 3279 3152 ut
3319 3100 3648 3171 multiplices
3680 3101 3773 3157 Dei
3814 3103 4018 3172 gratias
4058 3104 4111 3157 in

2528 3187 2727 3256 juvene
2766 3191 3230 3245 commendemus.
3282 3190 3413 3245 Nam
3463 3193 3714 3249 omnibus
3760 3195 4114 3251 smcularibus

2538 3285 2730 3339 studiis
2753 3283 3076 3355 prmferebat
3104 3286 3391 3339 scientiam
3424 3287 3664 3355 pietatis,
3710 3302 3831 3356 quae
3860 3288 3910 3342 in
3942 3304 4113 3344 evan-

2531 3376 2717 3446 gelicis
2763 3385 2816 3429 et
2863 3374 3795 3445 apostolicis.contineturlitteris,
3848 3378 3975 3432 dum
4010 3394 4112 3433 sua

2535 3480 2750 3533 semper
2791 3464 3003 3533 ingenia
3046 3474 3355 3518 sanctorum
3386 3464 3605 3519 Patrum
3637 3467 3947 3520 auctoritati
3982 3482 4117 3521 con-

2531 3558 2767 3619 tradens,
2795 3565 2849 3610 et
2890 3556 3077 3611 ambas
3110 3572 3194 3612 res
3225 3558 3290 3611 ad
3316 3557 3533 3613 easdem
3568 3557 3776 3613 litteras
3803 3557 4109 3625 conferens,

2531 3648 2689 3703 fidem
2719 3663 2925 3711 veram,
2951 3663 3161 3701 morum
3193 3648 3556 3718 disciplinam,
3583 3658 3639 3703 et
3668 3650 3834 3719 (quod
3857 3666 4020 3703 unum
4045 3666 4111 3705 ac

2530 3740 2704 3795 solum
2741 3754 2851 3808 pra:
2886 3739 3137 3792 omnibus
3181 3737 3341 3791 rebus
3394 3740 3745 3808 quarrendum
3792 3740 3898 3809 est)
3943 3741 4108 3795 vitam

2528 3838 2791 3884 azternam
2822 3846 2881 3885 se
2914 3831 3187 3885 invenisse
3232 3832 3520 3899 gaudebat.
3577 3830 3729 3887 Sicut
3767 3832 3934 3888 David
3979 3848 4111 3904 ergo

2529 3932 2714 3978 noster
2742 3924 3111 3993 symphonista
3145 3939 3272 3978 vasa
3298 3925 3497 3979 cantici
3534 3924 3761 3991 habuit;
3791 3926 3917 3996 quia
3950 3916 4108 3980 usum

2529 4016 2744 4072 illorum
2777 4032 2881 4069 non
2914 4015 3017 4083 nisi
3053 4017 3105 4070 in
3138 4016 3337 4071 divinis
3363 4012 3613 4072 laudibus
3640 4018 3914 4086 expendit.
3962 4016 4110 4071 Prm-

2532 4117 2677 4161 terea
2705 4120 2866 4159 manu
2894 4115 3050 4175 aptus
3078 4106 3145 4158 ad
3171 4106 3353 4159 omnia
3374 4147 3388 4171 ,
3412 4121 3571 4177 posse
3595 4106 3773 4161 facere
3802 4107 4062 4177 picturam
4087 4145 4104 4171 ,

2529 4198 2736 4252 litteras
2764 4195 3034 4258 formare,
3069 4196 3321 4265 scalpello
3347 4197 3659 4264 imprimere
3687 4238 3702 4261 ,
3739 4212 3799 4251 ex
3833 4211 3970 4251 auro
3990 4235 4006 4263 ,
4036 4211 4107 4251 ex

2526 4296 2772 4358 argento,
2802 4302 2907 4340 aere
2931 4295 2986 4340 et
3008 4284 3152 4339 ferro
3179 4286 3437 4355 quidquid
3469 4285 3659 4340 liberet
3680 4287 3913 4355 operari.

2762 4376 2839 4429 Ab
2867 4375 3103 4429 Athelmo
3135 4376 3367 4427 traditur
3398 4376 3503 4445 regi
3535 4375 3860 4431 Etlielstmto.

842 4466 928 4521 nis
952 4474 1286 4530 exsecrator,
1324 4463 1587 4532 majorum
1620 4475 1749 4520 natu
1775 4466 2057 4536 colloquiis
2090 4470 2304 4533 adesse,
2328 4472 2420 4542 ju-
2454 4489 2502 4547 ο
2598 4465 2819 4523 9.Tunc
2844 4466 3027 4521 audita
3057 4465 3201 4519 fama
3217 4466 3542 4520 venerabilis
3570 4466 3669 4521 viri
3686 4466 4101 4523 Cantuariorum

840 4571 1038 4614 venum
1068 4555 1273 4611 ludicra
1307 4555 1601 4620 declinare;
1627 4555 1871 4610 ciborum
1896 4558 2192 4624 abstinens,
2228 4577 2420 4617 somno

843 4660 1179 4717 temperans,
1214 4646 1428 4700 incessu
1458 4646 1666 4714 gravis;
1713 4660 1888 4716 neque
1915 4646 2075 4703 facile
2108 4652 2311 4706 moveri
2347 4652 2424 4705 lo-

842 4754 940 4799 co,
988 4751 1164 4807 neque
1190 4738 1420 4807 abrupte
1447 4736 1628 4806 loqui;
1664 4754 1875 4808 magna:
1918 4739 2150 4795 fidentim
2178 4743 2244 4797 ad
2296 4744 2425 4799 inci-

840 4830 1094 4904 piendum
1123 4832 1344 4895 bonum,
1371 4830 1690 4885 constantia:
1719 4831 1785 4885 ad
1818 4830 2239 4899 perficiendum;
2267 4836 2419 4904 prin-

842 4924 1041 4995 eipium
1067 4922 1204 4978 bene
1232 4922 1419 4991 agendi
1437 4922 1604 4975 Deum
1623 4922 2072 4992 semperhabere,
2099 4924 2260 4980 finem
2291 4942 2419 4983 vero

842 5015 1019 5068 eidem
1051 5009 1451 5066 commendare.
1482 5008 1719 5065 Moribus
1746 5026 1962 5081 quoque
1995 5014 2151 5070 bonis
2191 5018 2423 5072 accessit

844 5102 1083 5158 studium
1117 5114 1285 5154 sacra:
1309 5098 1580 5164 lectionis,
1617 5100 1770 5170 cujus
1796 5103 2059 5157 exercitio
2085 5114 2139 5159 et
2170 5106 2419 5162 vitiorum

842 5190 1286 5263 importunitates
1324 5189 1563 5243 e‘vitabat
1591 5198 1646 5242 et
1690 5190 1949 5245 virtutum
2000 5207 2292 5260 augmenta
2326 5214 2422 5249 nn-

844 5283 1061 5339 triebat.
1106 5281 1173 5336 Et
1219 5279 1474 5350 quoniam
1517 5277 1752 5332 studium
1786 5297 2007 5349 parvam
2051 5284 2213 5338 habet
2238 5286 2420 5339 eflica-

840 5373 981 5431 ciam
1028 5372 1118 5429 ubi
1164 5368 1413 5425 naturale
1468 5368 1743 5439 ingenium
1781 5386 1885 5425 non
1937 5376 2178 5441 suggerit
2221 5377 2421 5432 intelli-

2528 4555 2918 4625 archiepiscopi
2944 4554 3180 4609 Athelmi
3216 4554 3316 4624 (7),
3346 4554 3499 4625 cujus
3531 4555 3644 4625 ipse
3692 4565 3809 4611 erat
3834 4571 3999 4625 nepos
4048 4568 4106 4611 et

2529 4648 2672 4701 tilius
2711 4646 2917 4709 fratris,
2948 4644 3213 4713 permissu
3248 4652 3532 4713 parentmn
3561 4660 3782 4699 suorum
3809 4645 4105 4717 proﬁcisci-

2528 4747 2615 4791 tur
2644 4736 2710 4790 ad
2754 4735 3025 4797 eunidem,
3054 4742 3322 4803 qnatemts
3355 4734 3486 4787 tanti
3536 4735 3779 4803 parentis
3808 4745 3861 4790 et
3910 4736 4098 4806 cogni-

2528 4830 2728 4883 tionem
2779 4827 3045 4890 haberet,
3100 4834 3156 4881 et
3199 4826 3323 4879 vita:
3365 4826 3506 4880 illius
3549 4828 3796 4898 exemplo
3831 4827 4102 4897 juvenilcs

2525 4934 2705 4976 mores
2726 4916 3059 4972 informaret.
3085 4916 3394 4971 Ltetabatur
3420 4919 3600 4988 itaque
3626 4921 3909 4991 episcopus
3937 4923 4104 4977 nimis

2525 5015 2576 5068 in
2609 5014 2843 5068 adventu
2880 5010 3092 5079 nepotis
3116 5051 3130 5072 ,
3162 5009 3518 5064 considerans
3542 5012 3595 5064 in
3635 5012 3726 5067 illo
3757 5022 4098 5068 venustatem

2521 5106 2788 5176 corporis,
2816 5102 2985 5157 animi
3018 5103 3257 5172 vigorem
3282 5142 3295 5165 ,
3336 5116 3398 5155 ac
3428 5102 3592 5156 totius
3633 5104 3935 5160 honestatis
3960 5104 4098 5159 emi-

2520 5199 2781 5252 nentiam.
2830 5194 2983 5250 Unde
3022 5208 3087 5247 co
3129 5208 3236 5261 quo
3278 5190 3489 5246 afﬂatus
3515 5201 3598 5246 est
3643 5193 3737 5248 Dei
3778 5195 3971 5265 spiritu
4003 5211 4097 5249 vas

2520 5289 2665 5342 illum
2689 5284 2968 5341 electionis
3018 5280 3259 5335 futurum
3289 5296 3660 5353 pramoscens,
3704 5284 3895 5353 potiori
3927 5286 4093 5356 gradu

2521 5380 2806 5439 decorare,
2836 5384 2891 5428 et
2918 5372 3030 5441 regi
3061 5357 3377 5426 Ethelstano
3415 5370 3667 5427 familiari
3703 5376 4097 5430 contestatione
