4516 5500
451 323 557 376 «Ill

2000 313 2176 368 VITA.

3614 329 3718 384 ιιιρ

453 448 579 487 eum
606 434 805 486 stmluit
833 434 1231 487 commendare.
1278 432 1460 496 llune,
1488 433 1590 494 ait,
1620 432 1869 500 juvenem
1905 429 2035 483 mihi
2069 430 2115 487 Λ
2149 447 2236 486 nul

1934 429 2035 483 nihi
2069 430 2115 487 Λ
2149 447 2423 501 nunquam
2452 435 2773 490 audivimus.
2821 436 2909 491 Illa
2957 438 3275 493 insidentem
3322 455 3388 495 ne
3416 452 3717 496 moreretur

454 524 674 593 quidem
705 523 1018 590 plurimum,
1070 523 1228 592 regia:
1256 538 1382 576 vero
1419 523 1572 591 stirpi
1620 521 1874 575 nonnullo
1902 537 2029 575 con-

453 614 833 685 sanguinitatis
885 614 1007 683 jure
1054 615 1392 679 devinctum,
1452 627 1645 669 vestra:
1694 614 2030 668 excellentia:

453 706 796 767 commendo,
830 714 887 759 ut
916 704 1242 775 stctjugiter
1272 706 1323 758 in
1357 714 1645 774 conspectu
1701 713 1901 768 vestro,
1935 719 2031 757 au-

454 799 676 866 diatque
709 798 929 851 verbum
956 812 1020 851 ex
1058 813 1157 851 ore
1190 797 1392 851 domini
1425 798 1526 851 mei
1570 796 1731 864 regis.
1766 796 2032 865 Experiar

455 890 511 943 in
539 890 625 943 illo
655 890 884 960 gratiam
907 897 1140 943 vestram
1168 930 1181 951 ,
1208 903 1369 957 quam
1397 887 1743 956 multiplicem
1787 887 1838 940 in
1866 886 2033 940 maxi-

456 981 563 1033 mis
587 996 727 1050 smpe
753 980 914 1033 rebus
942 988 1196 1047 expertus
1231 994 1348 1033 sum
1376 1020 1387 1039 ,
1422 990 1474 1032 et
1520 978 1771 1045 deinceps
1799 977 2029 1046 amplius

454 1080 805 1139 experturum
839 1084 924 1123 me
968 1068 1201 1123 confido.
1244 1068 1394 1133 Quod
1421 1083 1534 1129 rex,
1572 1076 1820 1136 prompta
1852 1066 2030 1121 cordis

454 1162 738 1215 alacritate
783 1160 1089 1229 accipiens,
1135 1158 1374 1213 oblatum
1421 1156 1673 1225 juvenem
1724 1156 2029 1226 gratissime

453 1252 689 1321 excepit,
720 1251 879 1304 unice
902 1249 1118 1309 dilexit,
1145 1258 1266 1317 post
1312 1249 1425 1307 lucc
1468 1247 1787 1300 necessariis
1817 1260 2030 1315 quoque

455 1341 617 1395 rebus
647 1341 791 1412 regia
816 1340 934 1394 vice
951 1354 1185 1409 prmcssc
1209 1338 1819 1392 constituit.Dunstanus
1844 1339 2026 1408 igi'ur,

454 1442 675 1487 terreno
701 1432 903 1500 degens
927 1431 977 1484 in
1008 1429 1228 1499 palatio,
1260 1429 1640 1497 egrediebatur
1669 1438 1721 1482 et
1755 1429 2025 1499 ingredie-

453 1523 614 1575 batur
636 1524 701 1575 ad
736 1522 1022 1591 imperium
1052 1520 1215 1589 regis,
1244 1528 1296 1572 et
1320 1529 1693 1588 prosperatum
1722 1531 1803 1574 est
1838 1521 1888 1573 in
1914 1535 2030 1573 ma-

458 1614 616 1666 nibus
647 1612 816 1680 ipsius
841 1612 1103 1681 quidquid
1132 1610 1314 1679 operis
1338 1611 1449 1678 ipse
1481 1611 1749 1680 cmpisset.
1792 1611 1856 1664 Et
1887 1625 2027 1664 iutnc

452 1702 669 1770 quidem
696 1716 924 1770 surgens
948 1702 1013 1753 ad
1042 1702 1303 1754 orandum
1336 1701 1522 1762 Deum,
1566 1716 1706 1754 nunc
1733 1701 1926 1753 sedens
1960 1700 2026 1752 ad

2135 524 2388 586 retinuit;
2420 524 2520 578 ista
2553 540 2619 579 ne
2657 540 2803 579 mors
2834 526 3119 581 timeretur
3157 527 3457 583 admonuit.
3496 529 3585 585 Illa
3613 545 3714 583 an-

2132 616 2331 685 gelicos
2360 615 2536 669 vultus
2567 618 2956 684 pertimescens
2999 617 3273 683 subsedit;
3310 618 3411 672 ista
3459 620 3525 673 ad
3553 633 3711 689 aspc-

2137 715 2282 761 ctum
2313 706 2403 761 Dei
2433 717 2486 761 et
2518 707 2829 777 angelorum
2875 708 3017 763 illius
3054 723 3243 765 omnes
3268 710 3547 765 audientes
3582 710 3716 765 imi-

2134 799 2289 853 tavit.
2324 798 2428 853 Sed
2454 799 2566 853 hzec
2592 808 2681 853 tua
2715 807 2858 863 sunt,
2890 799 3103 854 Christe
3125 839 3139 862 ,
3181 799 3469 870 magnalia,
3504 815 3624 871 qua:
3660 802 3713 854 in

2135 899 2225 945 tuo
2260 892 2538 945 Dunstano
2582 890 2795 960 operari
2837 900 2892 945 ct
2936 906 3034 961 per
3061 899 3304 946 nostrum
3357 890 3713 946 ministerium

2131 982 2409 1051 praedicari
2442 982 2749 1035 hominibus
2776 981 3011 1036 voluisti.

2367 1071 2671 1125 Duuslauus
2698 1071 2987 1124 aulicorum
3026 1072 3273 1125 invidiam
3306 1071 3461 1141 fugit.

2206 1167 2289 1219 ll.
2311 1169 2585 1219 Aet-casus
2616 1166 2779 1233 igitur
2808 1163 2990 1217 furore
3022 1163 3266 1217 diabolus
3289 1164 3430 1232 quod
3463 1172 3569 1216 tam
3593 1175 3715 1216 san-

2132 1258 2231 1311 ctis
2257 1257 2532 1326 principiis
2563 1254 2816 1323 juvenem
2852 1255 2945 1307 uiti
2983 1254 3341 1322 conspiceret,
3375 1254 3426 1307 in
3455 1253 3709 1306 invidiam

2132 1350 2433 1418 aliquorum
2478 1363 2597 1401 eum
2632 1355 2857 1398 conatus
2883 1354 2964 1398 est
2994 1345 3282 1407 adducere,
3318 1345 3571 1413 ignorans
3600 1358 3714 1395 ma-

2131 1438 2233 1491 lam
2266 1436 2590 1491 voluntatem
2628 1450 2778 1487 suam
2820 1434 2926 1486 Deo
2955 1432 3201 1485 famulari
3234 1432 3298 1484 ad
3330 1429 3710 1499 lmrficiendam

2132 1529 2223 1582 Dei
2254 1527 2448 1580 bonam
2477 1525 2805 1577 voluntatem
2838 1523 2890 1575 in
2925 1522 3161 1585 homine,
3192 1536 3350 1589 quem
3378 1520 3442 1572 ad
3475 1534 3709 1589 congau-

2130 1620 2359 1671 denJum
2389 1627 2443 1670 et
2473 1616 2909 1682 conregnaudum
2944 1615 3059 1683 ipse
3090 1613 3595 1682 prmdestinavcrat.
3628 1610 3710 1664 lu-

2133 1708 2369 1761 flannnat
2400 1709 2577 1776 itaque
2604 1706 2814 1759 invidiae
2836 1704 3068 1759 stimulis
3092 1705 3368 1773 operarius
3390 1703 3708 1773 iniquitatis,

454 1790 825 1858 dijudicandas
867 1807 1059 1845 causas
1106 1793 1414 1854 homimnu,
1458 1794 1528 1845 ita
1568 1808 1624 1846 se
1661 1794 1934 1861 sapienter
1963 1807 2028 1845 ac
2060 1768 2104 1827 Β
2131 1800 2223 1868 qui
2276 1798 2504 1853 conﬁcio
2540 1798 2821 1851 mendacio
2851 1796 3157 1864 opinionem
3195 1793 3411 1861 juvenis
3454 1792 3590 1862 apud
3626 1808 3709 1845 το-

453 1884 842 1952 circumspecte
872 1884 1085 1952 agebat,
1120 1893 1255 1937 utet
1282 1884 1390 1937 Deo
1431 1898 1527 1952 per
1548 1884 1726 1937 omnia
1753 1884 1988 1952 placeret
2010 1925 2025 1950 ,

454 1991 552 2029 nec
603 1976 833 2045 aliquem
865 1978 952 2045 pie
998 1977 1292 2029 viventium
1342 1991 1438 2028 sua
1486 1977 1640 2045 culpa
1690 1975 2024 2037 offenderet;

454 2065 711 2118 Dominus
744 2066 889 2119 enim
915 2080 1035 2119 cum
1089 2066 1179 2119 illo
1209 2075 1344 2129 erat,
1397 2076 1450 2119 et
1479 2067 1659 2119 omnia
1708 2080 1869 2135 opera
1912 2067 2027 2134 ejus

449 2151 736 2223 dirigebat.
787 2154 985 2208 lterum
1009 2170 1131 2208 cum
1174 2156 1381 2209 videret
1409 2156 1684 2209 dominum
1715 2171 1894 2225 regem
1920 2172 2026 2209 sac-

450 2248 728 2301 cularibus
756 2249 905 2303 curis
931 2248 1233 2317 fatigatum,
1268 2249 1527 2315 psallehat
1558 2249 1606 2300 in
1640 2260 1888 2317 'ympano
1915 2248 2027 2301 sive

449 2336 505 2389 in
537 2337 773 2399 cithara,
806 2337 921 2390 sive
967 2336 1147 2407 aliquo
1172 2338 1411 2406 quolibet
1464 2337 1654 2390 musici
1688 2338 1901 2405 generis
1947 2338 2025 2390 in-

449 2437 754 2481 strumento
803 2444 815 2480 :
869 2443 975 2497 quo
1027 2427 1167 2481 facto
1220 2438 1328 2481 tam
1389 2428 1529 2497 regis
1578 2443 1739 2497 quam
1786 2428 2024 2482 omnium

448 2521 610 2573 (:crda
646 2520 948 2588 principum
978 2519 1337 2573 exhilarahat.

836 2610 1053 2663 Cit/mra
1084 2610 1279 2663 caelitus
1310 2610 1398 2662 dat
1430 2626 1634 2662 sonum.

522 2699 608 2753 10.
642 2698 793 2753 Tunc
821 2698 1100 2766 cujusdam
1132 2708 1392 2753 matrona:
1423 2699 1497 2769 (8)
1544 2699 1810 2768 frequenti
1852 2714 1914 2753 ac
1942 2713 2025 2751 re-

448 2790 637 2859 ligioso
668 2800 855 2861 rogatu
883 2789 1237 2859 compellatus
1263 2798 1367 2855 est,
1393 2799 1451 2843 ut
1478 2790 1525 2843 ei
1551 2790 1744 2843 stolam
1774 2790 2024 2844 sacerdo—

448 2881 611 2936 talem
642 2880 931 2935 artifieiosa
976 2882 1291 2950 Operatione
1329 2882 1706 2950 perpingeret,
1737 2895 1897 2949 quam
1930 2894 2023 2949 po-

444 2983 560 3027 stea
586 2973 649 3026 ad
682 2973 894 3027 divinos
942 2973 1121 3027 cultus
1156 2972 1505 3026 aurifactoria
1542 2972 1843 3026 imitatione
1885 2971 2021 3040 figu-

444 3072 612 3118 raret.
660 3063 757 3129 Qui
788 3072 1063 3133 assumpta
1112 3064 1163 3117 in
1210 3063 1459 3117 manibus
1486 3064 1692 3117 cithara
1728 3064 1779 3116 in
1813 3065 2019 3133 pariete

442 3156 742 3226 suspendit,
770 3170 903 3224 opus
926 3155 991 3207 ad
1018 3155 1158 3224 quod
1186 3164 1410 3209 venerat
1442 3156 1731 3223 diligenter
1755 3156 2011 3209 instituit.

442 3245 686 3315 Cumque
716 3260 930 3298 manum
968 3244 1155 3313 operi,
1197 3259 1293 3297 cor
1322 3254 1498 3297 autem
1528 3254 1687 3314 atque
1719 3245 1859 3298 lahia
1913 3248 2021 3299 Deo

441 3344 804 3406 praepararet,
837 3335 1087 3404 apparuit
1127 3334 1179 3387 in
1212 3334 1371 3389 domo
1420 3336 1585 3405 gloria
1620 3335 1864 3399 Domini,
1902 3350 2024 3403 qua:

440 3424 592 3478 illum
619 3424 853 3493 jocunda
898 3422 1165 3478 suavitate
1195 3422 1495 3486 reficiebat,
1538 3432 1758 3477 caeteros
1789 3437 1917 3476 vero
1945 3422 2025 3476 in-

442 3517 599 3572 solita
641 3515 999 3570 admiratione
1028 3514 1318 3569 exterritos
1362 3513 1638 3567 reddebat.
1689 3512 1819 3566 Nam
1852 3513 2025 3566 citha-

445 3620 505 3659 ra
536 3606 609 3675 (9)
638 3606 777 3660 illius
801 3620 963 3674 quam
989 3605 1183 3674 parieti
1212 3602 1424 3659 affixam
1458 3602 1623 3657 fuisse
1654 3603 1910 3666 diximus,
1949 3606 2022 3658 ita

444 3706 504 3751 ut
541 3704 657 3751 erat
702 3699 942 3767 pendens
985 3696 1039 3749 in
1088 3695 1288 3764 paxillo
1315 3736 1329 3759 ,
1364 3696 1568 3764 absque
1601 3695 1709 3747 ullo
1760 3697 2023 3749 moveatis

444 3786 704 3840 duntaxat
734 3786 970 3840 hominis
998 3785 1259 3854 impulsu,
1290 3795 1605 3839 consuetam
1638 3784 1888 3837 rnnnibus
1919 3784 2020 3838 lm-

437 3876 530 3944 jus
553 3876 858 3946 antiphonte
881 3876 1168 3930 melodiam
1193 3875 1505 3929 acutissima
1534 3873 1695 3927 simul
1729 3888 1792 3927 ac
1812 3873 2022 3927 discre-

443 3969 653 4024 tissima
700 3968 1065 4023 modulatione
1116 3968 1435 4037 personuit:
1492 3963 1732 4019 Gaudent
1780 3967 1834 4019 in
1883 3966 2021 4020 caelis

441 4059 635 4112 anima’
654 4069 953 4113 sanctorum
976 4058 1065 4127 qui
1102 4057 1300 4111 Christi
1332 4057 1544 4125 vestigia
1574 4065 1693 4108 sunt
1732 4056 1892 4108 secuti
1920 4070 1937 4107 .·
1973 4066 2019 4109 et

440 4150 569 4217 quia
598 4164 691 4216 pro
719 4148 835 4217 ejus
862 4163 1039 4200 nutare
1066 4146 1375 4216 sanguinem
1407 4160 1559 4198 suum
1591 4143 1861 4212 fuderunt,
1904 4144 2021 4197 ideo

440 4252 563 4291 cum
592 4236 795 4289 Christo
822 4236 1120 4306 gaudebunt
1149 4236 1202 4287 in
1229 4244 1501 4286 (uernum.
1540 4230 1810 4287 Exsiliuut
1838 4233 2020 4300 itaque

440 4325 816 4396 obstrepentes
846 4323 1114 4394 puellulae,
1144 4322 1579 4386 materfamilias,
1613 4321 1901 4390 omnisque
1926 4323 2021 4375 do-

436 4420 563 4471 mus
585 4414 829 4470 clientela
860 4414 1163 4469 voeiferans
1196 4412 1467 4467 hominem
1515 4411 1740 4466 nimium
1772 4425 1893 4466 esse
1932 4426 2017 4464 sa-

437 4505 699 4575 pientem,
730 4505 961 4575 amplius
984 4519 1109 4559 eum
1135 4518 1295 4573 quam
1317 4502 1459 4572 quod
1485 4502 1735 4572 expediat
1763 4502 1921 4557 seire.
1948 4502 2013 4556 At

442 4598 534 4651 ille
555 4596 911 4651 mundissimo
940 4593 1281 4649 mundissimi
1310 4592 1492 4648 cordis
1514 4591 1708 4645 intuitu
1737 4592 2014 4645 caelestem

439 4686 703 4742 musicam
736 4684 883 4740 illam
915 4684 1232 4747 intendens,
1274 4681 1551 4738 admoneri
1584 4696 1642 4735 se
1688 4680 1937 4752 intelligit
1961 4689 2020 4735 ut

439 4777 559 4831 vias
588 4775 840 4833 duriores
862 4773 1090 4845 arripiat
1118 4782 1177 4827 ut
1198 4771 1398 4828 Christi
1420 4770 1646 4841 vestigia
1677 4770 1898 4839 prepius
1932 4784 2017 4824 se-

440 4878 658 4940 quatur,
689 4875 747 4922 ut
778 4865 1057 4937 sanguinis
1085 4864 1168 4920 sui
1208 4862 1525 4918 effusionem
1555 4877 1658 4916 non
1701 4870 1937 4925 metuat,
1972 4861 2016 4915 si

441 4960 537 5014 Dei
568 4973 791 5030 regnum
823 4964 879 5011 et
900 4957 1065 5011 vitam
1103 4953 1343 5009 delectat
1373 4953 1570 5009 habere
1599 4961 1881 5007 aeternam.
1911 4951 2018 5004 Au-

440 5052 672 5106 divinius
705 5052 836 5107 olim
893 5051 1171 5103 rudentem
1218 5047 1427 5101 asinam
1456 5046 1617 5101 verba
1650 5045 1912 5111 edidisse,
1942 5044 2019 5098 ci-

441 5142 647 5198 tharam
676 5156 813 5198 vero
835 5141 951 5196 sine
972 5141 1210 5196 humano
1233 5138 1389 5209 pulsu
1414 5136 1736 5193 scnsualiter
1756 5136 2018 5191 cecinisse

515 5278 583 5348 (8)
621 5276 982 5334 Ethelwinam
1011 5275 1241 5348 appellat
1260 5272 1355 5348 _B.,
1384 5275 1475 5348 qui
1498 5274 1602 5328 hoc
1622 5276 1821 5329 factum
1847 5273 2012 5328 refert

438 5343 675 5417 proxime
704 5343 1097 5417 ante_mortein_
1122 5343 1443 5399 Ethelstani.

514 5419 581 5490 (9)
618 5420 720 5474 8.:
789 5434 808 5468 ι
842 5414 1010 5480 Quam
1065 5413 1243 5485 lingua
1294 5422 1523 5481 paterna
1556 5413 1812 5484 hcarpam
1852 5426 2015 5466 voca-

2129 1904 2247 1960 gem
2294 1888 2511 1953 laedant,
2555 1895 2861 1942 asserentes
2904 1886 3053 1939 illum
3086 1884 3240 1938 malis
3282 1883 3489 1938 artibus
3536 1882 3709 1936 imhu-

2131 1987 2263 2043 tum,
2327 1992 2426 2031 nec
2476 1978 2767 2046 quidquam
2820 1976 3004 2029 divino
3053 1973 3272 2036 auxilio,
3311 1972 3405 2027 sed
3449 1972 3707 2042 pleraque

2129 2072 2427 2126 diemonum
2457 2070 2729 2140 prtestigio
2759 2068 2996 2136 operari.
3026 2067 3324 2121 Advertens
3356 2073 3534 2118 autem
3564 2064 3709 2117 Dun-

2129 2168 2314 2213 stanus
2338 2159 2528 2212 faciem
2554 2158 2695 2227 regis
2720 2172 2825 2210 non
2849 2170 2969 2210 esse
2996 2155 3137 2209 sicut
3167 2154 3280 2207 heri
3314 2162 3369 2207 et
3401 2152 3709 2205 nudiuster-

2131 2252 2254 2314 tius,
2290 2250 2485 2320 palatio
2514 2249 2792 2303 discedere
2839 2256 3013 2316 parat,
3065 2244 3271 2299 malens
3315 2258 3497 2313 regem
3544 2258 3707 2314 spon—

2129 2341 2301 2413 te(lO)
2328 2357 2420 2394 sua
2456 2341 2723 2401 deserere,
2757 2353 2917 2407 quam
2951 2340 3065 2406 ipse
3092 2351 3119 2389 a
3153 2350 3281 2404 rege
3312 2336 3511 2389 invitus
3538 2335 3697 2388 dere-

2126 2432 2316 2501 linqui.
2338 2430 2495 2497 .Quod
2528 2430 2615 2483 ubi
2646 2437 2979 2497 compertum
3007 2436 3089 2481 est
3113 2426 3181 2478 ab
3204 2426 3289 2479 his
3311 2424 3400 2494 qui
3424 2424 3709 2495 probitatis

2129 2523 2270 2576 illius
2316 2518 2699 2588 improbissimi
2732 2517 3075 2571 mmulatores
3120 2516 3463 2581 exstiterant,
3498 2515 3708 2569 insidiis

2127 2616 2231 2669 iter
2253 2613 2520 2673 obsident,
2552 2610 2726 2663 socios
2748 2610 3073 2668 disturbant,
3100 2607 3245 2660 illum
3271 2620 3409 2675 equo
3424 2605 3703 2673 dejiciunt,

2128 2706 2402 2777 suppliciis
2449 2704 2709 2771 afﬂigunt,
2756 2710 3031 2771 postremo
3082 2699 3309 2754 vinculis
3352 2698 3619 2752 irretitum
3650 2697 3703 2751 in

2125 2800 2414 2855 cisternam
2447 2811 2566 2866 qua:
2608 2794 2762 2864 juxta
2815 2801 2954 2858 erat,
2986 2791 3275 2860 depellunt.
3313 2789 3448 2844 Cum
3480 2787 3701 2843 interim

2124 2888 2394 2945 horrendo
2416 2886 2773 2942 molossorum
2796 2883 3008 2954 agmine
3031 2880 3305 2946 defensus,
3328 2894 3357 2933 a
3382 2878 3702 2949 quibusdam

2125 2976 2431 3033 hominibus
2470 2973 2759 3035 invenitur,
2796 2986 3026 3041 quorum
3069 2969 3246 3023 studio
3288 2982 3352 3023 ac
3399 2968 3599 3037 pietate
3634 2966 3702 3019 ad

2124 3070 2303 3123 vicum
2346 3066 2608 3120 fovendus
2656 3062 2999 3117 transfertur.
3039 3060 3173 3114 Tum
3210 3059 3297 3114 ille
3344 3074 3407 3113 ex
3439 3057 3702 3127 profundo

2126 3160 2305 3217 cordis
2334 3158 2566 3228 suspirio
2595 3156 2952 3224 ingemiscens
2982 3168 2995 3205 :
3027 3151 3070 3207 Ο
3106 3166 3243 3205 sreva
3282 3151 3705 3220 propinquorum

2125 3266 2367 3306 meorum
2394 3249 2611 3302 vesania
2642 3252 2693 3300 in
2730 3245 2975 3301 caninam
3004 3242 3263 3297 szevitiam
3296 3256 3361 3294 ex
3394 3239 3701 3293 dilectionis

2124 3339 2457 3395 humanitate
2484 3346 2689 3391 mutata
2719 3336 2732 3389 ι
2763 3348 2887 3388 nam
2916 3330 3241 3386 irrationalis
3270 3344 3464 3384 canum
3506 3336 3701 3381 natura

2125 3430 2472 3485 dilectionem
2530 3426 2661 3481 mihi
2691 3421 3047 3479 humanitatis
3076 3418 3398 3473 blandiendo
3423 3416 3698 3480 exhibuit;

2124 3519 2495 3592 propinquitas
2524 3512 3084 3580 vero,humanitatem
3111 3508 3295 3568 oblita,
3328 3504 3700 3561 infestantium

2125 3628 2209 3666 me
2236 3625 2426 3666 canum
2458 3607 2802 3663 severitatem
2834 3602 3091 3658 ostendit.
3140 3597 3404 3653 Iutellexit
3440 3612 3570 3668 ergo
3597 3597 3699 3651 hoc

2122 3718 2240 3760 esse
2287 3700 2608 3771 principium
2654 3695 2991 3757 certaminis,
3038 3692 3106 3747 ad
3134 3690 3276 3761 quod
3310 3688 3456 3744 illum
3486 3688 3705 3743 divinus

2122 3792 2453 3850 citharmdus
2481 3788 2819 3860 praemonuit.

2122 3884 2308 3954 Elfego
2350 3882 2587 3951 episcopo
2633 3882 2893 3954 hortante,
2932 3874 3052 3928 dein
3084 3872 3270 3954 _morlm
3311 3870 3604 3934 accedente,
3642 3870 3701 3937 ﬁt

2570 3946 2857 4001 monachus
2880 3956 2927 3998 et
2959 3945 3241 4013 presbyter.

2192 4040 2278 4095 12.
2317 4037 2601 4094 Profectus
2654 4044 2834 4090 autem
2888 4033 3013 4087 inde
3060 4040 3344 4102 cognatmn
3391 4029 3700 4099 pontificem

2120 4133 2253 4187 adiit
2300 4126 2542 4198 Elfegum
2599 4124 2733 4196 (ll).
2786 4122 2879 4192 qui
2931 4130 3059 4176 tunc
3110 4120 3370 4189 temporis
3419 4118 3700 4175 Wentana:

2119 4223 2415 4294 praesidens
2460 4216 2715 4273 Ecclesia:
2767 4216 2928 4267 vitam
2974 4212 3263 4266 virtutibus
3301 4210 3607 4265 decorabat.
3655 4210 3702 4263 A

2119 4330 2226 4383 quo
2276 4310 2541 4381 frequenti
2573 4304 2966 4377 supplicatione
3001 4312 3240 4373 rogatus,
3278 4311 3335 4355 ut
3370 4299 3698 4355 monachum

2122 4407 2388 4469 indueret,
2416 4411 2684 4472 quatenus
2697 4398 2790 4468 qui
2817 4396 3072 4466 angelica:
3092 4392 3519 4448 conversationis
3547 4391 3704 4446 initia

2123 4498 2367 4559 haberet,
2417 4489 2876 4563 perseverantiam
2934 4487 2987 4541 in
3037 4484 3221 4540 habitu
3281 4485 3698 4537 demonstraret.

2121 4586 2417 4658 Respondit
2478 4583 2568 4638 ille
2629 4577 3029 4636 exeellentioris
3089 4575 3275 4646 gratia:
3326 4590 3445 4629 esse
3499 4574 3588 4642 qui
3647 4575 3703 4627 in

2121 4676 2317 4734 smculo
2363 4673 2665 4735 consenuit,
2718 4679 2771 4725 et
2827 4679 3007 4723 tamen
3062 4681 3181 4736 qua:
3232 4665 3494 4720 monacho
3541 4663 3704 4732 digna

2122 4774 2248 4823 sunt
2267 4764 2416 4829 fecit,
2440 4777 2505 4818 eo
2531 4763 2621 4831 qui
2648 4775 2706 4816 se
2732 4756 3059 4813 monasterio
3081 4753 3250 4817 dedit,
3283 4766 3384 4807 nec
3409 4751 3706 4821 quidquam

2125 4858 2267 4912 aliud
2297 4865 2674 4926 pneterquam
2704 4846 2842 4918 quod
2874 4845 2975 4901 sibi
3016 4852 3277 4901 statutum
3322 4850 3407 4897 est
3443 4849 3566 4911 post
3591 4841 3707 4896 haec

2125 4950 2301 5003 facere
2329 4943 2518 5016 potuit.
2561 4942 2825 5002 Alterum,
2858 4937 3058 5005 inquit,
3076 4932 3416 4991 necessitatis
3440 4938 3544 4993 est,
3571 4929 3703 4984 allec

2125 5056 2242 5097 rum
2269 5053 2397 5093 vero
2428 5036 2712 5090 libertatis.
2741 5030 2817 5083 Ad
2865 5029 2983 5083 haec
3031 5028 3313 5101 episc0pus
3340 5041 3354 5078 :
3385 5040 3405 5075 ι
3426 5021 3707 5081 Omnibus,

2124 5138 2216 5199 ait,
2250 5134 2301 5187 in
2332 5143 2621 5187 commune
2649 5135 2860 5180 summa
2893 5122 3193 5179 necessitas
3213 5122 3315 5179 est,
3333 5122 3393 5169 ut
3415 5113 3504 5183 qui
3536 5112 3713 5182 ignem

2122 5275 2239 5331 loca
2290 5269 2357 5323 ab
2400 5262 2533 5336 ipsis
2580 5261 2884 5336 projectum
2932 5251 3501 5336 fuisse-occasionem

2125 5322 2303 5400 nandi
2344 5322 2695 5392 ex'citharai
2764 5326 3045 5389 miraculo
3094 5322 3353 5384 accidisse
3405 5322 3480 5373 ait
3533 5322 3723 5371 tertius

2124 5423 2335 5500 ουςξρςο

2261 5457 2480 5500 ἵζ’-,ιηη
2508 5473 2552 5500 n
2604 5470 2903 5500 ινιηιιηηιινη
2936 5463 3269 5500 ηις-..ηπηῖηρ
3298 5457 3536 5500 Calvum-
3570 5463 3733 5500 atnne
