4516 5500
856 382 961 438 423

1826 378 1884 431 S.
1929 375 2348 433 DUNSTANUS
2386 374 2703 429 ARCIIIEI’.
2748 374 3097 429 CANTUAR.

4012 378 4115 435 424

851 500 1109 571 gehenna:
1164 495 1398 551 voluerit
1450 494 1707 563 cII'ugere,
1750 495 1926 562 ignem
1981 492 2667 563 concupiscentiaaAlam,
2730 494 2844 547 sive
2889 494 3156 547 destinam
3190 492 3321 563 (l5),
3382 492 3495 546 sive
3550 490 3812 561 speleum,
3864 489 3977 543 sive
4013 487 4116 542 alio

850 587 1066 641 studeat
1106 585 1471 654 exstinguere.
1502 582 1646 651 Ignis
1688 596 1817 636 vero
1842 582 2291 651 concupiscentia:
2327 595 2432 635 non

853 680 1081 737 multum
1104 678 1486 748 exstinguitur,
1516 677 1561 729 si
1594 674 1831 729 fomenta
1862 675 2004 729 illius
2034 674 2287 728 humanis
2312 688 2435 728 sen-

856 773 1002 828 sibus
1037 786 1142 825 non
1172 770 1586 825 subtrahuntur.
1618 766 1773 821 Sicut
1802 768 1944 820 enim
1977 766 2117 835 ligna
2142 767 2207 820 ad
2232 767 2430 834 ignem,

860 864 932 919 sic
973 878 1035 918 ea
1062 877 1181 931 quae
1211 860 1460 916 sensibus
1490 857 1773 927 subjaccnt
1801 858 1865 911 ad
1914 858 2432 927 concupiscentiam.

859 954 958 1010 Sed
991 953 1133 1009 nulla
1157 953 1261 1009 erit
1293 951 1654 1005 fomentorum
1684 950 1999 1011 subtractio,
2025 950 2067 1004 si
2096 948 2434 1003 smeularium

853 1046 1191 1115 negotiorum
1224 1058 1329 1098 non
1358 1040 1523 1095 fuerit
1549 1039 1899 1095 renuntiatio.
1927 1039 2001 1092 Ex
2034 1039 2229 1107 quibus
2257 1038 2432 1091 omni-

853 1134 955 1189 bus
985 1135 1036 1188 id
1069 1132 1303 1197 elicitur,
1349 1141 1408 1185 tit
1448 1131 1492 1185 si
1532 1131 1709 1201 ignem
1738 1130 1999 1199 gcltenna:
2027 1130 2263 1183 volueris
2299 1128 2436 1182 cffu-

772 1231 781 1249 '
852 1242 1001 1298 gere,
1033 1224 1228 1281 sacculo
1252 1222 1472 1277 studeas
1503 1224 1839 1277 renuntiare.
1874 1224 1953 1275 Ad
1987 1222 2098 1276 haec
2129 1221 2268 1290 quod
2303 1236 2440 1290 prm-

852 1320 1009 1388 cipue
1040 1318 1092 1371 in
1123 1316 1325 1371 mundo
1353 1315 1647 1385 appetitur,
1683 1314 1905 1369 libertas
1934 1322 2016 1368 est
2042 1314 2296 1368 hominis.
2326 1314 2436 1368 Hac

852 1411 998 1464 enim
1046 1411 1274 1474 omissa,
1319 1416 1512 1463 caetera
1553 1407 1818 1477 possideri
1849 1416 2122 1476 nequeunt
2158 1425 2169 1459 :
2202 1407 2343 1476 quod
2392 1406 2436 1461 si

852 1499 1219 1569 possidentur,
1273 1496 1363 1551 illa
1420 1512 1526 1550 non
1582 1496 1781 1550 desinit
1831 1496 2047 1549 habere.
2102 1495 2440 1565 Quapropter

858 1590 1094 1659 quanditt
1125 1588 1271 1642 illam
1307 1586 1620 1651 retinueris,
1651 1586 1781 1639 illud
1814 1587 1923 1639 Deo
1950 1600 2053 1639 non
2078 1586 2272 1639 dedisti
2297 1585 2438 1653 quod

851 1680 1086 1733 maxime
1118 1676 1375 1732 dilexisti.
1408 1675 1477 1730 Ut
1503 1690 1633 1745 ergo
1673 1676 1768 1729 des
1797 1674 1939 1742 quod
1972 1674 2207 1726 maxime
2232 1673 2436 1742 diligis,

851 1772 944 1828 illa
971 1772 1183 1827 desinat
1210 1768 1435 1825 habere.
1461 1787 1479 1820 1
1513 1766 1646 1823 Cum
1681 1768 1843 1837 igitur
1872 1765 1955 1818 his
1982 1774 2038 1819 et
2066 1764 2434 1834 hujuscemodi

2539 580 2777 650 quolibet
2806 582 3022 635 nomine
3060 582 3258 635 rectius
3288 580 3555 634 nontinari
3608 587 3784 647 potest
3817 577 3946 646 (non
3973 576 4117 630 enim

2539 671 2755 725 invenio
2800 687 2905 740 qua
2952 672 3005 726 id
3056 672 3418 741 appellatione
3447 687 3607 741 quam
3641 671 3883 739 proxime
3912 668 4119 735 vocent)

2538 776 2659 814 cum
2691 776 2796 813 non
2828 770 2938 813 tant
2967 760 3189 815 humani
3228 761 3541 825 habitaculi,
3583 776 3743 829 quam
3774 758 4000 813 fortnam
4031 773 4122 829 ge-

2539 857 2622 901 rat
2653 848 2907 917 sepulcri,
2946 851 3179 919 propriis
3224 850 3496 905 laboribus
3539 851 3842 905 fabricavit.
3874 848 3944 903 Ut
3976 848 4118 902 enim

2539 940 2605 994 de
2630 956 2685 993 re
2711 956 2872 1010 quam
2922 942 3034 1010 ipse
3070 940 3178 995 vidi
3235 942 3604 995 testimonium
3647 940 3835 1004 feram,
3860 947 4121 1009 quantum

2540 1047 2662 1085 mea
2712 1031 2816 1085 fert
2865 1033 3170 1094 :cstimatio,
3219 1032 3494 1101 longitudo
3528 1032 3766 1099 ejusdem
3818 1030 3966 1085 cellae
4009 1044 4119 1084 non

2538 1124 2768 1192 amplius
2792 1125 3029 1193 quinque
3046 1124 3423 1193 (16),latitudo
3451 1139 3579 1178 vero
3608 1124 3743 1178 duos
3772 1122 3937 1177 semis
3960 1121 4125 1191 pedes

2539 1215 2700 1269 habet
2733 1232 2744 1268 :
2773 1231 2934 1284 porro
2959 1216 3187 1270 altitudo
3217 1224 3478 1270 staturam
3509 1214 3762 1283 exprimit
3796 1211 4052 1275 hominis,
4078 1210 4124 1263 si

2539 1305 2662 1374 quis
2696 1304 2747 1358 in
2776 1305 2988 1359 defossa
3032 1314 3173 1359 terra
3220 1307 3548 1361 constiterit.
3579 1306 3751 1359 Aliter
3778 1304 3921 1359 enim
3953 1317 4127 1371 neque

2540 1395 2671 1449 satis
2699 1396 2763 1447 ad
2792 1404 2979 1464 pectus
3012 1398 3327 1467 porrigitur,
3351 1406 3428 1460 ut,
3454 1396 3591 1451 sicut
3620 1395 3750 1457 dixi,
3780 1394 3949 1462 magis
3982 1410 4126 1448 mor-

2542 1483 2616 1537 tui
2649 1484 2897 1538 vitleatur
2926 1485 3251 1555 sepulcrum,
3282 1501 3443 1555 quam
3478 1485 3709 1538 viventis
3735 1483 4123 1538 habitaculum.

2547 1577 2695 1633 Unde
2732 1578 3078 1634 manifestum
3125 1588 3208 1633 est
3239 1579 3388 1633 illum
3437 1592 3609 1648 neque
3644 1576 3877 1645 jacendo
3904 1590 4124 1631 somnos

2542 1672 2769 1741 cepisse,
2823 1682 2879 1725 et
2926 1673 3117 1726 stando
3146 1686 3361 1741 semper
3414 1672 3581 1725 Deum
3611 1684 3817 1724 orasse.
3858 1667 4123 1724 Ostiolum

2544 1774 2723 1817 autem
2752 1764 2891 1817 ident
2922 1775 3004 1818 est
3035 1764 3176 1833 quod
3205 1764 3402 1833 paries.
3431 1762 3581 1829 Quod
3608 1762 3753 1816 enim
3801 1760 4123 1831 ingredienti

851 1860 1033 1915 verbis
1060 1874 1158 1929 per
1186 1858 1425 1928 singulos
1452 1857 1565 1911 dies
1592 1856 1876 1925 episcoltus
1908 1855 2198 1916 insisteret,
2221 1864 2277 1907 et
2298 1854 2442 1907 Dun-
2473 1840 2519 1897 Β
2544 1854 2765 1917 ostium,
2798 1854 2937 1906 idem
2972 1854 3216 1923 ingresso
3260 1854 3437 1923 paries
3483 1852 3663 1905 fiebat.
3697 1850 3881 1920 Neque
3911 1863 4039 1904 vero
4067 1849 4120 1903 in

852 1958 1042 2004 stanus
1073 1956 1165 2001 aut
1195 1946 1362 2011 veris,
1396 1953 1488 1998 aut
1518 1943 1931 1998 verisimillimis
1958 1941 2258 1996 rationibus
2309 1943 2439 1996 insi-

852 2048 1083 2095 stentem
1101 2035 1614 2103 dilI‘erret,quadam
1636 2034 1986 2087 vehementer
2011 2032 2097 2085 die
2120 2032 2221 2087 hoc
2242 2032 2445 2101 cogita-

851 2130 1016 2183 tionis
1061 2127 1318 2197 antbiguo
1360 2124 1606 2195 pulsatus
1655 2131 1760 2188 est,
1793 2132 1854 2176 ut
1890 2122 2017 2191 quid
2057 2123 2109 2176 in
2144 2122 2249 2175 vita
2281 2138 2441 2192 quam

850 2218 1085 2274 maxime
1137 2216 1495 2287 appetendum
1551 2212 1763 2277 fuisset,
1824 2213 1997 2265 virtus
2052 2228 2120 2265 an
2170 2210 2440 2281 voluptas,

850 2324 991 2363 uxor
1046 2324 1114 2361 an
1169 2305 1472 2376 virginitas,
1521 2318 1848 2374 magnOpcre
1894 2302 2233 2357 deliberaret.
2269 2302 2440 2369 Quem

852 2400 953 2453 sub
987 2397 1077 2451 tali
1113 2394 1363 2467 ambiguo
1405 2393 1639 2463 positum
1673 2391 1993 2462 gravissima
2024 2388 2190 2445 febris
2221 2391 2333 2460 (η)
2362 2392 2444 2445 itt-

850 2488 1012 2551 vasit,
1045 2494 1207 2555 atque
1242 2484 1310 2538 ad
1361 2482 1793 2553 desperationem
1824 2481 1949 2534 vita:
1978 2480 2249 2549 perduxit.
2284 2479 2442 2536 lace-

851 2578 947 2631 bat
996 2577 1177 2645 itaque
1207 2574 1323 2629 sine
1351 2571 1758 2642 exspectatione
1786 2570 1977 2625 salutis
2019 2579 2309 2640 :egrutans,
2341 2586 2442 2626 nec

851 2665 1018 2719 ullum
1067 2661 1397 2718 intuentibus
1443 2660 1674 2714 viventis
1719 2673 1937 2714 sensum
1964 2658 2235 2727 praebens.
2291 2658 2443 2714 Tunc

853 2771 921 2811 ex
950 2755 1220 2821 insperato
1248 2750 1590 2807 revalescens
1612 2766 1625 2802 :
1647 2748 1767 2815 IIic,
1797 2750 1892 2815 ait,
1916 2747 2123 2819 legibus
2151 2748 2442 2818 voluptatis

854 2844 1127 2907 renuntio,
1182 2842 1272 2895 hic
1330 2855 1417 2895 me
1466 2840 1856 2909 sempiternum
1906 2838 2009 2895 sibi
2068 2838 2441 2894 adversarium

852 2934 1127 3004 promitto.
1164 2929 1397 2986 Nileum
1443 2945 1611 2986 uxore
1657 2930 1880 2985 foederis
1905 2930 2179 3000 paciscar;
2209 2930 2321 2984 sola
2357 2946 2445 2984 me

852 3026 1024 3079 virtus
1054 3023 1279 3077 militem
1331 3022 1571 3077 habebit.
1621 3022 1872 3076 Insanum
1922 3022 2118 3091 quippe
2169 3029 2252 3075 est
2300 3020 2443 3074 illam

854 3116 1020 3170 animi
1048 3115 1152 3170 mei
1177 3114 1590 3170 dominatricem
1616 3114 1908 3178 sustinere,
1933 3128 2053 3183 qua:
2078 3128 2177 3169 nec
2202 3113 2445 3169 viventes

854 3205 1031 3260 reddit
1069 3213 1313 3270 sanatos,
1362 3212 1419 3258 et
1469 3204 1762 3258 morientes
1800 3202 2055 3273 relinquit
2104 3204 2441 3274 desperatos.

854 3296 1131 3365 Virginem
1162 3309 1247 3349 me
1276 3293 1515 3365 Virginis
1545 3294 1686 3347 filius
1718 3294 1823 3348 huc
1851 3308 2021 3363 usque
2046 3294 2301 3357 servavit,
2334 3294 2444 3348 vir-

853 3385 1033 3454 ginem
1060 3399 1146 3439 me
1173 3383 1439 3455 virginum
1472 3383 1655 3454 regina
1688 3383 1857 3437 Maria
1882 3384 2119 3439 habebit.
2146 3383 2443 3440 Confestim

855 3474 1031 3527 accito
1057 3473 1123 3527 ad
1150 3488 1209 3527 se
1239 3474 1516 3542 episcopo,
1548 3473 1785 3542 postulat
1815 3473 1917 3527 sibi
1954 3473 2133 3527 dilata:
2167 3473 2443 3543 religionis

854 3561 1285 3616 benedictionem
1350 3562 1488 3615 dari.
1556 3562 1851 3630 Episcopus
1923 3561 2184 3615 immensa
2262 3561 2443 3615 laetitia

856 3668 955 3723 pro
1013 3654 1188 3710 salute
1236 3654 1395 3709 simul
1442 3665 1495 3708 ct
1544 3655 1899 3710 conversione
1926 3654 2140 3724 juvenis
2170 3653 2443 3723 perfusus,

858 3746 1111 3801 celeriter
1138 3745 1285 3799 illum
1317 3745 1428 3816 (15)
1456 3745 1762 3800 monachali
1811 3755 1868 3800 ct
1908 3745 2227 3800 sacerdotali
2271 3744 2445 3814 gratia

855 3835 1148 3906 promovit,
1178 3834 1458 3890 attitulans
1484 3834 1599 3905 (14)
1635 3834 1880 3889 ecclesiae
1908 3834 2078 3888 beata:
2119 3832 2303 3887 Mariae
2338 3832 2447 3885 vir-

858 3927 1023 3997 ginis,
1055 3926 1142 3981 cui
1178 3941 1302 3981 eum
1332 3927 1400 3981 ab
1441 3926 1595 3981 initio
1625 3936 1910 3996 parentum
1960 3940 2182 3981 suorum
2225 3925 2447 3995 sponsio

858 4018 1077 4073 dicavit.

860 4130 1147 4187 Clastonia:
1175 4131 1230 4185 in
1260 4141 1482 4202 angusta
1507 4131 1921 4213 cella-inclusus,
1948 4131 2214 4185 diabolum
2246 4133 2448 4202 egregie

1550 4211 1757 4269 excipit.

931 4292 1020 4345 IS.
1055 4290 1458 4346 Consummatis
1488 4299 1667 4345 autem
1715 4292 1904 4361 primis
1936 4291 2182 4361 inemptze
2218 4306 2447 4346 conver-

858 4383 1086 4440 sationis
1126 4382 1334 4449 diebus,
1367 4398 1491 4437 cum
1536 4396 1659 4436 eum
1691 4382 1975 4451 episcopus
2021 4382 2282 4437 adversus
2312 4382 2445 4437 insi-

859 4473 976 4528 dias
1004 4471 1202 4526 diaboli
1247 4483 1305 4527 et
1344 4486 1596 4526 sermone
1650 4472 1997 4526 instruxisset
2031 4482 2086 4527 et
2126 4473 2446 4528 auctoritate

860 4565 1191 4632 roborasset,
1245 4566 1448 4620 dimisit
1501 4565 1650 4619 illum
1704 4564 2135 4638 proficiscentem
2167 4566 2233 4620 ad
2268 4565 2444 4621 locum
2473 4537 2526 4597 D

858 4672 971 4713 sua:
997 4658 1361 4727 generationis
1390 4657 1736 4728 principium,
1761 4657 1943 4727 ibique
1974 4656 2026 4710 in
2057 4656 2285 4712 ecclesia
2308 4672 2447 4725 prte-

859 4748 985 4804 I'ata:
1008 4748 1244 4819 Virginis
1272 4751 1616 4816 mansitabat,
1649 4764 1883 4821 operans
1912 4765 1973 4804 ea
2004 4764 2124 4820 quae
2172 4750 2274 4819 pia:
2316 4750 2448 4805 reli-

860 4842 1037 4912 gionis
1068 4856 1258 4897 norma
1305 4842 1575 4914 exigebat.
1608 4840 1706 4897 Cul
1750 4842 1911 4897 etiam
1946 4842 2304 4895 adhaerentem
2344 4840 2454 4896 cel-

937 4949 1046 5030 (12)
1086 4950 1147 5004 Β.
1174 4968 1186 5003 :
1218 4969 1236 5003 ι
1265 4950 1618 5030 Turgentium
1647 4950 1949 5030 vesicarum
1992 4948 2452 5030 Adol_or_inlo.lera-

864 5019 1001 5101 bilis.
1023 5019 1183 5075 Omne
1227 5019 1424 5101 corpus
1450 5020 1645 5101 ipsius
1687 5019 1919 5084 obtexit,
1950 5027 2007 5072 ut
2048 5019 2450 5089 elepltantinum

865 5090 1114 5161 morbum
1143 5104 1200 5145 se
1228 5090 1338 5161 pati
1368 5098 1601 5161 putaret.
1623 5108 1641 5140 1

935 5160 1047 5231 (I5)
1086 5160 1127 5214 Β
1157 5174 1171 5213 :
1205 5159 1600 5215 (Emendatum
1630 5160 1859 5231 Domino
1891 5160 2215 5213 monachum
2262 5174 2450 5213 conse-

866 5230 1061 5294 cravit,
1092 5249 1110 5281 »
1167 5231 1284 5285 sine
1314 5231 1423 5284 ulla
1452 5230 1738 5284 sacerdotii
1788 5232 2081 5284 mentione.
2113 5232 2316 5283 Auctor
2342 5238 2450 5283 ter-

867 5300 977 5354 tius
1006 5300 1057 5355 id
1086 5300 1163 5354 ait
1196 5300 1399 5354 factum
1437 5300 1718 5369 «legitimo
1760 5307 2000 5369 tempore
2028 5315 2124 5369 per
2157 5301 2449 5354 canonicas

865 5382 1145 5427 Sacrorum
1174 5370 1421 5425 ordinum
1447 5369 1834 5425 successiones.
1862 5390 1878 5422 1

941 5440 1053 5500 (Il)
1094 5440 1235 5500 Ergo
1280 5440 1527 5494 monachi
1562 5454 1667 5493 non
1696 5440 1811 5492 sine
1840 5439 2008 5494 titulis
2037 5439 2451 5500 ordinabantur,

2547 1942 2760 1995 tantillo
2786 1956 2949 2011 opere
2976 1942 3176 1996 ostium
3218 1942 3320 1995 nisi
3354 1941 3408 1995 in
3455 1950 3566 1995 toto
3593 1940 3709 1995 fieri
3755 1940 3983 1994 valebat.
4018 1938 4126 1993 Me-

2543 2033 2687 2088 dium
2733 2033 2908 2087 ostioli
2940 2032 3303 2087 fenestrellam
3352 2032 3543 2100 aperit,
3587 2046 3684 2100 per
3729 2046 3889 2100 quam
3945 2030 4123 2084 lumen

2542 2122 2785 2192 Operanti
2819 2121 3122 2175 irradiavit.
3151 2121 3405 2175 Miserum
3452 2135 3539 2173 me
3574 2135 3639 2173 ac
3682 2126 4021 2189 peccatorem
4046 2116 4126 2170 fa-

2546 2219 2663 2265 teor
2712 2210 3015 2279 inspexisse
3072 2219 3323 2264 sanctum
3380 2208 3638 2263 sessionis
3692 2208 3859 2278 ipsius
3920 2206 4119 2268 locum,

2542 2299 2743 2353 vidisse
2770 2300 3013 2367 quaedam
3063 2298 3227 2352 etiam
3274 2312 3529 2351 manuum
3561 2296 3703 2351 illius
3728 2311 3913 2365 opera,
3940 2310 4131 2364 pecea-

2543 2388 2768 2443 tricibus
2814 2388 3062 2443 manibus
3110 2396 3500 2450 contrectasse,
3551 2386 3725 2442 oculis
3778 2387 4125 2456 apposuisse,

2541 2481 2748 2550 rigassc
2777 2481 3054 2552 lacrymis,
3086 2490 3140 2535 et
3180 2479 3335 2534 ﬂexis
3365 2479 3591 2548 genibus
3621 2478 3897 2533 adorasse.
3930 2476 4128 2531 Recor-

2542 2573 2699 2628 datus
2738 2587 2969 2641 namque
3010 2586 3128 2625 smn
3168 2585 3329 2639 quain
3377 2584 3518 2638 saepe
3570 2568 3898 2623 clamantem
3959 2582 4045 2621 me
4077 2566 4132 2620 itt

2542 2662 2796 2733 periculis
2838 2662 3163 2726 exaudierit,
3193 2676 3356 2730 quam
3406 2659 3833 2714 misericorditer
3874 2657 4127 2711 anxiatus

2542 2755 2736 2818 fuerit;
2770 2762 2824 2809 et
2855 2754 3057 2808 idcirco
3089 2766 3263 2821 neque
3308 2751 3564 2822 lacrymis
3611 2760 3932 2819 temperare,
3960 2761 4132 2817 neque

2545 2847 2612 2917 (si
2643 2847 2758 2902 tieri
2784 2846 3068 2917 potuisset)
3095 2846 3219 2900 inde
3244 2844 3499 2899 recedere
3517 2842 3785 2899 volebam.
3801 2840 3926 2896 Haec
3943 2838 4132 2909 juveni

2545 2939 2758 3003 domus,
2803 2938 2892 2993 hic
2932 2938 3124 3001 lectus,
3156 2936 3260 2991 hoc
3286 2936 3352 2989 de
3380 2942 3491 2989 toto
3514 2933 3714 2988 mundo
3743 2929 4127 3002 spectaculum.

2549 3029 2653 3084 Sed
2684 3029 2768 3083 his
2792 3028 3054 3099 angustiis
3084 3024 3259 3094 ampla
3307 3033 3362 3078 et
3405 3022 3642 3094 spatiosa
3673 3020 3889 3076 urbium
3932 3017 4133 3075 mtenia

2550 3118 2854 3187 comparari
2884 3133 2989 3171 non
3018 3123 3263 3186 possunt,
3307 3129 3430 3170 cum
3462 3128 3562 3183 per
3588 3110 3807 3167 easdem
3846 3110 4131 3182 angustias

2550 3211 2707 3266 hodie
2723 3218 2776 3264 et
2790 3206 3163 3263 febricitantes
3184 3204 3409 3261 salutem
3432 3204 3736 3268 obtineant,
3754 3213 3809 3258 et
3830 3204 4133 3260 daemonum

2547 3301 2758 3356 furores
2784 3300 3084 3369 quiescant,
3108 3307 3162 3352 et
3187 3297 3417 3368 plurima
3443 3296 3738 3350 iuvalitudo
3767 3294 4132 3352 convalescat.

2618 3390 2705 3444 14.
2740 3388 2937 3443 Verum
2981 3403 3048 3443 ne
3091 3394 3463 3457 paupertatem
3517 3385 3662 3441 illius
3694 3384 3936 3439 diabolus
3969 3383 4133 3437 mise-

2547 3482 2655 3537 rari
2686 3482 2977 3545 videretur,
3022 3495 3182 3551 quem
3228 3487 3354 3533 ante
3400 3491 3505 3532 non
3551 3475 3767 3531 sinebat
3804 3475 4049 3529 habitare
4080 3475 4135 3527 in

2546 3571 2765 3640 palatio,
2814 3584 2937 3623 eum
2985 3584 3127 3623 nunc
3164 3570 3358 3623 nititur
3381 3566 3647 3637 depellere
3684 3566 3918 3635 tugurio.
3949 3563 4137 3618 Fallax

2548 3676 2675 3730 ergo
2726 3659 2968 3713 fallacem
3024 3659 3255 3713 hominis
3310 3658 3601 3727 adopertus
3656 3655 3977 3726 imaginem,
4036 3654 4137 3707 sub

2548 3748 2781 3803 obscuro
2826 3762 3053 3818 vespere
3080 3747 3272 3802 cellam
3305 3747 3439 3816 petit
3470 3744 3850 3808 adolescentis,
3897 3741 4141 3796 immisso

2549 3836 2725 3904 capite
2768 3835 3021 3892 fenestra:
3053 3836 3336 3901 incumbit,
3364 3835 3541 3891 cernit
3569 3835 3719 3889 illum
3768 3832 3949 3891 fabrili
3973 3846 4141 3901 opere

2547 3936 2904 3997 occupatum,
2955 3927 3188 3997 postulat
3238 3927 3338 3981 sibi
3399 3926 3673 3997 quippiam
3730 3924 3912 3995 operis
3966 3922 4138 3978 fabri-

2548 4019 2681 4073 cari.
2737 4019 3049 4083 Dunstanus
3116 4026 3295 4071 autem
3365 4031 3541 4085 neque
3614 4016 3731 4084 ejus
3785 4013 4141 4070 calliditatem

2549 4110 2859 4175 advertens,
2940 4124 3112 4179 neque
3199 4108 3655 4179 importunitatem
3720 4106 3927 4172 ferens,
3987 4105 4141 4175 aperi

2548 4201 2691 4270 quod
2743 4200 3114 4269 postulabatur
3164 4201 3404 4254 animum
3464 4198 3716 4253 intendit.
3772 4198 3995 4252 Interim
4048 4196 4138 4250 ille

2548 4305 2802 4361 perversa
2840 4290 3233 4359 compositione
3284 4288 3449 4343 verba
3495 4288 3695 4351 facere,
3724 4288 4012 4342 mulierum
4041 4301 4140 4340 no.

2550 4383 2695 4438 mina
2765 4383 3022 4449 inserere,
3102 4383 3343 4437 luxurias
3417 4398 3878 4447 commemorare;
3943 4381 4141 4437 deinde

2551 4473 2867 4544 religionem
2906 4474 3195 4528 ostendere
3240 4471 3593 4545 [offendere],
3645 4481 3699 4527 ct
3739 4473 3912 4528 denuo
3948 4472 4139 4527 eadem

2554 4576 2822 4635 repetere.
2856 4565 2992 4619 Tum
3054 4579 3182 4620 vero
3222 4564 3422 4619 athleta
3478 4563 3680 4618 Christl
3739 4565 3860 4633 quis
3884 4574 4027 4619 esset
4057 4564 4139 4618 itt-

2555 4660 2826 4731 telligens,
2858 4660 3102 4714 tenacula
3126 4660 3322 4729 quibus
3352 4659 3493 4714 ferra
3519 4662 3737 4714 tenebat
3759 4661 4135 4732 fortiterigni-

2556 4766 2649 4815 re,
2682 4752 2987 4821 suppressis
3020 4752 3174 4805 labiis
3232 4752 3507 4805 Christum
3566 4750 3841 4806 invocare.
3895 4750 4140 4820 Cumque

2556 4855 2653 4911 per
2680 4855 2920 4895 sunnuos
2949 4840 3083 4895 ﬁnes
3103 4841 3288 4895 eadem
3321 4840 3563 4895 tenacula
3590 4842 3881 4895 candentia
3904 4842 4137 4906 videret,

2555 4953 2649 5006 size
2697 4950 3526 5025 civitatis,_autmpossessionis,
3586 4963 3677 5007 aut
3732 4955 3991 5025 martyrii,
4047 4964 4139 5008 aut

2553 5023 2867 5076 monasterii
2896 5023 2985 5091 qui
3028 5024 3352 5093 ordinandus
3399 5037 3471 5076 est
3519 5023 3908 5092 pronuntietur.
3954 5024 4141 5093 Itaque

2552 5094 2885 5146 monasteria
2936 5094 3077 5146 inter
3137 5092 3318 5147 titulos
3373 5092 3845 5162 computabantur.
3899 5092 4135 5148 Titulum

2590 5163 2885 5231 aupertatis
2929 5162 3298 5218 Mendicantes
3329 5162 3600 5215 invexere.
3633 5162 3761 5231 Legi
3812 5164 3862 5216 itt
3901 5164 4138 5217 Archivo

2604 5233 2905 5286 osontensis
2943 5233 3173 5285 comobii
3221 5232 3429 5286 litteras
3456 5232 3795 5287 dimlssorias
3822 5233 3888 5286 ad
3924 5232 4135 5288 titulum

2550 5301 2888 5369 monasterii,
2919 5303 3074 5355 datas
3096 5312 3220 5356 ante
3242 5318 3412 5357 annos
3432 5302 3776 5371 quingentos.

2629 5372 2739 5441 (15)
2784 5372 3003 5425 Destiua
3063 5371 3378 5442 appellatur,
3409 5370 3867 5442 suffulcitnenlum
3924 5371 4137 5428 aedilicii

2558 5440 2650 5496 seu
2681 5441 2945 5500 ecclesia}.
2975 5440 3113 5500 apud
3144 5443 3339 5496 Bedam
3370 5441 3421 5495 in
3460 5440 3552 5495 lib.
3581 5457 3663 5500 ttt.
3696 5457 3811 5500 cat).
3844 5443 3931 5496 17.
