4516 5500
471 340 574 393 6ὶὸ

1991 330 2167 382 VITA.

3621 330 3722 383 4‘26

468 466 656 513 sancto
685 466 838 511 actus
878 457 1062 511 furore
1090 455 1340 510 celeriter
1378 469 1440 507 ea
1490 454 1555 507 de
1589 454 1707 521 igne
1754 451 1909 518 rapit,
1944 450 2047 501 lar-
2076 454 2123 508 Α
2157 445 2379 498 multum
2413 446 2779 514 deviat),dum
2808 446 3038 515 quodam
3075 458 3310 514 tempore
3344 447 3598 514 pl’if‘fttltls
3630 465 3721 501 rex

468 546 638 599 valem
668 546 862 600 faciem
901 546 1160 601 tenacu‘lis
1194 545 1436 606 includit.
1486 554 1540 597 et
1575 543 1701 595 totis
1724 540 1929 593 viribus
1959 554 2044 592 re-

466 640 645 694 nitens
666 648 966 693 monstrum
1004 640 1295 693 introrsum
1327 637 1508 690 trahit.
1537 635 1655 689 Jam
1687 634 1879 687 stando
1907 632 2046 686 vires

467 731 713 785 sumebat
761 731 1235 795 Dunstanus,cum
1298 730 1343 783 is
1383 729 1472 796 qui
1510 728 1799 781 tenebatur
1825 740 1854 777 a
1899 724 2045 777 nullo

465 821 692 891 pariete,
724 822 953 875 tenentis
979 835 1036 875 se
1066 820 1315 873 manibus
1345 818 1647 887 aufugerat,
1676 816 1811 869 tales
1848 816 2038 867 imma-

468 911 519 964 ni
545 911 720 980 rugitu
744 910 984 965 fremens
1010 910 1245 964 ululatus
1274 930 1283 962 :
1312 908 1356 963 Ο
1384 909 1511 977 quid
1540 907 1669 961 fecit
1692 906 1876 960 calvus
1920 905 2041 968 iste,

465 1015 498 1054 ο
523 1000 649 1069 quid
684 998 814 1053 fecit
837 999 1021 1053 calvus
1049 1000 1179 1053 iste!
1218 999 1385 1053 Tenui
1419 1012 1652 1065 namque
1683 996 1775 1049 sed
1808 994 2043 1049 formosa

466 1090 687 1144 czcsarie
716 1098 856 1154 erat,
910 1100 965 1143 et
1012 1104 1075 1144 ea
1107 1105 1164 1143 re
1193 1090 1321 1143 talia
1364 1090 1429 1143 de
1465 1088 1682 1141 homine
1709 1087 2041 1141 clamitabat.

465 1179 619 1234 Mane
640 1189 818 1235 autem
847 1179 1007 1244 facto,
1034 1190 1357 1250 congregata
1389 1190 1472 1233 est
1495 1178 1559 1231 ad
1592 1193 1712 1233 eum
1750 1193 1853 1231 nou
1879 1191 2044 1247 parva

463 1272 745 1341 propinqui
802 1274 984 1341 populi
1028 1273 1337 1336 multitudo,
1372 1273 1653 1327 sciscitans
1679 1273 1926 1341 quisnam
1959 1272 2044 1324 ille

462 1363 667 1418 clamor
699 1362 908 1427 fuisset,
961 1366 1051 1433 qui
1086 1373 1229 1418 tanta
1267 1364 1731 1418 eosvehemeutia
1773 1364 2043 1417 dormien—

462 1460 543 1507 tes
587 1452 888 1507 terruisset.
925 1472 942 1503 ι
986 1454 1276 1516 Dtemonis,
1333 1453 1426 1515 ait,
1472 1452 1573 1505 fuit
1601 1452 1690 1507 ille
1721 1452 1890 1516 furor,
1949 1452 2041 1522 qui

459 1557 726 1611 nusquam
777 1558 863 1597 me
907 1543 1091 1597 vivere
1139 1544 1287 1597 sinit.
1329 1544 1370 1595 E
1428 1542 1561 1598 cella
1608 1558 1821 1612 quoque
1871 1552 2044 1598 tcntat

458 1630 677 1699 ejicere.
710 1632 878 1688 Caute
908 1649 1000 1687 vos
1033 1634 1175 1703 agite
1204 1634 1271 1687 ab
1310 1633 1421 1697 illo,
1444 1634 1569 1703 quia
1606 1634 1650 1688 si
1695 1649 1880 1689 vocem
1915 1635 2040 1688 irati

458 1720 603 1776 ferre
641 1738 744 1777 non
799 1724 1067 1791 potuistis,
1106 1726 1421 1779 societatem
1452 1726 1690 1779 damnati
1722 1742 1831 1795 quo
1882 1736 2041 1794 pacto

457 1813 835 1867 sustinebitis?
881 1833 898 1864 ι
934 1812 1061 1867 Post
1092 1814 1234 1867 hunc
1282 1814 1423 1868 diem
1455 1816 1767 1869 Dunstanus
1798 1816 1953 1883 quasi
1986 1816 2039 1869 in

454 1902 737 1970 procinctu
767 1902 891 1957 belli
934 1918 1177 1969 manere,
1204 1904 1497 1959 virtutibus
1528 1905 1797 1959 diabolum
1830 1906 1895 1959 ad
1920 1921 2040 1960 cer-

457 2000 638 2046 tamen
677 1992 964 2057 lacessere,
991 2008 1187 2062 corpus
1243 1994 1420 2048 inedia
1470 2010 1766 2060 macerare,
1804 1996 2041 2049 animam

454 2083 796 2139 orationibus
826 2085 1106 2149 decorare,
1152 2086 1336 2139 sciens
1377 2086 1429 2139 in
1468 2086 1609 2140 nulla
1638 2102 1694 2140 re
1725 2087 1895 2157 magis
1926 2087 2041 2139 dia-

452 2173 636 2228 bolum
665 2176 909 2244 superari
941 2191 1121 2244 posse,
1174 2192 1337 2245 quam
1384 2177 1438 2230 in
1465 2192 1528 2232 ea
1567 2192 1729 2246 quam
1782 2178 2041 2231 Dominus

454 2262 888 2335 dicebatjejunio
918 2274 972 2320 et
1001 2266 1263 2321 oratione.
1295 2266 1446 2321 Unde
1474 2282 1596 2321 cum
1626 2268 1883 2337 pudicitia
1915 2283 2037 2322 cor-

453 2356 604 2423 poris
628 2364 831 2410 tantam
862 2358 1040 2411 cordis
1069 2357 1389 2411 munditiam
1422 2359 1679 2423 obtinuit,
1706 2368 1762 2412 ut
1799 2360 1885 2412 vix
1916 2374 2040 2413 eum

455 2447 625 2502 latere
641 2459 823 2518 posset
846 2450 1107 2519 quidquid
1126 2450 1345 2505 sinister
1360 2451 1582 2519 spiritus
1596 2450 1813 2506 molitus
1826 2450 2036 2505 fuisset.

454 2534 622 2591 Fama
654 2538 837 2607 itaque
864 2538 1097 2592 nominis
1128 2538 1248 2609 ejus
1281 2540 1591 2593 universam
1643 2539 1915 2607 percurrit
1957 2552 2040 2591 re-

454 2627 695 2696 gionem,
727 2643 847 2697 qua:
899 2628 963 2682 ad
1002 2628 1285 2683 visendum
1335 2628 1608 2683 hominem
1658 2628 1751 2683 Dei
1794 2628 2035 2682 omnium

454 2722 619 2776 corda
650 2721 915 2777 accendit.
950 2721 1140 2777 Omnis
1183 2732 1335 2785 mtas,
1367 2730 1594 2790 uterque
1617 2736 1800 2785 sexus,
1834 2720 2036 2785 clarus,

454 2812 728 2883 ignobilis,
754 2814 932 2868 tenuis
958 2822 1013 2867 et
1061 2814 1412 2882 pecuniosus,
1447 2814 1688 2882 privatus
1710 2824 1764 2867 et
1789 2828 1910 2867 eum
1945 2827 2042 2881 po-

453 2911 671 2966 testate,
722 2916 911 2957 omnes
950 2903 1174 2957 omnino
1228 2903 1563 2957 Dunstanum
1607 2902 1920 2971 loquuntur,
1954 2917 2042 2957 sa-

448 2995 712 3064 pientiam
744 2997 1061 3065 praedicant,
1092 2995 1346 3049 virtutem
1372 2994 1723 3065 magnificaut

453 3102 705 3158 Matrona
734 3107 875 3176 reqia
898 3107 966 3194 (id
993 3106 1327 3160 Dunstamtm
1372 3106 1595 3194 accedit,
1627 3105 1690 3159 Β.
1721 3105 1909 3161 Μαι-ἕω
1940 3108 2029 3160 de-
2064 3134 2109 3194 C

736 3174 876 3229 rota.
903 3174 1088 3245 Regem
1120 3187 1316 3229 recreat
1348 3193 1442 3245 ope
1481 3176 1741 3244 Dciparw.

527 3263 615 3316 15.
632 3263 821 3318 Mulier
834 3263 1101 3332 quaedam,
1119 3265 1336 3319 nomine
1355 3264 1524 3335 Elgifu
1542 3265 1586 3336 (l
1600 3265 1675 3336 7),
1698 3266 1861 3336 regali
1880 3282 2038 3322 exor-

454 3362 510 3406 ta
535 3355 809 3423 progenie,
841 3370 1164 3424 magnarum
1215 3356 1560 3421 divitiarum,
1618 3374 1739 3427 quae
1761 3374 1925 3413 omne
1959 3376 2039 3414 se-

450 3459 578 3499 men
613 3446 817 3515 regium
851 3455 1100 3501 materno
1149 3461 1368 3516 semper
1393 3446 1585 3502 affectu
1617 3449 1904 3516 dilexerat,
1952 3450 2035 3505 fo-

450 3543 632 3597 verat,
663 3537 953 3600 nutrierat,
985 3537 1172 3590 innixa
1228 3538 1480 3591 manibus
1512 3553 1732 3593 suorum
1763 3540 1829 3593 ad
1858 3542 2035 3595 homi-

451 3641 582 3681 nem
614 3626 713 3681 Dei
770 3628 1025 3690 accessit,
1073 3629 1417 3683 sanctissimo
1455 3629 1597 3683 illius
1619 3630 1888 3699 colloquio
1918 3648 2038 3701 per-

450 3716 560 3772 frui
589 3717 923 3773 desiderans.
971 3718 1101 3784 Qua:
1140 3733 1262 3772 cum
1295 3734 1359 3773 ex
1386 3735 1482 3774 ore
1510 3720 1655 3773 illius
1693 3722 1915 3775 verbum
1944 3738 2037 3776 au-
2064 3748 2068 3751 Α

454 3788 648 3871 disset,
683 3808 818 3863 adeo
847 3807 1111 3862 delectata
1166 3806 1577 3865 est‘dulcedine
1626 3812 1751 3865 vita:
1797 3822 2036 3877 teternce,

451 3903 517 3949 ut
544 3895 769 3952 ulterius
795 3913 971 3967 neque
1010 3898 1227 3953 domum
1267 3908 1533 3968 repetere,
1578 3916 1753 3969 neque
1785 3902 1903 3956 loco
1930 3903 2041 3958 dis-

454 3987 671 4049 cedere,
726 3989 818 4043 sed
853 4005 978 4044 cum
1025 3990 1184 4045 beato
1225 3992 1505 4047 Dunstano
1556 4008 1797 4053 manere.
1830 3996 2035 4061 vivere,

452 4077 594 4131 mori
621 4077 897 4149 deligeret.
926 4079 1162 4135 Proinde
1222 4082 1608 4137 habitationem
1639 4085 1739 4139 sibi
1773 4086 1823 4139 in
1864 4084 2038 4140 affini-

455 4176 573 4222 tate
600 4168 739 4223 sacri
774 4170 960 4238 templi
1011 4171 1373 4236 constituens,
1424 4173 1691 4228 audiendo
1752 4176 1917 4231 verbo
1941 4176 2037 4231 Dei

455 4257 645 4313 sedulo
670 4259 884 4322 adesse,
914 4258 1175 4315 famelicis
1204 4263 1400 4331 stipem
1427 4262 1577 4326 dare,
1616 4273 1822 4318 vestem
1850 4265 2058 4336 algent--

455 4348 622 4412 tibus,
653 4347 765 4416 ipsa
799 4347 984 4401 multa:
1015 4350 1364 4404 continentize
1394 4366 1613 4420 operam
1640 4354 1789 4418 dare,
1812 4370 2036 4423 prorsus

452 4437 524 4491 ad
544 4452 706 4492 omne
726 4454 860 4508 opus
884 4438 1112 4508 justitia:
1148 4441 1550 4509 promptissima
1599 4444 1852 4499 existere.
1879 4446 2033 4502 Circa
2062 4481 2114 4539 Β

453 4527 862 4582 venerationem
895 4529 1069 4583 beatae
1086 4530 1313 4600 virginis
1334 4531 1517 4586 Maria:
1549 4534 1619 4587 ita
1651 4532 1865 4591 fervens
1892 4549 2032 4605 erat,

451 4623 516 4668 ut
546 4614 600 4669 in
636 4616 834 4684 templo
866 4615 1008 4671 illius
1041 4634 1200 4686 quam
1248 4618 1432 4688 plures
1486 4622 1625 4675 sacri
1656 4624 1865 4680 ordinis
1891 4628 2036 4684 viros

452 4703 683 4769 locaret,
714 4705 911 4774 quibus
960 4707 1075 4775 ipsa
1130 4723 1468 4779 quazcunque
1504 4714 1811 4769 necessaria
1859 4714 2036 4772 forent

450 4808 551 4848 sua
586 4793 911 4851 liberalitate
932 4797 1233 4853 exhiberet.
1259 4800 1373 4866 Qua
1397 4802 1463 4856 de
1492 4818 1549 4857 re
1580 4804 1631 4857 in
1665 4813 1868 4860 tantum
1897 4809 2035 4877 apud

448 4883 700 4939 eamdem
728 4882 1017 4963 Virginem
1039 4888 1157 4957 ejus
1193 4889 1387 4944 merita
1418 4890 1655 4960 valuere,
1700 4904 1757 4949 ut
1796 4898 1838 4950 si
1867 4912 2038 4965 quan-

452 4976 522 5029 do
546 4977 875 5032 necessitate
890 4989 1075 5035 coacta
1101 4981 1379 5051 quidpiam
1404 4985 1723 5055 postularet,
1740 4989 1831 5042 vix
1856 4989 2037 5059 aliqua

454 5068 829 5139 intercedente
858 5072 1064 5125 merula
1112 5070 1182 5125 ab
1213 5074 1405 5128 eadem
1436 5078 1752 5148 susciperet.
1782 5078 1854 5133 Ut
1890 5082 2035 5135 enim

455 5158 573 5214 sine
606 5161 761 5214 taedio
811 5161 1100 5231 legentium
1158 5163 1542 5233 aliquantulam
1578 5170 1646 5225 ab
1690 5174 1930 5239 inempto
1958 5172 2039 5226 di~

459 5252 786 5319 gressionem
821 5250 1011 5308 faciam
1044 5254 1242 5324 (neoue
1278 5258 1419 5311 enim
1442 5274 1471 5312 a
1519 5276 1579 5316 re
1609 5280 1772 5336 quam
1798 5272 2039 5319 tenemus

489 5407 738 5494 “tinnit:
793 5410 1460 5494 appellatur‘Cew-e-lﬂeda,
1511 5416 1742 5483 Osbem,
1792 5402 2067 5493 Elegit-tr.

2148 544 2367 602 propter
2389 534 2489 588 loci
2541 535 2853 602 religionem
2878 535 3208 589 Glestoniam
3238 539 3491 600 venisset,
3523 540 3607 592 illa
3634 556 3722 591 vc-

2150 632 2317 675 terem
2356 637 2576 677 servare
2611 622 2795 676 volens
2846 624 3309 687 consuetmlinem,
3361 641 3464 694 qua
3512 626 3723 695 regibus

2149 713 2458 766 ministrate
2485 712 2711 775 solebat,
2744 722 2864 766 orat
2894 715 3162 777 eumdem,
3200 725 3257 767 ut
3283 716 3349 767 ad
3380 731 3437 768 se
3468 716 3721 781 uivertat,

2149 803 2432 870 prandium
2480 805 2621 872 quod
2670 804 2771 857 sibi
2823 805 3419 875 paraveratdiguauter
3445 808 3723 876 suscipiat.

2148 893 2299 959 Quod
2332 910 2424 948 rex
2468 910 2572 948 non
2602 896 2719 948 sine
2751 896 3071 948 verecundia
3123 911 3365 949 annuens
3396 897 3522 964 (non
3578 896 3724 951 enim

2148 987 2428 1056 ignorabat
2449 987 2576 1055 quid
2603 988 2653 1039 in
2680 1002 2942 1055 pauperes
2971 986 3170 1041 Christi
3205 989 3316 1056 ipsa
3348 989 3724 1057 expenderet),

2146 1079 2401 1147 prrccepit
2432 1077 2590 1147 regite
2630 1077 3050 1131 ministrationis
3086 1078 3476 1146 provisor-ibus,
3520 1088 3577 1131 ut
3622 1079 3726 1133 sci-

2148 1178 2267 1223 rent
2301 1171 2343 1224 si
2372 1170 2551 1223 omnia
2574 1171 2856 1223 commode
2877 1185 2938 1223 ac
2956 1172 3231 1225 moderate
3255 1182 3441 1240 parata
3476 1171 3723 1227 fuissem.

2145 1259 2221 1312 Illi
2273 1270 2453 1313 autem
2504 1261 2913 1329 circumspectis
2960 1262 3208 1315 omnibus
3260 1264 3472 1316 abunde
3528 1266 3725 1317 ommia

2145 1367 2265 1407 esse
2289 1352 2615 1416 renuntiant,
2650 1354 2695 1406 si
2726 1351 2841 1420 ejus
2874 1355 3242 1408 tantummodo
3269 1366 3445 1424 potus,
3474 1356 3565 1425 qui
3596 1357 3729 1411 mel-

2145 1442 2209 1495 lis
2243 1444 2353 1511 (18)
2386 1458 2448 1497 ac
2478 1444 2639 1513 myrti
2698 1444 2983 1512 aspergine
3009 1445 3311 1509 conficitur,
3348 1446 3727 1501 sufﬁcientiam
3799 1494 3803 1498 .

2144 1535 2424 1589 haberent.
2451 1535 2654 1601 Quibus
2687 1535 2772 1588 illa
2810 1554 2820 1587 :
2851 1534 2964 1590 Non
2991 1538 3247 1606 patietur,
3280 1539 3472 1606 inquit,
3505 1539 3725 1593 domina

2142 1641 2260 1679 mea
2288 1636 2460 1680 mater
2503 1626 2709 1680 Domini
2761 1628 2864 1681 mei
2910 1626 3035 1683 Jesu
3086 1628 3285 1682 Christi
3336 1628 3525 1692 Maria,
3558 1639 3618 1684 ut
3669 1630 3723 1683 in

2142 1715 2393 1770 omnibus
2424 1717 2583 1770 rebus
2607 1732 2725 1785 qure
2759 1718 2960 1787 regiam
3009 1719 3203 1772 decent
3245 1719 3722 1789 magnificentiam,

2074 1790 2116 1849 Β
2145 1807 2330 1861 deesse
2354 1807 2627 1876 quidpiam
2676 1808 2867 1862 valeat.
2923 1809 2989 1862 Et
3042 1824 3334 1864 accurrens
3375 1811 3426 1865 in
3467 1811 3725 1881 templum

2144 1896 2470 1952 beatissima:
2494 1899 2749 1967 Virginis,
2785 1909 2936 1969 rogat
2958 1915 3052 1968 per
3095 1899 3211 1968 ejus
3240 1900 3543 1971 largifluum
3570 1903 3727 1958 boni-

2145 1999 2313 2043 tatem
2339 1992 2523 2061 augeri
2547 1994 2688 2059 quod
2731 1993 2782 2044 iu
2837 1994 3002 2063 regali
3036 1996 3339 2050 ministerio
3367 1998 3545 2052 minus
3577 1999 3727 2054 vide-

2141 2078 2303 2132 batur
2327 2078 2535 2133 haberi.
2581 2079 2729 2133 Sedit
2764 2081 2946 2150 itaque
2997 2097 3086 2135 rex
3121 2084 3231 2152 (19)
3276 2084 3446 2139 multo
3493 2087 3725 2156 stipatus

2144 2171 2401 2235 satellite,
2437 2173 2689 2226 hauriunt
2717 2172 2963 2229 'miuistri
2999 2176 3267 2231 modicmn
3326 2179 3453 2234 illud
3489 2181 3725 2237 confecti

2141 2260 2405 2329 liquoris:
2441 2262 2515 2315 ita
2566 2264 2845 2318 vasculum
2894 2269 3192 2334 permansit
3237 2270 3607 2337 imminutum,
3668 2283 3728 2327 ut

2142 2351 2385 2406 mulieris
2423 2352 2756 2423 Sareptena),
2797 2356 2879 2408 vel
2928 2356 3170 2425 hydriam
3221 2360 3432 2427 farina},
3457 2362 3541 2418 vel
3587 2363 3727 2434 lecy-

2142 2441 2295 2494 thum
2340 2441 2442 2495 olei
2495 2452 2734 2511 putares.
2788 2446 3027 2513 Denique
3082 2457 3188 2501 tota
3248 2448 3335 2503 die
3387 2452 3453 2506 de
3505 2453 3725 2507 vasculo

2141 2530 2420 2595 hauriunt,
2452 2541 2562 2586 tota
2624 2534 2973 2589 nihilominus
3022 2536 3108 2589 die
3159 2538 3534 2594 inexhaustum
3569 2558 3725 2610 repe—

2142 2619 2307 2673 riunt.
2335 2620 2413 2674 Ad
2434 2622 2577 2690 quod
2620 2621 2820 2677 factum
2853 2641 2943 2677 rex
2976 2635 3155 2681 mente
3194 2627 3511 2685 immutatus
3539 2650 3550 2683 :
3588 2631 3723 2686 Pec-

2142 2712 2404 2777 cavimus,
2438 2714 2534 2778 ait,
2577 2715 2739 2769 nimis
2792 2717 2843 2769 in
2900 2716 3156 2771 famulam
3204 2719 3316 2781 Dei,
3369 2722 3726 2778 multitudinis

2140 2814 2341 2858 nostra!
2361 2807 2734 2873 superfluitate
2760 2823 2878 2860 eam
2909 2819 3284 2877 aggravantcs.
3316 2810 3391 2865 lta
3418 2813 3570 2876 dixit,
3604 2823 3726 2882 post

2140 2895 2341 2951 dictum
2378 2896 2571 2951 faciem
2614 2900 2812 2953 avertit
2842 2948 2855 2964 ,
2885 2901 2969 2954 via
3000 2918 3103 2972 qua
3135 2904 3299 2973 coepit
3323 2904 3597 2974 profectus
3618 2918 3721 2961 est.

2139 2986 2431 3069 Egrqtans
2460 3005 2539 3069 res
2567 3006 2691 3043 suas
2723 2991 2951 3069 disponit
2979 2995 3032 3046 in
3074 3010 3271 3069 manus
3312 2996 3595 3069 Duustam’,
3632 3000 3723 3069 qui

2212 3057 2424 3112 mobilia
2465 3060 2555 3111 dat
2591 3063 2927 3134 pauperibus.
2964 3093 3032 3102 —
3060 3063 3166 3117 Illa
3192 3067 3406 3134 spiritus
3431 3057 3600 3121 sancti
3627 3057 3723 3123 tid-

2212 3138 2363 3181 ventu
2396 3140 2649 3192 recreata,
2683 3131 2922 3184 unctione
2974 3150 3035 3185 ac
3077 3131 3267 3188 viatico
3331 3139 3536 3190 munita
3596 3140 3718 3192 obit.

2212 3196 2519 3251 Dunstanus
2543 3199 2897 3254 ha'reditatem
2925 3205 3171 3257 convertit
3193 3206 3243 3258 in
3267 3206 3509 3263 ecclesias
3536 3219 3583 3262 et
3615 3225 3727 3263 me-

2214 3270 2463 3321 nasteria.

2214 3356 2300 3409 16.
2333 3356 2437 3410 Sed
2464 3358 2576 3427 jam
2621 3369 2677 3413 ut
2718 3360 2769 3415 id
2797 3364 2939 3431 quod
2989 3365 3323 3422 instituimus
3372 3369 3724 3439 attingamus,

2143 3453 2417 3501 transacto
2449 3447 2692 3503 laborum
2726 3465 2947 3507 suorum
2995 3455 3230 3525 glorioso
3255 3460 3575 3525 certamine,
3600 3476 3722 3529 gra-

2141 3537 2191 3590 vi
2229 3539 2474 3607 corporis
2509 3539 2822 3597 infirmitate
2868 3547 3032 3614 erepit
3080 3546 3194 3603 bare
3236 3551 3424 3605 eadem
3454 3552 3723 3607 laborare.

2138 3628 2219 3682 Ad
2242 3644 2403 3697 quam
2431 3630 2557 3683 dum
2606 3646 2844 3688 maerens
2891 3646 3043 3704 pater
3086 3637 3397 3696 Dunstanus
3453 3643 3680 3703 intraret
3710 3687 3725 3711 ,

2140 3727 2261 3787 post
2309 3719 2609 3776 uberrimas
2660 3721 3042 3779 alterutrarum
3083 3726 3445 3799 lacrymarum
3490 3732 3723 3788 inunda-

2142 3807 2336 3873 tiones,
2383 3818 2504 3877 post
2541 3810 2897 3867 humillimam
2957 3815 3059 3885 pice
3096 3819 3456 3877 confessionis
3484 3822 3729 3879 devotio-

2142 3913 2284 3963 nem,
2314 3908 2434 3969 post
2455 3900 2820 3957 dulcissimam
2852 3905 2917 3959 de
2945 3905 3097 3961 beata
3122 3923 3217 3979 spe
3244 3919 3297 3966 et
3327 3912 3563 3969 adventu
3610 3915 3721 3970 Do-

2141 3989 2271 4042 mini
2304 3990 2590 4046 salvatoris
2649 3994 3099 4063 consolationem,
3140 4000 3390 4057 hortatur
3455 4004 3603 4059 illam
3662 4017 3720 4059 ut

2141 4080 2339 4133 nudam
2368 4096 2427 4135 se
2457 4080 2525 4135 ab
2560 4084 2705 4136 omni
2767 4086 3038 4142 mundana
3089 4092 3270 4160 specie
3326 4092 3512 4160 faciat,
3544 4112 3612 4152 ne
3668 4099 3719 4152 iu

2142 4178 2457 4225 transeunte
2496 4172 2790 4243 quidquam
2852 4192 3006 4232 suum
3053 4182 3305 4252 princeps
3344 4187 3531 4241 mundi
3568 4188 3725 4242 iuve-

2142 4262 2275 4315 niat.
2300 4261 2396 4318 Cui
2428 4264 2516 4318 illa
2550 4284 2561 4317 :
2593 4265 2894 4333 Neminem,
2936 4271 3128 4340 inquit,
3175 4274 3227 4327 in
3270 4278 3469 4333 mundo
3500 4280 3635 4334 sicut
3678 4292 3727 4334 te

2142 4351 2519 4408 charissimum
2555 4356 2749 4422 habeo,
2791 4369 3074 4429 propterea
3124 4364 3267 4432 quod
3299 4375 3349 4421 te
3391 4370 3725 4440 pr.~ccipuum

2141 4445 2331 4500 salutis
2359 4462 2489 4501 meae
2515 4448 2628 4502 seio
2651 4460 2950 4516 auctorem,
2978 4454 3127 4510 salvo
3149 4473 3212 4511 eo
3238 4462 3379 4528 quod
3412 4461 3580 4516 Deum
3610 4479 3696 4518 om
3729 4503 3732 4505 λ

2140 4535 2473 4604 nipotentem
2503 4538 2665 4593 totius
2696 4541 2953 4596 bonitatis
2991 4545 3353 4616 principatum
3388 4559 3574 4606 tenere
3608 4568 3728 4608 cre-

2139 4627 2225 4681 do.
2256 4626 2405 4681 lllum
2443 4645 2574 4699 ergo
2620 4645 2800 4685 rerum
2856 4648 3098 4689 mearum
3148 4638 3414 4693 lueredem
3447 4641 3589 4697 facio
3614 4684 3630 4710 ,
3678 4655 3731 4699 te

2142 4733 2270 4772 vero
2297 4719 2630 4774 luereditatis
2686 4730 2917 4776 tutorem
2982 4729 3293 4792 constituo,
3357 4739 3414 4783 ut
3462 4732 3726 4802 quidquid

2142 4811 2290 4865 illum
2320 4813 2637 4881 cognoveris
2661 4814 2814 4878 velle,
2846 4816 2922 4871 tui
2964 4818 3175 4873 arbitrii
3219 4821 3290 4875 sit
3319 4820 3538 4878 effecturi
3568 4840 3731 4879 man-

2143 4905 2345 4975 cipare.
2376 4904 2529 4972 Quod
2561 4906 2753 4962 beatus
2786 4908 3099 4966 Dunstanus
3119 4913 3367 4979 audiens,
3398 4927 3452 4969 et
3479 4921 3737 4986 quamvis

2143 4996 2344 5051 invitus
2374 4995 2489 5063 ejus
2511 4997 2776 5053 voluntati
2813 5015 3019 5055 morem
3046 5016 3238 5070 gerere
3272 5004 3478 5073 volens,
3506 5007 3739 5063 univer-

2145 5104 2233 5143 sas
2256 5103 2415 5157 gazas
2446 5087 2582 5154 ejus,
2629 5107 2750 5161 qua:
2808 5091 2861 5145 in
2914 5094 3077 5149 rebus
3125 5096 3413 5152 mobilibus
3447 5114 3750 5169 superesse

2146 5188 2417 5253 poterant,
2438 5184 2708 5253 extemplo
2730 5185 3061 5252 pauperibus
3081 5190 3339 5261 erogabat
3364 5207 3379 5255 ;
3406 5206 3601 5248 caetera
3637 5208 3757 5251 au-

2151 5282 2257 5329 tem
2291 5270 2357 5325 ad
2382 5269 2749 5328 Ecelesiarum
2781 5272 3212 5335 sublevationem
3238 5282 3578 5336 reservabat.
3612 5280 3758 5341 Jatn

2152 5447 2287 5494 tum,
2321 5429 2553 5494 itemque
2589 5430 2872 5493 Oshertus,
2922 5431 3014 5494 qui
3067 5437 3233 5494 addit.
3264 5452 3367 5494 auo
3397 5438 3551 5494 Anuli
3580 5456 3765 5494 quam
