4516 5500
848 422 953 478 H7

1844 422 1899 473 S.
1942 417 2364 475 DUNSTANUS
2402 414 2720 469 ARCHIEH.
2759 416 3104 472 CANTI'AR.

3981 418 4087 473 ιῖε

850 540 930 594 s'ol
961 538 1217 607 vergebat
1258 536 1322 591 ad
1372 550 1644 597 occasum,
1689 544 1736 586 et
1772 534 2078 589 Dunstanus
2124 543 2419 588 nocturnas
2449 532 2491 590 Λ
2523 540 2677 583 aucta
2719 541 2863 596 sum,
2916 541 2972 585 ut
3021 531 3244 603 singulis
3292 530 3646 601 complurium
3699 533 4085 587 monachorum

848 629 1060 699 fugiens
1089 627 1341 681 tenebras
1391 626 1457 679 ad
1512 639 1667 679 suum
1713 632 1919 677 remeat
1966 626 2294 694 ergastulum
2326 634 2415 677 :et

849 733 974 773 ecce
1004 716 1129 771 dum
1161 715 1359 770 ostium
1386 712 1626 767 ecclesiae
1648 712 1924 782 psallendo
1950 714 2268 781 prmleriret,
2300 728 2417 767 ere-

846 807 948 860 ctis
974 806 1038 858 ad
1067 804 1262 857 caelum
1285 802 1479 865 oculis,
1500 801 1881 870 omnipotentis
1912 800 2002 854 Dei
2034 800 2210 854 Patris
2236 809 2287 853 et
2329 800 2416 855 Fi-

848 894 902 947 lii
938 902 1264 946 comternnm
1281 889 1539 958 Spiritum
1570 888 1622 940 in
1651 887 1907 941 columbae
1935 889 2111 955 specie
2148 887 2293 941 videt
2319 888 2413 942 dc-

845 982 1194 1036 scendentem
1226 1020 1238 1043 ,
1290 978 1442 1046 cujus
1489 992 1683 1046 corpus
1710 978 1853 1031 omni
1882 980 2115 1032 candore
2142 979 2366 1033 nitidius
2398 1017 2415 1044 ,

847 1072 1055 1125 alarum
1094 1084 1222 1124 vero
1254 1068 1474 1138 remigia
1509 1067 1853 1121 scintillantis
1905 1066 2045 1136 ignis
2075 1067 2412 1136 splendorem

846 1177 941 1230 per
967 1176 1091 1215 aera
1116 1158 1465 1229 spargebant.
1498 1158 1669 1225 Quam
1701 1158 1788 1212 ille
1810 1166 1938 1212 tunc
1966 1173 2094 1212 vere
2116 1160 2303 1213 beatus
2329 1159 2413 1229 pia

845 1251 1043 1303 mentis
1076 1248 1331 1302 aviditate
1361 1247 1775 1316 contemplatus,
1808 1248 2083 1317 penetrale
2135 1248 2260 1303 illud
2303 1264 2415 1301 mo-

846 1339 1038 1394 rientis
1058 1347 1319 1392 matrona:
1344 1338 1734 1392 subintrantem
1764 1338 2042 1407 conspicit.
2074 1338 2296 1394 Concite
2318 1340 2412 1408 igio

846 1439 934 1483 tur
975 1428 1113 1483 unde
1157 1436 1380 1481 venerat
1441 1441 1738 1495 regressus,
1790 1426 1937 1481 videt
1979 1428 2194 1481 domum
2250 1429 2413 1482 divini

844 1519 1147 1590 splendoris
1172 1518 1379 1588 [uigore
1400 1518 1794 1588 splendescere,
1822 1519 1970 1572 audit
1989 1520 2242 1573 feminam
2276 1520 2413 1575 infra

844 1621 998 1681 septa
1024 1611 1245 1681 oppansi
1279 1610 1380 1664 veli
1429 1610 1630 1679 gratias
1669 1618 1937 1679 agentem.
1990 1610 2215 1665 Miratur
2246 1612 2412 1666 collo-

843 1701 1049 1769 quium,
1080 1715 1144 1754 ac
1172 1700 1379 1754 dicendi
1404 1699 1563 1753 tinem
1610 1699 1817 1767 patiens
1851 1700 2064 1753 auditor
2115 1711 2413 1769 exspectat.

843 1790 1052 1844 Deinde
1076 1789 1253 1844 levato
1284 1788 1401 1843 velo
1425 1789 1698 1858 penetrale
1728 1789 2023 1853 subintrat,
2072 1790 2313 1845 stelliferi
2348 1792 2413 1844 il-

2521 622 2690 674 turba:
2720 622 3095 690 inessent,qid
3140 636 3328 675 omnes
3374 622 3667 675 secundum
3726 624 3963 692 regulam
4014 625 4079 677 ab

2517 712 2703 766 eodem
2730 722 2884 782 patre
2913 714 3210 767 institutam
3238 713 3503 766 viverent.

2975 802 3181 854 Arcana
3220 801 3416 855 (alitus
3454 803 3625 855 discit.

2590 889 2673 944 i7.
2705 890 2909 945 Exinde
2933 898 3154 945 sanctus
3183 890 3286 954 vir,
3330 890 3619 959 majoribus
3660 906 3780 946 sese
3826 891 4083 947 virtutum

2516 982 2846 1052 profectibus
2874 983 3095 1047 dedens,
3130 984 3447 1052 deprecatus
3468 996 3549 1037 est
3568 983 3852 1037 Dominum
3878 984 4084 1039 ostendi

2518 1074 2618 1128 sibi
2648 1074 2869 1145 gloriam
2896 1074 3187 1142 justorum,
3220 1082 3276 1127 ut
3326 1074 3414 1142 qui
3461 1089 3578 1127 eam
3620 1089 3718 1142 per
3758 1074 3912 1128 fidem
3953 1076 4089 1129 bene

2518 1166 2781 1220 creditam
2830 1166 3075 1229 haberet,
3127 1179 3220 1233 per
3275 1162 3760 1218 manifestatiouem
3814 1163 4085 1232 cognitam

2518 1256 2725 1311 dulcius
2756 1264 2980 1309 amaret.
3014 1256 3160 1309 Talia
3193 1271 3257 1309 ex
3309 1256 3469 1309 corde
3518 1255 3836 1317 meditanti,
3885 1256 4088 1309 assistit

2512 1346 2726 1416 juvenis
2756 1345 2869 1415 (22)
2898 1346 3088 1399 decore
3118 1345 3360 1415 insignis,
3389 1359 3547 1413 quem
3596 1360 3817 1413 puerum
3858 1345 3982 1399 olim
4033 1346 4087 1398 in

2517 1450 2752 1504 corpore
2784 1435 2897 1504 ipse
2924 1448 3057 1503 puer
3086 1444 3397 1503 agnoverat,
3426 1444 3481 1489 et
3516 1445 3700 1489 sancta
3750 1450 3966 1504 semper
4008 1434 4092 1488 fa-

2520 1525 2835 1579 miliaritate
2865 1524 3146 1589 dilexerat,
3176 1524 3415 1579 referens
3448 1538 3508 1578 ea
3541 1538 3659 1593 quae
3709 1533 3835 1577 sunt
3876 1533 4089 1577 aeterna:

2517 1618 2640 1671 vita:
2677 1616 2892 1686 gaudia.
2920 1614 3071 1669 Illum
3102 1628 3229 1667 vero
3258 1614 3309 1666 in
3353 1614 3451 1667 hoc
3482 1612 3676 1667 saeculo
3700 1612 3850 1680 plura
3895 1626 4079 1680 passu-

2518 1720 2659 1770 rum,
2710 1705 3010 1759 daemonum
3070 1703 3316 1768 insidias,
3373 1701 3732 1771 malignitates
3776 1701 4086 1763 hominum;

2519 1796 2783 1866 posthaec
2810 1795 2989 1848 omnia
3041 1792 3106 1846 ad
3152 1808 3392 1848 summos
3436 1792 3633 1861 gradus
3679 1800 4086 1861 perventurum,

844 1879 947 1932 lius
983 1892 1177 1931 nomen
1221 1878 1464 1946 requirit,
1491 1878 1736 1931 nuntium
1770 1878 2084 1947 interrogat.
2122 1878 2211 1932 Illa
2240 1874 2416 1934 excel-
2445 1879 2489 1937 B
2518 1889 2683 1943 multa
2711 1888 2986 1943 hominum
3020 1887 3182 1941 millia
3211 1889 3321 1942 Deo
3366 1888 3717 1953 lucraturum,
3746 1900 3977 1957 cumque
4005 1887 4091 1939 his

844 1967 971 2021 lenti
998 1968 1226 2036 quadam
1253 1966 1425 2035 gratia
1454 1965 1633 2019 vultus
1649 1965 1884 2034 perfusa,
1918 1969 2156 2021 modeste
2172 1969 2416 2023 arridens

846 2059 920 2110 ait
954 2074 967 2109 :
1007 2058 1085 2110 Tu
1109 2054 1424 2111 stelliferum
1453 2065 1738 2123 antequam
1771 2057 1875 2110 huc
1896 2057 2107 2110 venires
2131 2057 2333 2121 vidisti,
2363 2067 2416 2111 ct

844 2164 986 2202 nunc
1007 2148 1091 2203 cui
1114 2163 1230 2201 sum
1260 2147 1435 2201 locuta
1480 2146 1818 2217 interrogas?
1852 2146 1967 2217 Ipse
1997 2157 2079 2202 est
2104 2149 2193 2217 qui
2228 2150 2321 2203 tibi
2350 2151 2415 2203 ad

842 2240 1041 2294 ostium
1072 2238 1316 2293 ecclesia:
1342 2237 1591 2306 psallenti
1620 2240 1995 2307 apparuit,qui
2032 2248 2086 2293 et
2115 2255 2198 2293 me
2227 2241 2291 2295 de
2317 2256 2413 2310 pa-

841 2346 971 2386 vore
994 2330 1323 2384 imminentis
1351 2330 1541 2383 mortis
1568 2330 1918 2383 conterritam
1952 2331 2274 2385 visitationis
2306 2347 2415 2386 suae

844 2422 1017 2491 gratia
1046 2420 1313 2475 consolari
1341 2420 1591 2488 dignatus
1617 2428 1716 2473 est.
1743 2420 2016 2474 Annuntio
2038 2422 2218 2491 itaque
2246 2424 2417 2476 omni-

844 2516 946 2569 bus
968 2515 1156 2568 amicis
1186 2514 1319 2568 meis
1348 2514 1667 2567 tristandum
1692 2514 1755 2567 de
1794 2524 1969 2568 morte
1998 2530 2113 2568 mca
2145 2532 2249 2569 non
2277 2532 2416 2581 esse,

847 2606 1101 2674 quoniam
1127 2605 1444 2658 morientem
1472 2618 1555 2657 me
1582 2612 1799 2657 mternze
1822 2605 1945 2657 vita:
1978 2604 2197 2659 claritas
2248 2608 2422 2659 susci-

842 2696 975 2765 piet.
997 2694 1118 2747 Tibi
1159 2703 1336 2747 autem
1365 2693 1666 2747 clarissimo
1696 2709 1759 2747 ac
1790 2695 2045 2763 singulari
2085 2695 2263 2749 amico
2284 2697 2417 2750 ube-

846 2801 933 2839 res
959 2785 1157 2856 gratias
1212 2783 1405 2847 refero,
1460 2791 1745 2852 propterea
1774 2784 1915 2851 quod
1944 2783 2048 2837 tuis
2084 2798 2298 2851 semper
2340 2784 2420 2837 in-

845 2886 1052 2929 structa
1084 2874 1559 2937 admonitionibus,
1604 2882 1656 2927 et
1688 2872 1870 2941 adjuta
1920 2874 2257 2929 orationibus
2295 2888 2419 2929 ecce

853 2966 921 3019 ad
959 2966 1124 3019 Deum
1174 2964 1331 3017 vado.
1362 2962 1539 3016 Unum
1558 2964 1651 3016 tibi
1680 2972 1733 3016 et
1763 2962 2028 3028 ultimum,
2072 2965 2113 3017 si
2144 2964 2314 3018 ausim
2342 2965 2425 3019 di-

844 3070 989 3120 cere,
1020 3055 1159 3108 facio
1182 3061 1531 3123 praeceptum,
1567 3062 1625 3105 ut
1661 3068 1872 3107 summo
1894 3054 2127 3108 diluculo
2154 3054 2294 3107 sacri
2322 3070 2419 3107 un-

845 3146 1023 3218 guinis
1047 3145 1157 3216 (ΞΟ)
1189 3159 1250 3197 ac
1276 3143 1539 3197 Dominici
1592 3144 1832 3211 corporis
1858 3143 2176 3213 participem
2224 3158 2309 3197 me
2341 3142 2418 3195 fa-

845 3237 960 3291 cias
992 3252 1003 3287 :
1036 3242 1303 3303 quatenus
1335 3232 1421 3285 his
1452 3231 1679 3284 vivificis
1720 3230 1924 3284 munita
1970 3231 2264 3301 mysteriis,
2312 3246 2417 3284 non
2448 3210 2491 3271 (ἶ

846 3322 1143 3379 confundar
1174 3322 1224 3375 in
1252 3330 1427 3391 porta,
1470 3320 1593 3373 dum
1628 3318 1697 3372 ibi
1731 3317 1882 3372 fuero
1910 3318 2145 3373 inimicis
2172 3320 2308 3373 meis
2338 3319 2419 3373 lo-

846 3425 989 3470 cuta.
1022 3412 1186 3481 Cujus
1214 3411 1440 3481 imperio
1461 3408 1784 3463 venerabilis
1810 3414 1963 3476 pater
1985 3407 2296 3463 Dunstanus
2326 3423 2420 3461 an-

844 3504 1179 3569 nuensabiit,
1202 3500 1522 3569 manejuxta
1542 3499 1849 3554 condictum
1876 3498 2068 3563 rediit;
2090 3500 2272 3571 itaque
2300 3514 2419 3553 om-

844 3598 935 3651 nia
957 3591 1423 3665 peregit,utfinita
1448 3589 1559 3645 fere
1597 3590 1782 3653 missa,
1828 3604 1950 3644 eum
1991 3590 2105 3659 ipsa
2140 3604 2335 3660 corpus
2368 3602 2420 3643 et

846 3686 1160 3757 sanguinem
1183 3683 1380 3739 Christi
1404 3681 1750 3751 suscepisset,
1787 3680 2019 3733 animam
2037 3684 2239 3749 pariter
2256 3680 2418 3735 Chri-

846 3785 933 3831 sto
956 3770 1416 3837 tradidisset.Qua
1459 3769 1754 3824 honorifice
1777 3769 1828 3821 in
1863 3768 2091 3821 ecclesia
2126 3769 2297 3823 beatae
2312 3768 2422 3821 Ma-

848 3868 943 3922 ria:
958 3864 1186 3936 sepulta,
1203 3862 1512 3917 Dunstanus
1528 3876 1650 3916 cum
1668 3861 1731 3913 de
1760 3859 1922 3924 illius,
1938 3874 2059 3913 cum
2079 3860 2239 3913 etiam
2258 3861 2322 3915 de
2339 3862 2420 3915 sui

849 3957 1019 4027 ipsius
1047 3954 1158 4026 (2|)
1203 3953 1529 4023 patrimonio
1581 3949 1843 4005 sollicitus
1875 3947 2021 4018 (nam
2053 3958 2278 4017 uterque
2324 3964 2422 4017 pa-

848 4063 978 4103 rens
1012 4047 1280 4109 obierant,
1309 4059 1410 4098 nee
1428 4050 1631 4112 praeter
1657 4056 1780 4095 eum
1810 4040 1973 4093 alium
2004 4040 2271 4095 bwredem
2302 4042 2423 4095 reli-

849 4138 1123 4210 querant),
1156 4136 1329 4207 primo
1349 4134 1565 4203 quidem
1593 4133 1836 4187 eamdem
1862 4130 2146 4186 ecclesiam
2193 4132 2420 4187 vicinio-

850 4230 1004 4285 ribus
1034 4236 1196 4298 atque
1221 4225 1561 4281 uberioribus
1585 4224 1763 4285 terris,
1790 4236 1908 4290 quae
1957 4222 2011 4275 in
2054 4222 2201 4275 omni
2249 4225 2421 4292 patri-

851 4322 1035 4379 monio
1065 4330 1255 4384 erant,
1298 4315 1630 4380 muneravit;
1688 4322 1912 4368 czeteras
1960 4328 2089 4368 vero
2140 4313 2425 4371 fundandis

852 4412 1093 4481 quinque
1120 4404 1462 4462 monasteriis
1486 4417 1583 4474 pro
1622 4403 1727 4457 situ
1777 4410 2043 4455 terrarum
2083 4401 2153 4455 ab
2194 4401 2421 4456 invicem

854 4499 1117 4570 scjuuctis
1154 4494 1466 4551 reservavit.
1526 4492 1654 4557 Quae
1705 4490 2032 4543 monasteria
2084 4492 2421 4559 sequentium

2514 1979 2637 2035 coeli
2669 1994 2830 2049 regna
2863 1993 3202 2033 scansurum.
3231 1977 3334 2031 Sed
3374 1992 3494 2032 cum
3533 1977 3621 2031 ille
3653 1985 3875 2047 propter
3902 1986 4090 2031 cante-

2516 2068 2622 2122 iam
2667 2070 2864 2123 dicenti
2902 2084 3181 2124 assensum
3241 2084 3346 2121 non
3400 2069 3666 2134 dedisset,
3698 2070 4087 2138 apprehensum

2517 2161 2664 2215 illum
2690 2160 2907 2229 juvenis
2942 2161 3136 2214 atrium
3187 2159 3372 2229 templi
3424 2159 3651 2223 induxit,
3696 2159 4092 2226 ostendensque

2515 2250 2690 2305 locum
2735 2258 2961 2305 eatenus
3004 2249 3399 2314 ineonvulsum,
3440 2248 3516 2302 ait
3549 2266 3563 2301 :
3598 2246 3668 2303 Ut
3694 2247 3836 2301 nulla
3880 2256 3932 2301 te
3959 2262 4089 2302 cre-

2519 2342 2711 2397 dendis
2742 2343 2825 2397 his
2855 2357 2974 2411 qua:
3002 2342 3195 2396 audisti
3244 2342 3487 2397 dubietas
3526 2343 3790 2411 attingat,
3822 2350 3949 2395 ante
3994 2340 4091 2392 tri-

2514 2430 2679 2484 duum
2710 2432 2991 2501 presbyter
3020 2432 3237 2500 quidam
3270 2431 3359 2485 hic
3382 2431 3673 2500 sepelietur
3719 2430 3811 2498 qui
3854 2429 4091 2483 nondum

2519 2520 2843 2574 infirmatur.
2901 2520 3208 2588 Exsurgens
3262 2527 3438 2573 autem
3507 2532 3666 2572 mane
3722 2517 3791 2571 ab
3844 2518 4094 2573 oratione

2519 2608 2848 2673 Dunstanus,
2875 2608 3187 2663 convocatis
3218 2607 3270 2659 in
3315 2622 3477 2660 unum
3531 2606 3768 2671 clericis,
3801 2606 3866 2659 ad
3914 2604 4092 2660 locum

2520 2698 2688 2762 venit,
2728 2699 3009 2767 positoque
3060 2697 3213 2766 signo
3258 2696 3334 2749 ait
3366 2713 3377 2747 :
3416 2696 3470 2749 Si
3504 2711 3630 2749 vera
3661 2704 3784 2751 sunt
3816 2710 3933 2765 quce
3962 2695 4091 2749 mihi

2520 2799 2787 2844 nocturno
2812 2798 3049 2857 tempore
3076 2796 3291 2841 ostensa
3324 2796 3441 2841 sunt
3466 2826 3479 2850 ,
3512 2796 3637 2842 ante
3666 2796 3775 2841 tres
3820 2787 3933 2841 dies
3962 2800 4091 2855 pre-

2521 2880 2703 2948 sbyter
2725 2878 2941 2947 quidam
2980 2877 3066 2931 hic
3089 2876 3397 2946 sepelietur,
3424 2886 3476 2930 et
3506 2874 3741 2929 nondum
3769 2875 4090 2928 inﬁrmatur.

2525 2972 2621 3024 Vix
2652 2969 2753 3023 illis
2782 2969 2849 3023 ab
2885 2968 3111 3022 invicem
3162 2967 3442 3035 digressis,
3490 2966 3798 3034 supervenit
3844 2964 3960 3032 ejus
4017 2966 4094 3019 le-

2520 3060 2699 3123 minae,
2731 3072 2888 3125 quam
2915 3056 3161 3126 proxime
3187 3054 3543 3119 laudavimus,
3576 3053 3793 3107 curialis
3826 3054 4090 3121 quondam

2520 3152 2823 3222 presbyter,
2858 3148 2946 3217 qui
2984 3146 3125 3201 facta
3153 3161 3273 3200 cum
3315 3144 3529 3199 clericis
3569 3142 3925 3197 conventione
3957 3157 4093 3211 prrcc

2522 3240 2688 3294 fatum
2721 3239 2895 3292 locum
2946 3235 2998 3288 in
3047 3233 3377 3302 sepulturam
3420 3230 3675 3296 obtinuit,
3700 3231 3883 3285 dicens
3916 3247 3929 3281 :
3960 3230 4093 3283 Cum

2522 3345 2610 3384 me
2641 3329 2780 3381 Deus
2824 3341 2855 3379 e
2900 3339 3124 3394 corpore
3173 3322 3409 3393 migrare
3448 3319 3692 3388 jusserit,
3721 3320 3821 3374 hoc
3870 3320 3922 3372 in
3978 3318 4096 3372 loco

2523 3432 2672 3472 meas
2703 3431 2895 3486 precor
2922 3413 3177 3484 reliquias
3215 3410 3457 3481 sepelite.
3496 3410 3738 3465 Recessit
3770 3411 3934 3479 igitur
3970 3422 4098 3478 prc-

2523 3509 2707 3580 sbyter
2759 3522 2986 3577 vespera
3041 3520 3226 3570 sanus,
3259 3510 3421 3558 noctu
3448 3502 3605 3557 rediit
3636 3510 3896 3572 mgrotus;
3936 3500 4095 3555 decu-

2522 3603 2659 3666 buit,
2688 3600 3006 3670 agonizatus
3030 3606 3131 3661 est,
3180 3594 3513 3663 defungitur,
3561 3600 3617 3647 et
3667 3592 3720 3645 in
3768 3591 3887 3647 loco
3939 3591 4094 3646 beato

2522 3693 2661 3765 patri
2692 3693 2903 3762 signato
2941 3688 3217 3759 sepelitur.
3261 3684 3466 3754 Stupor
3507 3684 3698 3755 ingens
3742 3682 4099 3737 circumdedit

2524 3797 2730 3848 omnes,
2753 3789 3039 3851 propterea
3079 3777 3221 3847 quod
3262 3777 3404 3830 idem
3429 3774 3513 3828 vir
3544 3782 3649 3828 tam
3681 3774 3819 3827 mira
3850 3776 3914 3827 de
3944 3772 4096 3834 loco.

2525 3885 2766 3945 tempore
2786 3887 2849 3927 ac
2870 3884 3098 3941 persona
3124 3867 3478 3937 praedixisset,
3503 3880 3621 3935 qua:
3652 3865 3830 3918 omnia
3861 3863 4099 3933 poslbazc

2525 3982 2653 4021 vera
2701 3965 2803 4035 ipsi
2856 3970 2911 4017 et
2963 3960 3248 4015 manifesta
3298 3959 3578 4012 vidissent.
3630 3957 3745 4025 Ipse
3802 3964 3976 4009 autem
4030 3956 4100 4008 de

2525 4064 2743 4111 ostensa
2772 4066 2834 4106 ac
2860 4049 3125 4122 promissa
3153 4048 3252 4102 sibi
3292 4047 3413 4100 vitze
3441 4054 3656 4100 aeternae.
3680 4044 3848 4115 glmia
3880 4043 4099 4098 lastissi-

2524 4159 2645 4198 mus
2666 4132 2927 4202 eliicitnr;
2979 4138 3044 4192 de
3090 4136 3304 4190 caeteris
3350 4150 3475 4189 vero
3534 4150 3638 4189 non
3694 4138 3880 4203 parum
3927 4133 4102 4187 tristis

2526 4243 2685 4303 atque
2711 4230 2975 4287 sollicitus
3004 4228 3265 4283 redditur.

2525 4345 2601 4398 Ab
2638 4341 2948 4397 Eadmundo
2973 4340 3025 4392 in
3053 4337 3306 4408 palatium
3336 4338 3552 4399 accitus,
3578 4347 3763 4389 iterum
3808 4336 3927 4390 inde
3976 4352 4101 4408 pro-

2597 4414 2847 4468 truditur.
2893 4408 2994 4463 Sed
3042 4424 3158 4477 rege
3210 4422 3272 4460 ea:
3302 4408 3588 4477 prtrcipitio
3619 4419 3788 4475 erepto
3817 4407 4100 4474 honorifice

2598 4491 2888 4545 revocatur,
2914 4475 3156 4533 concesso
3184 4478 3281 4545 ipsi
3306 4475 3415 4529 solo
3452 4476 3634 4528 natali.

851 4562 1037 4660 regum
1076 4586 1405 4656 temporibus
1441 4584 1493 4635 in
1540 4589 1742 4635 tantum
1790 4595 1886 4649 per
1940 4579 2055 4647 ejus
2102 4578 2420 4635 industriam
2454 4562 2506 4622 Ῑ)
2600 4596 2624 4647 ί

2317 4581 2420 4635 Ῐ²ιη
2454 4562 2506 4622 D
2600 4592 2683 4647 18.
2721 4590 2981 4646 Defuncto
3015 4596 3193 4642 autem
3238 4600 3363 4656 rege
3411 4585 3720 4639 Ethelstano
3770 4585 3884 4656 (23)
3933 4586 4100 4641 frater

925 4730 1034 4802 (ΞΟ)
1073 4727 1163 4782 Sic
1186 4724 1310 4778 olim
1342 4722 1644 4802 unctionem
1689 4716 2033 4802 infirmorum
2054 4713 2253 4802 viatico
2279 4731 2415 4802 pra):

850 4785 1139 4873 ponifmqs
1186 4802 1323 4873 erat,
1353 4803 1411 4845 ut
1438 4792 1638 4845 dictum
1676 4788 1842 4869 est_in
1882 4785 2197 4873 przefat‘ione
2234 4791 2416 4873 saeculi

851 4856 1036 4943 iii‘lllii.
1084 4867 1145 4920 B.
1204 4856 1369 4918 solius
1419 4858 1811 4943 communionis
1845 4856 2106 4936 meminit,
2155 4857 2419 4943 sed_ante

854 4928 1074 4997 inissam
1104 4945 1159 4991 ct
1188 4930 1617 4988 communionem
1645 4928 1720 4980 ait
1746 4928 2078 4997 prmmissum
2110 4939 2138 4976 a
2173 4936 2418 4982 matrona

856 4992 1107 5065 balneum
1170 5006 1233 5058 ad
1283 5001 1526 5069 corporis
1581 4992 1917 5050 lavationem.
1967 4992 2226 5069 Osbertus
2295 5012 2418 5069 cum

856 5080 1099 5135 Osberno
1113 5065 1447 5132 convenit,'ct
1461 5085 1576 5121 cum
1592 5074 1914 5120 sacramento
1928 5079 2093 5135 sacra:
2106 5065 2421 5121 inunctionis

857 5132 1101 5205 uiaticum
1125 5141 1385 5197 Dominici
1416 5138 1647 5205 corporis
1674 5136 1825 5205 abnea
1859 5132 2181 5202 postulatum
2209 5136 2418 5189 scribit.

930 5217 1041 5287 (21)
1072 5215 1212 5268 Idem
1250 5209 1411 5265 tradit
1434 5203 1714 5287 psbertus.
1735 5203 1867 5287 [line
1896 5206 2339 5287 patetinonacbis
2369 5209 2419 5258 in

858 5273 1046 5355 Anglia
1073 5293 1203 5355 tunc
1226 5278 1478 5355 temporis
1500 5276 1743 5355 relictam
1786 5273 1951 5353 fuisse
1980 5281 2297 5340 potestatem
2322 5274 2423 5328 ha:-

861 5343 1116 5412 reditates
1145 5343 1395 5413 adeundi,
1427 5357 1485 5400 ut
1506 5346 1626 5399 aliis
1652 5346 1703 5398 in
1728 5343 1877 5413 locis.

931 5426 1041 5493 (22.)
1072 5423 1320 5483 Osberto,
1347 5435 1364 5469 ε
1384 5411 1469 5494 ad
1493 5423 1678 5494 nutum
1704 5411 2156 5494 patrisnDunstani
2190 5411 2311 5494 sub,
2336 5427 2424 5492 re:

2518 4720 2766 4798 quid_tibi
2800 4720 2865 4774 ad
2892 4717 3056 4798 divini
3085 4716 3273 4798 cultus.
3295 4720 3643 4798 augmentum
3679 4709 3782 4798 .vci
3813 4710 4100 4798 gadiis-anne

2520 4780 2718 4859 regulae
2764 4787 3192 4859 supplementum
3244 4784 3309 4859 de
3352 4780 4102 4859 propria_adminiculatione

2522 4812 2580 4852 re
2619 4811 2718 4846 tum
2764 4811 3191 4859 sultptmllt'lltum
3244 4811 3309 4837 uc
3352 4811 3566 4851 μιυμιιιι
3623 4811 4093 4835 ιιιιιιιιιιιιυιιηιυιιε

2522 4811 2775 4923 ὀρᾷυετὶι,
2804 4874 2901 4928 ego
2930 4856 3057 4909 illud
3087 4856 3229 4923 regia
3276 4853 3521 4928 largitate
3568 4851 3772 4928 devote
3815 4850 4093 4928 supplebo.

2523 4936 2708 5005 igitur,
2754 4921 2885 5005 post
2934 4929 3047 4979 haec
3093 4921 3278 5005 sei-vus
3308 4922 3399 4975 Dei
3432 4921 3867 5005 DunSIannsjam
3901 4922 4101 5005 dictant

2526 4990 2842 5074 dignitatem
2870 4996 3021 5063 jussu
3053 4994 3216 5074 regis.
3249 4991 3463 5074 regendi
3525 4992 3731 5074 gratia“
3748 4990 3999 5074 suscepit,
4045 5000 4101 5045 et

2527 5060 2631 5127 hoc
2659 5060 2915 5139 praedicto
2948 5064 3105 5139 modo
3120 5060 3551 5139 saluberrimam
3593 5060 3650 5139 S_.
3694 5060 3975 5139 Benedicti.
4012 5075 4095 5139 se:

2528 5129 2700 5211 quen's
2731 5135 3124 5191 institutionem
3170 5132 3374 5201 primus
3420 5130 3587 5184 abbas
3622 5130 3825 5199 Anglia:
3868 5129 4105 5183 nationis

2529 5210 2741 5264 enituit.
2772 5225 2789 5257 ι
2817 5214 2919 5259 etc.

2953 5272 3012 5325 Β.
3047 5289 3108 5347 :_g
3137 5270 3577 5347 Contigitautem
3599 5269 4101 5347 _iisdem__tempori-

2529 5338 2631 5404 bus
2693 5338 2980 5415 quemdam
3044 5338 3741 5415 Glestoniénsis__Ecclesi:e
3791 5338 4095 5415 dia_conem._

2534 5408 2751 5472 nomine
2786 5412 3085 5474 Ulfredum,
3111 5421 3335 5486 mortem
3365 5409 3597 5484 subiisse
3625 5408 4098 5482 temporalem,qui
