4516 5500
418 337 523 393 ιεθ

1980 334 2079 388 ΥΙΊ
2096 336 2157 387 A.

3554 346 3657 401 £3"

416 453 531 520 ejus
562 450 907 505 Eadmuudus
944 449 1151 519 imperii
1181 449 1547 505 monarehiam
1578 450 1830 518 suscepit.
1886 450 1983 514 Qui
2016 459 2059 511 Α
2094 450 2278 503 mortis
2299 452 2538 519 periculo
2562 454 2892 517 consistenti,
2920 471 3016 510 nec
3052 461 3414 517 reminiscaris
3442 464 3660 533 injuria-

416 556 539 595 cmn
567 540 730 593 sciret
761 549 961 607 quanta
1012 539 1138 591 olim
1190 539 1392 591 virtute
1448 538 1785 591 venerandus
1834 548 1987 605 pater

418 632 726 685 Dunstanus
754 631 804 683 in
848 630 1048 699 palatio
1077 628 1333 691 fulsisset,
1365 644 1523 696 quam
1548 629 1711 697 jnstis
1736 629 1990 695 operibus

415 730 471 773 et
507 720 670 774 rectis
700 718 941 772 consiliis
974 718 1230 786 przeditus
1281 716 1488 779 fuisset,
1524 731 1587 769 ac
1623 731 1717 784 per
1748 716 1849 769 hoc
1878 714 1989 769 fra-

418 819 572 863 terno
596 824 807 876 semper
836 822 1018 859 amore
1046 806 1192 858 illum
1222 806 1752 867 dilexisset,direetis
1776 805 1842 858 ad
1868 821 1990 859 eum

416 900 621 953 nuntiis
648 908 763 951 orat
796 897 1139 967 digneturad
1170 912 1227 950 se
1258 897 1469 961 venire,
1503 906 1558 948 ut
1608 911 1769 966 quem
1819 896 1993 949 omni-

415 991 617 1059 potenti
674 991 784 1043 Deo
844 997 1067 1041 noverat
1117 997 1415 1055 acceptum,
1447 1002 1569 1041 eum
1618 988 1757 1040 inter
1813 986 1992 1055 regios

417 1094 668 1148 proceres
693 1087 747 1132 et
774 1078 1041 1147 palatinos
1082 1077 1353 1146 principes
1395 1076 1504 1145 (24)
1546 1092 1813 1129 summum
1853 1074 1993 1129 face-

417 1182 503 1223 ret
530 1180 713 1223 tenere
741 1169 1117 1238 principatum.
1160 1169 1231 1221 At
1282 1168 1586 1222 Duustanus
1632 1168 1746 1221 sive
1787 1181 1990 1235 prmce-

415 1260 523 1328 ptis
552 1258 859 1327 apostolicis
885 1258 1107 1311 obedire
1136 1258 1340 1321 volens,
1364 1258 1561 1325 quibus
1591 1257 1768 1311 omnis
1814 1258 1992 1309 anima

416 1349 669 1419 potestati
705 1347 1001 1402 sublimiori
1042 1347 1252 1400 subdita
1278 1361 1397 1400 esse
1434 1347 1633 1400 debere
1658 1348 1988 1417 principitur,

417 1442 533 1495 sive
566 1438 1053 1509 regnumjustitiaz,
1086 1438 1228 1507 quod
1259 1453 1320 1490 ex
1363 1452 1554 1507 magna
1599 1448 1751 1507 parte
1782 1438 1993 1493 obsole-

418 1541 587 1593 verat,
626 1533 676 1583 in
732 1540 873 1585 terra
904 1530 1197 1599 Anglorum
1253 1529 1491 1583 exaltare
1541 1531 1786 1600 cupiens,
1824 1531 1985 1600 regiis

416 1623 767 1692 petitionibus
819 1635 1100 1675 assensum
1157 1621 1360 1683 trilmit,
1406 1623 1707 1676 consistens
1734 1638 1830 1691 pro
1857 1633 1992 1679 tem-

417 1729 610 1783 porum
641 1713 1013 1767 vicissitudine
1041 1712 1091 1764 in
1124 1711 1344 1780 palatio,
1367 1723 1421 1766 et
1453 1720 1556 1765 tam
1591 1713 1761 1782 ipsum
1788 1728 1987 1781 regem,

2092 552 2210 590 rum
2242 538 2380 592 fideli
2418 548 2506 594 tuo
2534 540 2806 595 Dunstano
2834 558 2929 611 per
2951 560 3037 599 me
3063 546 3364 614 illatarum;
3403 554 3656 620 quoniam

2091 630 2135 678 si
2180 641 2263 680 me
2315 630 2478 696 ipsius
2521 630 2727 684 meritis
2774 646 2802 683 a
2849 636 3096 699 przesenti
3146 645 3316 689 morte
3364 638 3659 707 eripueris,

2092 716 2268 782 quoad
2310 717 2483 769 vivam
2514 719 2765 773 devotum
2791 737 2873 775 me
2905 723 2977 775 tui
3008 726 3239 779 nominis
3267 737 3321 781 et
3365 728 3504 784 illius
3542 730 3657 784 lau-

2093 804 2329 859 datorem
2360 806 2602 861 habebis.
2638 809 2745 862 Nec
2772 810 2895 863 dum
2931 812 3084 880 plene
3115 816 3273 868 verba
3310 816 3548 881 finierat,
3580 832 3658 883 et,

2093 894 2231 962 quod
2260 895 2403 948 dictu
2428 905 2510 949 est
2532 898 2862 963 incredibile,
2881 902 2973 953 sed
3001 900 3109 954 Deo
3131 903 3261 956 nihil
3313 904 3662 975 impossibile,

2093 986 2244 1053 quasi
2278 986 2452 1039 divina
2478 1003 2637 1041 manu
2666 997 2929 1044 retentum
2965 993 3163 1045 animal
3190 995 3240 1046 in
3269 1010 3479 1051 summo
3514 1014 3662 1051 vora-

2093 1073 2233 1143 ginis
2262 1074 2424 1128 fixum
2463 1078 2732 1131 manebat.
2763 1079 2831 1131 At
2882 1080 2969 1133 ille
3018 1084 3176 1136 corde
3220 1086 3420 1153 pariter
3460 1097 3515 1141 et
3570 1103 3665 1142 ore

2092 1166 2334 1221 excelsas
2372 1166 2483 1221 Deo
2514 1170 2715 1237 gratias
2746 1169 3003 1237 referens,
3039 1174 3371 1230 Dunstanum
3398 1194 3507 1233 sua
3532 1180 3661 1235 libe-

2095 1256 2319 1309 rationis
2349 1264 2621 1311 auctorem
2655 1260 2905 1313 accersiri
2939 1259 3112 1328 jubet,
3146 1272 3198 1316 et
3229 1280 3348 1333 qua:
3381 1282 3476 1335 per
3514 1268 3659 1322 illum

2094 1345 2355 1402 Divinitas
2379 1357 2597 1417 operata
2637 1350 2727 1414 sit,
2759 1366 2938 1405 coram
2976 1354 3119 1407 omni
3150 1357 3390 1426 principe
3424 1362 3663 1431 exponit,

2093 1445 2149 1491 et
2188 1439 2519 1507 apprehensa
2576 1440 2794 1497 dextera
2848 1442 2949 1497 viri
2997 1446 3272 1501 osculatus
3313 1459 3396 1503 est
3440 1464 3559 1505 eam
3607 1462 3663 1507 et

2094 1527 2277 1581 dixit:
2315 1528 2585 1595 Agnosco,
2633 1532 2872 1586 virorum
2917 1535 3275 1599 sanctissime,
3327 1540 3453 1608 quid
3504 1540 3555 1595 in
3614 1551 3665 1595 te

2094 1617 2454 1671 commiserim
2497 1619 2657 1684 mali,
2688 1637 2794 1675 non
2833 1637 2929 1692 per
2970 1624 3127 1679 fidem
3166 1642 3339 1681 meam
3386 1630 3527 1698 quod
3566 1645 3666 1699 ego

2096 1710 2377 1774 voluerim,
2406 1712 2498 1766 sed
2525 1714 2667 1781 quod
2688 1728 2717 1766 a
2747 1716 2993 1783 pessimis
3020 1716 3323 1773 hominibus
3358 1729 3575 1777 coactus
3613 1723 3664 1775 id

418 1822 579 1875 quam
628 1821 816 1860 omnes
859 1804 1150 1873 Anglorum
1194 1804 1464 1872 principes
1514 1803 1741 1871 justitize
1790 1804 1994 1873 legibus
2027 1805 2067 1861 Β
2097 1797 2337 1854 fecerim-
2370 1800 2585 1857 Gl‘alius
2611 1819 2739 1874 ergo
2763 1805 3059 1863 clementia?
3084 1809 3198 1875 Dei,
3224 1828 3344 1881 qua:
3372 1828 3476 1869 non
3507 1817 3665 1870 modo

418 1896 761 1949 submittens.
796 1895 903 1948 Sed
944 1911 1065 1947 cum
1108 1893 1219 1947 fere
1248 1895 1358 1955 fiat,
1386 1902 1443 1945 ut
1476 1907 1537 1946 ex
1580 1893 1806 1945 aliorum
1838 1894 1991 1946 indit-

418 1988 552 2040 stria
580 1987 809 2040 aliorum
840 1996 1050 2040 crescat
1080 1984 1275 2038 invidia
1295 2025 1308 2046 ,
1339 1999 1568 2052 cumque
1599 1985 1663 2037 ad
1694 1998 1851 2053 qnam
1882 1985 1991 2037 vir-

422 2089 590 2133 tutem
632 2078 896 2148 pessimus
932 2078 1041 2149 (2‘5)
1098 2078 1324 2145 quisque
1361 2092 1464 2131 non
1501 2076 1639 2130 valet
1693 2090 1991 2145 assurgere,

420 2184 538 2223 eam
567 2171 618 2223 in
651 2178 965 2239 assurgenle
993 2178 1219 2223 conetur
1246 2184 1555 2239 expugnare
1588 2188 1600 2220 :
1633 2169 1824 2221 iterum
1857 2171 1995 2223 sicut

418 2260 549 2315 olim
579 2275 609 2313 a
637 2260 912 2328 plerisque
959 2260 1238 2321 nobilium,
1296 2260 1347 2311 in
1394 2273 1681 2327 prosperos
1734 2258 1990 2311 Dunstani

419 2365 702 2405 successus
729 2359 813 2403 est
840 2349 1124 2411 offensum,
1149 2359 1202 2402 et
1236 2350 1367 2419 regi,
1397 2358 1453 2402 ut
1482 2365 1511 2402 a
1560 2349 1836 2402 consortio
1880 2348 1994 2401 illu-

420 2456 540 2494 rum
569 2439 855 2508 pelleretur
884 2438 1017 2493 falsa
1070 2439 1446 2492 criminatione
1498 2446 1827 2508 suggestum.
1880 2438 1992 2493 Rex

420 2541 601 2585 autem
632 2531 751 2599 plus
778 2531 1004 2583 honesto
1035 2529 1183 2582 falsis
1214 2529 1450 2583 favorem
1486 2530 1805 2589 attribuens,
1844 2529 1993 2581 Dun-

418 2630 634 2676 stanum
663 2627 719 2674 et
738 2620 896 2673 rebus
922 2628 975 2671 et
1002 2618 1143 2687 regia
1167 2618 1337 2686 gratia
1362 2618 1651 2686 privatum,
1682 2618 1833 2670 curia
1863 2631 1991 2684 pro-

422 2709 633 2762 turbari
655 2707 810 2776 jubet
840 2707 973 2777 (26).
1001 2706 1091 2760 Sic
1111 2708 1305 2774 primo,
1332 2708 1410 2761 sic
1435 2709 1669 2761 secundo
1699 2708 1783 2761 die
1815 2716 1987 2760 trans-

422 2800 578 2853 itum.
631 2797 859 2866 Jamque
907 2798 1062 2851 tertia
1120 2797 1209 2849 lux
1263 2798 1575 2860 advenerat,
1632 2806 1684 2850 et
1727 2811 1818 2851 rex
1870 2811 1991 2851 cum

420 2887 536 2941 suis
563 2896 813 2941 venatum
854 2885 983 2939 ibat.
1014 2886 1212 2940 Nemus
1238 2895 1416 2939 autem
1449 2886 1590 2953 quod
1622 2886 1845 2940 venandi
1873 2900 1993 2955 gra-

422 2977 495 3028 tia
534 2977 1022 3037 invenerat,mons
1073 2974 1368 3030 Cedrorum
1416 2974 1503 3045 [Β.
1535 2974 1821 3045 Ceodrum]
1874 2989 1993 3045 per-

422 3068 671 3120 excelsus
698 3067 953 3135 concipit,
984 3067 1075 3135 qui
1103 3066 1279 3120 medio
1310 3066 1390 3118 sui
1432 3067 1783 3134 interruptus,
1806 3065 1992 3135 ingens

2099 1890 2337 1943 debitum
2366 1892 2495 1945 mihi
2538 1894 2855 1963 supplicium
2892 1912 2995 1952 non
3042 1899 3260 1967 inferre,
3286 1918 3470 1958 verum
3498 1907 3662 1961 etiam

2098 1979 2393 2034 indebitnm
2432 1982 2597 2037 voluit
2642 1988 2957 2041 beneficium
2999 2004 3322 2061 praerogare,
3348 1996 3475 2049 dum
3516 2012 3662 2052 mea

2096 2069 2392 2139 pnecipitio
2423 2073 2610 2125 mortis
2634 2073 2886 2142 eripiens,
2933 2076 3187 2147 longioris
3234 2083 3356 2137 vita:
3395 2086 3566 2152 spatia
3608 2088 3662 2141 in

2099 2160 2204 2215 tuis
2244 2163 2551 2217 nominibus
2579 2167 2863 2219 concessit.
2907 2166 2989 2221 Sit
3035 2186 3162 2238 ergo
3226 2172 3480 2244 deinceps
3527 2178 3671 2232 inter

2097 2262 2195 2301 nos
2241 2248 2494 2317 perfecta:
2532 2249 2917 2309 familiaritatis
2959 2267 3212 2325 perpetua
3264 2259 3565 2328 integritas,
3598 2266 3669 2319 sit

2097 2336 2444 2404 disponendis
2479 2339 2532 2393 in
2564 2340 2761 2409 palatio
2792 2344 2949 2397 rebus
2988 2345 3154 2399 libera
3185 2361 3399 2417 semper
3445 2351 3539 2405 tibi
3585 2354 3664 2406 fa-

2096 2425 2378 2490 cultas,sit
2407 2428 2461 2482 in
2494 2437 2604 2483 toto
2634 2429 2925 2499 Anglorum
2957 2432 3182 2502 imperio
3203 2434 3479 2502 judicandi
3527 2440 3668 2494 inter

2096 2518 2267 2571 virum
2295 2529 2350 2573 et
2375 2520 2679 2588 proximum
2710 2521 2828 2590 ejus
2856 2536 3063 2579 summa
3094 2536 3350 2595 potestas.
3398 2530 3575 2601 Atque
3610 2543 3668 2587 ut

2096 2605 2258 2658 animi
2284 2607 2387 2661 mei
2412 2606 2659 2662 affectum
2691 2610 2835 2664 circa
2862 2621 2911 2665 te
2937 2615 3208 2683 cognitum
3250 2617 3450 2674 habeas
3470 2660 3484 2685 ,
3518 2621 3665 2675 illum

2100 2696 2192 2750 tibi
2215 2696 2388 2752 locum
2412 2700 2465 2752 in
2490 2714 2595 2767 quo
2620 2709 2670 2755 te
2691 2702 2950 2771 genitum,
2967 2706 3272 2772 educatum,
3290 2721 3664 2765 conversatum

2096 2790 2298 2857 accepi,
2316 2799 2570 2859 perpetuo
2587 2793 2707 2860 jure
2730 2795 3105 2861 possidendum
3125 2800 3298 2864 trado,
3315 2809 3371 2854 ut
3390 2804 3668 2872 quodcun-

2094 2893 2199 2946 que
2224 2879 2287 2932 de
2324 2879 2410 2932 illo
2448 2880 2578 2935 velis
2599 2892 2853 2947 statuere,
2876 2886 2947 2938 tui
2972 2886 3178 2942 arbitrii
3207 2889 3272 2943 sit
3303 2892 3663 2950 considerare.

2096 2966 2246 3033 Quod
2265 2969 2306 3022 si
2334 2969 2382 3022 id
2400 2971 2544 3023 cordi
2571 2979 2660 3024 tuo
2675 2974 3008 3039 potissimum
3030 2978 3246 3043 sederit,
3264 2978 3447 3047 utejus
3463 2984 3668 3037 ordinir

2096 3060 2258 3122 viros,
2274 3058 2423 3126 cujus
2441 3069 2491 3113 tu
2511 3062 2748 3116 habitum
2766 3066 2925 3134 geris,
2940 3066 3134 3121 ibidem
3149 3084 3439 3142 aggregare
3452 3074 3665 3143 placue-

422 3158 740 3212 barathrum
778 3169 832 3213 et
877 3160 1108 3212 immane
1144 3159 1495 3229 praicipitium
1521 3159 1586 3213 de
1617 3173 1826 3213 summo
1870 3172 1991 3226 spc-
2022 3160 2067 3222 C
2097 3147 2197 3210 mo
2239 3148 2495 3217 (ιιιῖάίιυίά
2544 3151 2622 3204 eis
2661 3152 2712 3205 ίη
2760 3167 3077 3224 quacunque
3101 3173 3157 3211 re
3186 3160 3437 3225 άοῖιιθτίεν
3460 3178 3560 3234 €80
3597 3167 3666 3218 0h

422 3250 694 3304 ctantibus
718 3249 969 3304 ostendit.
995 3250 1159 3319 Igitur
1184 3263 1273 3302 rex
1298 3264 1393 3318 per
1406 3250 1603 3305 devexa
1628 3250 1823 3303 montis
1845 3248 1996 3303 frena

421 3340 633 3405 laxare,
661 3350 715 3395 et
749 3357 844 3410 per
871 3341 1022 3396 devia
1050 3357 1274 3412 qua-que
1319 3342 1607 3412 fugientem
1658 3358 1877 3397 cervum
1916 3345 1995 3396 in-

421 3431 640 3485 sectari.
674 3429 992 3500 Fatigantur
1033 3431 1250 3500 utrique
1300 3446 1389 3485 rex
1447 3447 1544 3500 pro
1591 3446 1769 3495 cervo,
1807 3448 1998 3487 cervus

417 3538 521 3593 pro
550 3523 746 3590 seipso.
781 3522 937 3576 Omni
982 3523 1192 3576 tandem
1226 3521 1457 3592 fugiendi
1490 3523 1734 3576 libertate
1776 3534 1995 3593 negata,

419 3613 594 3667 bestia
626 3611 981 3681 prtecipitium
1012 3611 1163 3680 petit,
1190 3612 1317 3674 ruit,
1344 3626 1405 3663 ac
1435 3612 1487 3665 in
1518 3621 1697 3680 partes
1744 3613 1994 3666 minutis-

420 3706 590 3758 simas
627 3704 902 3758 conscissa
945 3704 1170 3771 deperit.
1202 3702 1550 3770 Sequentium
1584 3718 1775 3755 canum
1806 3703 1996 3757 similis

422 3797 694 3857 interitus,
720 3795 964 3848 ultimum
1013 3809 1189 3864 regem
1237 3796 1451 3863 sonipes
1496 3794 1730 3855 advexit,
1759 3794 1848 3861 qui
1883 3794 1996 3847 viso

420 3886 667 3940 cominus
721 3886 862 3953 quod
922 3899 1031 3953 pra:
1090 3899 1146 3937 se
1214 3881 1423 3935 fortuna
1485 3891 1723 3950 pararat,
1772 3881 1996 3935 retraxit

422 3976 682 4038 habenas,
707 3983 975 4028 vectorem
1005 3987 1217 4041 quoque.
1246 3971 1521 4025 reﬂectere
1551 3972 1722 4034 uisus,
1752 3988 1873 4025 cum
1909 3986 1992 4025 re-

418 4072 583 4134 pente
610 4063 778 4131 ruptis
803 4062 988 4125 frenis,
1013 4070 1068 4115 et
1094 4062 1157 4113 de
1187 4076 1346 4113 manu
1374 4075 1534 4127 porro
1583 4058 1815 4126 rrjectis,
1848 4060 1995 4114 volu-

421 4154 504 4208 cri
528 4168 685 4207 cursu
709 4168 974 4208 sessorem
996 4167 1172 4220 regem
1190 4166 1357 4218 equus
1378 4159 1635 4219 asportat.
1651 4149 1787 4216 Quid
1811 4151 1995 4220 plura?

424 4246 648 4300 omnino
679 4246 746 4299 de
785 4259 841 4297 se
888 4244 1150 4307 diflidens,
1183 4245 1246 4297 de
1303 4244 1395 4295 Dei
1455 4258 1579 4296 vero
1630 4244 1994 4298 misericordia

421 4335 672 4391 nonnihil
702 4335 995 4397 confidens,
1025 4333 1244 4386 caeleste
1292 4332 1548 4384 auxilium
1586 4332 1851 4401 implorat,
1884 4333 1994 4387 sic-

421 4444 532 4499 que
583 4426 888 4481 confitendo
941 4432 1112 4478 orat:
1156 4424 1316 4486 Deus,
1370 4438 1462 4476 rex
1510 4423 1865 4491 omnipotens,
1904 4423 1991 4492 qui

2096 3239 2322 3307 gratiam
2362 3241 2434 3293 tui
2461 3242 2604 3311 regia
2631 3242 2952 3299 liberalitate
2982 3248 3237 3317 supplebo
3265 3251 3395 3321 (27).

2096 3371 2380 3426 Clastonia:
2444 3377 2814 3429 monasterium
2877 3379 3070 3433 celebre
3142 3383 3328 3437 reddit.
3401 3385 3666 3442 Damonis

2162 3443 2323 3495 eludit
2375 3444 2668 3499 terriculas.
2728 3446 2789 3499 S.
2839 3450 3059 3502 Ani/rea?
3101 3468 3153 3504 se
3209 3457 3498 3508 committit.
3560 3459 3639 3511 An

2165 3513 2291 3586 geli:
2328 3513 2607 3580 familiaris
2636 3556 2649 3579 ,
2704 3514 2904 3586 Edgari
2954 3530 3142 3573 sortem
3190 3521 3360 3575 discit.
3420 3526 3662 3580 Absenti:

2169 3583 2320 3635 ridet.

2168 3694 2253 3749 19.
2280 3694 2444 3764 Igitur
2460 3696 2767 3750 Dunstanus
2780 3707 2996 3768 accepta
3012 3710 3275 3769 potestate
3291 3718 3452 3774 super
3466 3707 3664 3777 regiam

2095 3787 2428 3842 mansionem
2460 3788 2861 3857 quaeGlastonia
2880 3794 3187 3859 vocabatur,
3207 3806 3539 3867 postpaucos
3551 3802 3666 3857 dies

2095 3877 2419 3945 augustioris
2446 3877 2687 3932 ecclesia:
2711 3878 3056 3936 fundamenta
3077 3883 3260 3953 jacere
3277 3925 3292 3951 ,
3318 3887 3558 3945 oﬂicinas
3584 3907 3667 3945 sc-

2095 3967 2327 4020 cundum
2358 3967 2631 4035 exemplar
2657 3968 2784 4023 olim
2817 3970 2919 4024 sibi
2955 3981 3229 4027 ostensum
3261 3987 3667 4045 construere,ct

2093 4055 2479 4108 consummatis
2491 4055 2737 4111 omnibus
2752 4073 2999 4128 magnum
3014 4062 3213 4130 pariter
3225 4072 3383 4132 atque
3395 4069 3664 4138 egregium

2094 4144 2478 4197 monachorum
2511 4159 2699 4213 agmen
2732 4146 2927 4202 ibidem
2954 4150 3256 4206 coadunare
3284 4172 3297 4205 :
3335 4156 3528 4224 quibus
3553 4158 3667 4229 ipse

2093 4239 2298 4306 primus
2338 4240 2503 4293 abbas
2532 4240 2774 4305 effectus,
2804 4244 2870 4295 ad
2903 4252 3104 4299 tantam
3149 4247 3532 4315 perfectionem
3577 4257 3668 4326 ju-

2095 4329 2253 4382 stitiaa
2308 4344 2495 4383 omnes
2539 4331 2910 4387 cohabitantes
2951 4335 3190 4403 adduxit,
3238 4349 3295 4392 ttt
3338 4344 3491 4410 quasi
3546 4347 3664 4398 cu‘li

2094 4418 2372 4474 luminaria
2412 4423 2477 4474 ad
2533 4420 2843 4490 ell'ugandas
2889 4425 3050 4479 totius
3094 4428 3296 4482 erroris
3345 4431 3569 4486 nebulas
3616 4446 3667 4486 et

420 4536 546 4577 cum
584 4519 659 4573 sis
690 4533 850 4585 super
877 4516 1057 4571 omnia
1086 4515 1362 4579 excelsus,
1396 4514 1617 4567 humilia
1668 4514 1914 4583 respicis,
1939 4526 1992 4569 et
2024 4503 2068 4561 l)
2095 4520 2436 4581 peccatorum
2482 4514 2730 4566 tenebras
2784 4514 3114 4571 videremur,
3165 4520 3314 4574 Tunc
3371 4524 3436 4578 ad
3478 4540 3666 4580 omnes

418 4610 531 4662 alta
564 4623 776 4677 semper
797 4623 825 4660 a
853 4606 1007 4675 longe
1028 4604 1529 4674 cognoscis,adesto
1558 4618 1697 4657 nunc
1723 4618 1826 4657 non
1856 4604 1989 4672 regi,

416 4702 514 4757 sed
546 4701 749 4755 homini
775 4698 985 4753 caneris
1009 4696 1320 4750 mortalibus
1345 4695 1525 4761 simili,
1557 4695 1715 4763 inque
1741 4709 1991 4762 supremo

452 4906 464 4916 .
494 4831 607 4912 (at)
639 4830 839 4898 Nempe
868 4843 1009 4882 anno
1042 4825 1167 4891 940,
1197 4835 1333 4880 teste
1361 4823 1631 4878 Willelmo
1670 4822 1995 4877 Malmesbu-

417 4918 608 4958 I‘ICIISI.

499 4995 613 5075 ei?)
649 4994 895 5075 Edsaxus
921 5005 1013 5044 rex
1047 4989 1374 5075 ξηρῑξιμίρηε
1409 4987 1680 5075 ausast
1712 4984 1992 5075 ρεξῑξτξοιξτιξ

419 5054 678 5121 habuisse
705 5054 903 5118 dicitur
922 5060 1060 5129 apud
1089 5058 1376 5113 Avlredum
1402 5054 1986 5129 et_ﬂarpsfeldiuu:,i_ta

418 5136 726 5201 loquentem
757 5123 969 5187 inducit
988 5139 1193 5201 patrem
1239 5140 1392 5182 suum
1442 5123 1777 5201 Edmundum
1810 5141 1822 5178 ε
1860 5123 1982 5201 «:l‘u

418 5194 582 5267 mihi,
606 5215 752 5273 pater
781 5194 1176 5273 Dunstane,__de
1221 5195 1595 5273 construendis
1625 5194 1976 5273 monasteriis.

423 5274 498 5328 de
534 5264 769 5330 ecclesiis
816 5268 1149 5325 aadilicandis
1216 5264 1497 5322 consilium
1563 5267 1779 5323 salubre
1835 5264 1981 5317 dedi-

419 5343 529 5403 Sli;
581 5350 629 5396 lu
664 5344 795 5400 mihi
826 5339 1040 5408 adjutor
1073 5336 1127 5389 in
1157 5337 1406 5391 omnibus
1434 5342 1484 5385 et
1527 5343 1846 5409 c00perator
1889 5348 1981 5387 cx-

417 5410 493 5467 sti
502 5412 623 5476 tisti,
648 5434 665 5466 »
698 5424 803 5470 etc.

2100 4601 2515 4669 circumquaque
2535 4600 2801 4656 Ecclesias
2830 4619 2895 4656 ex
2923 4605 3123 4661 eisdem
3159 4611 3433 4665 monachis
3460 4616 3668 4681 pontifi-

2098 4707 2188 4747 ces
2223 4690 2370 4760 eligi,
2402 4702 2527 4746 tunc
2554 4694 2774 4749 abbates
2808 4696 3033 4763 assumi,
3078 4707 3203 4755 tunc
3233 4700 3461 4771 denique
3489 4706 3667 4760 diver-

2104 4825 2460 4910 hospitantes,
2484 4841 2617 4895 quos
2645 4828 2731 4882 ille
2768 4830 2921 4910 quasi
2955 4830 3067 4898 jam
3114 4835 3304 4890 exsilio
3350 4838 3663 4910 deputatus,

2104 4896 2249 4949 aliud
2297 4896 2396 4949 sibi
2449 4897 2698 4975 ignorans
2748 4896 3051 4966 consilium,
3100 4920 3383 4975 aggressus
3419 4896 3554 4975 'est,
3612 4896 3665 4967 id

2103 4980 2286 5029 orans,
2315 4982 2382 5042 ne
2410 4982 2466 5021 se
2515 4967 2760 5042 relictum
2804 4985 2831 5020 a
2878 4984 3003 5042 rege
3051 4967 3665 5042 ipsi‘desererent,'sed

2104 5036 2663 5116 secum‘adpatriam,
2685 5036 3023 5116 quapivisad
3062 5036 3373 5116 i'ncolatutn,
3404 5036 3665 5116 perduc:-

2104 5113 2239 5187 rent.
2270 5105 2449 5187 At'illi
2488 5105 2758 5164 maestitiae
2798 5108 2963 5187 ipsius
3000 5105 3669 5187 conipatientes,'spopon-

2105 5179 2293 5249 derunt
2321 5176 2366 5228 ei
2401 5190 2635 5249 quaeque
2666 5177 2811 5249 regni
2852 5178 2931 5230 sui
2970 5176 3268 5244 commoda,
3293 5182 3338 5234 si
3370 5176 3553 5241 secum
3585 5200 3672 5239 co-

2107 5248 2320 5303 mitatus
2347 5247 2539 5301 adiret.
2576 5269 2594 5301 ι

2176 5336 2285 5405 (27)
2314 5334 2624 5414 Willeltpus
2656 5346 2704 5399 itt
2731 5338 2823 5414 lib.
2852 5337 2995 5414 tt_De
3021 5342 3252 5414 regibus.
3274 5354 3410 5414 cap.
3446 5344 3497 5407 7,
3534 5344 3671 5414 inte-

2107 5405 2635 5500 sttii'ttiiiiitisiee
2680 5405 3681 5500 reseratum$999-9“::_“neti?

2209 5476 2277 5500 Αἶα.
2310 5477 2358 5500 2..
2388 5474 2521 5500 1ιι...”.
2566 5484 2580 5500 ι
