4516 5500
847 451 943 507 451

1798 444 1852 499 S.
1898 441 2309 499 DUNSTANUS
2348 438 2665 493 ARClllEP.
2704 439 3050 494 CANTllAll.

3962 449 4068 503 ιδε

839 578 1018 619 eorum
1046 560 1338 615 olllciorum
1363 556 1631 627 prmpositi
1662 556 1895 610 institui:
1945 564 2223 623 propterea
2260 550 2398 618 quod
2432 564 2471 617 Α
2506 545 2850 614 Stupentibus
2886 548 3101 616 quidem
3150 550 3415 612 omnibus,
3474 559 3528 603 et
3575 552 3658 603 vix
3719 552 3873 606 fidem
3909 555 4069 612 dictls

839 662 1017 708 essent
1040 659 1095 705 et
1120 648 1391 718 religionis
1414 646 1603 699 merito
1634 644 1909 713 praecipui,
1942 655 1991 695 et
2033 641 2287 695 doctrina:
2313 654 2400 691 sa—

836 744 1037 814 pientia
1068 737 1374 801 clarissimi,
1399 744 1451 789 et
1473 737 1542 789 ad
1567 732 1845 789 catholicae
1880 732 2001 785 fidei
2034 729 2399 783 defensionem

836 829 1260 903 prmstantissitni
1318 827 1450 897 (28).
1504 824 1609 879 Sed
1656 831 1817 878 tanta:
1865 822 2136 891 religionis
2180 821 2401 890 spiritus

833 922 1092 979 daemonis
1118 919 1289 975 malus
1315 916 1619 986 impatiens,
1661 929 1765 982 quo
1787 922 1943 983 pacto
1984 912 2154 963 virum
2190 926 2215 963 a
2257 918 2397 963 statu

833 1012 1171 1069 rectitudinis
1202 1008 1434 1076 dejiciat,
1478 1005 1694 1075 quantis
1722 1002 1860 1057 valet
1886 1002 2092 1056 insidiis
2135 1002 2395 1056 elaborat.

833 1102 996 1171 Cujus
1021 1100 1187 1157 oculis
1217 1100 1269 1153 in
1297 1095 1541 1153 cubiculo
1566 1094 1791 1165 quadam
1818 1100 1970 1147 nocte
1983 1092 2189 1146 orantis
2207 1091 2398 1145 imma-

836 1210 955 1250 nem
985 1208 1044 1250 se
1068 1193 1249 1261 lupum
1299 1188 1516 1259 ingerit,
1559 1186 1857 1255 iterumque
1888 1190 2007 1254 post
2047 1184 2262 1254 paulum
2290 1183 2402 1235 vul-

836 1302 954 1356 pem
1002 1284 1363 1341 blandientem
1421 1278 1698 1351 confingit,
1744 1292 1907 1348 quam
1959 1278 2047 1332 ille
2099 1278 2397 1347 specierum

835 1380 1145 1435 varietatem
1177 1376 1458 1431 subridens
1484 1391 1497 1438 ;
1526 1372 1570 1428 Ο
1594 1381 1664 1437 te,
1697 1372 1889 1441 inquit,
1936 1386 2032 1451 per
2052 1371 2228 1425 omnia
2253 1370 2400 1424 simi-

836 1470 937 1523 lem
964 1468 1055 1521 tibi
1085 1469 1097 1521 !
1128 1481 1159 1520 ο
1211 1464 1410 1518 formas
1460 1471 1561 1516 tua:
1607 1460 1802 1515 actioni
1852 1462 2153 1529 congruas!
2190 1459 2312 1512 dum
2348 1460 2397 1511 in

832 1560 1002 1613 altero
1028 1564 1327 1619 cruentum,
1358 1555 1409 1608 iu
1454 1553 1623 1607 altero
1652 1560 1703 1606 te
1748 1551 2065 1619 comprobes
2097 1548 2400 1601 fraudulen-

834 1660 966 1703 tum.
1003 1646 1149 1701 Vade
1168 1644 1299 1715 jam,
1330 1644 1564 1707 inimice,
1604 1641 1854 1711 quoniam
1886 1641 1939 1695 ln
1963 1640 2075 1707 ejus
2106 1640 2317 1694 nomine
2352 1649 2401 1693 te

829 1740 1039 1792 vincam
1076 1736 1129 1789 in
1166 1735 1289 1804 lupo
1318 1742 1372 1786 et
1403 1733 1576 1802 vulpe,
1611 1732 1699 1801 qui
1732 1741 1781 1785 te
1828 1730 1880 1783 in
1908 1730 2061 1784 leone
2090 1737 2143 1781 et
2169 1729 2401 1782 dracone

828 1827 1118 1897 superavit.
1150 1824 1387 1879 Cerneus
1417 1833 1595 1877 autem
1632 1837 1689 1875 se
1720 1836 1969 1891 magnam
1998 1836 2026 1873 a
2068 1819 2397 1881 daemonibus

827 1914 1080 1969 invidiam
1110 1912 1240 1980 pati,
1268 1926 1367 1966 nec
1399 1912 1509 1963 suis
1541 1917 1630 1962 aut
1660 1908 1891 1963 (illorum
1927 1924 2148 1963 suorum
2193 1909 2397 1963 viribus
2428 1928 2471 1985 Β

826 2002 956 2057 satis
970 2000 1265 2062 conlidens,
1290 1997 1533 2052 adhibuit
1554 1997 1676 2051 vita:
1696 2012 1805 2050 sure
1821 2004 2100 2065 patronum
2125 1998 2393 2052 Andream

825 2088 1148 2159 apostolum,
1179 2098 1237 2141 ut
1262 2098 1403 2142 esset
1424 2086 1561 2140 fidus
1586 2086 1849 2157 interpres
1876 2088 2016 2156 apud
2042 2088 2231 2152 Deum,
2262 2087 2400 2141 assi-

824 2180 961 2233 duus
991 2180 1043 2233 in
1081 2189 1222 2233 terra
1247 2192 1444 2240 comes,
1471 2186 1633 2246 atque
1658 2178 1709 2231 ln
1736 2177 1984 2233 omnibus
2026 2178 2184 2247 hujus
2212 2176 2395 2230 mundi

825 2269 1128 2324 turbinibus
1184 2277 1365 2323 custos
1413 2266 1742 2323 iudeflciens.
1803 2254 1970 2337 llujus
2024 2270 2134 2338 ipse
2180 2268 2393 2322 assidua

822 2358 1152 2426 protectione
1174 2358 1327 2425 quasi
1353 2372 1504 2411 muro
1528 2356 1773 2421 vallatus,
1797 2372 2019 2412 securus
2042 2358 2176 2412 infra
2203 2358 2391 2412 cellam

822 2450 1014 2517 agebat
1034 2457 1269 2516 aztatem,
1300 2448 1511 2504 excelsa
1538 2456 1717 2503 mente
1747 2449 1994 2503 universa
2041 2449 2219 2503 mundi
2249 2456 2394 2500 trau-

824 2539 1111 2606 scendens,
1146 2552 1199 2596 et
1247 2542 1297 2594 in
1330 2554 1513 2594 amore
1566 2538 1864 2592 divinitatis
1904 2539 2013 2608 jugi
2050 2538 2392 2591 meditatione

822 2635 1178 2709 requiescens.
1208 2632 1357 2687 Unde
1375 2630 1707 2687 suavissimis
1728 2645 2078 2699 supernorum
2111 2632 2407 2700 spirituum

827 2722 1175 2776 concentibus
1198 2735 1335 2789 saepe
1355 2722 1615 2775 interesse
1641 2720 1957 2789 promeruit,
1978 2719 2172 2773 bonam
2200 2720 2394 2772 futura:

823 2810 1086 2865 mercedis
1124 2824 1271 2879 spem
1315 2810 1424 2862 Deo
1477 2808 1778 2873 tribuente;
1838 2817 1895 2861 ut
1942 2808 2028 2875 qui
2082 2806 2390 2875 angelorum

820 2900 1278 2954 conversationem
1319 2900 1509 2968 agebat
1539 2899 1591 2951 in
1624 2907 1789 2962 terra,
1824 2897 2032 2951 illorum
2080 2898 2389 2959 societatem

821 2998 1136 3059 agnosceret
1192 2989 1243 3041 in
1300 2988 1456 3041 casio.
1511 2988 1749 3057 Denique
1797 3003 1915 3041 cum
1992 2988 2212 3057 pricfato
2276 2989 2389 3058 regi

821 3078 1132 3133 Eadmundo
1161 3076 1300 3131 illius
1327 3087 1660 3141 nasceretur,
1710 3078 1925 3131 nomine
1967 3078 2230 3148 Edgarus,
2261 3094 2391 3147 puer

820 3169 1069 3223 videlicet
1116 3170 1261 3237 pacis
1302 3184 1363 3223 ac
1405 3171 1629 3239 justitia:
1678 3170 1886 3239 bajulus
1915 3170 2146 3237 futurus,
2190 3172 2390 3225 audivit

2502 634 2895 699 exliilieutibus,
2944 636 3143 690 velocis
3195 638 3430 692 cursoris
3480 638 3592 705 (50)
3644 641 3965 705 testimonio,
4012 655 4066 697 et

2504 737 2648 775 mors
2674 732 2727 776 et
2759 725 2948 777 mortis
2999 725 3128 778 hora
3161 726 3451 779 secundum
3496 728 3593 781 viri
3640 730 4065 788 tcstiticationcm

2504 828 2627 867 vera
2650 814 2924 883 probatur.

2576 925 2727 995 [legis
2752 936 2962 981 mortem
2991 930 3282 997 pra'uoscil,
3305 932 3460 1053 (cujus
3499 949 3682 1002 corpus
3711 932 3995 989 Claslonirr

3185 1018 3300 1053 sene
3326 1013 3382 1053 ll.

3185 1013 3382 1070 sepem.

2572 1083 2659 1141 '21.
2704 1083 2999 1157 Regressus
3047 1099 3225 1143 autem
3269 1106 3299 1144 a
3350 1091 3466 1147 loco
3514 1101 3571 1146 ut
3606 1108 3785 1163 regem
3816 1094 4065 1163 loquenli

2504 1177 2601 1231 sibi
2642 1178 3045 1247 cupidissimum
3097 1178 3287 1243 adiret,
3324 1180 3589 1235 diabolum
3617 1196 3817 1235 scurrae
3857 1182 4067 1237 siiniili—

2510 1281 2652 1320 mum
2686 1281 2871 1320 coram
2906 1268 3272 1337 equitantibus
3301 1268 3648 1339 deprehendit
3677 1271 3979 1336 saltantem,
4013 1280 4067 1324 et

2504 1354 2653 1422 quasi
2681 1354 2744 1407 de
2768 1353 2947 1408 futuro
2976 1354 3152 1424 aliquo
3172 1356 3321 1411 lucro
3349 1356 3665 1427 gloriantem
3688 1377 3699 1410 :
3752 1357 3901 1426 cujus
3927 1375 4065 1429 pric-

2502 1444 2727 1497 sentiam
2775 1445 2899 1498 dum
2953 1448 3218 1501 coessenti
3254 1448 3449 1516 populo
3490 1448 3601 1517 (5|)
3631 1448 3937 1515 indicasset,
3967 1448 4069 1503 for-

2505 1548 2753 1603 mamque
2790 1534 3031 1588 omnium
3062 1537 3434 1606 conspectibus
3464 1538 3774 1593 horribilem
3805 1553 3870 1593 ex
3901 1540 4070 1609 impc-

2506 1623 2584 1675 rio
2635 1622 2957 1677 denudasset
2992 1663 3006 1687 ,
3070 1625 3359 1693 requisitas
3412 1634 3595 1695 postea
3647 1627 3776 1694 quid
3830 1626 4066 1695 ejusdem

2504 1713 2727 1765 monstri
2752 1720 2858 1766 tam
2905 1713 3149 1781 petulans
3181 1713 3362 1767 lcetitia
3404 1715 3771 1783 portenderet,
3801 1715 3889 1769 illo
3920 1731 4065 1771 mor-

2503 1812 2608 1858 tem
2639 1805 2779 1874 regis
2808 1806 3060 1874 regnique
3106 1806 3453 1859 mutationem
3497 1807 3797 1875 proximam
3830 1820 3951 1862 esse
3975 1809 4072 1863 de-

2504 1893 2732 1947 nuntiat.
2760 1894 2855 1948 Cui
2885 1908 3003 1947 mox
3036 1894 3327 1963 prophetia:
3353 1909 3527 1949 rerum
3552 1895 3749 1949 veritas
3770 1904 4065 1950 contestata

2499 1983 2788 2053 respondit.
2817 1982 3059 2037 Nondum
3086 1985 3229 2037 enim
3263 1983 3339 2037 sol
3375 1984 3570 2052 septies
3592 1984 3732 2038 diem
3760 1995 4059 2048 creaverat,

2497 2081 2551 2125 et
2578 2088 2667 2125 rex
2698 2072 2977 2135 occiditur,
3007 2079 3056 2124 et
3081 2087 3301 2141 regnum
3336 2081 3589 2126 mutatur.
3611 2072 3687 2126 Ex
3713 2087 3820 2142 quo
3838 2073 3967 2127 satis
3986 2083 4073 2127 est

2500 2163 2801 2226 advertere,
2826 2172 3025 2231 quanta
3052 2162 3208 2231 hujus
3240 2162 3340 2215 viri
3368 2170 3555 2231 pectus
3587 2162 3756 2231 gratia
3787 2160 3882 2215 Dei
3915 2177 4069 2230 rege-

2494 2255 2607 2318 bat,
2636 2255 2727 2323 qui
2759 2253 3077 2308 invisibilem
3101 2255 3310 2308 hostem
3338 2262 3443 2308 tam
3469 2254 3624 2307 facile
3642 2253 4069 2322 deprehendere,

2495 2353 2550 2399 ct
2585 2344 2701 2413 ejus
2750 2344 3048 2413 prmstigias
3106 2351 3212 2396 tam
3248 2343 3515 2397 veraciter
3558 2352 3738 2411 posset
3773 2342 4064 2396 deuudare.

2497 2433 2789 2489 Translata:
2828 2444 3005 2488 autem
3037 2443 3163 2487 sunt
3202 2434 3471 2502 exsequiae
3520 2433 3660 2504 regis
3713 2432 4068 2491 Glestoniam.

2495 2526 2674 2595 ibique
2699 2541 2725 2579 ο
2752 2526 2908 2581 beato
2948 2524 3221 2579 Dunstano
3253 2524 3354 2578 sub
3385 2541 3576 2595 magna
3610 2525 3842 2596 lugentis
3886 2524 4068 2594 populi

2506 2616 2803 2685 frequentia
2845 2615 3001 2670 terra:
3027 2615 3433 2670 commendatae.

2948 2725 3155 2779 Edredo
3194 2726 3299 2794 regi
3329 2725 3517 2779 chartis
3538 2725 3616 2793 ﬁt.

2562 2814 2653 2869 29..
2694 2813 2963 2867 Successit
3010 2815 3063 2866 in
3124 2828 3345 2882 regnum
3393 2812 3515 2880 jure
3563 2812 3749 2868 fratris
3803 2812 4065 2873 Edredus,

2493 2904 2738 2975 egregius
2760 2905 2861 2967 vir,
2899 2905 3057 2958 homo
3088 2903 3500 2973 cultorjnstitia:
3544 2919 3605 2959 ac
3638 2904 3872 2973 pietatis,
3898 2905 4063 2958 Deum

2497 2996 2655 3050 valde
2682 2994 2929 3063 diligens,
2984 3003 3037 3048 et
3066 2993 3178 3062 ipse
3224 3008 3253 3045 a
3306 2992 3417 3051 Dco
3448 2994 3673 3047 multum
3728 2994 3972 3055 dilectus,
4006 3011 4068 3047 ac

2494 3102 2588 3155 per
2627 3086 2726 3139 hoc
2753 3092 2975 3153 paterno
3026 3082 3245 3136 verbere
3300 3084 3449 3151 quasi
3490 3084 3661 3137 bonus
3714 3082 3851 3137 illius
3879 3084 4070 3138 crebro

2495 3181 2560 3233 ab
2589 3179 2678 3232 illo
2724 3178 3036 3247 tiagellatus.
3093 3175 3148 3229 ln
3209 3173 3366 3243 hujus
3396 3183 3711 3243 conspectu,
3740 3174 4064 3229 venerabilis

820 3258 961 3313 idem
1006 3259 1193 3313 beatus
1238 3258 1421 3313 beatos
1451 3260 1504 3312 in
1544 3258 1680 3312 caelo
1722 3260 1937 3328 angelos
1960 3260 2305 3329 gratulantes,
2336 3268 2390 3313 el
2416 3262 2461 3321 C
2494 3278 2645 3339 pater
2674 3268 2979 3321 Dunstanus
3026 3266 3160 3319 adeo
3200 3274 3318 3319 erat
3353 3264 3640 3333 pretiosus,
3684 3272 3738 3317 ut
3766 3278 3887 3318 eum
3918 3264 4064 3317 omni

820 3366 939 3404 cum
985 3365 1173 3420 magna
1210 3351 1564 3420 gratulatione
1616 3352 1900 3420 psallentes
1945 3354 2092 3422 (9.9):
2143 3354 2225 3408 Sit
2260 3370 2384 3423 pax,

819 3440 890 3494 sit
916 3456 1105 3511 mag.;a
1145 3441 1434 3511 Anglorum
1458 3441 1708 3496 Ecclesia:
1755 3442 1958 3509 laetitia,
2001 3443 2234 3512 quandiu
2256 3459 2411 3519 puer_

820 3541 977 3585 natus
1006 3548 1224 3602 regnum
1251 3534 1505 3599 tenuerit,
1536 3544 1589 3588 et
1630 3544 1810 3589 noster
1851 3536 2159 3591 Dunstanus
2187 3546 2389 3590 morta-

820 3622 884 3674 lis
911 3622 1034 3676 vita:
1079 3632 1247 3677 metas
1298 3626 1636 3694 transegerit.
1673 3625 1825 3690 Quod
1866 3627 2065 3679 dictum
2092 3636 2291 3696 quanta
2319 3628 2387 3681 sit

820 3726 998 3765 rerum
1020 3712 1244 3767 veritate
1294 3713 1601 3779 subnixum,
1644 3731 1911 3784 congruos
1941 3718 2073 3771 ordo
2106 3720 2385 3787 prmsentis

817 3801 1063 3855 lectionis
1089 3802 1243 3856 faciet
1274 3802 1641 3857 manifestum.

885 3892 973 3945 20.
1006 3892 1077 3944 Ea
1106 3892 1266 3946 etiam
1322 3901 1639 3962 tempestate
1689 3895 1771 3947 vir
1806 3895 1900 3949 Dei
1929 3898 2177 3965 precibus
2224 3900 2385 3967 regiis

816 3982 1115 4047 devinctus,
1147 3982 1467 4037 Bathensem
1496 3983 1787 4038 Ecclesium
1813 3987 2007 4040 divinis
2043 3990 2278 4043 cultibus
2306 3991 2385 4042 in-

816 4075 1138 4128 stituendam
1171 4074 1401 4129 invisere
1427 4076 1637 4145 pergit:
1682 4076 1770 4130 ubi
1810 4077 1935 4131 dum
1970 4078 2110 4131 facta
2138 4077 2382 4132 refectio-

816 4184 881 4223 ne
928 4170 1200 4223 solitarius
1251 4178 1449 4233 oraret,
1508 4180 1727 4237 repente
1777 4170 1843 4223 ad
1893 4186 2124 4239 superna
2175 4181 2382 4239 raptus,

815 4259 1090 4330 cujusdam
1144 4258 1386 4327 discipuli
1431 4259 1683 4313 nobiliter
1710 4274 1739 4311 a
1775 4273 1833 4313 se
1863 4260 2002 4328 apud
2052 4259 2381 4314 Glestouiam

811 4352 1022 4407 educati
1071 4352 1306 4406 animam
1373 4350 1653 4404 innumera
1716 4351 2040 4420 angelorum“
2088 4350 2383 4419 frequentia

811 4443 935 4496 hinc
964 4439 1087 4495 inde
1117 4440 1387 4509 stipatam,
1429 4447 1591 4507 atque
1638 4439 1884 4493 immensi
1937 4438 2151 4492 luminis
2181 4438 2385 4507 fulgore

809 4529 1104 4599 perfusam,
1136 4518 1201 4583 ad
1230 4528 1349 4591 ρωΙὶ
1381 4527 1635 4596 palatium
1666 4529 1882 4597 provehi
1931 4528 2212 4596 conspicit.
2244 4527 2385 4581 Mox-

2490 3359 2669 3428 generi
2699 3358 2931 3410 humano
2966 3354 3264 3425 prazferret,
3294 3356 3587 3425 principem
3618 3363 4062 3410 testamentorum

2489 3449 2599 3517 (52)
2633 3454 2911 3509 statueret,
2938 3446 3215 3499 thesauros
3241 3446 3288 3499 ei
3333 3444 3623 3515 delegaret,
3667 3446 3921 3510 animam,
3954 3460 4067 3499 cor-

2486 3553 2605 3606 pus,
2638 3545 2691 3591 et
2731 3550 2951 3605 regnum
2976 3534 3371 3599 committeret;
3405 3548 3505 3587 nec
3545 3534 3836 3604 quisquam
3870 3534 3921 3587 in
3954 3542 4065 3587 toto

2487 3644 2649 3698 regno
2671 3627 2964 3696 Anglorum
2997 3632 3160 3691 esset,
3190 3626 3279 3694 qui
3312 3626 3515 3695 absque
3540 3624 3655 3693 ejus
3696 3624 3922 3695 imperio
3947 3640 4063 3677 tua-

2486 3734 2613 3771 uum
2642 3717 2723 3771 vel
2757 3717 2944 3785 pedem
2986 3724 3245 3769 moveret.
3300 3714 3529 3769 Proinde
3561 3715 3867 3769 Dunstanus
3908 3716 4061 3783 quasi

2488 3825 2578 3863 rex
2610 3817 2664 3861 ct
2703 3808 2844 3877 regis
2896 3808 3186 3875 imperator
3223 3804 3466 3870 effectus,
3518 3808 3723 3875 virgam
3773 3804 4059 3873 azquitatis,

2489 3902 2691 3970 virgam
2722 3898 2868 3968 regni
2894 3897 2984 3951 Dei
3021 3912 3117 3966 per
3156 3912 3345 3951 omnes
3371 3896 3657 3966 Anglorum
3710 3896 3843 3951 lines
3876 3904 4060 3950 exten-

2486 3991 2635 4053 dere,
2665 3988 2922 4042 ecclesias
2954 4003 3089 4057 quas
3113 3999 3206 4041 aut
3233 3989 3344 4057 ipse
3370 3987 3707 4051 fundaverat,
3733 3996 3825 4040 aut
3851 3988 3918 4041 ab
3946 3974 4064 4041 aliis

2488 4080 2735 4133 fundatas
2787 4087 2998 4149 egestas
3029 4087 3389 4146 oppresserat,
3429 4077 3622 4146 amplis
3660 4078 4064 4131 hereditatibus

2487 4182 2789 4231 munerare,
2829 4181 3045 4235 prorsus
3090 4182 3337 4236 magnam
3360 4166 3570 4237 populis
3600 4167 3842 4221 laetitiam
3889 4167 3939 4220 in
3964 4183 4060 4221 sua

2486 4258 2722 4325 potentia
2751 4255 2945 4317 facere,
2974 4254 3100 4307 dum
3148 4269 3247 4322 pax
3277 4264 3331 4308 et
3366 4254 3579 4323 justitia
3620 4255 3673 4308 in
3710 4264 3922 4309 mutuos
3949 4269 4062 4307 am-

2488 4347 2674 4414 plexus
2700 4351 3101 4406 converterent,
3131 4353 3183 4395 et
3213 4344 3487 4397 osculandi
3546 4358 3741 4399 munus
3791 4359 3887 4414 pro
3923 4344 4062 4398 invi-

2488 4455 2603 4494 cem
2626 4440 2874 4493 libarent.

2615 4528 2799 4597 Elfego
2833 4538 3037 4581 mortuo
3063 4528 3235 4582 sedem
3260 4526 3667 4583 Wintoniensem
3693 4539 3917 4582 recusat.

808 4637 915 4690 que
962 4622 1016 4675 in
1073 4635 1261 4673 manus
1308 4618 1500 4672 divina:
1548 4618 1760 4688 pietatis
1812 4635 1928 4673 eam
1982 4620 2381 4683 commendans,
2416 4623 2463 4682 D
2558 4617 2647 4671 25.
2700 4616 2836 4670 Dum
2884 4617 2999 4670 haec
3040 4606 3115 4670 ita
3161 4624 3437 4685 geruntur,
3492 4616 3707 4687 Elfegus
3759 4617 3873 4689 (55)
3922 4618 4061 4687 apud

809 4712 1054 4765 dominos
1103 4722 1315 4778 duoque
1362 4709 1461 4764 loci
1511 4710 1577 4762 ad
1629 4712 2113 4765 commendandum
2170 4712 2377 4765 invitat.

882 4850 991 4928 (28)
1024 4846 1157 4928 Huic
1188 4848 1301 4900 loco
1324 4855 1472 4915 aptat
1500 4846 1757 4928 Osbertus
1799 4857 2104 4928 portentum
2134 4849 2199 4903 de
2225 4864 2382 4903 cereo

810 4916 1133 4980 illuminato,
1177 4931 1335 4985 supra
1364 4932 1510 4969 num.
1556 4916 1589 4968 4
1641 4926 1697 4971 ιιι
1759 4937 1775 4968 ι
1804 4916 2049 4971 εἱευῑοι
2089 4933 2243 4973 cereo
2272 4936 2378 4972 ma-

811 4989 909 5041 tris
952 4986 1208 5040 Dunstaui
1245 4996 1385 5039 totus
1413 4985 1655 5040 ecclesia:
1680 4998 1973 5041 conventus
1999 4987 2179 5041 lumen
2216 4989 2384 5041 amis-

810 5074 928 5113 sum
969 5056 1347 5126 recuperavit:
1383 5056 1455 5108 ita
1500 5071 1565 5109 ex
1608 5056 1709 5109 hoc
1736 5056 1875 5118 loco,
1929 5058 2094 5125 ipsius
2122 5058 2379 5111 Duustaui

810 5128 1056 5181 doctrina
1086 5134 1139 5197 et
1179 5126 1419 5197 instituto
1449 5139 1635 5178 omnes
1659 5125 1918 5197 ecclesias
1944 5127 2148 5197 Anglia:
2173 5136 2381 5181 constat

808 5212 951 5253 verte
973 5196 1243 5266 religionis
1268 5194 1448 5249 lumen
1476 5195 1787 5264 sumpsisse.
1837 5215 1856 5247 ι

880 5306 991 5432 (ἳ9ἐ
1020 5306 1142 5360 Πειξο
1188 5305 1329 5375 apud
1371 5304 1697 5359 Willelmum
1747 5306 1799 5358 in
1840 5304 1929 5357 lib.
1965 5322 2001 5359 tt
2050 5306 2121 5360 De
2144 5305 2377 5377 regibus,

880 5394 926 5432 ο.
978 5384 1006 5430 ’.

807 5394 926 5448 Cap.
956 5384 1006 5432 8.

2490 4722 2648 4776 quem
2681 4706 2828 4760 illum
2875 4706 3003 4759 olim
3050 4716 3423 4761 conversatum
3480 4706 3645 4761 fuisse
3694 4708 4077 4778 praediximus,

2490 4847 2713 4911 videret,
2733 4855 2921 4901 orante
2950 4847 3222 4901 Dunstano
3243 4861 3462 4902 cernere
3488 4846 3761 4902 meruerit.
3789 4846 4060 4902 Eadmun-

2486 4918 2539 4971 di
2580 4918 2719 4987 regis
2739 4916 2910 4971 caedes
2935 4917 3129 4987 accidit
3155 4930 3295 4987 anno
3314 4916 3423 4987 94767
3468 4932 3497 4970 a
3534 4916 3839 4987 latrunculo
3866 4932 4055 4985 perpe-

2487 4985 2660 5050 trata,
2697 4987 2909 5040 nomine
2961 4985 3112 5049 Leof,
3144 4985 3281 5054 apud
3327 4986 3651 5041 Willelmum
3697 4987 3749 5039 in
3790 4986 3885 5041 lib.
3921 5002 3957 5040 ll
3986 4988 4060 5040 De

2488 5057 2725 5124 regibus,
2758 5070 2875 5123 cap.
2906 5056 2957 5107 7.
2991 5054 3103 5109 Sub
3138 5056 3278 5109 idem
3311 5064 3541 5124 tempus.
3578 5056 3629 5109 id
3658 5064 3742 5111 est
3772 5070 3913 5110 anno
3934 5056 4056 5120 948,

2488 5126 2795 5179 Dunstanus
2833 5124 2999 5195 abbas
3045 5125 3333 5195 subscribit
3386 5125 3659 5193 diplomati
3702 5140 3801 5195 pro
3839 5125 4059 5180 Crulan-g

2485 5195 2743 5248 densibus
2782 5194 2919 5263 apud
2942 5194 3227 5261 lngull‘um.
3294 5194 3301 5205 ’

2556 5284 2667 5355 (52)
2693 5282 2754 5337 Β.
2787 5298 2915 5355 rem,
2939 5283 3197 5355 explicat:
3234 5301 3252 5334 ι
3282 5282 3565 5355 Commisit
3610 5284 3683 5338 illi
3706 5300 3806 5355 rex
3852 5286 4054 5355 optima

2485 5352 2710 5422 quaeque
2738 5354 3198 5421 suppellectilium,
3228 5368 3387 5421 quam
3414 5352 3595 5421 plures
3621 5354 3824 5409 scilicet
3850 5352 4057 5410 rurales

2489 5423 2777 5466 chartulas-
2818 5425 2980 5466 etiam
3014 5431 3222 5466 Veteres
3268 5424 3677 5466 nl‘mnpdpntinm
3727 5438 3911 5466 rpamn
3940 5426 4056 5466 11η·-
