4516 5500
406 429 511 483 λδδ

1957 417 2131 467 Vl'l'A.

3563 410 3667 463 ιδι

412 520 476 569 ad
504 516 663 567 vitam
684 511 975 581 spiritualis
1002 510 1177 562 Sfl‘Cttli
1209 508 1495 575 dispositus
1526 516 1626 558 est.
1662 506 1753 557 [ivi
1774 506 1985 555 limans
2017 508 2060 562 A
2092 504 2230 557 beati
2264 504 2405 560 Petri
2450 506 2660 576 legebat
2704 506 3024 575 seripturam
3058 504 3235 558 aureis
3270 502 3464 555 litteris
3496 501 3669 554 intex-

415 614 590 657 autem
624 618 715 656 rex
765 612 973 670 tempus
1021 615 1079 653 se
1127 607 1483 667 opportunum
1536 596 1826 662 accepisse,
1887 610 1991 661 quo

416 692 636 763 majoris
697 692 917 745 honoris
984 692 1316 744 Dunstanum
1398 696 1698 756 compotem
1767 683 1991 745 faceret,

416 781 725 851 aggreditur
757 794 947 849 rOgare
974 780 1144 841 illum,
1202 788 1256 830 ut
1292 777 1585 831 Ecclesium
1610 776 1864 844 pastorali
1905 791 1993 826 so-

418 876 544 926 latio
598 873 908 927 destitutam
970 872 1080 939 ipse
1136 881 1317 940 pastor
1374 869 1648 937 suscipiat.
1718 866 1822 921 Sed
1876 882 1995 920 eum

420 963 625 1015 videret
654 977 712 1015 se
736 962 877 1030 quod
928 962 1286 1029 persuadebat
1332 960 1659 1028 persuadere
1684 972 1788 1010 non
1818 971 1994 1024 posse,

423 1054 617 1123 regium
650 1054 806 1105 matri
849 1053 1058 1105 Eadivce
1098 1051 1183 1123 [Β.
1219 1049 1582 1120 ,νιζινκι-οιώιγ]
1627 1049 1847 1103 verbum
1902 1048 2001 1100 im-

422 1144 599 1209 posuit
642 1141 911 1194 suadebo:
965 1140 1108 1204 Scio,
1156 1141 1349 1209 inquit,
1380 1140 1698 1193 charissima
1744 1148 1915 1192 mater
1940 1154 2000 1191 ac

423 1234 586 1285 totius
618 1233 825 1300 in‘pcrii
859 1232 1150 1300 Anglorum
1207 1233 1412 1302 regina,
1438 1233 1578 1300 quod
1616 1240 1667 1285 te
1702 1230 2003 1284 communis

426 1330 604 1375 noster
640 1323 845 1373 amicus
900 1323 1204 1373 Dnnstanus
1252 1321 1519 1389 praecipue
1563 1321 1701 1373 inter
1759 1320 2005 1373 homines

426 1414 631 1483 diligat,
666 1414 716 1465 in
774 1413 875 1465 tuis
912 1428 1071 1479 quam
1122 1414 1355 1466 maxime
1404 1412 1657 1479 tljlt‘l'iltUS
1688 1410 2000 1469 delectetur,

426 1508 551 1560 dum
595 1506 851 1574 quidquid
895 1521 990 1573 pro
1034 1505 1259 1557 consilio
1318 1506 1439 1556 vita;
1486 1514 1701 1556 :etcrme
1744 1502 1855 1569 ipse
1911 1500 2003 1553 tibi

427 1596 765 1665 praeceperit,
794 1596 906 1649 sive
934 1596 983 1647 id
1010 1604 1153 1649 esset
1184 1596 1233 1647 in
1269 1596 1659 1649 sustentatione
1687 1606 2005 1661 pauperum,

427 1687 538 1739 sive
566 1687 615 1739 in
646 1690 1017 1740 numeratione
1061 1686 1436 1750 cet-lesiarum,
1485 1695 1539 1737 tu
1575 1683 1755 1738 sedula
1793 1695 2009 1750 semper

426 1776 773 1829 exsecutione
804 1776 1020 1845 implere
1049 1793 1152 1828 non
1198 1776 1516 1829 cessaveris.
1550 1774 1661 1839 Qua
1694 1774 1759 1827 de
1806 1789 1861 1827 re
1899 1788 2011 1824 ma-

2099 608 2206 651 tain
2236 618 2247 651 :
2282 599 2347 652 In
2373 600 2625 668 principio
2651 608 2761 652 erat
2800 597 3038 661 l’erbum,
3064 607 3110 650 et
3146 595 3368 649 Verbum
3395 604 3506 648 erat
3532 593 3672 661 apud

2098 688 2285 754 Deum,
2317 700 2362 743 et
2390 689 2527 742 Deus
2555 699 2665 742 erat
2716 686 2953 741 Verbum.
2988 688 3317 740 Caeterorum
3348 696 3475 736 vero
3515 680 3675 751 gladii

2098 780 2313 848 propria
2350 779 2646 832 tenentium
2680 778 2797 831 illos
2839 777 3053 830 nomina
3095 774 3363 829 habebant
3395 772 3677 839 inscripta,

2099 870 2247 923 Pauli
2297 869 2519 931 Paulus,
2570 870 2795 922 Androm
2833 868 3090 921 Andreas.
3147 867 3353 920 Interea
3408 862 3680 917 Andream

2100 960 2399 1014 exhilarato
2426 959 2571 1011 vultu
2619 958 2815 1028 aspicit
2850 959 3226 1011 conniventem
3271 964 3326 1009 et
3356 952 3685 1023 cvangelicis

2102 1050 2282 1104 verbis
2309 1051 2456 1104 audit
2498 1050 2879 1119 prxrineutem
2910 1067 2920 1099 :
2960 1047 3143 1100 Tollite
3170 1047 3349 1115 iugum
3389 1059 3561 1097 meum
3597 1060 3687 1095 su-

2101 1158 2191 1209 per
2240 1159 2345 1204 vos,
2391 1151 2437 1193 et
2480 1141 2659 1193 discite
2704 1157 2733 1191 η
2778 1156 2857 1191 me
2896 1141 3018 1208 quia
3050 1138 3188 1189 mitis
3230 1152 3345 1189 sum
3384 1144 3429 1189 et
3473 1132 3688 1187 humilis-

2104 1235 2281 1297 corde,
2318 1244 2365 1287 et
2394 1234 2658 1286 invenietis
2688 1233 2910 1302 requiem
2937 1231 3214 1284 animabus
3238 1229 3440 1283 vestris.
3472 1227 3624 1281 Tunc
3664 1247 3693 1279 a

2106 1325 2264 1379 beato
2300 1323 2462 1378 Petro
2486 1323 2668 1391 jussus
2702 1324 2885 1377 heram
2917 1321 3227 1383 extendere,
3269 1318 3539 1372 modicum
3572 1331 3699 1371 cre-

2108 1415 2330 1483 pitantis
2369 1413 2553 1468 ferula:
2603 1416 2767 1467 ictutn
2795 1413 3036 1481 excepit,
3066 1412 3166 1465 hoc
3191 1410 3257 1463 ah
3303 1410 3391 1462 illo
3420 1408 3647 1462 audiens
3686 1424 3701 1458 :

2111 1503 2219 1557 lloc
2255 1504 2344 1557 tibi
2396 1504 2489 1567 sit,
2542 1513 2594 1557 et
2640 1518 2796 1572 ῃαληα
2838 1502 3054 1569 ahjecti,
3103 1510 3158 1554 et
3207 1501 3417 1570 signum
3468 1497 3699 1553 ulterius

2111 1612 2213 1649 non
2271 1595 2555 1664 abjicicndi
2590 1595 2956 1665 pontificatus.
3011 1593 3088 1645 Ad
3141 1592 3293 1661 cujus
3338 1589 3559 1659 virgula:
3611 1597 3692 1640 ta-

2109 1700 2253 1741 ctum
2288 1703 2315 1741 a
2363 1702 2553 1741 somno
2598 1687 2878 1756 evigilans,
2914 1686 3169 1739 divinitus
3195 1698 3253 1737 se
3282 1681 3531 1750 intelligit
3560 1679 3693 1733 visi-

2116 1790 2319 1842 tatnm;
2354 1779 2465 1848 agit
2490 1779 2690 1847 gratias
2725 1778 2832 1830 Deo
2861 1775 3012 1843 cujus
3041 1788 3264 1828 munere
3292 1773 3364 1825 ita
3395 1786 3452 1824 se
3482 1768 3697 1838 conspi-

429 1883 529 1935 gua
583 1866 795 1921 animus
848 1883 998 1920 meus
1043 1882 1135 1936 spe
1180 1868 1469 1929 detinetur,
1521 1867 1648 1919 utsi
1696 1866 1823 1934 quid
1851 1863 1918 1917 ab
1949 1880 2014 1916 eo
2049 1850 2085 1905 Β
2119 1875 2191 1925 cit
2221 1874 2566 1925 honoratum.
2617 1871 2858 1937 Cumque
2909 1870 2993 1922 die
3025 1868 3370 1921 illucescente
3416 1864 3525 1934 regi
3580 1878 3700 1931 qua:

428 1958 571 2023 quod
595 1973 679 2010 me
706 1967 867 2025 atque
902 1957 1045 2009 illum
1095 1957 1279 2011 deccat
1326 1956 1698 2026 postulaveris,
1739 1954 1880 2007 nulla
1921 1954 2012 2006 tibi

432 2051 639 2102 ratione
662 2050 925 2118 denegare
960 2050 1101 2102 velit.
1138 2050 1337 2103 Decere
1382 2059 1560 2101 autem
1604 2057 1890 2115 utrumque
1916 2062 2013 2097 no-

430 2148 622 2199 sti-nni,
648 2147 705 2190 ut
740 2154 1005 2190 summum
1038 2140 1151 2207 ipse
1197 2139 1427 2206 attingat
1454 2138 1810 2191 sacerdotium
1837 2134 2013 2187 omni-

432 2228 530 2279 bus
563 2228 902 2279 manifestum
943 2238 1046 2291 est,
1080 2228 1171 2296 qui
1218 2242 1407 2280 onmes
1452 2229 1681 2281 honores
1710 2226 1817 2279 vita
1848 2233 1901 2278 et
1932 2240 2015 2278 εει-

431 2317 635 2383 pientia
664 2317 805 2371 illius
837 2318 1037 2371 scimus
1061 2333 1177 2371 esse
1202 2316 1504 2380 inferiores,
1532 2334 1543 2367 ι
1567 2325 1583 2368 ι
1611 2332 1785 2385 regem
1816 2317 1986 2385 Aug!»

429 2421 552 2458 rum
594 2408 775 2460 multis
817 2418 1135 2461 exterarum
1175 2416 1438 2461 terrarum
1491 2409 1704 2475 regibus
1749 2410 2019 2461 noscimus

429 2499 818 2565 potentiorem.
851 2499 1159 2567 Aggredere
1209 2500 1393 2569 igitur,
1448 2500 1518 2563 mi
1556 2498 1889 2561 dulcissima,
1924 2498 2009 2551 lio-

423 2588 635 2640 'ininem
677 2588 916 2640 lcminali
961 2586 1230 2651 facundia,
1271 2597 1324 2642 et
1362 2588 1579 2641 hortare
1617 2603 1678 2643 ea
1726 2602 1829 2656 qua
1882 2588 2019 2655 apud

436 2676 581 2728 illun
616 2678 806 2730 niteris
835 2678 1031 2746 gratia,
1079 2687 1136 2730 ut
1169 2678 1261 2731 tibi
1291 2678 1618 2742 consentiat,
1663 2686 1928 2746 quatenus
1956 2693 2019 2729 ex

435 2765 537 2817 hoc
567 2766 675 2819 Deo
705 2764 1022 2819 familiarius
1052 2767 1350 2832 adhaarere,
1388 2776 1552 2821 etnos
1569 2765 2025 2836 potentiusvaleat

438 2868 471 2904 a
501 2863 844 2921 peccatorum
890 2856 1116 2911 vinculis
1154 2858 1455 2912 absolvere.
1484 2856 1644 2911 Paret
1688 2858 1869 2925 itaque
1910 2857 2023 2927 regi

438 2944 549 2995 ﬁlio
585 2952 756 2997 mater
798 2947 1004 3015 regina,
1060 2947 1394 3001 Dunstanum
1439 2948 1694 3002 adsciscit
1750 2948 2022 3011 convivio,

438 3034 710 3088 demulcet
733 3035 986 3105 alloquio.
1016 3038 1120 3091 Sed
1150 3039 1234 3093 ille
1259 3041 1412 3109 juxta
1444 3040 1819 3110 etymologiam
1854 3041 2025 3093 nomi-

439 3122 525 3176 nis
576 3124 657 3177 sui
690 3136 747 3177 ut
798 3140 952 3179 mons
990 3129 1287 3193 persistens
1327 3128 1656 3182 immobilis:
1709 3128 1861 3193 Nolo,
1925 3129 2021 3194 ait,

440 3213 681 3277 domina,
707 3214 837 3269 illud
866 3231 894 3268 a
920 3232 1004 3271 me
1025 3220 1229 3287 expeti,
1260 3220 1399 3288 quod
1424 3218 1504 3272 vel
1533 3234 1848 3273 concessum
1879 3235 2025 3273 meos
2056 3198 2098 3257 Ο

440 3305 652 3360 animos
686 3307 985 3376 perturbet,
1038 3310 1117 3362 vel
1151 3326 1255 3363 non
1286 3325 1601 3364 concessum
1630 3320 1748 3364 tuos
1770 3308 2023 3363 oﬂ‘endat.

440 3398 628 3470 Neque
656 3403 800 3455 enim
852 3404 1035 3457 nescio
1070 3420 1233 3473 quam
1282 3405 1566 3459 dillicultcr
1618 3421 1769 3458 suam
1798 3404 2029 3473 quisque

442 3502 572 3545 ante
616 3493 852 3547 tribunal
894 3494 1093 3548 Christi
1136 3511 1355 3548 causam
1410 3506 1552 3564 agat,
1597 3496 1790 3548 nedum
1841 3494 2029 3546 aliena:

441 3599 623 3637 causae
653 3586 897 3655 cognitor
919 3596 1011 3640 aut
1033 3588 1196 3657 judex
1227 3589 1443 3642 existat.
1477 3589 1629 3653 Quod
1660 3587 1703 3640 si
1736 3588 1835 3640 ista
1867 3586 2031 3638 ratio-

444 3689 573 3727 num
596 3675 828 3727 maxima
879 3691 983 3729 non
1019 3687 1182 3740 esset,
1211 3678 1298 3729 illa
1329 3678 1581 3729 nimirum
1627 3691 1657 3729 τι
1688 3674 2031 3743 suscipiendo

443 3764 754 3832 episcopatu
797 3767 1021 3819 multum
1076 3782 1160 3821 me
1204 3767 1502 3829 cohiberet,
1557 3766 1699 3834 quod
1753 3766 2030 3819 dominum

446 3842 638 3921 regeui
659 3856 930 3908 constanti
964 3857 1116 3910 video
1140 3856 1394 3927 languore
1427 3856 1739 3925 periclitari,
1766 3870 1864 3909 nec
1895 3854 2032 3908 inul-

448 3955 559 3997 tum
594 3960 679 3997 me
710 3947 775 3999 ab
813 3961 876 3999 eo
909 3948 1146 4015 separari
1196 3962 1371 4016 posse,
1407 3962 1527 4000 cum
1580 3961 1665 4000 me
1692 3957 1796 3999 tam
1827 3946 1906 4001 sui
1939 3961 2027 4015 pa-

449 4045 605 4099 trem,
660 4052 822 4105 qnam
880 4039 1045 4093 totius
1080 4041 1227 4109 regni
1277 4040 1552 4093 dominum
1599 4040 1711 4107 ipse
1760 4042 2030 4094 statuerit.

446 4122 690 4191 Cumque
728 4124 815 4177 illa
848 4127 1184 4179 restitantem
1214 4129 1325 4180 suis
1352 4128 1528 4181 adhuc
1559 4128 1855 4182 rationibus
1882 4136 2033 4182 tene-

446 4227 508 4267 re
550 4213 823 4275 voluisset,
906 4225 1084 4269 motus
1155 4216 1241 4269 ille
1295 4217 1719 4286 aliquantisper:
1785 4218 2039 4273 Certissi-

447 4317 594 4355 mum
629 4342 644 4365 ,
707 4304 922 4372 inquit,
983 4306 1181 4359 habeto
1232 4307 1284 4359 in
1341 4306 1530 4361 diebus
1585 4307 1678 4360 lilii
1734 4309 1811 4362 tui
1860 4311 2036 4378 ponti-

450 4391 589 4447 ficali
663 4394 824 4447 infula
912 4412 996 4449 me
1072 4412 1176 4451 non
1246 4413 1364 4451 esse
1439 4398 1854 4454 sublimandum.
1913 4403 2039 4457 Inde

448 4484 771 4539 fluctuantes
810 4488 1018 4539 animos
1047 4502 1241 4557 gerens
1280 4489 1529 4543 cubiculo
1563 4505 1621 4544 se
1651 4491 1815 4556 dedit,
1858 4491 2036 4561 ibique

2121 1964 2326 2017 viderat
2351 1970 2677 2024 enarrasset,
2713 1961 2935 2012 miratus
2964 1959 3049 2012 ille
3074 1958 3164 2011 tali
3189 1957 3514 2011 enodatione
3538 1954 3701 2009 visio-

2120 2070 2239 2107 nem
2278 2053 2529 2107 absolvit.
2572 2052 2834 2117 Quoniam
2866 2066 2963 2120 per
2995 2063 3146 2103 arma
3191 2047 3497 2117 apostolica:
3532 2047 3699 2101 bene-

2119 2144 2371 2198 dictionis
2417 2151 2657 2213 potestas
2709 2141 3032 2210 exprimitur
3069 2137 3427 2208 pontificalis,
3488 2136 3703 2191 noveris

2122 2247 2197 2300 te,
2230 2248 2327 2303 pro
2361 2248 2424 2288 eo
2451 2234 2590 2301 quod
2613 2233 2867 2287 hesterno
2894 2229 3181 2301 dicjugum
3221 2229 3431 2283 Domini
3464 2236 3705 2282 contem-

2122 2325 2320 2394 pseris,
2376 2325 2743 2393 increpatum,
2796 2338 2859 2376 ac
2901 2322 3080 2376 divina
3139 2320 3403 2375 electione
3464 2320 3705 2372 futurum

2122 2416 2428 2485 pontiﬁcem
2452 2417 2807 2484 designatum.
2843 2415 3012 2469 Porro
3040 2414 3202 2482 quod,
3225 2415 3277 2465 in
3308 2413 3562 2481 principio
3593 2419 3706 2463 erat

2132 2506 2376 2571 Verbum,
2402 2506 2578 2576 gladio
2615 2507 2754 2561 beati
2802 2506 2947 2560 Petri
2996 2505 3223 2574 apostoli
3269 2504 3585 2571 inscriptum
3626 2502 3707 2555 vi-

2124 2600 2269 2661 disti,
2322 2614 2444 2651 cunt
2492 2599 2726 2652 Verbum
2764 2600 2853 2652 Dei
2907 2601 2977 2653 sit
3008 2597 3318 2667 unigenitus
3364 2594 3531 2648 Filius
3589 2592 3706 2655 Dei,

2127 2690 2284 2752 Deus,
2314 2691 2452 2758 apud
2477 2690 2641 2743 Deum
2674 2705 2906 2757 semper,
2943 2690 3105 2742 homo
3130 2696 3308 2740 autem
3341 2700 3439 2754 pro
3474 2683 3710 2738 homini-

2126 2778 2222 2832 bus
2275 2779 2416 2832 inter
2462 2779 2706 2834 homines
2753 2780 2959 2844 factus;
3015 2777 3256 2849 profecto
3300 2777 3443 2831 scias
3492 2784 3545 2829 te
3593 2773 3711 2845 ejus

2126 2872 2270 2925 sedis
2321 2873 2619 2942 principem
2678 2871 2941 2936 futurum,
2971 2888 3090 2941 qua:
3141 2872 3341 2926 Christi
3393 2871 3612 2926 nomine
3658 2869 3713 2923 in

2127 2961 2257 3014 urbe
2286 2962 2699 3016 Cantuariorum
2750 2964 2965 3017 caeteris
3004 2962 3262 3018 Ecclesiis
3288 2962 3548 3032 iusignior
3568 2959 3711 3015 cele-

2126 3052 2332 3104 bratur.
2384 3052 2495 3107 Hoc
2541 3055 2694 3124 signo
2729 3055 2923 3109 divinae
2969 3054 3437 3124 praenuntiationis
3483 3053 3715 3106 Dunsta-

2130 3159 2231 3196 nus
2276 3154 2358 3197 est
2400 3144 2750 3213 glorificatus,
2788 3156 2841 3201 et
2896 3148 2998 3201 hac
3035 3148 3196 3215 regia:
3252 3146 3717 3216 interpretationis

2132 3234 2436 3302 conjectura
2482 3236 2720 3305 pontifex
2765 3238 3093 3309 designatus.
3138 3237 3182 3292 0
3212 3238 3422 3308 signum
3474 3237 3713 3305 insigne!

2130 3322 2173 3377 Ο
2203 3325 2430 3392 gratiam
2472 3324 2640 3393 gratis
2678 3326 2881 3379 homini
2915 3327 3127 3380 datam!
3158 3324 3203 3381 Ο
3241 3326 3418 3381 cordis
3455 3325 3572 3394 ejus
3610 3326 3719 3379 sin-

2131 3430 2311 3467 ceram
2361 3415 2688 3480 puritatem!
2732 3415 2923 3470 Adhuc
2959 3432 3203 3471 summus
3238 3415 3531 3487 Anglorum
3582 3430 3717 3483 pon-

2136 3505 2257 3558 tifex
2284 3504 2398 3560 Odo
2430 3506 2481 3558 in
2520 3506 2769 3560 humanis
2796 3508 2955 3561 rebus
2984 3509 3148 3561 vitam
3175 3509 3385 3578 agebat,
3411 3517 3463 3562 ct
3490 3508 3722 3561 Dnnsta—

2135 3612 2234 3650 nus
2276 3597 2327 3650 in
2364 3598 2536 3652 oculis
2576 3601 2793 3667 superni
2838 3599 3164 3669 lnspectoris
3194 3616 3438 3655 summus
3480 3599 3720 3668 pontifex

2133 3700 2269 3742 erat.
2309 3689 2613 3743 Mirandum
2637 3690 2792 3745 valde
2817 3692 2960 3761 quod
2990 3692 3102 3761 ipse
3123 3692 3300 3746 adhuc
3329 3692 3597 3761 terrigena
3626 3707 3721 3743 an—

2134 3781 2321 3848 gelicis
2371 3782 2727 3837 concentibus
2775 3783 3170 3839 adipisceretur
3220 3784 3271 3837 in
3306 3784 3477 3847 caelis,
3524 3785 3723 3836 miran-

2135 3872 2260 3925 dum
2292 3871 2642 3927 nihilominus
2662 3873 2804 3942 quod
2834 3888 2957 3927 eum
2988 3873 3108 3928 coeli
3133 3874 3278 3928 cives
3304 3874 3727 3942 frequentabant.

2138 3962 2188 4013 in
2225 3961 2407 4015 terris.
2448 3961 2618 4027 Quid!
2654 3963 2738 4015 cui
2776 3978 3118 4032 praeponam,
3151 3964 3422 4018 hominem
3464 3964 3725 4017 ca-licolis

2138 4051 2471 4117 adjunctum,
2500 4069 2567 4106 an
2600 4052 2873 4108 cmlicolas
2904 4054 3107 4109 homini
3137 4054 3455 4118 destinatos,
3487 4070 3590 4107 non
3634 4071 3724 4107 sa-

2140 4144 2209 4196 tis
2240 4145 2535 4213 comperio,
2585 4146 2686 4199 nisi
2738 4147 2881 4215 quod
2916 4146 2967 4199 in
2999 4145 3171 4200 altero
3208 4145 3435 4209 felicior,
3468 4146 3520 4199 in
3555 4145 3725 4199 altero

2138 4242 2255 4285 erat
2284 4232 2372 4286 ille
2397 4235 2656 4287 securior.
2692 4233 2959 4305 Stupeant
2986 4235 3075 4289 alii
3106 4237 3350 4290 diversas
3384 4236 3724 4290 diversarum

2139 4322 2395 4375 virtutum
2420 4323 2737 4379 donationes
2767 4325 3091 4394 quihusdam
3129 4326 3440 4380 hominibus
3466 4325 3724 4379 divinitus

2139 4410 2396 4476 collatas;
2422 4427 2520 4481 ego
2564 4412 2697 4465 nihil
2728 4413 2799 4465 ila
2837 4413 3218 4482 maguipendo,
3246 4413 3517 4482 quomodo
3546 4413 3722 4466 homi-

2144 4516 2266 4555 nem
2312 4502 2365 4554 in
2397 4501 2557 4569 hujus
2597 4501 2782 4555 mttndi
2832 4503 3136 4558 turbinibus
3166 4504 3571 4566 consistentem,
3603 4502 3727 4555 nni-

447 4590 633 4628 sccum
662 4576 827 4629 multa
857 4578 1087 4631 volventi
1119 4594 1341 4635 somnus
1379 4581 1647 4649 obrepsit;
1681 4592 1735 4636 et
1769 4598 1896 4637 ecce
1938 4585 2032 4636 ad-
2069 4559 2112 4615 1)
2144 4606 2295 4644 versa
2342 4591 2525 4644 mundi
2582 4593 2764 4645 animo
2813 4592 3304 4655 transcendentem,
3347 4601 3401 4646 et
3446 4593 3497 4645 in
3542 4606 3727 4645 amore

448 4675 575 4718 sunt
599 4666 870 4735 principes
898 4670 1046 4737 regni
1079 4670 1170 4723 Dei
1202 4681 1252 4725 et
1276 4671 1485 4739 jndices
1518 4672 1719 4736 smeuli,
1758 4676 2038 4728 venerabi-

448 4756 531 4810 les
563 4756 765 4811 Christi
808 4760 1035 4827 apostoli
1084 4760 1275 4815 Pctrus
1318 4772 1371 4816 et
1421 4761 1617 4819 Paulus
1673 4780 1796 4818 cum
1848 4781 2036 4821 sancto

448 4848 688 4915 Audi-ea,
713 4854 865 4920 quasi
893 4853 957 4907 de
984 4853 1114 4906 urbe
1139 4853 1309 4908 Roma
1333 4856 1505 4909 eidem
1529 4857 1822 4926 egredienti
1849 4876 2037 4914 occur-

450 4949 658 5007 rentes,
696 4952 747 4996 et
784 4943 849 4995 ad
878 4943 1335 4999 Montem—Gaudii
1370 4946 1469 4999 sibi
1499 4961 1558 5000 se
1597 4948 1966 5018 adjungenles.
1992 4952 2034 5003 Α

449 5032 649 5101 quibus
687 5035 1077 5103 gratiosissime
1121 5036 1404 5104 salutatus,
1434 5039 1648 5094 videbat
1690 5042 1931 5112 singulos
1980 5044 2028 5096 in

453 5123 783 5192 singulorum
842 5128 1091 5181 manibus
1136 5128 1340 5197 gladios
1386 5130 1613 5194 enitere,
1666 5147 1801 5202 quos
1844 5149 2033 5189 omnes

455 5210 687 5269 ofﬁciosa
730 5216 1067 5284 benignitate
1117 5220 1214 5272 sibi
1264 5219 1525 5274 obtulere.
1563 5224 1805 5293 Cumque
1859 5227 2033 5278 visum

455 5317 555 5370 per
579 5316 827 5363 extensos
858 5318 983 5362 ante
1020 5324 1076 5363 se
1103 5310 1305 5379 gladios
1334 5311 1570 5379 duceret,
1606 5316 1743 5370 hanc
1770 5316 1819 5368 in
1856 5315 2033 5385 gladio

2139 4682 2447 4736 Conditoris
2469 4683 2859 4751 quiescentem,
2891 4682 3156 4737 Martham
3186 4684 3368 4739 videre
3401 4685 3725 4750 ministerio,

2143 4773 2364 4825 Mariam
2425 4774 2727 4839 desiderio,
2783 4774 2942 4828 fidem
3001 4786 3348 4844 cperantem,
3407 4776 3729 4831 charitatem

2141 4861 2437 4916 ardentem.
2489 4861 2594 4917 Sed
2650 4864 2780 4918 nihil
2813 4864 3066 4931 diximus,
3098 4865 3199 4920 nisi
3254 4881 3318 4919 ea
3364 4882 3483 4935 quin
3524 4866 3733 4936 reliqua

2143 4964 2265 5009 sntit
2296 4955 2612 5011 dixerimus.

2535 5090 2734 5148 Edredi
2760 5093 2952 5146 mortui
2982 5094 3140 5163 [unus
3178 5104 3348 5150 curat.

2213 5226 2304 5280 24.
2352 5226 2422 5279 At
2451 5240 2553 5282 rex
2587 5228 2828 5289 Edredus
2855 5226 3041 5285 lethali
3077 5233 3268 5284 morbo
3312 5224 3594 5295 eorreptus
3625 5228 3750 5299 (54‘,

2147 5317 2345 5373 decidit
2370 5316 2422 5369 in
2454 5314 2691 5390 legium,
2724 5331 2827 5375 nec
2854 5316 3016 5373 ultam
3045 5314 3336 5374 evadendas
3367 5314 3560 5369 mortis
3590 5331 3755 5388 spem
