4516 5500
866 480 969 533 455

1896 492 1951 544 S.
1996 490 2407 546 DUNSTANUS
2444 491 2758 546 AllCIlIEP.
2802 495 3145 551 CAN'IUAR.

3992 511 4093 565 456

868 588 1059 642 medici
1088 591 1487 657 promittebant.
1520 594 1775 651 Celeriter
1809 598 1983 667 itaque
2027 600 2241 652 nuntios
2272 601 2429 669 legat,
2462 604 2503 661 Α
2535 611 2717 655 sancta
2743 606 3024 662 excederet
3053 610 3291 673 devotio;
3319 613 3417 666 hoc
3452 614 3502 665 in
3534 614 3649 665 loco
3683 618 3843 669 turris
3879 632 4091 673 exstru-

865 683 956 750 qni
996 693 1200 751 patrem
1243 687 1361 740 vitm
1392 704 1500 743 sua:
1548 690 1874 746 Dnnstanuiu
1920 695 2236 757 accersiant,
2276 703 2333 748 ut
2362 696 2431 749 sit

868 772 1037 826 ultimi
1071 774 1282 829 arbitrii
1323 780 1505 842 testis,
1538 779 1932 835 confessionum
1971 792 2247 851 susceptor
2273 794 2325 836 et
2371 784 2432 836 fl-

866 861 1000 916 delis
1031 866 1168 933 apud
1203 865 1367 922 Deum
1421 870 1762 925 intercessor.
1796 872 2155 927 Contristatus
2192 888 2319 943 ergo
2366 874 2430 929 ad

866 952 1099 1006 animam
1140 954 1463 1021 Dunstanns,
1515 971 1713 1027 quanta
1750 962 2030 1016 velocitate
2061 964 2264 1031 potuit,
2292 964 2429 1017 ami-

862 1056 982 1093 cum
1032 1058 1210 1113 regem
1247 1047 1474 1101 invisere
1517 1051 1708 1119 pergit.
1745 1050 1939 1105 Videns
1975 1062 2150 1106 autem
2200 1054 2337 1108 Deus
2370 1055 2433 1107 il-

861 1132 967 1183 lum
993 1140 1047 1185 et
1075 1134 1253 1188 cordis
1281 1135 1461 1190 dolore
1484 1136 1637 1204 allligi
1668 1149 1720 1193 et
1766 1142 2005 1208 corporis
2028 1142 2264 1197 laborem
2294 1144 2427 1211 pati,

856 1234 959 1271 non
998 1229 1080 1273 est
1107 1236 1297 1290 passus
1321 1234 1376 1277 ut
1418 1226 1553 1279 ultra
1580 1228 1724 1281 illum
1770 1228 1985 1286 alllictio
2010 1240 2269 1302 tangeret,
2300 1235 2427 1303 quin

850 1317 907 1359 et
938 1307 1178 1365 dolorem
1208 1312 1393 1367 lenivit
1428 1325 1480 1369 et
1516 1317 1750 1372 laborem
1792 1319 2080 1374 imminuit.
2115 1320 2269 1386 Nam,
2307 1336 2426 1376 cum

856 1408 1001 1453 esset
1046 1400 1098 1454 in
1132 1402 1324 1458 itinere
1355 1407 1576 1460 tendens
1609 1409 1671 1460 ad
1702 1408 1954 1477 palatium
1986 1420 2039 1465 et
2066 1411 2303 1465 membra
2342 1410 2424 1479 je-

853 1488 1018 1556 juniis
1048 1491 1291 1546 confecta
1328 1495 1732 1566 infatigabiliter
1765 1497 2033 1568 fatigaret,
2063 1516 2164 1554 vox
2189 1502 2253 1554 de
2287 1517 2429 1556 sum-

857 1592 943 1630 mo
970 1579 1172 1635 aethere
1202 1582 1417 1652 delapsa
1452 1586 1684 1640 insonuit
1716 1606 1727 1639 :
1764 1588 1899 1643 Ecce
1938 1605 2027 1643 rex
2062 1590 2302 1645 Edredus
2329 1593 2426 1647 ob-

854 1669 1109 1724 dormivit
1158 1672 1209 1724 in
1259 1673 1502 1727 Domino.
1548 1676 1710 1743 Cujus
1744 1679 1889 1731 vocis
1916 1680 2205 1734 emissione
2233 1696 2422 1747 equus,

854 1760 941 1813 cui
996 1761 1292 1827 insidebat,
1343 1782 1627 1834 percussus
1660 1769 1881 1834 interiit,
1911 1773 2134 1826 comites
2188 1781 2423 1827 tremue-

855 1858 997 1913 runt,
1030 1851 1307 1907 audientes
1332 1855 1547 1921 quidem
1589 1856 1847 1926 fragorem
1884 1860 2147 1925 tonantis,
2173 1861 2266 1915 sed
2294 1862 2421 1930 quid

2532 699 2615 743 cla
2663 703 2779 744 erat
2810 694 2942 763 (35),
2968 712 3125 764 quam
3170 700 3395 754 necdum
3426 701 3528 755 ulla
3564 705 3613 755 in
3660 720 3909 773 supremo
3935 725 4093 762 cacu—

2533 782 2674 835 mine
2726 792 2927 837 tectura
2984 786 3282 843 claudebat.
3334 791 3574 861 Cumque
3618 795 3841 861 p0pulns
3887 800 4092 853 trabem

2533 874 2693 927 totius
2723 877 2898 944 operis
2927 881 3357 934 sustentatricem
3383 884 3604 936 summis
3627 886 3792 938 muris
3817 888 4087 955 applicare

2531 966 2897 1029 contenderet,
2948 978 3167 1036 repente
3207 972 3378 1039 ruptis
3427 971 3641 1027 funibus
3694 975 3880 1028 eadem
3918 978 4095 1031 trahes

2531 1052 2777 1107 deorsum
2828 1070 2983 1109 ruere
3030 1058 3209 1127 carpit.
3247 1059 3462 1114 Clamor
3499 1062 3687 1131 ingens
3732 1064 3892 1117 totius
3917 1064 4094 1133 populi

2532 1141 2862 1196 Dunstanum
2906 1147 3110 1199 iteratis
3149 1148 3369 1201 vocibus
3411 1152 3816 1218 perstrepentis.
3866 1154 4092 1207 Advolat

2530 1232 2707 1302 itaque
2761 1234 2909 1289 ocior
2958 1246 3193 1299 sanctus,
3252 1238 3444 1291 elatam
3504 1242 3775 1293 dexteram
3830 1244 4089 1297 machina:

2530 1323 2768 1390 opponit,
2799 1339 2827 1377 e
2859 1326 3074 1394 regione
3118 1342 3331 1381 crucem
3362 1329 3614 1399 depingit.
3651 1330 3881 1383 Necdum
3908 1341 4092 1385 sancta

2531 1424 2722 1464 manus
2773 1422 2987 1465 sanctos
3033 1424 3377 1468 contraxerat
3428 1417 3644 1485 digitos,
3688 1433 3807 1470 cum
3866 1433 3928 1472 ea
3974 1435 4092 1488 qua:

2530 1514 2749 1569 vergere
2783 1511 3019 1570 cmperat
3060 1504 3256 1567 trabes,
3295 1521 3400 1558 non
3448 1506 3670 1559 vinculis
3703 1508 3943 1571 astricta,
3987 1524 4092 1563 non

2528 1592 2793 1646 machinis
2841 1593 3033 1656 levata,
3079 1610 3183 1647 non
3236 1596 3463 1667 denique
3508 1598 3614 1653 ullo
3640 1590 3856 1653 humani
3890 1600 4089 1669 ingenii

2527 1689 2783 1749 apparatu
2815 1691 3130 1747 sustentata,
3158 1684 3223 1736 ad
3249 1686 3419 1738 locum
3449 1688 3513 1739 de
3540 1703 3643 1755 quo
3675 1702 3826 1741 ruere
3853 1698 4086 1757 cmperat

2528 1770 2709 1824 revehi
2737 1771 3035 1824 videbatur.
3078 1772 3133 1825 Si
3169 1782 3327 1827 tantae
3371 1775 3553 1843 gloriae
3584 1776 3849 1846 malignus
3874 1777 4093 1845 spiritus

2528 1875 2632 1913 non
2659 1860 2939 1925 invideret,
2972 1862 3053 1915 cui
3084 1862 3385 1917 invideret?
3426 1863 3480 1918 Si
3514 1874 3636 1919 tunc
3663 1866 3809 1919 virus
3843 1866 4091 1935 maligni-

855 1951 1073 1996 tonaret
1102 1958 1205 1997 non
1232 1944 1613 2016 intelligentes.
1645 1948 1846 2014 Quibus
1872 1950 1984 2018 ipse
2012 1966 2123 2004 rem
2153 1951 2421 2020 aperiens,
2454 1930 2497 1988 Β
2532 1951 2655 2003 tatis
2684 1966 2792 2004 suae
2824 1967 2927 2006 non
2973 1950 3293 2017 ell'undcret,
3319 1954 3531 2023 quando
3572 1954 3908 2010 effunderet?
3950 1956 4091 2010 Nihil

854 2034 1194 2087 commendat
1230 2036 1462 2089 animam
1495 2037 1729 2092 defuncti
1760 2040 1901 2109 regis
1927 2041 1977 2093 in
2008 2056 2195 2095 manus
2236 2042 2422 2097 aeterni

852 2124 1046 2193 Ilegis,
1096 2127 1381 2194 statimque
1433 2128 1796 2183 deferentibus
1840 2131 2045 2185 nuntiis
2094 2132 2241 2185 audit
2280 2133 2422 2201 quod

854 2222 976 2267 ante
1006 2214 1105 2269 sibi
1160 2217 1225 2269 de
1256 2216 1391 2271 ccelo
1436 2218 1656 2287 angelus
1679 2220 1924 2274 absolvit.
1974 2220 2253 2290 Ingressus
2296 2238 2423 2291 ergo

853 2302 1107 2374 palatium
1158 2305 1481 2371 Dunstanns,
1534 2309 1925 2378 contemplatur
1966 2310 2143 2364 dilecti
2189 2312 2422 2366 hominis

852 2397 1084 2450 cadaver
1118 2396 1320 2464 jacere,
1379 2400 1633 2454 comitum
1687 2401 1889 2464 turbas,
1951 2402 2041 2470 qui
2075 2403 2248 2456 aurati
2293 2402 2418 2456 olim

849 2487 1094 2541 solebant
1140 2488 1411 2554 assistere,
1446 2491 1629 2560 procul
1672 2491 1962 2558 recedere;
2002 2493 2231 2546 miratur
2269 2508 2417 2547 com-

851 2579 1222 2643 mutationem,
1274 2581 1967 2636 miseraturconditionem.
1997 2583 2197 2637 Dein'le
2240 2583 2415 2647 fidem,

850 2684 954 2738 qua
987 2669 1254 2724 viventem
1286 2669 1568 2733 dilexerat,
1597 2671 1848 2725 defuncto
1874 2686 2083 2741 quoque
2116 2672 2419 2740 impendere

849 2757 1089 2821 studens,
1120 2759 1361 2827 corporis
1402 2758 1735 2812 involucrum
1777 2760 1826 2812 in
1858 2776 1951 2813 sua
1980 2760 2236 2827 suscepit,
2268 2760 2419 2813 debi-

852 2857 1072 2917 tumque
1124 2847 1412 2917 sepeliendi
1445 2846 1675 2902 olIlcium
1724 2849 1901 2903 debito
1936 2847 2007 2902 illi
2066 2849 2268 2904 honore
2299 2865 2419 2918 per-

846 2938 1025 2993 solvit.

1090 3028 1258 3081 Edwii
1290 3029 1421 3096 regis
1448 3029 1508 3082 ob
1537 3028 1700 3082 malos
1732 3046 1921 3094 mores,
1960 3030 2167 3083 recedit.

913 3119 1001 3171 25.
1043 3118 1165 3172 Post
1200 3121 1340 3172 hunc
1371 3120 1605 3173 surrexit
1628 3119 1775 3173 Edwi
1803 3119 1941 3173 [ilius
1967 3120 2225 3173 Edmundi
2252 3122 2412 3189 regis,

844 3220 1002 3265 :etate
1041 3211 1257 3278 quidem
1294 3210 1527 3279 juvenis,
1567 3219 1620 3263 et
1648 3210 1787 3263 nulla
1820 3212 2072 3277 regnandi
2107 3211 2274 3279 gratia
2304 3211 2415 3280 pol-

844 3305 981 3368 lens,
1016 3305 1103 3373 qui
1138 3321 1311 3375 neque
1345 3306 1455 3375 ipse
1479 3306 1711 3373 sapiens,
1742 3322 1913 3375 neque
1943 3307 2261 3375 sapientium
2291 3323 2417 3361 con-

848 3395 968 3448 silio
989 3397 1354 3464 acquiescens,
1381 3396 1472 3449 sed
1497 3396 1629 3449 alter
1658 3395 1920 3461 Rolmam,
1950 3398 2216 3466 despectis
2249 3399 2418 3467 majo-

846 3486 1013 3549 ribus,
1064 3495 1188 3538 natu
1221 3500 1507 3554 puerorum
1550 3485 1773 3540 consilia
1812 3485 2142 3540 Sectabatur.
2176 3485 2283 3541 llos
2331 3488 2418 3541 ille

842 3575 1335 3645 perniciosissimos
1383 3573 1641 3628 satellites
1694 3584 1915 3639 nactus,
1969 3584 2021 3629 et
2066 3590 2250 3629 eorum
2312 3590 2415 3629 non

844 3676 955 3719 tam
983 3664 1223 3719 consiliis
1249 3681 1408 3734 quam
1451 3664 1674 3718 insaniis
1706 3664 1893 3728 fretus,
1944 3665 2206 3734 optimum
2233 3680 2417 3734 quem-

842 3771 947 3825 que
984 3757 1143 3810 rebus
1178 3753 1499 3822 exspoliare,
1537 3752 1828 3823 locupletes
1853 3754 2213 3822 proscribere,
2240 3755 2418 3807 exine-

845 3848 1035 3901 redare
1067 3846 1343 3906 ecclesias,
1380 3845 1663 3898 detrahere
1703 3845 1966 3913 religioni,
1997 3843 2317 3911 multiplices
2362 3844 2413 3897 in

841 3936 1151 3990 civitatibus
1173 3935 1484 3989 exactiones
1510 3948 1779 3987 exercere.
1808 3933 1915 3987 Nec
1938 3932 2108 3987 solum
2134 3932 2322 3986 alienis
2349 3933 2415 3985 ab

838 4028 954 4096 ejus
991 4027 1307 4090 cognatione
1335 4024 1477 4077 illius
1504 4022 1676 4077 obfuit
1698 4023 2009 4087 crudelitas,
2034 4038 2221 4077 verum
2251 4023 2412 4075 etiam

838 4114 1068 4169 Neronis
1111 4131 1258 4169 more
1309 4115 1361 4167 in
1412 4114 1658 4167 homines
1688 4128 1781 4167 sua
1819 4115 1986 4183 stirpe
2029 4112 2306 4176 oriundos,
2361 4114 2411 4167 in

838 4205 1009 4274 ipsam
1035 4220 1244 4274 quoque
1271 4220 1452 4274 regum
1484 4213 1709 4257 matrem
1738 4204 1975 4272 reginam
2003 4204 2282 4267 Eadivam,
2319 4218 2410 4257 sua

836 4297 1106 4352 dementia
1153 4295 1496 4351 debacchari.
1544 4294 1745 4349 Prmter
1776 4296 1889 4349 haec
1926 4294 2144 4347 libidine
2193 4293 2410 4357 ardens,

835 4385 953 4441 sine
994 4384 1394 4439 intermissione
1428 4386 1690 4439 arstuabat
1730 4383 1794 4438 ad
1833 4384 2051 4438 coitum.
2086 4380 2291 4447 Quibus
2332 4396 2412 4434 rc-

832 4474 935 4530 bus
972 4473 1299 4529 venerabilis
1326 4483 1478 4543 pater
1510 4475 1817 4528 Dunstanns
1859 4472 2096 4541 graviter
2142 4470 2407 4529 offensus,

832 4565 1145 4636 frequenter
1172 4581 1293 4621 eum
1331 4565 1488 4619 simul
1528 4576 1581 4619 ct
1608 4566 1806 4619 acriter
1840 4566 1892 4617 in
1926 4563 2057 4616 locis
2091 4562 2407 4631 opportunis

834 4657 1144 4724 increpare;
1202 4655 1290 4709 ille
1344 4655 1706 4725 increpantem
1757 4654 1960 4716 ridere,
2014 4651 2279 4720 simulque
2332 4650 2404 4703 illi

834 4745 1001 4798 multa
1059 4744 1198 4798 mala
1256 4744 1472 4797 minari.
1521 4742 1809 4810 Postquam
1862 4749 2038 4794 autem
2087 4738 2405 4793 industriam

831 4847 984 4886 suam
1021 4832 1154 4886 nihil
1200 4833 1347 4886 videt
1388 4830 1702 4902 praevalere,
1742 4828 1961 4883 omnino
2004 4826 2246 4881 decernit
2289 4825 2404 4893 ejus

828 4924 1095 4993 colloquio
1126 4923 1522 4978 abstinendum.

1325 5013 1610 5067 Clastoniw
1639 5014 1721 5081 pie
1750 5012 1907 5081 degit.

894 5105 981 5159 26.
1000 5106 1202 5175 Itaque,
1228 5106 1417 5159 relicto
1447 5104 1558 5166 illo,
1581 5100 1909 5156 monasterio
1931 5099 2203 5167 recipitur,
2223 5099 2403 5166 ibique

827 5195 880 5250 ia
913 5204 1061 5249 tanta
1104 5196 1422 5250 celsitudine
1448 5191 1721 5262 religionis
1748 5190 1953 5259 deguit,
1992 5198 2051 5243 ut
2094 5203 2399 5243 mensuram

898 5306 1009 5389 (55)
1047 5304 1307 5389 Os'bertus
1354 5305 1439 5358 hic
1476 5302 1664 5389 inserit
1696 5309 1921 5389 mortl'em
1963 5297 2094 5380 Elﬁi'
2122 5299 2395 5380 monachi,

825 5370 917 5448 qui
946 5370 1066 5448 cum
1111 5377 1386 5448 Dunstano
1435 5372 1745 5426 monasterii
1774 5370 2015 5448 ollieinas
2045 5370 2394 5448 circumiens,

825 5438 907 5494 ιὶη·
934 5447 999 5494 de.
1038 5447 1174 5495 emlo
1220 5456 1439 5497 vocatus
1473 5451 1585 5498 est:
1615 5450 1724 5494 tum
1766 5440 1945 5494 subdit
1970 5438 2247 5493 Osbertus.
2288 5457 2305 5488 ‹
2338 5439 2392 5491 In

2526 2056 2654 2110 ergo
2686 2040 2976 2095 duLietatis
3005 2041 3229 2096 ulterius
3268 2043 3332 2097 de
3379 2044 3493 2097 viro
3539 2044 3630 2099 Dei
3676 2045 3897 2109 habens,
3928 2045 4094 2100 semel

2528 2138 2691 2198 atque
2735 2130 2893 2183 simul
2936 2146 3123 2185 omnes
3157 2132 3471 2185 insidiarum
3514 2148 3729 2187 suarum
3775 2133 3992 2203 laqueos
4020 2135 4093 2187 illi

2526 2222 2804 2277 intendere
2833 2223 3034 2276 statuit.
3072 2221 3386 2277 Translatus
3413 2223 3593 2292 itaque
3621 2225 3671 2277 in
3703 2226 3932 2294 speciem
3959 2226 4091 2288 ursi,

2524 2310 2856 2364 consimilem
2904 2311 3073 2364 hianti
3124 2311 3258 2365 rictu
3312 2319 3555 2364 orantem
3603 2311 3713 2381 (36)
3760 2312 4083 2381 aggreditur,

2523 2401 2841 2470 injectisqne
2866 2400 3075 2471 ungulis
3096 2400 3440 2469 pastoralem,
3480 2416 3638 2470 quam
3664 2416 3820 2453 manu
3856 2400 4087 2466 tenebat,

2523 2490 2749 2559 virgam,
2781 2488 3176 2556 complectitur,
3210 2498 3369 2558 atque
3397 2489 3461 2542 ad
3509 2504 3565 2542 se
3598 2489 3812 2543 trahere
3842 2498 4087 2542 conatur.

2520 2578 2589 2632 At
2614 2578 2825 2632 divinus
2848 2578 3174 2643 Dunstanns,
3216 2579 3509 2634 divinitatis
3541 2580 3729 2649 spiritu
3762 2580 3969 2635 fortiter
4005 2594 4093 2633 ro-

2522 2670 2768 2732 boratus,
2797 2677 3089 2722 retractum
3118 2669 3183 2722 ad
3211 2685 3269 2723 se
3305 2670 3551 2723 baculum
3574 2671 3733 2740 erigit
3765 2670 3815 2723 in
3842 2669 4088 2733 sublime,

2520 2759 2811 2829 fugientem
2844 2758 3075 2812 belluam
3111 2758 3379 2814 dirissima
3418 2760 3611 2825 etndit',r
3641 2776 3737 2814 nec
3760 2760 3909 2828 prius
3931 2774 4088 2813 mon-

2520 2858 2690 2901 strum
2740 2846 2993 2915 medendo
3040 2848 3272 2913 desistit,
3312 2863 3473 2916 quam
3523 2847 3787 2919 ﬂagellum
3837 2848 3887 2901 in
3942 2856 4090 2916 tergo

2521 2938 2663 2993 illius
2693 2918 2864 2993 tribus
2906 2939 2957 2991 in
2992 2938 3235 3008 partibus
3260 2937 3649 2991 comminutum
3678 2937 3923 3007 apparuit
3951 2936 4084 3005 (37).

2554 3071 2705 3143 Regis
2737 3087 2939 3125 amores
2968 3071 3280 3143 insectatus,
3315 3069 3369 3122 in
3403 3070 3643 3143 exsilium
3676 3070 3871 3139 agitur.
3902 3068 4054 3136 Apud

3057 3137 3363 3193 Gaudavum
3395 3139 3552 3208 degit.

2445 3277 2488 3337 C
2588 3274 2675 3328 27.
2714 3273 2900 3327 Victus
2949 3287 3079 3342 ergo
3106 3258 3166 3325 in
3197 3287 3255 3326 se
3301 3270 3562 3334 diabolus,
3591 3270 3643 3324 in
3671 3269 3793 3323 aliis
3828 3269 4085 3323 victorem

2521 3380 2687 3419 suum
2708 3365 2927 3418 vincere
2974 3364 3183 3432 quterit.
3230 3362 3414 3431 Neque
3456 3362 3599 3416 enim
3644 3377 3825 3416 rerum
3849 3363 4093 3416 occasio.

2521 3472 2617 3511 nes
2646 3456 2801 3527 longe
2847 3454 3145 3513 abfuerant.
3197 3455 3394 3525 quibus
3425 3455 3475 3508 id
3504 3454 3647 3524 quod
3677 3469 3928 3523 perverse
3968 3468 4086 3508 mo-

2519 3549 2770 3611 liebatur,
2797 3548 2847 3601 in
2876 3562 3005 3601 usus
3034 3547 3300 3617 malignos
3326 3545 3663 3601 transferret.

2588 3658 2719 3712 Nam
2754 3672 2879 3728 rege
2917 3655 3138 3726 praefato
3176 3656 3363 3710 eodem
3397 3673 3503 3726 quo
3534 3664 3880 3711 consecratus
3915 3652 4089 3711 fuerat

2516 3747 2603 3801 die
2643 3746 2695 3800 in
2735 3756 2917 3815 turpes
2959 3744 3277 3799 concubitus
3320 3744 3533 3813 publice
3580 3744 3860 3809 devoluta,
3892 3759 3954 3798 ac
3989 3758 4089 3812 per

2517 3838 2619 3891 hoc
2665 3836 2812 3890 omni
2848 3836 3123 3889 senatorio
3152 3834 3343 3888 ordine
3382 3832 3613 3897 oﬂ‘enso,
3659 3835 3872 3888 nemine
3904 3841 4083 3887 tamen

2516 3926 2631 3995 ejus
2660 3926 2936 3980 lasciviam
2984 3926 3310 3993 redarguere
3357 3940 3511 3988 auso,
3546 3925 3659 3993 pari
3707 3939 3769 3978 ac
3813 3924 4083 3978 communi

2514 4017 2752 4069 omnium
2783 4022 2908 4069 voto
2935 4014 3243 4067 Dunstanns
3271 4014 3380 4083 (58)
3405 4013 3757 4083 compellatus
3781 4013 3869 4083 qui
3904 4028 4083 4082 regem

2514 4116 2825 4163 constanter
2861 4106 3037 4167 adeat,
3087 4106 3293 4175 regium
3325 4115 3568 4173 stuprmn
3598 4105 3777 4158 divina
3822 4105 4082 4159 humana-

2513 4212 2617 4268 que
2652 4197 2859 4251 ratione
2889 4204 3227 4265 compeseat,
3257 4195 3498 4249 mulieris
3537 4195 3791 4249 adultera:
3832 4195 4079 4249 meretri-

2511 4288 2653 4342 cium
2693 4286 2965 4355 suspendii
3013 4286 3430 4339 comminatione
3468 4285 3740 4356 percellat.
3785 4285 3933 4339 Fecit
3977 4286 4080 4339 hoc

2512 4380 2622 4443 ille,
2648 4386 2703 4432 et
2729 4392 2919 4446 parum
2951 4385 3035 4430 est
3068 4377 3189 4430 hoc.
3222 4376 3514 4445 Repertum
3546 4377 3764 4446 Insuper
3785 4392 3902 4431 cum
3931 4377 4080 4431 adul-

2514 4478 2621 4522 tera
2654 4466 2811 4522 simul
2841 4475 2894 4521 et
2933 4466 3041 4520 lilia
3083 4467 3223 4521 illius
3261 4468 3551 4536 principem
3580 4484 3607 4521 a
3650 4468 3895 4523 mmchali
3945 4478 4062 4525 toro

2514 4556 2775 4612 violenter
2805 4556 3091 4621 abstraxit,
3132 4558 3413 4626 positaque
3445 4558 3495 4611 in
3528 4559 3704 4627 capite
3735 4575 3932 4613 corona
3964 4560 4080 4629 ejus

2511 4658 2638 4703 ante
2665 4664 2930 4703 summum
2957 4647 3261 4718 pontiﬁcem
3287 4647 3524 4704 Odonem
3549 4650 3785 4704 adduxit.
3819 4651 3884 4705 At
3906 4666 4078 4721 ganea

2509 4742 2831 4811 sanguineos
2876 4741 3193 4810 intorquens
3234 4740 3456 4796 oculos:
3500 4740 3603 4806 Tu,
3644 4742 3839 4810 inquit,
3888 4743 4079 4797 mortis

2509 4847 2593 4886 me
2620 4831 2913 4900 suspendio
2942 4832 3222 4897 addixisti;
3252 4846 3350 4902 ego
3396 4840 3447 4886 te
3488 4832 3852 4886 membrorum
3885 4831 4081 4887 decore

2507 4922 2777 4991 privatum
2824 4921 3152 4989 sempiterno
3208 4921 3399 4975 exsilio
3451 4920 3739 4975 damnabo.
3782 4919 3945 4987 Cujus
3994 4922 4078 4974 in-

2508 5014 2769 5068 vectionis
2801 5022 2982 5065 tenore
3011 5012 3231 5079 spiritus
3261 5028 3488 5080 nequam
3512 5022 3776 5081 arreptus,
3815 5011 4074 5065 ultionem

2509 5103 2573 5156 de
2605 5102 2718 5156 viro
2749 5102 2840 5154 Dei
2879 5100 3121 5155 nefanda!
3163 5102 3460 5155 meretricis
3506 5101 3734 5169 impulsu
3772 5112 4073 5171 exspectat.

2506 5188 2684 5257 Itaque
2703 5188 2941 5242 mulieris
2962 5189 3197 5241 animum
3224 5188 3465 5243 diabolus
3488 5190 3736 5257 instigat;
3766 5191 3907 5260 regis
3936 5192 4072 5245 iram

2507 5298 3148 5373 scipionemcrassum_et
3187 5296 3393 5373 fortem,
3422 5312 3485 5350 ac
3526 5297 4069 5373 illius_summitatem

2505 5366 2726 5435 argento
2750 5366 3151 5433 'circumposito
3198 5367 3502 5435 decorasse,
3556 5367 3696 5435 quod
3752 5368 3803 5420 in
3852 5368 4067 5420 modum

2505 5434 2753 5492 concava:
2788 5439 3011 5500 sphaera:
3055 5451 3285 5500 superne
3327 5434 3633 5498 formatum,
3677 5436 3888 5490 dentem
3922 5436 4068 5490 beati
