4516 5500
436 448 535 500 ιπτ

1961 452 2133 504 VlT.\.

3592 454 3694 508 £38

434 555 626 609 mulier
653 554 764 625 (59)
797 556 1024 623 evaltat;
1063 559 1220 614 ambo
1255 560 1500 615 exsilium
1534 564 1804 615 Dunstano
1837 563 2012 615 it.ten-
2046 563 2089 620 Α
2120 578 2208 617 sus
2239 567 2456 634 inpium
2511 582 2688 636 regem
2734 567 2972 620 Hlvvittzn
3033 566 3130 632 Qui
3174 580 3391 629 omics,
3440 568 3590 634 quasi
3642 569 3691 616 iu

436 655 564 698 tant.
594 646 659 699 Et
686 648 861 715 primo
891 650 1130 717 quidem,
1167 662 1391 721 urgente
1424 654 1567 723 regis
1596 656 1795 718 edicto,
1826 672 2012 709 omnes

433 734 748 787 monasticae
788 736 1063 805 religionis
1094 740 1340 794 ecclesia:
1370 742 1483 795 suis
1522 743 1679 797 rebus
1706 745 2008 813 spoliaban-

432 833 538 885 tur,
578 832 653 884 ut,
692 839 811 892 qua:
854 828 1139 895 prmcipuae
1189 845 1401 899 smnpcr
1448 833 1566 886 viro
1613 833 1761 888 fuere
1793 836 2008 898 laetitia',

429 930 572 968 nunc
600 915 775 970 eidem
822 934 983 985 quam
1035 922 1269 973 maximo
1303 922 1496 977 fierent
1528 928 1768 981 mmrori.
1812 929 2013 983 Deinde

427 1021 548 1058 cum
579 1018 796 1061 ventum
832 1009 1019 1063 fuisset
1052 1010 1407 1077 Glastoniam,
1439 1024 1491 1068 et
1522 1017 1807 1087 descriptis
1838 1020 2012 1073 omni-

429 1098 527 1149 bus
572 1098 685 1167 ipse
722 1103 1062 1171 proscriptus
1104 1104 1314 1168 fuisset,
1349 1110 1488 1161 inter
1519 1108 1785 1181 lacrynms
1821 1128 2008 1165 trona-

422 1188 649 1241 chorum
695 1189 812 1255 ejus
856 1206 1017 1245 manu
1063 1196 1409 1258 nutritorum,
1456 1198 1597 1250 inter
1642 1198 1876 1252 lamcuta
1921 1218 2011 1253 ve-

425 1281 687 1335 nientium
733 1284 798 1337 ad
839 1300 897 1338 se
927 1300 992 1338 ex
1032 1289 1281 1343 omnibus
1326 1289 1457 1344 locis
1506 1292 1835 1358 amicorum,
1872 1295 2011 1346 inter

422 1373 652 1441 gemitus
681 1390 1001 1445 pauperum,
1034 1383 1305 1435 consuetis
1337 1384 1619 1450 stipendiis
1648 1400 1745 1453 per
1770 1386 2008 1455 singulos

420 1464 537 1517 dies
558 1465 727 1519 abillo
752 1479 1141 1531 reercatorum,
1168 1473 1348 1526 audita
1371 1485 1451 1526 est
1475 1476 1522 1526 iu
1544 1477 1683 1528 atrio
1708 1477 1887 1545 templi
1910 1494 2007 1531 vox

420 1554 722 1622 plaudentis
750 1558 967 1621 diaboli,
1000 1562 1152 1628 quasi
1185 1577 1283 1615 vox
1307 1562 1606 1630 juveneuhe
1629 1569 1830 1622 acriter
1849 1578 2008 1637 atque

420 1644 626 1697 minute
672 1647 1066 1701 eachiunantis.
1123 1650 1294 1717 Quem
1342 1664 1561 1708 sanctus
1605 1671 1788 1709 severa
1834 1656 2007 1711 fronte

417 1731 739 1798 suspiciens,
774 1733 935 1796 Nihil,
969 1736 1060 1798 ait,
1109 1753 1272 1807 super
1304 1741 1498 1793 exsilio
1528 1758 1647 1795 mco
1697 1744 2004 1811 gratuleris,

412 1818 669 1883 quoniam
721 1820 839 1888 plus
877 1832 957 1876 est
1005 1826 1145 1892 quod
1177 1842 1261 1880 tne
1298 1829 1555 1883 redeunte
1596 1830 1800 1895 doleas,
1845 1849 2004 1902 quam

2117 675 2278 711 unum
2312 660 2583 714 hominem
2631 659 2898 721 translati,
2927 675 3029 711 non
3074 657 3232 711 modo
3261 672 3484 726 regnum
3526 656 3695 723 ipsius

2115 752 2367 821 alijicere,
2409 766 2594 805 verum
2624 753 2786 804 etiam
2826 752 2997 820 ipsum
3047 764 3209 819 regno
3232 748 3498 817 expellere
3528 746 3693 800 moliti

2114 849 2261 903 sunt,
2306 849 2589 910 propterea
2630 841 2770 911 quod
2823 842 2873 895 itt
2925 841 3215 893 commisso
3266 837 3524 907 regimine
3568 836 3694 890 iusi-

2114 930 2323 999 picnter
2349 932 2565 1000 egisset,
2602 933 2873 1001 sapientes
2912 930 3265 1000 disperderet.
3306 929 3523 998 ignaros
3568 927 3693 982 boni

2113 1022 2225 1074 suis
2255 1022 2493 1074 consiliis
2527 1022 2878 1083 adscisceret,
2908 1036 3130 1089 prorsus
3158 1019 3377 1073 libidine
3410 1026 3571 1087 atque
3604 1034 3692 1071 ar-

2116 1113 2355 1177 rogantia
2405 1128 2642 1181 praeceps
2684 1113 2875 1165 abiret.
2921 1112 3104 1165 Coaeti
3158 1111 3337 1179 itaque
3386 1110 3437 1162 in
3482 1109 3696 1162 turbam

2116 1219 2293 1271 regem
2332 1219 2453 1256 cum
2504 1202 2747 1257 adultera
2797 1201 3188 1272 fugitalentem,
3236 1199 3487 1269 atquein
3540 1198 3698 1252 inviis

2114 1308 2232 1346 sese
2262 1292 2619 1347 occultantem
2663 1294 2830 1345 armis
2860 1292 3105 1361 persequi
3154 1306 3257 1344 non
3304 1289 3590 1343 desistunt.
3636 1288 3701 1341 Et

2115 1384 2282 1451 ipsam
2311 1383 2525 1453 quidem
2552 1382 2703 1449 juxta
2745 1381 3023 1438 Claudium
3050 1381 3161 1451 (4|)
3194 1382 3468 1435 civitatem
3510 1394 3701 1448 reper-

2116 1484 2220 1527 tam
2253 1476 2666 1531 subnervavere.
2712 1476 2913 1530 Deinde
2956 1492 3058 1544 qua
3104 1477 3261 1545 digna
3309 1476 3479 1529 fuerat
3523 1484 3703 1529 morte

2112 1562 2427 1618 inultavcre.
2471 1562 2639 1619 Porro
2671 1578 2848 1634 regem
2883 1581 2979 1633 per
3008 1566 3219 1619 diversa
3253 1566 3493 1619 locorum
3521 1579 3701 1618 seme-

2113 1666 2193 1708 tra
2238 1656 2542 1710 deviantcm
2592 1656 2731 1710 ultra
2778 1657 2973 1709 flumen
3023 1656 3319 1710 Tamisiutu
3362 1656 3698 1725 compulere.

2113 1746 2311 1801 Deinde
2356 1748 2533 1801 accito
2598 1746 2763 1803 fratre
2807 1749 2949 1802 illius
3004 1750 3221 1817 optione
3271 1749 3464 1802 indolis
3512 1749 3695 1802 adole-

2112 1845 2312 1900 scente,
2343 1838 2558 1892 nomine
2584 1839 2813 1909 Edgaro,
2843 1856 2999 1909 quem
3028 1842 3264 1894 futurum
3285 1857 3463 1909 regem
3482 1841 3690 1897 cmlcsti

411 1907 675 1975 quidquid
702 1927 785 1963 me
810 1915 1089 1968 exsulantc
1114 1915 1281 1970 lauari
1309 1917 1506 1972 valeas.
1533 1920 1610 1972 Ad
1634 1922 1774 1990 quod
1799 1924 1997 1976 dictum
2039 1937 2075 1993 ιι
2110 1927 2377 1993 quondam
2423 1928 2643 1981 oraculo
2697 1929 3032 1998 designatum
3091 1931 3258 1985 fuisse
3308 1931 3688 2000 praediximus.

412 1999 598 2065 pallidi
634 2004 779 2071 regni
813 2005 1042 2072 pallidus
1088 2008 1334 2063 minister
1369 2012 1649 2065 absceSsit.
1695 2014 2002 2068 Dunstanus

410 2100 595 2144 autem
627 2108 730 2146 non
764 2095 1048 2151 innuemor
1077 2100 1203 2170 quid
1231 2102 1331 2155 sibi
1357 2102 1568 2156 divinus
1591 2105 1717 2158 olim
1746 2108 2003 2163 cithara»

410 2180 515 2232 dus
541 2184 907 2249 praecinuerit,
934 2187 1041 2240 imo
1064 2188 1353 2247 Dominieae
1378 2209 1585 2249 memor
1602 2199 1995 2264 promissionis,

409 2286 520 2337 qua
571 2272 757 2327 beatos
790 2274 903 2330 fore
942 2280 1032 2345 qui
1066 2295 1164 2348 pro
1201 2281 1411 2351 justitia
1442 2288 1872 2352 persecutionem
1906 2305 1996 2358 pa-

412 2363 621 2416 tiuntur
653 2365 869 2434 (Matth.
899 2384 949 2421 v.
983 2371 1068 2439 10)
1119 2371 1370 2428 Christus
1400 2378 1655 2441 asseruit,
1693 2380 1913 2432 marinis
1939 2399 1995 2433 se

406 2447 659 2506 fluetibus
692 2455 878 2515 tradit,
922 2461 1259 2513 contrarium
1293 2461 1443 2517 littus
1484 2464 1533 2516 in
1568 2475 1724 2534 gente
1752 2467 1995 2521 Flandti-

406 2550 585 2594 tarum
615 2544 881 2615 attingens
913 2550 1001 2601 ubi
1046 2552 1305 2607 eminenti
1336 2571 1517 2607 coram
1557 2558 1799 2627 principe
1838 2570 1993 2616 terra:

408 2631 554 2684 illius
580 2635 751 2699 gratia
800 2637 1039 2703 inventa,
1084 2644 1335 2697 manebat
1368 2646 1417 2697 in
1463 2650 1790 2703 monasterio
1820 2655 1990 2706 sancti

409 2721 554 2775 Petri
584 2726 726 2792 quod
757 2727 917 2780 situm
950 2740 1031 2783 est
1061 2730 1326 2795 Gaudavi,
1362 2746 1645 2803 propterea
1679 2742 1821 2809 quod
1863 2742 1990 2796 illud

402 2812 616 2865 cmtcris
645 2813 789 2869 illius
814 2817 1051 2887 regionis
1079 2824 1423 2877 monasteriis
1446 2833 1497 2877 et
1523 2826 1858 2893 professione
1885 2831 1990 2884 viro

402 2903 557 2965 tutis,
583 2913 637 2956 et
660 2906 1011 2976 philosophia:
1034 2910 1372 2967 documentis
1392 2916 1660 2971 excellere
1685 2919 1985 2975 videbatur.

400 2990 513 3045 Nec
542 3002 718 3048 tamen
764 3006 943 3051 cessat
984 3015 1185 3053 vesana
1221 3000 1449 3057 furentis
1484 3006 1724 3062 mulieris
1754 3009 1986 3075 insania,

394 3098 522 3150 qua:
560 3086 810 3140 omnibus
850 3089 974 3156 qui,
1018 3090 1192 3144 virum
1243 3094 1334 3147 Dei
1381 3106 1620 3165 tempore
1657 3114 1769 3154 sua:
1812 3116 1989 3157 reces-

396 3176 571 3231 sionis
614 3176 853 3247 hospitio
894 3180 1158 3247 foverant,
1210 3190 1591 3254 perscrutatis,
1641 3194 1983 3263 proscriptis,

394 3265 692 3331 damnatis,
741 3269 911 3337 ipsius
958 3288 1173 3342 quoque
1212 3277 1385 3330 oculis
1436 3282 1689 3335 erucmlis
1722 3283 1986 3354 malignos
2016 3297 2056 3355 (ζ
2094 3319 2135 3369 ο

395 3357 797 3411 transmitteret
836 3361 1130 3416 ministros.
1176 3363 1406 3431 Verum,
1462 3370 1754 3427 miserante
1801 3375 1981 3429 divina

390 3445 681 3501 clementia
706 3448 860 3517 cujus
889 3468 1162 3522 nunquam
1187 3458 1389 3511 auxilio
1412 3461 1826 3528 destituebatur,
1855 3478 1981 3522 ante

392 3535 548 3589 illum
575 3536 745 3593 Gallia
779 3556 1113 3612 susceperat,
1140 3562 1305 3615 quam
1335 3566 1619 3620 aequoreos
1649 3557 1789 3610 servi
1827 3556 1981 3612 cha-

392 3627 532 3682 belis
558 3627 747 3683 fluctus
776 3632 1104 3702 attigissent.
1130 3636 1352 3692 Exsulat
1382 3641 1561 3710 itaque
1590 3657 1811 3699 sanctus
1838 3649 1977 3701 nulla

386 3715 569 3770 exsilii
599 3732 695 3785 per
723 3721 953 3789 gratiam
984 3724 1077 3777 Dei
1114 3725 1306 3779 damna
1352 3728 1656 3798 deplorans,
1696 3734 1821 3787 dqu
1868 3738 1978 3792 suis

389 3806 605 3860 meritis
644 3807 715 3861 ita
762 3809 863 3864 sibi
898 3826 1089 3868 omnes
1135 3814 1450 3878 devincirct,
1485 3828 1540 3872 ut
1590 3823 1817 3889 patriam
1859 3842 1979 3881 esse

384 3894 639 3947 exsilium
687 3906 921 3965 putaret.
970 3900 1145 3971 Super
1190 3904 1306 3959 hate
1345 3906 1493 3959 illum
1536 3911 1693 3965 amici
1748 3917 1973 3984 apostoli

383 3981 691 4037 consolatio
724 3983 889 4052 fovet,
917 3990 1008 4057 qui
1037 3991 1232 4046 nullius
1261 3994 1337 4047 rei
1365 4010 1526 4063 quam
1551 3985 1667 4067 ipse
1698 3981 1976 4072 expeteret

383 4086 514 4123 eum
547 4072 785 4142 indigere
816 4079 1065 4146 permisit
1096 4081 1231 4151 (40).

643 4163 824 4219 Edwin
855 4184 968 4238 rege
1002 4170 1205 4239 fugato,
1240 4172 1482 4244 Edgarus
1516 4192 1715 4249 regunt.

460 4253 549 4307 ‘28.
592 4253 904 4326 RCSpicieus
948 4275 1077 4329 ergo
1108 4262 1309 4317 Christi
1353 4266 1637 4323 clementia
1673 4274 1972 4345 Anglorum

382 4347 643 4416 populum
679 4358 826 4402 tanto
870 4362 1100 4421 patrono
1126 4356 1461 4425 destitutum,
1499 4364 1781 4422 suscitavit
1809 4373 1971 4426 corda

382 4440 627 4493 virorum
662 4442 730 4496 ab
776 4440 1013 4497 Humbre
1052 4444 1214 4500 fluvio
1245 4464 1416 4519 usque
1443 4452 1511 4507 ad
1543 4452 1740 4511 flumen
1786 4460 1969 4515 Tami-

384 4530 550 4593 sium,
580 4546 740 4601 supra
770 4533 912 4602 quod
943 4535 1072 4589 urbs
1098 4534 1378 4593 Lundonia
1405 4551 1487 4596 est
1510 4542 1752 4613 fundata,
1779 4553 1973 4608 adver-

380 4642 610 4713 quilibet
638 4659 703 4699 ex
732 4646 885 4728 vobis
911 4650 975 4703 ad
1001 4652 1335 4728 educendum
1378 4672 1649 4728 regem...
1686 4664 1765 4717 Ad
1796 4679 1968 4722 extre-

382 4729 532 4767 mum
554 4730 686 4769 vero
717 4717 999 4793 elegerunt
1027 4722 1180 4787 duos,
1210 4741 1345 4793 quos
1379 4717 1556 4783 animo
1596 4717 1973 4792 constantissi-

383 4796 814 4867 ntosatoverant.
852 4789 1185 4872 Dunstanutn
1230 4789 1443 4872 scilicet
1471 4800 1739 4867 abbatem,

379 4854 618 4907 newium
660 4858 1265 4949 f‘piLscopmnmejusdem
1327 4868 1585 4924 Dunstani
1618 4854 1973 4949 “consang‘iii-

378 4939 564 4977 neum.
603 4945 621 4975 ι
659 4925 924 4982 Osbertus
954 4925 1267 4988 Kirtsvimim
1293 4948 1466 4991 vocat.

454 4994 638 5079 (§9).B
664 5014 716 5049 :c
733 4996 1065 5079 ξεξιιιτιῖιγιιιιἶ
1090 5002 1179 5079 Sic
1201 5017 1317 5059 erat
1336 5023 1527 5063 nomen
1547 5011 1966 5079 ignominiosum

374 5063 692 5143 Il'l-llilCl‘lS...
740 5063 1102 5143 Chronologia
1142 5074 1409 5132 Saxonica
1442 5081 1542 5136 hoc

372 5132 558 5187 silium
589 5136 758 5189 refert
783 5137 849 5189 ad
879 5132 1073 5193 annum
1104 5142 1227 5198 955.

451 5202 563 5285 (40)
592 5204 648 5258 Β.
698 5205 857 5285 addit
895 5211 1152 5277 quosdam
1210 5228 1585 5283 persecutores
1628 5225 1829 5282 frustra
1878 5247 1963 5285 co-

372 5281 534 5327 natos
555 5289 673 5359 cu'r‘n
704 5275 942 5359 avellere
967 5297 1003 5359 .1
1038 5275 1389 5359 monasterio,
1422 5275 1581 5359 idque
1616 5275 1963 5359 ὗὲξᾶξίᾆηῖἶέ-

367 5351 553 5430 fatum
608 5346 939 5430 Dun'stano.n
964 5350 1225 5430 Osbertus
1287 5346 1398 5409 rem
1454 5346 1726 5430 eiplic'af:

2106 2018 2229 2069 dum
2266 2033 2453 2086 pacem
2487 2020 2747 2089 regnique
2783 2021 3011 2074 salutem
3035 2022 3148 2076 suis
3174 2039 3235 2075 ac
3266 2022 3526 2078 Dunstani
3561 2034 3690 2077 lCtll-

2104 2108 2324 2173 poribus
2372 2109 2543 2178 angeli
2585 2110 2973 2177 przedicarcnt,
3018 2122 3265 2165 statuunt
3306 2114 3453 2167 illum
3506 2131 3687 2183 regem

2102 2211 2264 2264 super
2294 2211 2483 2250 omnes
2512 2199 2819 2267 provincias
2850 2199 2916 2252 ab
2964 2198 3201 2253 llutnbre
3242 2218 3433 2271 magno
3469 2205 3687 2257 flumine

2101 2304 2268 2357 usque
2298 2291 2366 2344 ad
2405 2290 2602 2347 flumen
2638 2291 2975 2359 Tamisium;
3013 2312 3122 2364 quo
3152 2294 3370 2351 flumine
3401 2300 3685 2353 amborum

2102 2398 2324 2450 regnum
2356 2384 2423 2437 ab
2467 2384 2695 2439 invicem
2726 2386 3099 2441 dirimebatur.
3130 2388 3206 2441 lta
3259 2406 3504 2459 regnum,
3542 2393 3685 2460 quod

2099 2491 2261 2528 unum
2305 2475 2500 2542 fuerat,
2549 2479 2601 2531 in
2641 2478 2776 2534 duos
2819 2496 2971 2550 reges
3009 2483 3239 2538 divisum
3286 2487 3538 2555 gravibus
3584 2486 3687 2539 ali-

2096 2568 2409 2637 quantisper
2457 2569 2795 2625 conflictibus
2850 2573 3112 2628 bellorum
3156 2577 3413 2641 sudabat,
3464 2576 3683 2645 impleta

2097 2668 2225 2711 tunc
2265 2660 2501 2713 veridica
2547 2660 2633 2713 illa
2679 2660 2976 2717 Salvatoris
3023 2667 3322 2731 sententia,
3372 2681 3476 2736 qua
3524 2681 3684 2721 omne

2097 2765 2317 2820 regnum
2355 2751 2406 2804 in
2439 2766 2497 2805 se
2544 2752 2715 2819 ipsum
2764 2754 2993 2808 divisum
3026 2757 3225 2811 asserit
3265 2758 3679 2817 destruendum,

2094 2850 2147 2895 et
2170 2842 2385 2895 domum
2413 2858 2575 2913 super
2605 2845 2823 2899 domum
2850 2861 2970 2901 esse
2997 2863 3250 2903 casuram
3281 2848 3433 2917 (Luc.
3465 2865 3540 2907 xi.
3568 2849 3677 2917 l7).

2092 2934 2334 3005 Edgarus
2371 2939 2612 3007 quotidie
2648 2950 2767 2995 erat
2806 2941 3114 3011 proficiens,
3150 2952 3207 2996 ut
3251 2944 3435 3004 David,
3484 2944 3680 3011 pietate

2091 3042 2154 3080 ac
2187 3026 2523 3093 fortitudine,
2550 3043 2734 3101 atque.
2766 3041 2823 3085 ut
2853 3032 3129 3098 Salomon,
3157 3035 3444 3104 Sapientia,
3476 3034 3678 3087 divitiis

2089 3125 2145 3169 et
2174 3116 2372 3184 gloria,
2420 3120 2610 3175 domus
2649 3132 2829 3177 autem
2879 3123 3047 3177 Edwii
3083 3125 3135 3179 in
3177 3126 3293 3179 dies
3338 3126 3675 3190 decreSCerc,

2089 3222 2211 3261 eum
2240 3209 2349 3278 ipse
2376 3210 2426 3263 iu
2457 3210 2674 3282 flagitiis
2704 3230 2952 3270 crescere
2982 3232 3085 3269 non
3116 3216 3392 3271 desiverit.

2141 3330 2394 3398 austrinus
2429 3325 2491 3376 ab
2523 3326 2706 3379 exsilio
2748 3338 3036 3382 revocatur.
3088 3329 3470 3398 ll’igorniensis
3509 3334 3673 3385 eccle-

2161 3391 2255 3472 sia’
2293 3393 2563 3472 episcopus
2621 3398 2901 3451 ordinatur
2947 3399 3042 3452 sub
3096 3391 3246 3453 lilii/0
3300 3402 3675 3472 archiepiscopi

2159 3460 2575 3517 flantuuricnsis.

2156 3567 2249 3621 2‘).
2293 3568 2419 3623 l’ost
2449 3586 2648 3637 paucos
2680 3583 2857 3629 autem
2886 3575 3168 3632 electionis
3200 3594 3309 3635 sua:
3337 3580 3452 3635 dies
3477 3596 3673 3649 pra-ce-

2086 3660 2163 3728 pEt
2189 3660 2433 3731 Edgarus
2458 3662 2676 3718 diarcha
2710 3667 2873 3722 totius
2903 3671 3050 3739 rcgui
3078 3672 3159 3725 sui
3205 3673 3492 3727 concilium
3532 3673 3678 3729 cele-

2089 3750 2257 3815 brari,
2302 3750 2353 3804 in
2384 3767 2492 3821 quo
2522 3755 2834 3811 anniltilatis
2864 3760 3115 3815 omnibus
3150 3776 3269 3830 qua:
3299 3778 3326 3816 a
3360 3761 3527 3819 fratre
3554 3764 3672 3833 ejus

2090 3842 2286 3913 iniquis
2318 3842 2532 3899 fuerant
2574 3846 2778 3917 legibus
2820 3851 3058 3917 decreta,
3092 3868 3154 3908 ac
3204 3856 3468 3911 restitutis
3496 3858 3672 3912 omni-

2088 3934 2185 3987 bus
2219 3948 2337 4001 quae
2381 3935 2613 3990 violenta
2662 3939 2802 3994 illius
2850 3940 3063 3997 fuerant
3090 3944 3436 4002 damnatione
3468 3950 3669 4016 ablata,

2086 4023 2418 4079 bonstanum
2449 4042 2663 4098 quoque
2696 4033 3057 4088 venerabilem
3086 4036 3334 4093 abbatem
3380 4041 3433 4094 in
3477 4058 3670 4114 magna

2084 4115 2253 4185 gloria
2284 4117 2349 4171 de
2372 4120 2562 4174 exsilio
2596 4126 2870 4179 revocavit
2902 4126 3035 4197 (42),
3067 4139 3121 4184 et
3149 4131 3376 4201 majore,
3405 4149 3563 4203 quain
3597 4139 3666 4191 ab

2080 4207 2331 4262 omnibus
2365 4218 2489 4264 ante
2514 4212 2728 4281 regibus
2760 4214 3055 4272 honoratus
3086 4218 3294 4286 fuisset,
3326 4223 3493 4293 gloria
3528 4230 3664 4283 sub-

2081 4297 2305 4351 limavit.
2340 4297 2437 4353 Cui
2486 4301 2671 4367 etiam,
2699 4312 2755 4356 ut
2788 4306 3092 4374 pontificale
3133 4310 3297 4365 decus
3338 4315 3662 4384 susciperet,

2078 4391 2383 4445 vehementi
2412 4394 2670 4461 petitione
2709 4396 3007 4462 imminuit;
3052 4416 3150 4457 nec
3187 4414 3312 4459 ante
3353 4422 3381 4460 a
3416 4410 3665 4475 precibus

2077 4482 2357 4548 quiescere
2389 4484 2555 4539 voluit
2589 4501 2748 4555 quam
2783 4488 2928 4542 illum
2957 4506 2987 4543 a
3033 4495 3303 4549 sententia
3336 4500 3403 4550 ad
3435 4514 3663 4556 consen-

2004 4591 2047 4646 ί)
2078 4575 2315 4628 tiendum
2354 4578 2675 4641 retraheret,
2722 4590 2777 4635 et
2818 4581 3058 4638 ecclesia:
3100 4584 3499 4657 Wigornicnsi,
3540 4608 3662 4662 qua:

2078 4702 2207 4763 vero
2237 4686 2302 4763 de
2345 4688 2605 4763 Dunstani
2644 4692 2984 4763 ordinatione.
3011 4698 3281 4763 subditur,
3320 4703 3506 4757 eodem
3548 4705 3662 4762 fere.

2081 4758 2236 4843 modo
2269 4756 2463 4839 legitur
2491 4775 2649 4846 sqprp
2699 4762 2749 4815 iu
2788 4762 2902 4844 Vita
2936 4764 2993 4819 S.
3028 4768 3229 4822 Odonis
3261 4756 3658 4846 archiepiscopi

2075 4829 2587 4908 flan‘tttari‘ensisuld
2614 4831 2811 4885 factum
2856 4834 3199 4908 ἱιιρθηνθιιιιι
3241 4844 3382 4908 apud
3416 4829 3661 4901 B'f'ftfllnrl;

2076 4897 2195 4976 [ard
2221 4912 2286 4976 ex
2310 4897 2369 4949 Β.
2400 4899 2488 4951 ubi
2518 4899 2849 4976 Dunstanum
2875 4905 2949 4957 ait
2980 4908 3127 4976 prius
3156 4897 3461 4968 ordinatum
3492 4897 3660 4972 fuisse

2075 4969 2143 5019 ml
2174 4967 2488 5043 episwpuin,
2526 4982 2606 5043 ur
2627 4974 2737 5037 regi
2767 4985 2907 5027 esset
2945 4967 3276 5043 a'consiliis;
3310 4967 3663 5042 deiuailmo-

2077 5049 2185 5090 tum
2223 5037 2556 5121 Yigornicusi
2591 5042 2843 5121 Ecclesia:
2873 5058 3087 5121 mortuo
3117 5037 3521 5121 Cyue'waldoai

2072 5118 2206 5183 s_tea_
2229 5106 2402 5183 factus
2436 5125 2664 5183 magnus
2708 5115 3033 5183 sapientium
3072 5106 3374 5177 conventus
3406 5106 3462 5180 in
3494 5106 3665 5181 Bran—

2072 5176 2322 5250 danford,
2346 5188 2400 5233 et
2419 5193 2484 5232 eo
2513 5176 2563 5233 in
2590 5182 2705 5239 loco
2727 5176 2967 5239 omnium
2994 5203 3058 5242 cx
3088 5176 3667 5250 cleetioncordiiiatus

2069 5257 2155 5302 est
2185 5247 2588 5335 Dunstanusad
2627 5255 2962 5324 episcopum,
2986 5267 3227 5335 _e_otenus_
3261 5247 3522 5335 maxime,
3556 5247 3668 5335 quo

2076 5318 2237 5389 regali
2272 5318 2827 5399 pra-sentimgpropter'
2846 5318 3068 5399 provida
3096 5318 3522 5397 prudentiarum'
3541 5318 3670 5388 sua;

2076 5405 2191 5430 eum
2218 5390 2442 5430 nnneilia
2486 5390 2683 5430 illniiun
2700 5390 2969 5430 -nilrni-ccnl
3098 5390 3312 5430 ἸὶιιζηιΙΛ
3339 5417 3527 5430 υνδε-ιλιαδ..
3548 5403 3635 5430 1172

3113 5400 3312 5430 ΙδιιζηιΙΛ
3339 5418 3433 5430 “an
