4516 5500
888 425 993 478 ⁴59

1852 426 1905 482 S.
1949 428 2364 486 DUNSTANUS
2404 429 2705 487 EPISCOP.
2746 432 3093 489 CANTUAR.

4037 445 4139 499 ΜΟ

887 540 986 594 sub
1014 541 1217 595 honore
1240 542 1408 597 beatae
1434 542 1651 613 virginis
1676 542 1857 597 Mariae
1879 542 2126 611 pollebat,
2155 544 2461 613 pontificem
2493 550 2536 607 Α
2568 546 2789 611 habere,
2818 548 2909 601 sed
2938 550 2989 603 in
3014 558 3215 604 sortem
3246 550 3624 619 ptenitentmm
3662 552 3967 609 animarum
3996 572 4140 626 ean;-

884 627 1201 695 prmficeret.
1244 630 1343 697 Qui
1384 632 1507 685 dum
1548 631 1937 687 Doroherniam
1974 634 2273 687 sacrandus
2303 634 2453 689 adve-

883 718 1045 783 niret,
1075 727 1146 780 et,
1179 719 1399 773 recitata
1431 722 1691 789 petitione
1726 721 1854 776 cleri
1886 738 1949 777 ac
1979 723 2183 793 populi,
2218 738 2460 780 summus

881 805 975 860 Dei
991 806 1383 871 sacerdos,Odo
1401 810 1695 879 gaudenter
1710 812 2007 877 annuisset;
2030 812 2277 868 mirabile
2291 814 2453 867 dictu!

881 904 1135 950 t-mterum
1169 899 1593 953 consecrationis
1630 900 2006 967 ministerium,
2047 916 2151 956 non
2195 902 2344 970 quasi
2379 918 2461 957 su-

879 1002 976 1057 per
1011 989 1310 1045 antistitem
1360 990 1712 1057 Wicciormn,
1745 993 1837 1047 sed
1872 993 2011 1048 sicut
2081 1008 2241 1063 super
2281 993 2457 1048 archi-

877 1079 1189 1149 episcopum
1223 1080 1637 1137 Cantuariorum
1677 1082 1992 1137 mirabiliter
2015 1094 2177 1153 atque
2214 1082 2458 1137 hilariter

874 1171 1127 1227 absolvit.
1161 1172 1276 1238 Qua
1313 1176 1379 1230 de
1417 1190 1473 1230 re
1508 1190 1538 1228 a
1576 1174 1960 1230 circumstante
1991 1174 2135 1230 clero
2167 1175 2457 1245 reprehen-

872 1276 985 1326 sus,
1029 1264 1170 1331 quod
1216 1273 1403 1319 contra
1436 1264 1654 1318 Patrum
1686 1265 1900 1321 decreta
1939 1276 2143 1335 ageret,
2178 1264 2266 1334 qui
2302 1266 2458 1320 unius

870 1352 1113 1408 ecclesia:
1145 1354 1280 1408 duos
1310 1355 1597 1425 prohibent
1625 1370 1745 1409 esse
1772 1356 2096 1417 sacerdotes,
2134 1371 2231 1409 nec
2259 1370 2353 1425 per
2367 1357 2457 1426 jus

871 1444 1201 1499 hrcreditatis
1232 1446 1347 1501 fieri
1388 1446 1702 1501 electionem
1737 1448 2116 1510 successionis,
2153 1448 2256 1501 tale
2289 1447 2457 1501 fertur

868 1548 1186 1603 responsum
1229 1535 1482 1591 dedisse:
1520 1536 1575 1591 Si
1629 1537 1825 1591 divinis
1866 1537 2099 1590 humana
2152 1552 2254 1589 non
2301 1537 2456 1591 cede-

870 1633 1012 1690 rent,
1036 1625 1160 1695 jure
1186 1627 1313 1680 tnihi
1344 1627 1620 1681 hominum
1654 1628 1948 1681 auctoritas
1970 1628 2225 1696 [ητυιοιιᾱί
2255 1638 2451 1695 posset.

866 1714 1021 1770 Nunc
1062 1731 1191 1770 vero
1234 1718 1487 1785 quoniam
1535 1725 1724 1771 auctor
1763 1719 2002 1772 omnium
2039 1718 2179 1771 Dens
2210 1726 2312 1782 est,
2348 1732 2453 1771 non

864 1824 1083 1877 possunt
1134 1810 1265 1865 illud
1312 1827 1415 1866 non
1465 1811 1643 1866 facere
1683 1811 1823 1880 quod
1870 1810 2169 1865 faciendum
2218 1808 2454 1880 Spiritus

2563 636 2684 690 dem
2713 638 2924 692 cedere.
2962 638 3097 692 Tum
3144 639 3233 695 ille
3280 641 3556 697 exsultans
3602 643 3654 697 in
3716 644 3961 710 Domino,
3991 645 4141 701 furo—

2564 744 2650 783 res
2696 730 2906 785 illorum
2954 732 3043 786 tali
3087 734 3498 789 ratiocinatione
3554 737 3907 805 compescuit.
3974 736 4137 804 Quid,

2563 821 2757 890 inquit,
2792 821 2971 890 injusti
3013 833 3192 879 aetum
3236 833 3319 880 est
3344 825 3545 879 vobis?
3600 818 3927 896 Si'peccavit
3978 827 4142 883 homo

2562 910 2684 977 iste,
2714 913 2763 966 in
2792 912 3063 969 Christum
3097 926 3151 969 et
3189 916 3243 969 in
3274 930 3359 971 me
3401 918 3664 986 peccavit.
3725 917 3851 984 Sed,
3884 919 4141 988 quoniam

2560 1015 2709 1056 meas
2758 1012 2979 1073 propter
3028 1005 3301 1061 Christum
3354 1007 3530 1062 dimisi
3565 1008 3809 1078 injurias,
3853 1009 4055 1064 dimisit
4086 1018 4145 1065 et

2558 1106 2684 1147 suas
2728 1091 2995 1160 Christus,
3049 1111 3170 1150 cum
3216 1095 3332 1163 ejus
3384 1112 3484 1168 ego
3512 1097 3853 1152 clementiam
3876 1098 4139 1168 depreca-

2561 1191 2645 1237 tus
2688 1199 2827 1238 sum.
2876 1184 3026 1252 Quod
3058 1202 3188 1258 ergo
3238 1188 3487 1243 Christus
3518 1198 3572 1243 et
3592 1204 3692 1259 ego
3715 1190 3917 1259 dignati
3949 1204 4140 1243 sumus

2557 1273 2853 1329 clementer
2892 1277 3190 1348 indulgere,
3222 1295 3315 1334 eos
3344 1296 3450 1350 qua
3480 1280 3781 1334 temeritate
3804 1280 4010 1334 audetis
4038 1281 4139 1334 im-

2557 1368 2721 1436 probe
2765 1369 3205 1439 reprehendere?
3262 1372 3376 1439 Qua
3420 1373 3691 1427 sententia
3718 1372 3843 1426 tetri
3889 1371 4135 1441 spiritus,

2555 1460 2706 1528 quasi
2752 1460 2998 1517 Parthica
3057 1465 3294 1532 percussi
3321 1465 3534 1534 sagitta,
3567 1478 3870 1518 muscarum
3912 1464 4070 1519 modo
4100 1477 4135 1516 a

2558 1558 2714 1603 vento
2738 1560 3010 1619 raptarum
3036 1552 3323 1608 dissiliunt.

2978 1643 3268 1699 Lundonia:
3294 1644 3467 1701 sedem
3497 1648 3705 1717 accipit.

2624 1731 2711 1783 31.
2754 1731 2823 1784 At
2865 1732 3109 1803 Edgarus
3173 1735 3334 1789 totius
3375 1736 3585 1803 imperii
3650 1735 3944 1790 monareha
3997 1730 4134 1787 eﬂ'e-

2556 1829 2696 1884 etus,
2746 1823 3022 1891 cogitabat
3075 1824 3286 1878 beatum
3310 1825 3483 1879 virum
3518 1840 3681 1895 super
3718 1840 3879 1881 omne
3908 1837 4137 1893 regnum

868 1901 960 1955 Dei
990 1900 1345 1969 dignatnsest
1375 1903 1686 1972 praecipere.
1725 1903 1841 1956 Erit
1867 1916 2098 1971 namque
2129 1902 2319 1955 beatus
2351 1900 2451 1955 iste
2484 1888 2524 1946 Β
2553 1888 2885 1966 constitue}?
2909 1954 2923 1978 ,
2980 1913 3167 1969 nolens
3212 1915 3264 1968 in
3320 1930 3487 1985 regno
3536 1888 3653 1970 είξιο
3708 1915 3798 1970 mo
3859 1888 4133 1978 ετεέοετε,

865 1992 1145 2061 proximus
1183 2002 1305 2062 post
1348 2002 1573 2048 mortem
1624 2009 1798 2047 meam
1850 1992 2007 2061 hujus
2062 1992 2206 2046 sedis
2270 1991 2448 2045 archi-

862 2083 1170 2154 episcopus,
1209 2094 1261 2137 et
1303 2086 1562 2138 adversus
1594 2085 1774 2137 mundi
1807 2084 2101 2153 principem
2126 2083 2449 2137 fortissimus

859 2174 1154 2243 prmliator.
1187 2174 1297 2229 llae
1326 2175 1413 2229 ille
1436 2176 1627 2230 summi
1660 2176 1931 2245 pontificis
1963 2176 2169 2228 ratione
2192 2175 2446 2229 defensus

867 2265 1109 2331 procedit
1136 2264 1201 2319 ad
1236 2265 1510 2336 populum,
1547 2281 1790 2319 summus
1822 2275 1875 2318 et
1909 2266 1995 2319 ille
2024 2265 2265 2335 pontifex
2307 2264 2447 2320 Can-

862 2356 1160 2409 tuariorum
1190 2356 1568 2425 przetitnlatus,
1597 2366 1815 2427 gestans
1845 2356 2075 2427 insignia
2110 2357 2310 2421 Aaron,
2340 2371 2445 2411 non

857 2448 992 2517 lcgis
1024 2447 1287 2502 velamine
1314 2446 1650 2509 adumbrata,
1687 2448 1779 2502 sed
1810 2447 2004 2502 divinae
2044 2447 2446 2516 propitiationis

858 2554 1087 2593 munere
1124 2556 1221 2609 per
1244 2540 1470 2609 gratiam
1494 2537 1693 2593 Christi
1724 2538 2000 2607 insignita.
2030 2537 2156 2592 Inde
2179 2540 2243 2593 ad
2268 2538 2443 2593 eccle-

858 2632 994 2684 siam
1023 2647 1141 2699 quze
1182 2632 1281 2686 sibi
1316 2631 1488 2685 fuerat
1533 2632 1847 2699 consignata
1891 2645 2159 2697 reversus,
2190 2642 2350 2701 atque
2389 2632 2442 2686 in

858 2721 1114 2776 cathedra
1146 2722 1434 2791 pontificali
1467 2722 1807 2787 sublimatus,
1851 2725 2163 2777 recordatus
2205 2733 2285 2778 est
2316 2725 2443 2793 quid

858 2814 985 2868 ofim
1018 2814 1313 2869 exsultanti
1360 2815 1574 2871 diabolo
1615 2818 1974 2885 promisisset,
2008 2833 2129 2871 cum
2164 2818 2311 2872 illum
2359 2834 2443 2873 re-

857 2908 995 2975 galis
1037 2908 1283 2978 impietas
1321 2908 1512 2962 exsilio
1554 2910 1910 2979 ascripsisset.
1957 2910 2142 2979 Itaque
2188 2911 2361 2965 obviis
2387 2912 2439 2965 in

856 3000 1007 3053 illum
1040 3002 1287 3055 manibus
1334 3001 1637 3069 insurgere,
1686 3003 1927 3056 membra
1977 3002 2093 3071 ejus
2133 3002 2441 3071 evangelico

854 3089 1034 3159 gladio
1080 3090 1337 3153 dividere,
1398 3099 1452 3144 et
1498 3106 1628 3144 oves
1657 3105 1776 3160 qua:
1824 3092 2247 3160 circumquaque
2291 3106 2440 3144 erra-

853 3182 1051 3236 bunda:
1082 3180 1414 3247 ferebantur,
1453 3184 1519 3237 ad
1551 3182 1887 3237 Dominicnm
1921 3184 2061 3238 ovile
2093 3199 2363 3237 revocare.

1195 3274 1364 3327 Ex'wii
1410 3276 1640 3328 animam
1669 3292 1700 3329 α
1719 3278 1880 3345 poenis
1903 3278 2106 3330 liberat.

922 3366 1013 3419 50.
1058 3366 1261 3417 Interea
1292 3373 1505 3418 mortuo
1539 3365 1859 3434 impiissimo
1890 3380 2016 3436 rege
2052 3366 2162 3436 (43)
2189 3365 2392 3419 Edvvio
2422 3406 2435 3429 ,

853 3466 1016 3526 atque
1062 3456 1112 3507 in
1174 3464 1375 3508 sortem
1419 3454 1779 3525 malignorum
1832 3455 2120 3524 spirituum
2152 3454 2431 3516 translato,

849 3547 1160 3599 Dunstanus
1198 3546 1248 3598 in
1278 3546 1525 3611 ecclesia,
1578 3546 1659 3599 cui
1693 3556 1941 3615 praeerat,
1976 3546 2212 3601 Deividis
2271 3547 2441 3601 medi-

849 3639 1148 3692 tationibus
1197 3638 1562 3704 inserviebat,
1628 3638 1761 3692 nihil
1816 3617 1995 3693 sciens
2029 3639 2157 3708 quid
2205 3639 2271 3694 de
2314 3653 2437 3707 rege

848 3740 1028 3785 actum
1064 3728 1272 3784 luisset.
1300 3729 1364 3782 Et
1404 3744 1530 3783 ecce
1559 3738 1797 3784 tartarea
1829 3730 2024 3785 cohors
2062 3731 2162 3785 sub
2185 3728 2300 3797 ejus
2347 3746 2434 3783 as-

845 3832 1003 3890 pectu
1034 3821 1354 3875 exsultando
1389 3821 1542 3889 quasi
1572 3822 1797 3875 chorum
1836 3822 2054 3888 ducere,
2083 3832 2137 3877 et
2168 3821 2328 3876 veluti
2370 3822 2435 3876 de

846 3926 1001 3983 capta
1059 3912 1236 3982 prteda
1296 3911 1448 3967 lzetas
1500 3912 1755 3990 v'ctorias
1810 3928 1989 3983 agere.
2052 3912 2435 3967 Perserutatur

846 4006 1031 4073 itaque
1055 4010 1271 4057 sanctus
1298 4018 1515 4056 causam
1564 4002 1784 4066 hetitiat,
1835 4002 1983 4059 audit
2032 4018 2212 4073 regem
2262 4004 2431 4057 abiis-

846 4113 906 4152 se
943 4138 956 4161 ,
1023 4098 1261 4151 animam
1311 4095 1452 4150 illius
1501 4096 1892 4165 gehennalibus
1938 4097 2122 4151 statim
2172 4097 2433 4151 incendiis

846 4184 1163 4239 tradendam
1212 4180 1481 4254 [liberat];
1556 4184 1649 4237 sed
1708 4184 1859 4252 prius
1908 4184 2008 4239 hoc
2054 4184 2333 4239 Dunstano
2366 4201 2431 4237 ex

844 4274 1028 4329 divino
1074 4274 1300 4343 imperio
1353 4274 1726 4329 nuntiandum.
1786 4274 1957 4329 Mutus
2010 4277 2191 4344 itaque
2231 4276 2431 4345 pietate

846 4365 1160 4418 Dunstanus
1206 4364 1321 4418 solo
1385 4375 1539 4417 tenus
1590 4364 1974 4433 prosternitur,
2035 4364 2314 4432 largiﬂuus
2365 4380 2428 4418 ex

843 4455 1014 4509 oculis
1061 4456 1422 4525 lacrymarum
1466 4454 1636 4509 imber
1676 4455 2028 4525 producitur;
2065 4457 2429 4526 pulsatDeum

840 4548 1110 4615 precibus,
1165 4564 1264 4603 nec
1309 4548 1378 4602 ab
1432 4548 1521 4602 illo
1570 4548 1775 4603 orando
1821 4549 2095 4618 quiescit,
2148 4564 2429 4619 quousque

842 4640 1090 4709 spiritum
1126 4642 1265 4710 regis
1289 4641 1573 4695 liberatum
1605 4641 1870 4711 agnoscit.
1914 4642 2073 4695 Brevi
2102 4650 2283 4695 autem
2316 4656 2429 4696 mo-

843 4728 961 4782 rula
1019 4739 1237 4799 peracta
1265 4729 1405 4783 redit
1452 4730 1624 4787 tristis
1669 4730 1806 4800 legio
1852 4728 2153 4793 infernalis,
2207 4744 2429 4796 magno-

844 4837 948 4891 que
984 4821 1224 4877 clamore
1253 4823 1305 4875 in
1338 4823 1435 4876 has
1465 4837 1625 4876 voces
1656 4822 1890 4889 erumpit
1919 4841 1931 4873 :
1972 4819 2014 4875 Ο
2050 4831 2102 4876 te
2151 4820 2425 4875 hominem

841 4913 1156 4968 hominum!
1212 4928 1244 4967 ο
1307 4913 1428 4967 fidei
1484 4912 1747 4968 alienum!
1814 4912 2081 4966 onostris
2148 4910 2428 4966 beneficiis

840 5020 1053 5074 semper
1121 5003 1429 5071 ingratum!
1488 5020 1586 5058 nos
1653 5002 1942 5057 detulimus
1980 5002 2316 5071 obsequium,
2373 5009 2426 5053 tu

840 5093 996 5148 nobis
1044 5093 1276 5150 retulisti
1326 5094 1683 5165 supplicium;
1737 5094 1803 5149 ad
1834 5094 2174 5148 ulciscendas
2204 5090 2427 5160 injurias
2464 5167 2471 5175 '

838 5193 961 5239 tuas
987 5185 1052 5239 de
1078 5188 1296 5256 regione
1349 5186 1697 5241 tenebrarum
1729 5185 1996 5249 venimus,
2055 5193 2109 5238 et
2157 5198 2307 5253 ecce,
2335 5184 2429 5236 ad-

835 5279 1008 5333 versis
1061 5265 1544 5347 imprecationibus
1575 5281 1679 5334 tuis
1725 5278 1937 5334 confusi
1968 5277 2225 5332 redimus.
2258 5276 2426 5330 Cum-

836 5383 939 5435 que
973 5368 1060 5423 ille
1087 5368 1463 5439 depromendze
1514 5371 1762 5426 veritatis
1813 5379 2140 5439 prteceptum
2171 5368 2427 5422 daemoni-

835 5458 933 5500 Ιιιις
1010 5458 1264 5500 iniiinprnl
1394 5463 1635 5500 nnnncnil
1687 5462 1922 5500 nnilnnnl
1983 5459 2123 5500 rpoic
2183 5456 2422 5500 nnanlien

2550 2017 2707 2071 quem
2756 2014 2880 2059 ante
2927 2020 3147 2075 regnum
3190 2022 3300 2076 prae
3339 2007 3555 2062 e:eteris
3588 2008 3870 2062 studuerat
3910 2004 4138 2060 familia-

2551 2094 2663 2147 rius
2698 2094 2940 2164 diligere.
2987 2094 3139 2149 Unde
3194 2097 3438 2165 apposito
3490 2097 3735 2165 patribus
3765 2096 3879 2149 suis
3913 2093 4137 2148 Lundoo

2548 2184 2722 2238 niensi
2784 2186 3058 2256 episcopo,
3118 2197 3305 2257 rogatu
3352 2187 3497 2257 regis
3543 2202 3607 2241 ac
3646 2186 3948 2255 principum
3983 2184 4133 2237 Dun-

2548 2284 2737 2329 stanus
2785 2278 3132 2332 successione
3182 2278 3433 2343 donatur,
3505 2277 3871 2331 annuentibus
3914 2289 4134 2345 quoque

2547 2368 2797 2422 omnibus
2821 2370 3059 2439 ejusdem
3093 2370 3242 2425 urbis
3266 2371 3679 2433 habitatoribus,
3711 2378 3767 2425 et
3806 2366 4133 2438 importunis

2548 2460 2769 2515 vocibus
2832 2460 2973 2515 illius
3021 2476 3216 2516 nomen
3282 2460 3732 2516 acclamantibus.
3829 2457 4134 2512 Audierant

2546 2565 2778 2620 namque
2828 2566 2989 2619 quam
3049 2552 3225 2606 fuerat
3278 2566 3307 2605 a
3363 2551 3620 2620 primaeva
3682 2559 3845 2604 aetate
3898 2548 4009 2603 Deo
4034 2562 4134 2627 ae-

2545 2641 2908 2711 ccptissimus,
2940 2657 3101 2711 quam
3132 2642 3185 2696 in
3214 2642 3302 2696 illa
3330 2642 3415 2697 cui
3446 2649 3677 2711 praeerat
3705 2639 3950 2695 Ecclesia
3980 2637 4130 2694 solli-

2545 2733 2704 2797 citus,
2735 2747 2895 2801 quam
2943 2732 3174 2802 denique
3199 2732 3416 2786 inomni
3446 2746 3503 2787 re
3534 2732 3675 2787 bona
3698 2740 3755 2786 et
3774 2730 3977 2799 optima
4004 2742 4134 2798 pro-

2544 2820 2859 2877 batissimus
2908 2839 2921 2874 :
2980 2830 3033 2876 et
3055 2836 3117 2876 ea
3152 2836 3209 2875 re
3260 2821 3554 2875 noluerunt
3583 2822 3785 2875 [rabere
3812 2819 3977 2874 alium
3999 2832 4130 2873 cum

2545 2914 2755 2982 possint
2798 2913 3000 2969 habere
3039 2914 3410 2968 lectissimum.
3461 2911 3647 2982 Neque
3678 2912 3827 2965 illum
3872 2910 4126 2981 juvitex-

2545 3004 2754 3058 cusatio
2803 3017 3069 3058 canonum
3130 3003 3453 3056 auctoritate
3506 3009 3797 3070 prmtensa,
3864 3000 3957 3070 qui
3986 2999 4128 3053 sicut

2544 3093 2831 3149 ecclesiam
2862 3108 3027 3147 unam
3060 3092 3268 3147 duobus
3290 3107 3406 3147 esse
3436 3091 3702 3162 episcopis
3727 3089 4123 3153 contradicunt,

2544 3185 2617 3238 ita
2643 3184 2777 3239 duas
2806 3184 3075 3239 Ecclesias
3119 3183 3209 3237 uni
3247 3183 3500 3252 episeopo
3544 3181 3659 3235 fieri
3688 3194 3847 3250 posse
3870 3194 3974 3233 non
3999 3192 4127 3248 per-

2544 3277 2799 3330 mittunt:
2851 3275 2986 3329 Cum
3030 3274 3290 3339 Joannes,
3320 3274 3590 3342 inquiunt,
3638 3270 3867 3326 dilectus
3907 3267 4123 3321 Domini

2543 3374 2748 3434 septem
2790 3364 3047 3419 Ecclesiis
3074 3372 3235 3432 atque
3278 3362 3544 3432 episcopis
3595 3374 3780 3414 earum
3826 3355 4122 3428 praefuerit,

2540 3465 2593 3509 et
2618 3457 2805 3511 beatus
2851 3454 3045 3510 Paulus
3088 3453 3328 3508 omnium
3380 3450 3741 3506 Ecclesiarum
3792 3447 4114 3504 sollicitudi-

2542 3561 2664 3600 nem
2689 3546 2926 3600 simulet
2954 3544 3325 3614 magisterium
3359 3541 3630 3596 habuerit.
3678 3539 3899 3594 Talibus
3930 3537 4123 3593 beatus

2541 3634 2792 3691 Pontifex
2824 3636 3093 3690 rationum
3137 3633 3462 3689 testimoniis
3491 3632 3685 3695 vietus,
3715 3628 3989 3684 Lundana:
4021 3642 4118 3681 ur-

2540 3726 2621 3780 bis
2678 3726 2903 3781 antistes
2968 3723 3367 3787 intronizatur,
3433 3736 3542 3777 non
3606 3720 3921 3789 relinquens
3982 3732 4107 3773 eam

2540 3835 2701 3889 quam
2739 3829 2862 3873 ante
2898 3818 3159 3872 habuerat
3190 3816 3487 3871 Ecclesiam
3512 3856 3526 3880 ,
3569 3815 3663 3870 sed
3695 3813 3910 3881 utrique
3938 3808 4128 3881 praesi-

2540 3914 2671 3968 dens
2700 3954 2714 3977 ,
2770 3922 3051 3980 utramque
3085 3924 3277 3981 regens
3306 3951 3319 3974 ,
3371 3908 3655 3978 utriusque
3697 3920 3859 3960 verus
3893 3919 3957 3958 ac
3993 3917 4125 3975 pro-

2537 4006 2685 4076 prius
2724 4002 2963 4073 pontifex
3003 4002 3262 4055 existens.
3341 3996 3518 4052 Habes
3575 4010 3732 4067 ergo,
3786 3992 4127 4049 sanctissime

2537 4098 2718 4161 Pater,
2747 4094 2980 4165 gladium
3018 4091 3190 4156 Pauli,
3220 4104 3380 4159 quem
3415 4088 3508 4141 tibi
3540 4086 3752 4141 caelitus
3793 4084 4124 4139 destinatum

2536 4188 2665 4241 olim
2701 4187 2812 4255 ipse
2852 4184 3135 4245 detulerat,
3185 4190 3239 4235 et
3265 4180 3329 4233 ad
3360 4178 3678 4234 dividendus
3715 4174 3972 4231 Ecclesia:
4014 4172 4122 4226 ini-

2537 4283 2706 4335 micos
2748 4277 3052 4353 habendum
3113 4274 3424 4329 tradiderat.
3491 4272 3557 4325 Et
3586 4268 3833 4340 quamvis
3855 4267 4002 4338 prior
4031 4274 4121 4319 tua

2537 4369 2860 4442 pontificalis
2911 4375 3150 4437 potestas
3198 4381 3302 4420 non
3352 4365 3557 4433 absque
3589 4362 3773 4433 vigore
3799 4356 4124 4427 evangelica:

2535 4462 2831 4532 disciplina:
2885 4459 3259 4514 administrata
3314 4457 3406 4521 sit,
3465 4472 3571 4510 non
3625 4462 3804 4507 tamen
3857 4465 3974 4506 eam
4028 4456 4125 4502 aut

2535 4555 2710 4625 gladio
2737 4593 2751 4618 ,
2801 4560 2895 4605 aut
2924 4564 3152 4619 persona
3183 4548 3519 4618 prtesidentis
3545 4542 4125 4616 prtemonstrariopor-

2537 4645 2655 4708 tuit,
2693 4650 2976 4711 propterea
3010 4638 3152 4708 quod
3183 4651 3356 4707 neque
3402 4636 3665 4706 virginem
3707 4633 3914 4704 gladius
3943 4631 4121 4693 decet,

2536 4735 2680 4788 viros
2706 4741 2885 4786 autem
2933 4730 3087 4785 decet
3116 4748 3127 4782 :
3176 4743 3351 4798 neque
3382 4726 3639 4782 mutando
3670 4726 3849 4781 locum
3897 4720 4126 4778 mutasti

2533 4824 2887 4892 obsequium;
2957 4837 3079 4877 cum
3110 4837 3138 4874 a
3170 4821 3379 4891 virgine
3429 4818 3600 4873 Matre
3667 4817 3878 4873 Domini
3937 4824 4122 4870 trans-

2536 4917 2645 4970 ires
2664 4915 2731 4969 ad
2760 4913 3075 4983 Apostolum
3105 4912 3335 4977 Domini,
3369 4927 3398 4965 a
3424 4910 3783 4981 Wigracistra
3802 4911 3869 4963 ad
3896 4905 4121 4962 Lundo-

2537 5010 2701 5062 niam.
2763 5007 3059 5077 Aecingere
3112 5020 3256 5075 ergo,
3308 5004 3538 5060 bellator
3577 5003 3895 5067 fortissime,
3940 5002 4124 5056 accin-

2533 5116 2659 5171 gere
2706 5099 2882 5172 gladio
2926 5099 3178 5169 potentiae
3235 5099 3352 5164 Dei,
3404 5098 3581 5154 factus
3616 5107 3810 5169 potens
3853 5111 3949 5166 per
3996 5109 4121 5148 eum

2534 5194 2622 5263 qui
2670 5207 2831 5262 supra
2872 5192 3049 5246 femur
3094 5206 3309 5261 quoque
3354 5200 3439 5246 est
3485 5190 3893 5260 potentissinms
3942 5184 4117 5255 (Psal.

2533 5298 2680 5349 κων,
2710 5282 2789 5353 4.)
2846 5282 2913 5335 ad
2943 5282 3306 5336 dimicandum
3364 5280 3621 5336 adversus
3666 5278 3849 5333 mundi
3878 5284 4120 5331 rectores

2536 5376 2881 5431 tenebrarum
2929 5376 3155 5439 harum,
3204 5383 3393 5428 contra
3441 5371 3743 5442 spiritualia
3779 5368 4030 5439 nequitiae
4062 5368 4117 5421 in

2536 5462 2842 5500 nmlnclilule
2875 5462 3070 5500 [Palma
3124 5478 3175 5500 \!l
3227 5462 3314 5500 1οΧ
3389 5462 3577 5500 [livido
3599 5462 3719 5500 illnc
3764 5463 3853 5500 nni
3886 5477 3985 5500 nol-
4024 5475 4118 5500 np-
