4516 5500
470 452 565 507 Ml

2049 448 2224 502 VITA.

3602 450 3705 506 ΗΞ

471 575 563 617 aut
594 563 821 616 Romani
846 563 1111 633 pontificis
1140 563 1427 633 singularis
1456 562 1773 616 sublimitas.
1825 562 1899 614 Da
1929 575 2039 614 sene
2069 564 2120 621 Α
2148 559 2231 613 dia
2273 562 2429 615 redit.
2487 560 2744 616 Dominus
2790 576 3020 630 namque
3050 562 3242 629 agebat
3284 577 3377 628 pro
3404 562 3699 621 Duustano,

474 652 697 705 tentiam
755 652 807 704 in
839 651 1015 720 populi
1067 652 1378 706 seductorcs
1442 651 1793 722 argentarios,
1849 659 2035 704 etnon

470 741 619 807 prius
666 742 731 793 aJ
766 754 978 794 sacrum
1033 742 1200 795 altare
1245 742 1331 795 die
1380 742 1723 795 Pentecostes
1762 740 2037 793 oblaturus

468 828 751 896 procedas,
792 844 951 897 quam
996 839 1051 884 et
1097 831 1215 885 illos
1252 831 1486 884 vindicta
1533 830 1711 894 feriat,
1758 840 1812 885 et
1841 830 2035 899 populo

472 919 566 974 Dei
612 918 820 987 justitia
865 923 1164 990 proveniat.
1220 922 1425 990 Ubique
1458 930 1667 974 tuarum
1694 919 1844 991 signa
1868 922 2035 973 virtu-

465 1014 577 1059 tum
607 1008 864 1076 relinque,
900 1008 1093 1076 ubique
1122 1010 1410 1064 Dominica:
1433 1010 1607 1064 crucis
1632 1020 1828 1078 tropaea
1852 1010 2030 1079 erige;

463 1097 856 1163 promereberis
895 1099 1092 1151 etenim
1146 1108 1264 1166 post
1292 1100 1558 1153 modicum
1591 1099 1823 1167 gladium
1866 1098 2030 1162 Petri,

464 1182 517 1235 iu
550 1198 655 1251 quo
692 1184 997 1251 innumera,
1040 1186 1177 1239 sicut
1223 1186 1431 1249 Petrus,
1488 1186 1725 1241 omnium
1776 1200 2029 1255 generum

462 1273 713 1326 animalia
751 1274 963 1328 occides
1020 1275 1155 1344 (Act.
1186 1292 1238 1337 x,
1272 1278 1355 1337 13,
1392 1276 1500 1345 Η),
1542 1286 1597 1331 et
1626 1278 1677 1331 in
1704 1293 1900 1347 corpus
1927 1278 2027 1332 Ec-

460 1362 639 1419 clesia:
656 1366 1023 1420 manducando
1050 1366 1301 1434 trajicies.
1334 1368 1752 1434 Promereberis,
1786 1372 2027 1439 inquam,

457 1450 691 1519 gladium
742 1452 929 1519 Petri,
997 1454 1311 1524 insignitum
1342 1446 1579 1510 nomine
1643 1460 2027 1527 omnipotentis

456 1542 575 1595 Filii
630 1542 743 1607 Dei,
793 1544 939 1597 utin
977 1546 1121 1599 omni
1177 1546 1468 1616 Anglorum
1515 1548 1798 1602 latitudine
1828 1548 2023 1618 ligandi

454 1632 799 1701 solvendique
828 1644 1065 1702 potestas
1110 1652 1205 1704 per
1258 1638 1402 1690 illum
1455 1638 1551 1691 tibi
1609 1648 1887 1708 augeatur,
1924 1655 2023 1693 nec

452 1718 625 1771 valeat
659 1719 709 1772 in
736 1720 872 1775 ovile
902 1722 1103 1775 intrare
1141 1725 1342 1789 ovium,
1369 1726 1458 1794 qui
1490 1732 1542 1779 te
1566 1725 1789 1779 ductore.
1816 1742 1919 1780 non
1944 1744 2023 1781 as-

452 1807 691 1860 cenderit
738 1824 832 1878 per
870 1813 1086 1863 ostium.
1134 1812 1303 1877 Quam
1362 1815 1553 1869 merito
1600 1817 1795 1870 ostium
1842 1820 2020 1873 horrei

2141 657 2197 702 ut
2224 648 2472 717 impleret
2492 650 2711 704 verbum
2741 664 2918 712 suum,
2951 650 3090 717 quod
3120 650 3437 717 promiserat
3463 650 3512 701 in
3542 664 3701 702 manu

2139 739 2437 808 principum
2474 740 2619 809 regni
2651 739 2754 794 sui.
2803 740 3101 793 Advertens
3130 748 3308 791 autem
3343 754 3434 793 rex
3462 738 3702 808 Edgarus

2140 828 2327 881 horum
2366 828 2830 898 reprobationem,
2882 827 3119 881 melioris
3163 842 3280 881 esse
3344 827 3697 892 vocationem,

2137 918 2413 986 solumque
2458 919 2509 972 in
2542 918 2789 973 omuibus
2828 918 3137 972 hominibus
3184 932 3302 971 esse
3334 917 3697 983 Dunstanum,

2134 1008 2218 1062 cui
2259 1022 2416 1060 nemo
2447 1006 2701 1070 conferri,
2747 1008 2853 1061 imo
2907 1007 3153 1060 omnibus
3197 1017 3379 1074 posset
3434 1008 3698 1075 prmterri,

2136 1099 2291 1152 tertio
2324 1098 2471 1151 illum
2498 1099 2749 1167 precibus
2778 1098 3080 1167 fatigatum,
3117 1098 3436 1166 tandemque
3465 1113 3584 1151 cum
3613 1100 3695 1151 sui

2134 1190 2320 1258 ipsius,
2350 1199 2460 1244 tum
2506 1192 2746 1245 omnium
2768 1190 3139 1258 episcoporum
3172 1190 3574 1257 importunitate
3614 1205 3700 1243 su-

2132 1289 2399 1348 peratum,
2433 1281 2617 1349 prima:
2648 1280 2958 1349 metropolis
2980 1280 3273 1348 Anglorum
3306 1281 3587 1347 primatem
3635 1295 3699 1335 ac

2130 1371 2489 1438 patriarcham
2520 1372 2750 1425 instituit
2788 1370 2919 1441 (45).
2980 1371 3147 1436 Quem
3185 1371 3365 1425 statim
3414 1371 3483 1425 ob
3538 1372 3701 1425 robur

2128 1461 2435 1529 apostolicae
2460 1461 2578 1514 fidei
2603 1460 2683 1513 vel
2722 1460 3055 1514 auctoritatis
3082 1462 3147 1513 ad
3173 1459 3485 1513 Romuleam
3510 1459 3699 1513 urbem

2128 1550 2445 1617 profectum,
2504 1549 2779 1604 Romanus
2827 1549 3064 1617 pontifex
3118 1548 3231 1618 (46)
3262 1550 3443 1603 videre
3484 1564 3696 1618 prome-

2127 1641 2255 1702 ruit,
2283 1654 2512 1707 eumque
2537 1639 2707 1692 sacris
2743 1638 3137 1707 pontificalibus
3170 1638 3479 1691 decoratum
3500 1678 3513 1699 ,
3542 1637 3696 1705 quasi

2126 1730 2372 1800 angelum
2438 1730 2644 1783 Domini
2720 1730 3097 1793 exercituum,
3193 1730 3259 1783 ad
3336 1729 3694 1784 exhibendam

2123 1821 2316 1873 divinm
2387 1820 2519 1886 legis
2583 1819 2909 1881 scientiam,
3010 1827 3099 1872 aut
3168 1820 3319 1888 quasi
3388 1818 3693 1873 columnam

452 1894 774 1951 Dorobernia
823 1909 997 1964 sonat,
1051 1912 1106 1956 ut
1138 1902 1387 1958 horreum
1418 1906 1488 1958 sit
1524 1906 1817 1976 amplitudo
1856 1909 2020 1979 impe-
2051 1890 2095 1947 Β
2123 1908 2256 1964 lucis
2310 1910 2374 1961 ad
2408 1909 2807 1962 illuminandam
2862 1908 3052 1963 faciem
3109 1917 3287 1971 terrae,
3322 1911 3466 1979 genti
3496 1909 3694 1979 Anglo—

452 1987 517 2039 rii
556 1988 865 2058 Anglorum,
931 1994 1127 2047 ostium
1179 2010 1305 2050 vero
1359 1998 1691 2067 principatus
1767 2001 2019 2057 Ecclesia:

448 2073 879 2133 Cantuariorum.

447 2183 627 2239 Odone
668 2200 912 2271 ηιοιίιιοιΞ
966 2194 1183 2271 itemque
1223 2194 1468 2271 El/‘sino;
1514 2198 1811 2255 Bertltelt'no
1832 2203 2014 2271 ejecta,

872 2259 1213 2316 Cantuariam
1238 2259 1571 2334 transfertur.

513 2344 601 2398 '52.
658 2349 900 2403 Excessit
944 2366 1074 2421 ergo
1129 2354 1378 2410 humanis
1420 2359 1598 2421 rebus,
1630 2360 1889 2415 deductus
1917 2376 2013 2414 an-

442 2434 680 2502 gelorum
701 2439 947 2493 manibus
970 2443 1034 2493 ad
1068 2443 1371 2511 paradisum
1403 2448 1651 2517 princeps
1674 2450 2011 2505 sacerdotum

440 2525 578 2589 Odo,
628 2528 709 2580 vir
760 2529 936 2584 clarus
972 2533 1251 2600 sapientia,
1284 2544 1338 2589 et
1364 2536 1565 2591 virtute
1615 2538 1916 2603 laudabilis,
1960 2549 2012 2593 et

440 2615 543 2669 nisi
608 2615 913 2673 Duustanus
974 2624 1327 2690 succederet,
1394 2628 1460 2682 ab
1516 2630 1659 2683 omni
1717 2632 2008 2700 Anglorum

437 2705 569 2759 orbe
628 2707 741 2777 (44)
792 2724 1004 2778 semper
1059 2714 1352 2769 dellendas.
1420 2718 1546 2773 Post
1595 2719 1746 2787 cujus
1770 2721 2006 2783 obitum,

435 2809 557 2846 cum
615 2812 706 2849 rex
738 2796 1070 2853 Dunslanum
1119 2801 1419 2869 adjuraret,
1473 2816 1531 2859 ut
1575 2808 1821 2877 princeps
1859 2809 2008 2865 fieret

434 2883 791 2950 sacerdotum,
824 2902 921 2941 nec
946 2889 1031 2942 ille
1055 2892 1321 2959 adjurauti
1350 2894 1451 2946 ulla
1493 2896 1701 2950 ratione
1729 2912 2006 2951 assensum

432 2975 885 3037 accommodaret,
933 2978 1191 3033 assistunt
1237 2981 1485 3049 quidam,
1524 3000 1750 3053 quorum
1815 3002 2005 3040 manus

432 3061 733 3116 Wentonize
766 3067 1043 3135 episcopus
1086 3068 1316 3125 Elfsiuus
1348 3073 1682 3141 impleverat,
1733 3076 2002 3145 postulan-

434 3159 515 3205 tes
540 3153 845 3208 conlirmari
903 3158 973 3211 illi
1001 3174 1269 3215 summum
1300 3166 1682 3221 sacerdotium.
1734 3170 1831 3224 llic
1856 3174 1998 3225 enim

2122 2017 2239 2054 rum
2309 2001 2624 2054 transmisit.
2732 2000 2868 2054 Ecce
2936 2000 3383 2068 quemadmodum
3477 2001 3691 2069 impleta

2119 2097 2289 2152 sunt,
2390 2104 2507 2157 quae
2578 2102 2672 2156 per
2736 2088 2970 2157 gladium
3035 2089 3200 2142 verbo
3295 2089 3387 2143 Dei
3463 2090 3690 2158 inscrip-

2119 2186 2250 2240 tum,
2280 2193 2342 2231 ac
2365 2178 2516 2231 beata
2550 2176 2807 2243 principis
2840 2176 3204 2245 apostolorum
3243 2176 3386 2229 Petri
3417 2176 3680 2246 legatione

2118 2267 2459 2328 exhibitum,
2512 2275 2661 2319 tanto
2710 2275 2834 2318 ante
2883 2266 3241 2333 praenuntiata
3297 2264 3530 2319 fuerunt.
3586 2266 3693 2323 Sed

2114 2357 2240 2424 quid
2273 2355 2374 2408 sibi
2412 2355 2523 2408 vult
2552 2355 2693 2423 quod
2720 2355 2783 2407 de
2814 2368 2974 2406 manu
3024 2354 3168 2407 tertii
3217 2354 3440 2422 apostoli
3475 2357 3691 2409 tertium

2114 2446 2347 2515 gladium
2379 2444 2687 2511 acceperit,
2719 2460 2837 2497 cum
2885 2445 2935 2496 in
2987 2444 3210 2497 ecclesia
3260 2460 3378 2512 qua:
3428 2446 3527 2499 sub
3574 2446 3691 2514 ejus

2114 2536 2328 2589 nntiiine
2358 2538 2495 2605 apud
2527 2534 2893 2587 Rovecistram
2926 2534 3247 2588 venerabilis
3277 2534 3525 2598 habetur,
3555 2550 3687 2603 pon-

2114 2626 2238 2679 tifex
2290 2640 2628 2694 nequaquam
2678 2624 2927 2677 sederit?
2974 2623 3126 2676 Sedit
3180 2624 3333 2691 plane
3384 2635 3688 2694 potestate,

2109 2717 2208 2769 etsi
2254 2732 2357 2769 non
2409 2714 2674 2782 corporali
2724 2714 3010 2777 sessione;
3046 2713 3217 2777 sedit,
3266 2715 3481 2783 inquam
3536 2724 3688 2782 pote-

2109 2816 2247 2861 state
2276 2848 2289 2870 ,
2340 2807 2565 2875 imperio
2596 2806 2775 2869 sedit,
2823 2803 3134 2858 defensione
3183 2806 3361 2870 sedit,
3413 2806 3689 2861 beneficiis

2108 2896 2261 2949 sedit.

2107 2985 2359 3040 Columba
2411 2985 2545 3037 inter
2608 3000 2761 3037 sacra
2819 2984 3134 3104 illustratur.
3192 2985 3393 3053 Aquam
3446 3001 3509 3038 ea:
3562 3002 3688 3053 rupe

2821 3064 2981 3104 emt.

2821 3064 2981 3107 elmt.

2175 3167 2261 3222 33.
2296 3165 2400 3220 Sed
2434 3180 2500 3219 ne
2540 3166 2796 3217 virtutum
2841 3165 2981 3219 illius
3024 3167 3197 3234 gratia
3240 3166 3367 3219 urbs
3396 3165 3685 3220 Cautuaria

428 3249 483 3293 et
529 3251 653 3296 ante
704 3242 942 3297 Odonem
980 3263 1247 3303 sumnntm
1294 3254 1652 3309 sacerdotium
1692 3260 1997 3325 ambierat;
2030 3218 2072 3279 Ο
2104 3269 2246 3311 esset
2272 3258 2500 3325 privata,
2539 3265 2630 3308 aut
2657 3266 3004 3324 augmentum
3054 3257 3287 3323 suscepti
3340 3257 3558 3311 honoris
3598 3258 3684 3310 di-

426 3330 522 3383 sed
572 3342 750 3386 custos
778 3334 1029 3391 Ecclesire
1058 3356 1165 3393 suae
1208 3340 1453 3397 Christus
1476 3346 1820 3401 ambitionem
1863 3350 2001 3405 illius

428 3419 773 3487 impediebat.
813 3424 997 3492 Itaque
1022 3443 1111 3481 rex
1148 3445 1240 3482 cos
1263 3432 1353 3499 qui
1388 3436 1704 3489 muneribus
1727 3438 1997 3504 poatilieis

424 3512 662 3578 corrupti
695 3510 926 3577 fuerant,
958 3516 1087 3568 nihil
1109 3520 1426 3587 suspiciens,
1459 3531 1511 3577 et
1542 3524 1611 3577 ob
1643 3526 1743 3580 hoc
1770 3528 1996 3597 simplici

422 3612 519 3650 eos
543 3600 721 3655 animo
747 3604 1057 3669 exaudiens,
1086 3608 1328 3663 orbatam
1364 3623 1577 3679 pastore
1594 3615 1887 3670 Ecclesiam
1917 3619 1995 3672 ei-

424 3689 547 3740 dem
583 3691 794 3744 tradidit
820 3693 1242 3762 gubernandam.
1298 3701 1403 3754 Sed
1438 3716 1559 3755 cum
1607 3703 1832 3758 Romam
1868 3722 1993 3775 pro-

422 3778 606 3861 fectus.
626 3780 834 3845 fuisset,
884 3793 941 3839 ut
986 3787 1203 3853 pallium
1235 3805 1263 3841 a
1319 3792 1445 3845 sedc
1494 3795 1786 3861 apostolica
1822 3799 1993 3851 susci-

418 3879 592 3937 peret,
622 3874 768 3941 gravi
793 3875 933 3928 inter
962 3878 1118 3945 Alpes
1141 3878 1338 3949 frigore
1371 3894 1654 3951 correptus
1687 3887 1882 3941 misere
1916 3888 1995 3941 in-

421 3959 589 4022 teriit,
632 3961 789 4029 digna
843 3966 942 4018 sibi
1000 3966 1201 4023 ultione
1256 3971 1514 4026 divinitus
1552 3987 1988 4045 recompensata;

421 4050 476 4138 ui
508 4052 596 4117 qui
622 4052 687 4105 ab
733 4069 913 4109 amore
955 4058 1251 4113 caelestium
1280 4061 1552 4130 friguisset
1583 4067 1633 4119 iu
1668 4071 1845 4132 corde,
1901 4086 1995 4138 per

424 4136 644 4207 frigoris
666 4143 1008 4208 asperitatem
1049 4149 1250 4215 periret
1290 4150 1341 4202 in
1372 4167 1614 4221 corpore,
1651 4164 1704 4208 et
1742 4157 1832 4223 qui
1860 4136 1991 4211 alie-

420 4241 522 4281 nos
556 4228 787 4285 honores
816 4235 1023 4289 ambire
1052 4242 1503 4309 prmsumpsissct,
1557 4246 1667 4310 ipse
1717 4247 1767 4299 in
1818 4248 1991 4303 aliena

416 4314 637 4383 regione
673 4329 936 4385 mortuus,
973 4323 1227 4379 honorem
1264 4330 1467 4396 pariter
1495 4341 1549 4384 et
1574 4332 1733 4385 vitam
1776 4336 1992 4391 amitte-

419 4412 523 4457 ret.
553 4406 747 4461 lterum
772 4426 964 4479 preces
994 4414 1058 4467 de
1083 4418 1549 4487 archiepiscopatu
1581 4420 1855 4478 Dunstano
1877 4425 1993 4479 fun-

2102 3348 2329 3401 minutio
2368 3346 2649 3415 prmteritre
2678 3346 2949 3399 videretur
2977 3347 3138 3399 fuisse
3166 3346 3400 3410 virtutis,
3431 3347 3679 3413 dignatus

2101 3449 2183 3493 est
2232 3437 2468 3507 Spiritus
2512 3445 2733 3490 sanctus
2761 3436 2911 3488 novis
2961 3436 3281 3503 quibusdam
3341 3437 3527 3505 gratia:
3575 3452 3686 3490 suae

2099 3526 2380 3597 principiis
2408 3527 2477 3578 ita
2504 3526 2675 3577 virum
2703 3525 2754 3577 in
2784 3523 3010 3577 ecclesia
3037 3524 3332 3577 Salvatoris
3360 3523 3682 3586 clarificare,

2099 3630 2157 3672 ut
2190 3618 2452 3672 mirabilis
2498 3617 2609 3685 ipse
2650 3624 2799 3669 extra
2831 3616 3063 3668 hominis
3110 3624 3359 3667 naturam
3407 3616 3683 3667 videretur

2098 3725 2235 3763 esse.
2262 3708 2413 3768 Nam,
2441 3722 2560 3759 cum
2592 3706 2677 3758 die
2709 3706 2971 3759 adventus
3001 3706 3080 3758 sui
3126 3707 3301 3773 primo
3346 3708 3517 3759 sacris
3543 3706 3681 3758 alta-

2098 3798 2247 3852 ribus
2292 3798 2689 3857 assisteret,et
2747 3793 2942 3862 populo
3006 3793 3098 3845 Dei
3157 3793 3425 3845 vivificum
3491 3810 3681 3863 panem

2096 3886 2466 3942 distribuendo
2541 3885 2884 3953 porrigeret,
2950 3893 3169 3951 repente
3235 3893 3479 3936 contecta
3544 3884 3683 3937 nube

2095 3978 2274 4041 domo,
2309 3974 2553 4030 columba
2586 3975 2635 4027 in
2661 3974 2894 4028 Jordane
2920 3988 2947 4026 a
2966 3974 3169 4027 Joanne
3191 3974 3318 4027 olim
3341 3976 3453 4027 visa
3480 3975 3675 4027 iterum

2094 4065 2343 4134 apparuit
2378 4064 2527 4132 (Luc.
2563 4078 2644 4127 ιιι,
2675 4062 2767 4133 ‘22)
2804 4103 2816 4126 ,
2849 4077 2967 4130 qua;
3022 4076 3300 4129 quousque
3356 4060 3681 4115 sacrificium

2093 4163 2238 4209 esset
2264 4162 2639 4221 consumptum
2672 4166 2831 4221 super
2859 4150 3004 4203 illum
3034 4150 3511 4219 mansit.Cumque
3549 4165 3681 4204 con-

2093 4253 2363 4312 sumptum
2402 4253 2545 4297 esset
2581 4243 2926 4304 sacrificium,
2956 4242 3221 4310 requievit
3269 4257 3428 4310 supra
3476 4256 3681 4294 memo-

2094 4334 2227 4387 riam
2255 4332 2398 4385 beati
2433 4332 2655 4394 Odonis,
2690 4348 2809 4400 qua:
2846 4332 2910 4383 ad
2944 4332 3234 4384 australem
3260 4340 3469 4399 partem
3492 4331 3679 4383 altaris

2092 4423 2144 4475 in
2175 4426 2391 4477 modum
2424 4424 2720 4493 pyramidis
2745 4433 3019 4475 exstructa
3052 4423 3186 4475 fuit:
3220 4437 3285 4475 ex
3337 4438 3441 4490 qua
3474 4422 3559 4475 die
3603 4423 3676 4474 ita

423 4495 641 4561 duntur,
687 4513 786 4554 nec
816 4502 1105 4572 quidquam
1153 4507 1202 4559 in
1252 4508 1432 4562 animo
1464 4510 1603 4564 illius
1634 4513 1990 4570 confessionis
2022 4514 2338 4609 Dpontifex
2389 4516 2642 4569 meritum
2689 4513 2928 4583 ersdem
2981 4515 3216 4567 hominis
3267 4513 3361 4566 Dei
3410 4513 3679 4566 reveritus

426 4595 714 4609 ,ικη..-..ί--..
782 4588 921 4609 n,__,,
978 4608 983 4609 ,
1014 4603 1050 4609 ,_
1189 4596 1199 4609 ι
1239 4596 1269 4609 ι·
1316 4598 1345 4609 σν
1504 4600 1514 4609 ι
1680 4602 1689 4609 .
1794 4604 1807 4609 -
2922 4605 2930 4609 .
3102 4606 3110 4609 .
3152 4605 3160 4609 .
3408 4601 3433 4609 μ

422 4595 733 4652 operantur.
781 4588 1116 4661 Quapropter
1169 4596 1418 4665 deligitur
1448 4600 1514 4652 ad
1554 4602 1980 4669 patriarchatum

419 4674 829 4735 Cantuariensis
880 4682 1134 4739 Ecclesiae
1188 4686 1530 4742 Berthelinus
1580 4691 1988 4748 Dorsacensium

415 4764 729 4834 episcopus,
785 4770 947 4825 homo
999 4775 1330 4828 mansuetior
1379 4791 1541 4844 quam
1575 4779 1891 4848 industrior,
1938 4792 1992 4837 et

414 4857 508 4925 qui
551 4872 658 4912 sua:
698 4862 869 4930 magis
901 4878 1064 4931 quam
1098 4864 1286 4920 aliena:
1322 4868 1443 4921 vita:
1468 4880 1647 4925 nosset
1676 4874 1983 4929 consulere.

407 4948 459 5002 ls
499 4960 616 5017 post
668 4966 869 5019 paucos
902 4956 1133 5023 suscepti
1172 4960 1514 5025 pontificatus
1541 4962 1677 5027 dies,
1740 4967 1988 5034 cognitus

408 5039 551 5106 quod
596 5042 661 5093 ad
702 5051 905 5095 tantam
931 5060 1042 5098 rem
1080 5046 1259 5101 minus
1287 5058 1430 5102 esset
1471 5050 1712 5116 idoneus,
1739 5053 1921 5121 jussus
1957 5071 1986 5109 a

414 5144 537 5197 rege
564 5139 615 5185 et
642 5134 787 5186 omni
840 5135 1067 5203 populo,
1115 5136 1404 5193 Cantuaria
1446 5140 1691 5207 discedit,
1726 5154 1888 5213 atque
1916 5146 1982 5199 ad

410 5219 647 5277 relictam
672 5238 847 5293 nuper
886 5224 1182 5283 Ecclesiam
1229 5245 1383 5285 suam
1426 5247 1529 5285 non
1568 5236 1684 5291 sine
1717 5251 1981 5291 verecun-

420 5421 430 5423 ξ
473 5334 596 5424 '(ﬁ)
624 5335 771 5424 illuc
795 5338 1066 5424 pertinent
1104 5340 1377 5424 ⁸Ὗίιιςξιιηί
1409 5411 1418 5421 ⁸
1446 5346 1606 5399 verba
1663 5348 1716 5424 in
1752 5345 1986 5424 _Odone.

2093 4614 2210 4666 est,
2261 4614 2321 4657 ut
2349 4621 2621 4674 nunquam
2665 4605 3020 4673 pertransiret
3062 4605 3163 4657 nisi
3198 4619 3370 4673 genua
3404 4601 3676 4661 flecteret,

2092 4694 2402 4763 bonmuque
2432 4696 2579 4747 illum
2610 4702 2849 4757 vocaret,
2877 4694 2945 4747 ita
2979 4694 3163 4747 dicens
3192 4711 3203 4745 :
3259 4692 3355 4746 Hic
3391 4692 3681 4760 requiescit

2098 4785 2214 4840 Odo
2237 4787 2435 4841 bonus.

2166 4878 2253 4931 '54.
2283 4878 2388 4931 Per
2420 4879 2558 4931 idem
2593 4887 2802 4947 tempus
2830 4878 3047 4945 quidam
3080 4890 3307 4947 magnus
3346 4873 3597 4927 videlicet
3624 4881 3680 4928 et

2098 4981 2291 5041 potens
2321 4971 2585 5025 Salvatori
2614 4969 2894 5024 :ediculam
2942 4970 3215 5029 instituit;
3262 4968 3327 5019 ad
3383 4980 3544 5034 quam
3596 4980 3680 5017 sa-

2089 5064 2368 5127 crandam,
2398 5070 2454 5116 et
2501 5060 2625 5128 jure
2670 5062 2886 5132 proprio
2926 5061 3308 5130 possidendam
3360 5056 3683 5112 venerabilis

2086 5152 2329 5220 pontifex
2363 5152 2673 5206 Duustanus
2726 5152 2985 5205 invitatus
3019 5150 3265 5207 accessit.
3318 5148 3417 5203 Ubi
3462 5162 3581 5201 cum
3615 5148 3681 5200 ad

2094 5243 2457 5299 ministerium
2489 5242 2847 5299 dedicationis
2869 5257 3013 5310 aqua
3045 5242 3325 5304 defuisset,
3356 5254 3418 5293 ac
3444 5252 3539 5305 per
3578 5237 3684 5291 hoc

2096 5370 2259 5424 quam
2316 5356 2437 5409 aliis
2476 5358 2792 5412 auctoribus
2828 5354 2877 5405 in
2917 5354 3123 5413 Odonis
3143 5352 3291 5406 Actis
3326 5350 3681 5419 przetutimus.
