4516 5500
858 466 964 518 443

1888 462 1943 516 S.
1988 456 2402 514 DU‘NSTANUS
2437 456 2734 509 EPISCOP.
2777 455 3122 510 CANTUAR.

3991 452 4094 504 4η

862 578 1133 631 invitatori
1189 578 1507 631 verecundia
1554 576 1909 639 accessisset,
1945 574 2009 627 ad
2068 588 2253 626 vocem
2308 571 2428 631 viri,
2463 574 2508 631 Λ
2537 570 2631 623 siis
2657 568 3017 637 expellendos.
3051 569 3125 622 Ex
3160 585 3265 638 quo
3292 568 3486 623 factum
3519 576 3601 622 est
3649 577 3706 621 ut
3747 570 4094 636 quarumdam

860 680 1020 733 quam
1052 681 1148 734 per
1177 674 1424 719 naturam
1476 680 1580 718 non
1626 665 1855 729 habuit,
1909 679 2006 732 per
2063 664 2289 733 gratiam
2342 662 2429 713 Dei

861 753 1011 806 arida
1056 766 1216 822 rupes
1264 768 1459 822 aquam
1506 752 1745 822 profudit
1787 768 1906 821 quae
1950 752 2015 803 de
2064 750 2247 804 eadem
2302 763 2433 817 rupe

858 854 1026 907 usque
1059 841 1216 893 hodie
1263 856 1487 895 manans
1533 841 1666 911 (47),
1714 855 1777 894 ac
1816 838 2150 894 salutifer-um
2191 837 2433 891 fidelibus

858 930 1107 999 poculum
1139 931 1402 997 pratbcns,
1432 932 1686 985 Dunstaui
1716 945 1906 984 nomen
1936 928 2145 982 celebre
2177 926 2322 980 facit.

1023 1019 1223 1087 Anglia:
1252 1030 1446 1073 statum
1473 1019 1746 1087 reformat.
1772 1018 1983 1071 Codices
2010 1017 2267 1069 emendat.

929 1111 1235 1164 Dnnstanus
1264 1111 1425 1180 igitur
1470 1112 1697 1165 candida
1745 1110 2075 1179 apostolatus
2121 1108 2202 1162 sui
2237 1108 2370 1161 stola
2402 1121 2432 1160 a

859 1201 1118 1263 llomano,
1148 1211 1205 1254 ut
1234 1203 1487 1265 diximus,
1511 1201 1762 1271 pontifice
1792 1199 2067 1263 infulatus,
2092 1207 2146 1253 et
2170 1197 2433 1252 universa:

856 1297 1149 1365 Anglorum
1183 1299 1581 1367 genti,neenon
1613 1306 1667 1350 et
1712 1296 1832 1350 aliis
1882 1296 2187 1365 regionibus
2236 1292 2434 1361 Anglo-

858 1399 975 1435 rum
1009 1399 1171 1453 regno
1198 1385 1490 1453 suppositis
1518 1385 1823 1453 patriarcha
1852 1384 2173 1445 destinatus,
2208 1381 2433 1434 festina-

857 1472 947 1523 bat
969 1472 1208 1541 singulas
1239 1474 1473 1541 regionis
1502 1473 1707 1543 digredi
1739 1473 1986 1526 civitates
2010 1512 2024 1535 ,
2056 1481 2113 1524 ut
2162 1471 2206 1525 si
2238 1471 2431 1539 quibus

856 1576 1051 1614 nomen
1086 1561 1204 1615 fidei
1244 1561 1572 1631 incognitum
1615 1562 1801 1614 fuisset
1854 1561 2190 1628 przediearet,
2237 1570 2291 1612 et
2339 1559 2431 1612 do-

855 1650 1110 1703 mesticos
1143 1649 1262 1704 fidei
1296 1652 1601 1721 Apostolica
1635 1651 1923 1703 traditione
1958 1650 2023 1703 ad
2071 1651 2268 1703 bonum
2296 1662 2430 1715 opus

852 1736 1163 1792 instrueret.
1218 1739 1327 1792 Nee
1389 1739 1543 1793 facile
1595 1748 1712 1792 erat
1766 1738 2073 1807 quempiam
2125 1737 2427 1791 auditorum

851 1829 969 1896 ejus
998 1845 1103 1884 non
1132 1845 1252 1884 esse
1283 1831 1567 1885 docibilem
1597 1870 1610 1894 ,
1654 1842 1938 1899 propterea
1977 1829 2120 1898 quod
2180 1837 2324 1881 tanta
2355 1828 2427 1882 illi

2534 661 2955 713 clarissimarum
2983 660 3211 714 ministri
3242 660 3753 723 ecclesiarum,dum
3780 660 3831 714 in
3856 659 4099 727 eligendo

2532 750 2908 817 quodcumque
2977 748 3379 812 deliberarent,
3450 748 3775 816 voluptatem
3834 748 4095 801 honestati

2531 838 2887 904 pneferreut,
2941 836 3103 906 regali
3154 838 3427 891 sanctione
3481 838 3545 891 de
3599 838 3800 891 eisdem
3856 838 4108 891 ecclesiis.

2532 926 2735 992 expulsi
2770 926 2901 993 (50),
2940 926 3249 979 melioribus
3272 941 3329 979 se
3351 937 3405 981 et
3433 925 3655 981 alterius
3682 927 3895 981 Ordinis
3926 929 4094 983 belui-

2534 1016 2688 1069 nibus
2739 1031 2832 1069 sua
2879 1016 2993 1070 loca
3055 1016 3433 1086 relinquerent.
3492 1019 3718 1086 Propter
3781 1020 3891 1072 hare
3943 1018 4101 1086 igitur

2532 1106 2882 1159 sanctissima:
2945 1107 3190 1161 instituta
3253 1109 3543 1177 disciplinae
3612 1117 3789 1161 tantus
3837 1109 3888 1161 in
3942 1123 4102 1176 regno

2531 1192 2822 1262 Anglorum
2852 1194 3156 1248 divinitatis
3184 1196 3362 1249 cultus
3393 1198 3656 1261 excrevit,
3704 1206 3769 1249 ut
3791 1206 3844 1250 et
3886 1196 4106 1249 nobilis-

2531 1284 2894 1353 simiquiquc,
2922 1296 3083 1353 atque
3135 1288 3187 1340 in
3231 1289 3425 1341 saeculo
3468 1291 3822 1358 potentissimi
3850 1331 3863 1351 ,
3911 1290 4104 1358 spretis

2530 1372 2778 1424 omnibus
2819 1373 3000 1425 mundi
3027 1374 3257 1441 pompis,
3287 1375 3353 1428 ad
3399 1375 3574 1427 divina
3606 1375 3959 1443 confugerent
3987 1391 4101 1429 ser-

2530 1460 2657 1512 vitia
2685 1477 2697 1524 ;
2736 1470 2789 1514 et
2818 1462 2868 1514 bi
2898 1478 3033 1531 quos
3059 1464 3458 1519 ecclesiasticus
3486 1463 3631 1519 Ordo
3671 1468 3995 1531 admiserat,
4040 1469 4104 1522 de

2530 1551 2725 1604 virtute
2747 1554 3153 1617 contenderent,
3184 1556 3419 1610 scientes
3448 1558 3718 1611 ne:ninem
3748 1561 3813 1611 ad
3842 1560 4099 1615 honorem

2532 1652 2685 1704 posse
2723 1641 3047 1710 pertingere,
3072 1657 3231 1711 quem
3283 1659 3386 1698 non
3418 1648 3675 1700 virtutum
3722 1650 3913 1702 merita
3950 1648 4107 1719 juva-

2534 1738 2670 1781 rent.
2699 1729 2778 1782 0b
2800 1731 2957 1799 hujus
2978 1747 3194 1801 quoque
3221 1734 3513 1804 disciplinae
3539 1737 3931 1803 excellentiam,
3959 1749 4102 1792 tanta

2532 1821 2679 1888 pacis
2705 1825 3030 1889 constantia,
3064 1834 3209 1879 tanta
3241 1842 3420 1882 rerum
3453 1831 3659 1883 exstitit
3696 1831 3964 1899 opulentia
3993 1872 4007 1896 ,
4050 1841 4107 1885 ut

855 1932 1034 1969 rerum
1064 1918 1334 1972 subtilitas
1367 1920 1539 1972 inerat
1566 1958 1579 1983 ,
1612 1928 1758 1973 tanta
1807 1919 2019 1974 dicendi
2072 1918 2330 1982 facultas,
2372 1927 2430 1971 ul.
2461 1913 2503 1970 Β
2531 1912 2710 1964 omnia
2743 1914 2923 1966 mundi
2952 1914 3243 1979 elementa,
3269 1917 3441 1985 ipsum
3473 1936 3689 1987 quoque
3716 1921 4103 1975 elementorum

852 2004 985 2056 nihil
1010 2016 1155 2058 esset
1182 2016 1271 2058 aut
1303 2006 1521 2059 inventu
1554 2008 1888 2075 sapientius,
1942 2016 2033 2059 aut
2070 2007 2214 2060 dictu
2270 2022 2428 2061 orna-

854 2094 979 2157 tius,
1016 2104 1106 2147 aut
1132 2096 1314 2148 auditu
1333 2097 1640 2165 joeundius.
1678 2097 1809 2153 Cum
1855 2107 2032 2151 autem
2064 2113 2092 2150 a
2145 2097 2428 2152 forinseeis

850 2189 1011 2241 rebus
1043 2190 1255 2257 requies
1278 2190 1398 2243 data
1424 2191 1635 2255 fuisset,
1664 2200 1790 2245 tunc
1812 2191 2152 2260 conjunctius
2178 2208 2299 2245 eum
2323 2192 2429 2244 Deo

859 2293 1098 2339 manere,
1134 2280 1303 2333 sacris
1324 2280 1518 2349 vigiliis
1549 2281 1862 2343 insistendo,
1890 2281 2099 2335 divinas
2122 2282 2427 2349 Scripturas

849 2364 1092 2435 legendo,
1118 2376 1210 2421 aut
1233 2380 1417 2420 earum
1434 2369 1645 2422 codices
1658 2369 2023 2433 emendando;
2054 2384 2427 2437 summumque

849 2458 1084 2510 studium
1111 2467 1227 2512 erat
1253 2470 1309 2513 ut
1335 2475 1605 2527 nunquam
1636 2475 1662 2512 a
1692 2459 1886 2513 divinis
1911 2460 2162 2528 operibus
2187 2470 2420 2513 vacaret.

848 2547 953 2603 Sed
1009 2567 1150 2604 tiunc
1198 2568 1381 2605 verum
1424 2551 1684 2618 judicium
1734 2552 1875 2605 inter
1918 2553 2093 2605 virum
2150 2560 2203 2604 et
2250 2552 2423 2604 virum

845 2638 1173 2703 discernere,
1200 2656 1342 2693 nunc
1387 2641 1681 2709 impacatas
1736 2640 2011 2694 hominum
2060 2649 2271 2693 mentes
2308 2640 2423 2708 pla-

843 2730 966 2782 cido
994 2744 1239 2783 sermone
1271 2730 1636 2798 tranquillare,
1669 2732 1858 2783 horum
1888 2732 2065 2799 inepta
2117 2730 2422 2785 dissolvere

842 2818 1094 2887 eonjugia
1132 2820 1267 2887 (48),
1324 2821 1537 2874 illorum
1578 2821 1888 2874 bmreticam
1930 2819 2167 2875 refutare
2214 2820 2424 2888 opinio-

844 2922 1004 2969 nem;
1038 2908 1125 2960 bic
1150 2907 1389 2976 neglecta
1424 2924 1706 2972 renovare,
1744 2909 1851 2962 illic
1880 2925 2018 2963 nova
2047 2919 2362 2964 construere
2402 2929 2416 2976 ;

842 3010 1015 3063 neque
1044 2996 1341 3065 superfluas
1366 2998 1751 3052 aedificationes
1778 3007 1872 3051 aut
1895 3000 2147 3068 aggredi,
2204 3010 2299 3053 aut
2330 3016 2421 3054 ne-

840 3088 1105 3140 eessarias
1136 3088 1586 3156 praetermittere;
1618 3088 1813 3153 viduis,
1862 3091 2122 3158 orphanis
2152 3106 2217 3145 ac
2258 3105 2420 3159 pere-

839 3177 1010 3245 grinis
1037 3193 1103 3231 ex
1124 3178 1287 3246 justis
1314 3178 1555 3232 ecclesia:
1578 3178 1877 3233 redditibus
1901 3180 2223 3245 subvenire;
2252 3196 2415 3250 pecu-

2531 2008 2826 2055 erealorem
2861 2003 3026 2056 Deum
3053 2006 3213 2073 regiis
3242 2008 3571 2075 temporibus
3599 2010 3839 2063 arridere
3864 2020 4102 2078 putares.

2531 2090 2619 2143 Sie
2664 2093 2931 2159 pontificis
2986 2096 3251 2164 sapientia
3301 2097 3540 2150 dictabat
3597 2100 3739 2168 regis
3788 2098 4051 2165 justitiam
4090 2117 4103 2163 ;

2532 2180 2671 2247 regis
2715 2180 2927 2247 justitia
3006 2185 3240 2238 obtinuit
3313 2186 3402 2240 Dei
3455 2188 3877 2241 misericordiam
3936 2207 3948 2240 :
4011 2188 4105 2242 Dei

2528 2283 2705 2323 autem
2738 2274 3106 2327 misericordia
3140 2276 3383 2329 omnium
3428 2292 3610 2331 rerum
3658 2281 3906 2347 ptmstitit
3934 2282 4104 2333 abun-

2528 2360 2787 2415 dantiam.

2528 2473 2717 2544 Regem
2774 2477 2835 2529 ob
2898 2479 3144 2531 violatam
3203 2480 3455 2549 virginem
3505 2482 3737 2550 septenni
3794 2482 4106 2549 pmnitentia:

3197 2550 3409 2602 addicit.

2593 2634 2681 2687 53.
2742 2635 2846 2689 Sed
2889 2637 3002 2689 hrec
3042 2638 3348 2691 communia
3406 2638 3570 2691 totius
3620 2637 3871 2693 Ecclesia:
3914 2640 4103 2708 gaudia

2524 2726 2747 2792 cupiens
2805 2726 3111 2780 disturbare
3190 2727 3505 2798 malignus,
3570 2729 3817 2781 acceiulit
3864 2730 4101 2783 animum

2522 2813 2972 2869 Cbristianissimi
3022 2818 3163 2885 regis
3200 2817 3250 2868 in
3282 2831 3518 2871 amorem
3557 2818 3667 2871 Deo
3699 2819 3901 2871 devota:
3943 2818 4105 2888 virgi—

2522 2904 2608 2957 nis
2645 2904 2776 2973 (51),
2811 2916 2902 2967 ιιι,
2956 2920 3115 2973 quem
3162 2921 3191 2958 a
3243 2907 3459 2960 tramite
3495 2907 3717 2975 justitia:
3768 2907 4101 2961 Dunstanum

2521 2994 2751 3061 dejicere
2778 3011 2881 3049 non
2910 2998 3194 3065 potuisset.
3230 3010 3373 3061 eum,
3402 3011 3561 3065 quem
3593 3000 3859 3067 praecipue
3878 2999 4104 3053 Dunsta-

2519 3102 2622 3139 nus
2650 3087 2905 3157 diligebat
2934 3095 2989 3140 et
3038 3102 3201 3155 super
3230 3102 3388 3155 quem
3432 3088 3594 3142 totius
3640 3088 3909 3157 religionis
3953 3090 4106 3157 vigor

2521 3177 2886 3241 incumbebat,
2913 3176 3143 3245 dejicere
3172 3186 3425 3231 tentaret.
3476 3177 3793 3246 Perpetrato
3835 3180 4014 3247 itaque
4048 3180 4100 3232 in

839 3238 983 3315 niam
1014 3238 1298 3318 non'lncri
1334 3266 1727 3330 aestimatione,
1776 3267 1871 3320 sed
1922 3267 2141 3335 pietatis
2180 3238 2416 3336 aequisi-
2444 3238 2490 3301 Ο
2523 3269 2782 3339 virginem
2822 3269 3050 3323 velatam
3083 3278 3302 3336 peccato
3332 3277 3498 3336 atque
3522 3268 3589 3321 ad
3620 3268 3889 3335 publicam
3922 3269 4101 3337 populi

838 3354 982 3406 tione
1006 3355 1235 3415 habere;
1265 3364 1429 3407 totam
1451 3370 1668 3424 operam
1694 3371 1845 3409 suam
1872 3358 2058 3425 patrize
2081 3358 2414 3425 impendere,

835 3450 890 3495 et
926 3444 1093 3511 magis
1123 3444 1381 3512 repellere
1410 3445 1524 3513 ejus
1550 3446 1784 3511 excidia,
1808 3461 1969 3516 quam
2021 3448 2239 3516 propria
2267 3447 2416 3517 peri-

835 3530 975 3584 cula.
1008 3531 1241 3586 Proinde
1281 3549 1371 3587 rex
1409 3534 1631 3588 consilio
1668 3535 1784 3604 ejus
1809 3576 1822 3599 ,
1864 3544 1923 3587 ut
1968 3536 2089 3589 vita:
2139 3552 2249 3590 sua:
2300 3550 2417 3591 cre-

834 3621 1000 3685 dens,
1048 3631 1101 3676 et
1148 3639 1307 3678 omne
1344 3625 1484 3694 quod
1536 3625 1604 3679 ab
1652 3642 1717 3679 eo
1768 3627 2078 3691 diceretur,
2137 3627 2288 3696 quasi
2346 3628 2414 3681 ab

832 3710 1227 3783 Omnipotentis
1255 3730 1347 3770 ore
1382 3716 1647 3785 prolatum
1675 3716 1863 3771 fuisset
1903 3719 2227 3787 suscipiens,
2259 3734 2410 3787 quae-

829 3818 1043 3871 cunque
1071 3807 1356 3859 statuenda
1394 3814 1550 3858 erant
1600 3806 1831 3870 statuit,
1869 3823 2206 3877 quzecunque
2256 3809 2411 3861 dam-

830 3891 1009 3942 nanda
1040 3890 1332 3945 damnavit.
1382 3892 1493 3947 lloc
1539 3894 1848 3948 consiliario
1898 3911 2087 3950 omnes
2133 3896 2411 3950 diabolica:

831 3978 1182 4049 malignitatis
1220 3981 1513 4044 ministros,
1542 3981 1686 4037 fures
1712 4023 1726 4047 ,
1768 3984 2093 4054 sacrilegos,
2136 3983 2404 4053 periuros,

831 4070 953 4123 fidei
1007 4070 1335 4135 violatores,
1395 4074 1639 4127 veneficii
1699 4075 2117 4144 compositores,
2169 4076 2405 4129 libidinis

827 4162 1212 4229 appetitores;
1271 4163 1339 4216 ad
1400 4165 1501 4219 hoc
1563 4168 1868 4236 quicunque
1930 4179 2117 4223 contra
2173 4170 2407 4239 patriam

823 4251 1244 4317 conspirassent,
1274 4254 1366 4321 qui
1400 4254 1451 4307 in
1490 4265 1742 4322 parentes
1770 4272 1960 4310 manus
2008 4259 2404 4325 extendissent,

824 4342 1077 4396 mulieres
1115 4344 1280 4397 etiam
1334 4362 1453 4415 qua:
1496 4348 1793 4401 adulterina
1846 4350 2033 4406 fraude
2084 4353 2229 4407 viros
2280 4369 2405 4409 suos

822 4433 1242 4501 interfecissent,
1274 4448 1543 4508 postremo
1558 4456 1744 4494 omnes
1766 4457 1902 4509 quos
1926 4443 2061 4496 irato
2089 4445 2198 4498 Deo
2223 4446 2404 4500 vivere

819 4524 1047 4590 sciebat,
1081 4543 1149 4582 ex
1178 4530 1430 4585 omnibus
1459 4532 1608 4600 regni
1652 4532 1732 4585 sui
1792 4532 1987 4589 finibus
2029 4539 2398 4605 proturbatos,

818 4612 1075 4668 diuturno
1126 4628 1218 4671 aut
1294 4628 1550 4689 perpetuo
1625 4621 1877 4692 relegavit
1952 4625 2161 4680 exsilio.
2232 4626 2398 4698 Hujus

817 4716 1031 4771 quoque
1064 4707 1291 4760 consilio
1320 4722 1509 4763 omnes
1555 4711 1905 4766 ecclesiarum
1952 4716 2258 4781 ministros,
2301 4720 2393 4787 qui

815 4800 998 4860 spreto
1052 4795 1403 4863 professionis
1466 4813 1576 4852 sua:
1635 4801 1977 4867 ministerio,
2019 4814 2111 4858 aut
2162 4809 2393 4863 venandi

813 4881 992 4935 studio
1017 4883 1211 4938 intenti
1238 4885 1373 4955 (49),
1421 4897 1514 4942 aut
1560 4892 1879 4958 qumstuosis
1927 4896 2153 4964 negotiis
2200 4897 2389 4962 dediti,

812 4984 908 5023 seu
943 4975 1332 5030 concumbendi
1363 4978 1645 5035 insolentia
1673 4981 1961 5051 deturpati,
1988 4994 2200 5038 :etatem
2231 5002 2392 5056 agere

810 5060 1100 5126 solebant;
1127 5080 1314 5120 omnes
1354 5068 1451 5123 hos
1497 5079 1585 5123 aut
1633 5071 1879 5125 districta
1920 5076 2390 5133 animadversione

809 5148 1051 5205 decrevit
1082 5157 1428 5221 coercendos,
1458 5170 1549 5213 aut
1574 5162 1680 5215 cita
1730 5163 2080 5219 subversione
2109 5156 2175 5220 de
2208 5168 2386 5223 eccle-

882 5289 993 5357 (47)
1034 5289 1197 5368 Idem"
1236 5294 1431 5368 asserit
1494 5296 1796 5368 Willelmus
1854 5297 2347 5357 Malinesburiensis
2374 5342 2389 5368 ,

814 5377 834 5407 α
866 5374 1131 5427 perennes
1156 5360 1301 5414 rivos
1322 5362 1534 5417 deducit
1563 5367 1630 5419 ad
1656 5368 1794 5421 hanc
1817 5368 1977 5421 diem.
2018 5389 2034 5419 ι

861 5428 994 5500 _(48)
1035 5429 1173 5494 Quid
1204 5431 1254 5483 in
1287 5433 1536 5487 comitem
1566 5438 1759 5500 egerit,
1784 5439 1875 5500 qui
1922 5438 2107 5492 illicito
2140 5442 2391 5500 coningio

2519 3359 2845 3413 audientiam
2869 3357 3095 3425 perlato,
3128 3359 3436 3411 Duustauus
3464 3366 3571 3410 tam
3614 3373 3711 3425 pro
3740 3358 3895 3427 culpa
3928 3373 4092 3427 quam

2515 3461 2613 3514 pro
2643 3446 2861 3500 infamia
2886 3448 3049 3516 regis,
3074 3447 3393 3517 gravissimo
3435 3446 3618 3500 dolore
3668 3445 3891 3500 affectus
3919 3487 3933 3509 ,
3974 3462 4097 3500 mox

2516 3534 2663 3589 illum
2697 3535 2858 3589 veluti
2890 3536 3121 3589 alterum
3157 3536 3320 3589 David
3352 3552 3471 3589 eum
3500 3534 3795 3589 Bethsabee
3825 3537 4101 3590 dormien—

2518 3634 2645 3688 tem,
2677 3624 2810 3678 alter
2836 3624 2945 3689 ille,
2981 3625 3073 3679 sed
3096 3624 3251 3694 longe
3274 3626 3511 3679 severior
3539 3623 3775 3689 Nathan,
3801 3626 4103 3694 intrepidus

2513 3715 2667 3779 adiit,
2695 3714 3019 3769 furibundus
3052 3716 3118 3769 ad
3154 3730 3277 3769 eum
3330 3715 3556 3768 introiit.
3587 3716 3891 3784 Assurgens
3920 3724 4100 3769 autem

2514 3820 2605 3857 rex
2636 3805 2869 3858 venienti
2919 3805 3135 3859 obviam
3182 3805 3424 3875 pontifici
3466 3806 3711 3859 extendit
3767 3822 4007 3871 manum,
4043 3817 4103 3860 ut

2511 3908 2632 3948 eum
2679 3895 2747 3948 ad
2782 3896 2993 3964 regium
3046 3896 3338 3951 deduceret
3382 3898 3659 3953 thronum.
3719 3898 3821 3963 Qui
3867 3914 4102 3976 renuens

2513 4002 2731 4041 manum
2760 3987 2910 4053 dare,
2960 3988 3145 4043 oculos
3182 4005 3306 4043 cum
3357 3990 3591 4058 quadam
3639 3990 3806 4043 animi
3856 3990 4100 4058 indigna-

2512 4079 2658 4133 tione
2686 4080 2738 4131 in
2780 4078 2930 4147 illum
2982 4080 3157 4144 torsit,
3188 4090 3242 4133 et
3264 4081 3339 4134 ait
3376 4098 3388 4132 :
3442 4079 3519 4133 Tu
3552 4081 3820 4150 pontificis
3877 4097 4095 4134 mamun

2508 4170 2676 4223 audes
2703 4171 3031 4239 contingere,
3066 4171 3157 4239 qui
3183 4171 3445 4241 virginem
3479 4170 3705 4225 Deitatis
3735 4186 3956 4225 munere
4001 4187 4094 4223 ar-

2510 4269 2681 4313 ratam
2714 4276 2816 4315 non
2861 4262 3087 4315 timuisti
3116 4264 3409 4332 praeripere
3437 4264 3459 4316 ?
3498 4263 3761 4332 Sponsam
3790 4263 4099 4319 Conditoris

2509 4349 2584 4402 tui
2612 4349 2952 4414 adulterasti,
2984 4359 3040 4405 et
3069 4352 3303 4405 amicum
3354 4353 3537 4421 sponsi
3588 4352 3768 4421 aliquo
3808 4362 3896 4406 tuo
3944 4354 4099 4407 obse-

2507 4439 2633 4506 quio
2657 4438 2935 4492 existimas
2972 4453 3133 4509 posse
3164 4440 3364 4508 placari
3389 4439 3573 4501 ?jNolo
3606 4441 3813 4494 amicus
3863 4455 3980 4493 esse
4007 4443 4093 4493 cui

2506 4531 2753 4583 Christus
2798 4529 2959 4583 fuerit
3007 4530 3281 4584 inimicus.
3338 4530 3584 4583 Territus
3631 4546 3758 4599 ergo
3804 4530 4094 4583 verborum

2508 4623 2745 4678 tonitruo
2779 4638 2891 4685 rex,
2928 4622 3267 4691 objurgantis
3311 4637 3369 4675 se
3394 4621 3621 4689 pedibus
3655 4619 3926 4689 pontificis
3971 4636 4095 4689 pro-

2505 4712 2785 4775 sternitur,
2818 4710 3088 4779 extemplo
3116 4710 3293 4764 seelus
3346 4709 3597 4763 flebiliter
3626 4711 3848 4772 fatetur,
3881 4711 4091 4763 veniam

2507 4801 2784 4855 humiliter
2813 4810 3085 4869 precatur.
3120 4799 3271 4866 Quod
3302 4809 3359 4852 ut
3389 4799 3522 4853 vidit
3564 4800 3824 4867 pontifex,
3854 4802 4085 4869 expavit.

2497 4890 2884 4961 perfusumque
2917 4906 3093 4961 regem
3121 4890 3408 4960 lacrymis,
3460 4890 3712 4960 lacrymis
3744 4899 3799 4944 et
3829 4891 3941 4959 ipse
3976 4905 4091 4943 ma-

2496 4986 2650 5047 dens,
2687 4983 2875 5036 tellure
2922 4983 3140 5035 Ievavit.
3194 4981 3397 5037 Deinde
3427 5022 3441 5043 ,
3487 4997 3609 5036 cum
3662 4980 4087 5051 magnitudinem

2493 5076 2698 5144 peccati
2722 5089 2817 5144 per
2840 5073 3317 5141 amplificationem
3366 5074 3726 5141 exposuisset,
3758 5082 3814 5127 et
3842 5080 4086 5141 paratum

2493 5166 2643 5218 illum
2674 5165 2740 5218 ad
2766 5179 2980 5217 omnem
3011 5163 3434 5218 satisfactionem
3467 5163 3827 5225 reddidisset,
3876 5170 4089 5230 septen-

2500 5298 2706 5369 expulit
2736 5297 2803 5351 de
2829 5298 2995 5369 veteri
3025 5305 3079 5369 et
3127 5313 3263 5351 novo
3309 5297 3655 5369 monasterio,
3686 5303 3755 5369 Aet
3798 5295 3865 5348 de
3888 5294 4086 5369 Chate-

2501 5366 2636 5429 rica,
2670 5377 2723 5421 et
2754 5368 2819 5421 de
2844 5367 3195 5429 Middeltuna,
3222 5377 3416 5420 etcum
3449 5366 3728 5418 monachis
3756 5366 4032 5419 constituit
4068 5384 4080 5417 :

2498 5451 2553 5493 et
2579 5437 2926 5500 Ethelgarum
2953 5436 3201 5489 abbatem
3234 5438 3284 5489 in
3328 5437 3575 5488 abbatem
3607 5435 3730 5487 novi
3771 5438 4081 5488 monasterii
