4516 5500
423 392 525 445 445

1969 420 2142 475 VITA.

3550 444 3652 497 HG

425 518 540 555 nem
574 506 619 557 ei
653 510 1022 575 paenitentiam
1055 518 1266 585 indixit,
1314 534 1370 578 ut
1418 526 1466 577 in
1519 537 1625 581 toto
1675 532 1774 584 hoc
1811 532 1983 599 spatio
2014 537 2059 588 Α
2091 543 2144 583 ιιι
2177 534 2279 587 fiat.
2315 538 2394 591 Ad
2419 558 2575 607 quam
2602 559 2780 596 vorem
2809 561 2920 606 rex,
2948 564 3244 618 omnesque
3271 552 3500 619 rttajores
3527 564 3651 606 natu

424 604 672 681 coronam
703 602 848 667 regni
878 618 981 656 non
1012 620 1267 674 gestaret,
1287 612 1547 681 jejunium
1576 618 1627 669 iu
1653 618 1979 672 bebdomada

423 678 631 734 biduale
688 694 1042 760 transigeret,
1104 702 1275 756 avitos
1324 710 1645 774 pauperibus
1705 711 1982 765 thesauros

426 774 570 872 large
600 777 967 851 dispergeret;
997 804 1157 857 super
1185 793 1296 849 lucc
1325 800 1603 852 sacrandis
1630 800 1737 854 Deo
1767 803 1983 872 virgini-

424 859 521 915 bus
563 873 945 928 monasterium
999 879 1209 949 aliquod
1259 884 1527 950 fundaret,
1584 900 1843 957 quatenus
1893 893 1980 960 qui

422 966 579 1006 unam
612 972 705 1024 per
735 975 1011 1029 peccatum
1044 970 1148 1025 Deo
1173 975 1431 1044 virginem
1466 978 1984 1048 abstulisset,plares

420 1044 466 1094 Ci
503 1061 595 1111 per
634 1050 782 1116 plura
832 1059 1006 1111 sa-cnli
1056 1063 1320 1119 volumina
1362 1080 1719 1137 aggregaret;
1760 1072 1983 1125 clericos

419 1133 580 1187 etiam
612 1142 744 1194 male
776 1146 1065 1202 actiouales
1094 1152 1157 1205 de
1194 1155 1436 1209 ecclesiis
1468 1158 1787 1227 propelleret
1820 1203 1833 1223 ,
1865 1177 1981 1213 mo-

422 1228 713 1284 nacborum
749 1239 961 1304 agmina
993 1240 1385 1310 introduceret;
1423 1247 1596 1314 justas
1630 1251 1841 1320 Dcoqne
1891 1270 1982 1305 ac-

419 1327 599 1383 ccptas
628 1319 803 1389 legum
829 1329 1063 1383 rationes
1086 1335 1340 1398 sanciret,
1358 1348 1573 1392 sanctas
1598 1344 1981 1406 conscriberet,

419 1411 749 1480 conseriptas
798 1432 891 1485 per
938 1436 1126 1477 omnes
1191 1426 1322 1481 fines
1378 1431 1585 1499 imperii
1638 1434 1719 1487 sui
1778 1437 1983 1504 populis

417 1500 792 1560 custodiendas
827 1512 1124 1567 mandaret.
1181 1517 1319 1571 Nihil
1366 1536 1495 1591 ergo
1541 1524 1815 1578 residuum
1865 1536 1983 1579 erat

416 1592 557 1656 quod
590 1594 763 1649 minus
786 1609 875 1652 ant
900 1605 1116 1671 segnius
1141 1623 1231 1661 rex
1267 1610 1512 1679 impleret
1534 1630 1692 1682 quam
1716 1632 1742 1668 a
1777 1627 1982 1672 rectore

417 1681 539 1735 vilre
573 1698 681 1739 sure
710 1702 1030 1760 prreceptum
1063 1697 1270 1752 fuisset.
1303 1701 1540 1770 Septimo
1591 1715 1768 1759 autem
1819 1724 1981 1773 anno,

417 1785 536 1823 cum
555 1775 805 1831 redeunte
827 1784 974 1848 quasi
995 1784 1212 1851 juhilreo
1230 1792 1477 1855 termino,
1495 1795 1823 1860 poenitentia:
1847 1806 1981 1850 tem-

2090 624 2200 677 fere
2240 642 2407 693 usque
2436 630 2500 683 ad
2532 632 2923 688 cxbalationent
2966 639 3259 704 perterriti,
3290 641 3527 697 clamore
3556 657 3652 711 pa-

2092 715 2219 767 riter
2244 726 2295 768 et
2328 716 2419 770 Dei
2451 718 2755 774 laudatione
2794 737 2974 777 aream
3007 727 3293 796 complent.
3327 729 3391 783 Et
3422 732 3504 785 bis
3531 734 3650 801 qui-

2089 806 2208 858 dem
2258 808 2579 863 adversariis
2622 812 2918 868 viventibus
2962 828 3227 871 cessatum
3260 830 3343 873 est
3370 838 3399 874 a
3428 833 3653 878 conten-

2091 895 2343 960 tionibus,
2373 914 2647 969 quousque
2691 918 2786 971 per
2829 909 3225 963 successionem
3254 911 3480 966 filiorum
3510 916 3657 981 prior

2090 984 2350 1039 discordia
2392 1001 2644 1043 renovata
2690 1002 2791 1046 est.
2828 996 2925 1060 Qui
2963 999 3241 1063 abeuntes,
3278 1011 3328 1054 et
3361 1001 3659 1070 iniquitatis

2090 1092 2198 1129 sum
2226 1078 2561 1135 defensorem
2594 1082 2970 1139 lleornelinnm
3023 1088 3304 1144 Scotorum
3348 1093 3655 1160 pontificem

2090 1179 2447 1233 assumentes,
2488 1172 2758 1225 hominem
2799 1176 3039 1229 videlicet
3082 1189 3184 1231 tam
3229 1180 3443 1248 ingenio
3495 1197 3655 1249 quam

2092 1259 2413 1327 loquacitate
2443 1262 2553 1315 fere
2602 1263 3033 1331 iusuperabilem,
3068 1272 3131 1321 ad
3181 1272 3447 1325 hominem
3482 1273 3571 1326 Dei
3604 1274 3656 1327 in

2094 1350 2290 1412 villam,
2315 1367 2431 1419 quae
2464 1364 2685 1406 vocatur
2714 1354 2902 1419 Kalne,
2938 1360 3179 1422 tendunt,
3207 1362 3443 1429 turgenti
3466 1362 3658 1430 spiritu

2089 1442 2399 1494 scandalum
2433 1457 2755 1513 proponunt.
2810 1447 3117 1503 Dunstanus
3150 1461 3324 1504 autem
3355 1452 3513 1522 longo
3543 1455 3660 1523 qui-

2090 1533 2209 1585 dcnt
2254 1534 2403 1586 senio
2451 1544 2502 1587 et
2540 1538 2745 1603 magnis
2799 1538 3046 1593 Ecclt-sim
3090 1541 3360 1595 laboribus
3387 1543 3655 1605 effracttts,

2084 1620 2193 1685 jam
2236 1633 2427 1689 prxctcr
2459 1625 2755 1677 orationem
2790 1637 2904 1693 post
2942 1639 3145 1697 tergum
3176 1633 3354 1683 omnia
3386 1642 3657 1699 posuerat.

2090 1710 2338 1764 Attamen
2390 1728 2455 1765 ne
2501 1728 2625 1781 pars
2674 1715 2853 1783 iniqtta
2894 1716 3072 1770 divino
3102 1721 3371 1786 quondam
3402 1721 3661 1774 miraculo

2092 1800 2251 1863 vieta,
2287 1818 2425 1854 nunc
2458 1804 2520 1855 de
2566 1804 2906 1871 adipiscenda
2937 1807 3258 1873 gloriaretur
3290 1810 3530 1872 victoria,
3561 1810 3662 1864 hoc

416 1874 514 1926 pus
542 1874 785 1919 exactum
819 1867 1023 1932 fuiSset,
1057 1889 1209 1929 sacer
1231 1880 1492 1944 pontifex,
1532 1885 1719 1939 accitis
1738 1887 1985 1941 omnibus
2018 1884 2060 1942 Β
2092 1889 2140 1941 in
2174 1891 2355 1943 hostes
2385 1894 2747 1958 responsionis
2770 1894 3005 1961 jaculnm
3036 1898 3230 1951 vibrat.
3262 1900 3548 1964 Quoniam,
3580 1902 3661 1952 in-

417 1948 622 2018 imperii
646 1953 937 2024 Anglorum
970 1962 1299 2032 principibus
1324 2009 1336 2029 ,
1366 1972 1630 2039 episcopis
1658 2014 1671 2037 ,
1710 1974 1990 2030 abbatibus

415 2048 469 2091 et
497 2042 758 2099 universis
787 2047 1037 2105 Ecelesim
1084 2053 1358 2124 dignitatis
1406 2061 1704 2127 ordinibus,
1738 2065 1990 2132 imposuit

417 2131 530 2199 regi
579 2147 832 2188 coronam
883 2154 1066 2194 coram
1112 2147 1255 2197 omni
1310 2148 1649 2203 multitudine
1676 2131 1853 2221 p0puli
1881 2155 1989 2206 An-

416 2218 643 2287 glorum,
676 2224 979 2283 betantibus
1031 2234 1260 2298 cunctis,
1294 2247 1347 2289 et
1396 2218 1759 2294 incﬂ‘abilibus
1791 2243 1989 2311 jubila-

418 2308 578 2363 tionis
609 2315 828 2367 vocibus
867 2317 1028 2372 Deum
1062 2322 1110 2374 in
1145 2324 1417 2378 Dunstano
1451 2308 1809 2386 laudantibus.

611 2398 929 2457 Clerirorum
959 2409 1240 2476 ejeclorum
1270 2418 1505 2482 querelas
1534 2420 1790 2487 refringit.

485 2487 571 2540 56.
620 2488 825 2546 interea
879 2504 1021 2549 tanta
1069 2498 1332 2556 clericalis
1383 2506 1514 2558 ordo
1562 2507 1880 2576 quibusdam
1933 2512 1986 2565 in

415 2577 546 2631 locis
566 2579 879 2637 confusione
900 2586 1179 2654 agebatur,
1211 2603 1267 2643 ut
1297 2609 1399 2647 non
1427 2594 1597 2648 solum
1627 2612 1655 2650 a
1681 2598 1787 2650 vita
1814 2616 1983 2653 Siccu-

414 2669 606 2723 larium
648 2674 996 2731 excellentius
1028 2680 1153 2734 nihil
1187 2684 1438 2750 haberet,
1488 2704 1669 2743 verum
1696 2692 1857 2745 etiam
1890 2694 1989 2747 im-

413 2758 596 2825 probis
643 2763 852 2817 actibus
899 2765 1053 2836 longe
1102 2770 1325 2825 inferior
1371 2775 1593 2842 jacerct.
1648 2779 1759 2844 Qua
1814 2780 1878 2834 de
1930 2797 1988 2836 re

413 2857 657 2915 pastores
698 2854 1047 2910 ecclesiarum
1093 2862 1288 2915 turbati
1318 2904 1332 2925 ,
1381 2864 1717 2920 Dunstanum
1764 2879 1823 2922 ιιι
1865 2886 1988 2939 pro-

415 2938 590 3006 prium
622 2941 905 3008 primatem
934 2946 1148 3011 adeunt,
1186 2966 1271 3005 res
1306 2952 1444 3007 male
1483 2964 1659 3022 gestas
1688 2968 1985 3025 exponunt,

415 3029 767 3085 correctionis
794 3034 1017 3089 consilia
1062 3041 1399 3108 perquirunt.
1433 3044 1500 3095 At
1536 3043 1623 3098 ille
1661 3049 1713 3098 in
1743 3046 1988 3103 homines

417 3114 675 3172 nefandos
731 3136 840 3175 sure
894 3128 1229 3182 auctoritatis
1281 3132 1559 3198 proferens
1610 3137 1983 3191 sententiam:

418 3206 523 3260 Aut
569 3212 843 3277 canonice,
897 3214 1102 3283 inquit,
1150 3229 1231 3273 est
1260 3222 1569 3290 vivendum,
1610 3236 1701 3280 aut
1744 3229 1987 3285 ecclesiis
2016 3206 2059 3267 Ο

418 3301 739 3354 exeundum.
794 3302 870 3356 Ex
912 3321 1018 3373 quo
1066 3308 1263 3363 factum
1297 3322 1379 3365 est
1410 3321 1467 3366 ut
1512 3315 1865 3385 complurium
1898 3334 1988 3373 cc-

418 3392 698 3449 clesiarum
737 3397 939 3463 clerici,
970 3401 1094 3454 dum
1122 3413 1530 3460 contemnerent
1556 3410 1830 3477 pmposita
1861 3426 1989 3465 con-

420 3485 621 3540 ditione
655 3489 881 3553 corrigi,
918 3493 1242 3548 auctoritate
1286 3496 1559 3563 pontificis
1608 3499 1711 3553 sint
1759 3502 1987 3570 expulsi.

420 3580 541 3645 Qui,
579 3599 701 3653 rege
732 3585 877 3639 adito
905 3586 1041 3655 (52),
1076 3588 1156 3641 vel
1184 3604 1319 3658 quos
1349 3592 1489 3661 regis
1516 3594 1686 3661 gratia
1716 3597 1991 3664 proximos

419 3671 689 3736 effecerat,
721 3674 1055 3730 Dunstanum
1090 3678 1404 3747 injuriarum
1436 3693 1712 3748 accusant,
1744 3701 1801 3740 se
1829 3688 1994 3741 virtu-

422 3762 491 3816 tis
519 3774 788 3819 amatores
813 3770 1185 3836 pronuntiant,
1217 3780 1277 3823 ut
1305 3771 1357 3825 in
1387 3776 1672 3841 prazsentia
1700 3777 1844 3847 regis
1870 3793 1995 3833 con-

422 3856 662 3909 veniatur
686 3867 861 3911 orant.
901 3860 1204 3916 Dunstanus
1236 3863 1415 3933 itaque
1444 3866 1527 3920 his
1552 3882 1668 3935 qua:
1700 3870 1850 3936 quasi
1904 3887 1991 3923 ra-

423 3944 747 3999 tionabiliter
776 3950 1181 4017 postulabantur
1209 3954 1480 4008 contraire
1523 3956 1712 4010 nolens
1739 3998 1753 4022 ,
1805 3970 1993 4013 eoat-to

420 4037 647 4092 concilio
672 4038 1014 4094 Wentoniam
1046 4044 1226 4107 venit,
1264 4044 1352 4097 ubi
1402 4060 1467 4098 ex
1516 4050 1779 4101 sententia
1830 4053 1994 4103 totius

420 4130 633 4185 concilii
661 4131 725 4185 de
758 4133 1078 4187 adversariis
1106 4135 1384 4189 victoriam
1422 4138 1585 4206 cepit.
1632 4138 1873 4209 Cumque
1920 4157 1984 4194 cx

413 4220 537 4289 jure
587 4222 716 4275 nihil
763 4222 863 4275 sibi
908 4238 1189 4293 superesse
1236 4227 1633 4294 consliiccrent,
1678 4227 1757 4281 nsi
1798 4229 1995 4282 auxilio

421 4313 567 4381 regis
611 4322 663 4367 et
705 4314 1048 4383 principum,
1101 4315 1164 4369 ad
1210 4331 1393 4385 preces
1425 4332 1484 4370 se
1532 4327 1769 4381 vertunt,
1801 4320 1995 4387 quibus

419 4402 731 4471 episcopum
776 4402 1036 4473 flagitant,
1068 4416 1334 4473 quatenus
1383 4408 1706 4462 intromissa:
1754 4425 1997 4477 persona:

424 4492 492 4546 de
518 4492 758 4546 ecclesiis
787 4493 1141 4563 cxpellantur,
1171 4495 1403 4564 expulsae
1430 4498 1799 4551 restituantur.
1837 4499 1997 4553 Dubi-

420 4591 569 4637 tante
616 4584 777 4653 igitur
806 4585 922 4638 viro
951 4585 1066 4647 Dei,
1099 4585 1405 4655 nullumque
1454 4587 1515 4640 ad
1563 4597 1744 4657 rogata
1776 4603 1991 4659 respou-

420 4684 544 4724 sum
578 4672 884 4741 porrigente
906 4713 919 4733 ,
971 4689 1057 4727 res
1088 4674 1221 4726 mira
1256 4684 1308 4728 et
1337 4676 1545 4730 smculis
1580 4677 1836 4741 inaudita,
1868 4694 1992 4733 ecce

419 4759 687 4816 Domiuici
717 4761 955 4831 corporis
989 4762 1155 4815 forma
1185 4762 1378 4817 vexillo
1407 4765 1583 4818 crucis
1624 4765 1805 4830 infixa,
1836 4777 1993 4836 atque

422 4850 477 4905 in
509 4851 733 4905 editiore
769 4852 959 4905 domus
982 4862 1139 4921 parte
1170 4852 1362 4915 locata,
1398 4854 1660 4909 humanos
1690 4857 1997 4924 exprimens

419 4940 630 5005 modos,
655 4940 893 4993 omnium
918 4941 1250 5011 compesCuit
1280 4957 1437 4996 voces
1463 4942 1646 4997 dicens
1678 4962 1689 4996 :
1720 4945 1872 4998 Absit
1898 4947 1996 5001 boc

498 5055 610 5123 (52)
649 5057 1119 5111 Wintoniensibus
1150 5058 1423 5111 canonicis
1452 5059 1576 5125 quid
1610 5060 1711 5114 hac
1756 5060 1806 5113 itt
1841 5078 2000 5115 causa

422 5126 715 5188 acciderit,
762 5127 877 5195 lege
916 5126 1225 5181 Osbertum.
1277 5128 1573 5181 Wiliehnus
1605 5130 2004 5192 remdescribit

424 5196 478 5247 in
511 5195 596 5248 lib.
629 5212 663 5249 tt
694 5198 766 5250 De
798 5197 1011 5264 regibus
1039 5197 1348 5265 Anglorum,
1379 5213 1495 5265 cap.
1529 5200 1578 5259 9,
1623 5201 1707 5252 ubi
1737 5200 1833 5262 ait,
1864 5200 2003 5254 Effe-

424 5265 563 5318 rium
590 5268 942 5335 quemdath
974 5267 1150 5318 omnia
1197 5282 1333 5333 pene.
1365 5272 1708 5329 monasteria,
1761 5284 1878 5335 qua:
1916 5287 2001 5325 rc-

423 5337 835 5389 verentissitnns
863 5334 1254 5390 Ethelwoldns
1286 5338 1577 5390 monachus
1616 5350 1669 5393 et
1702 5334 2000 5394 wentanus

425 5404 703 5472 episcopus
750 5415 1128 5459 construxerat
1170 5405 1220 5457 in
1271 5406 1544 5473 provincia
1593 5409 1934 5473 Merciorum,
1977 5429 1994 5459 ι

2089 1980 2245 2048 quit,
2297 1990 2443 2033 tanto
2494 1992 2731 2050 tempore
2781 1985 2964 2054 elapso
3000 1988 3283 2041 calumnia:
3336 2006 3521 2043 ansam
3556 2006 3659 2043 non

2089 2072 2474 2139 pt-zetendistis,
2525 2088 2665 2126 nunc
2709 2087 2888 2128 autem
2918 2088 3289 2133 senescentem
3319 2095 3404 2133 me
3438 2096 3499 2134 ac
3532 2082 3662 2134 taci-

2092 2163 2333 2214 turnitati
2360 2177 2576 2230 operam
2601 2165 2835 2230 dantem,
2862 2169 3099 2236 antiquis
3125 2172 3361 2237 querelis
3390 2174 3663 2226 deservire

2089 2252 2444 2315 contenditis;
2499 2250 2692 2315 fateor,
2723 2253 2939 2308 vincere
2968 2272 3061 2310 vos
3100 2258 3239 2321 nolo,
3273 2259 3525 2314 Ecclesia:
3553 2278 3662 2317 sua:

2088 2352 2301 2391 causam
2325 2338 2537 2393 Christo
2557 2338 2721 2406 judici
2751 2345 3048 2397 committo.
3077 2345 3239 2410 Dixit,
3264 2350 3483 2418 etquod
3510 2351 3661 2415 dixit,

2089 2424 2209 2477 irati
2261 2426 2353 2479 Dei
2403 2443 2629 2481 censura
2680 2431 2932 2485 firmavit.
2983 2433 3101 2486 Mox
3147 2438 3349 2489 etenim
3400 2453 3662 2492 concussa

2089 2515 2310 2578 domus,
2348 2520 2682 2572 caanaculum
2733 2523 2831 2575 sub
2883 2524 3106 2591 pedibus
3151 2527 3425 2591 solutum,
3482 2530 3664 2583 hostes

2090 2604 2208 2656 solo
2242 2606 2558 2674 prmcipitati
2608 2623 2671 2661 ac
2709 2611 2977 2663 ruentium
3010 2613 3238 2666 trabium
3290 2616 3527 2682 pondere
3570 2633 3663 2686 op-

2088 2694 2293 2760 pressi;
2344 2694 2430 2748 ubi
2464 2710 2590 2749 vero
2632 2712 2753 2749 cum
2793 2700 2906 2752 suis
2937 2710 3157 2754 sanctus
3189 2704 3553 2767 accubitabat,
3588 2706 3659 2759 ibi

2090 2780 2232 2833 nulla
2262 2782 2429 2834 ruina:
2455 2783 2677 2837 suffusio
2705 2784 2882 2839 fiebat.

2286 2871 2483 2940 Regum
2514 2874 2705 2926 obitus.
2739 2875 2902 2945 Regni
2931 2881 3147 2932 mutatio
3177 2882 3446 2949 praedicta.

2157 2962 2247 3015 57.
2286 2961 2353 3014 At
2401 2978 2492 3016 rex
2541 2964 2785 3034 Edgarus
2825 2967 3107 3022 immatura
3141 2979 3312 3024 morte
3342 2981 3657 3041 przcreptus,

2090 3049 2412 3105 E-lvvardum
2447 3051 2611 3105 filium
2641 3069 2795 3107 suum
2827 3065 2881 3108 et
2912 3058 3099 3127 regni,
3147 3068 3201 3111 et
3249 3074 3454 3112 morum
3487 3060 3657 3113 luere-

2091 3142 2211 3195 dem
2256 3141 2502 3211 reliquit;
2557 3143 2607 3195 in
2634 3146 2787 3211 cujus
2820 3145 3083 3201 electione
3113 3149 3236 3201 dum
3267 3149 3483 3217 quidam
3519 3150 3662 3219 prin—

2093 3230 2239 3299 cipes
2268 3230 2485 3298 palatini
2518 3233 2859 3301 acquiescere
2902 3236 3123 3298 nollent,
3175 3238 3480 3291 Dunstanus
3515 3254 3663 3292 arre-

2091 3329 2182 3386 pto
2209 3321 2384 3373 crucis
2412 3321 2627 3385 vexillo,
2656 3323 2797 3390 quod
2839 3340 2949 3393 pra:
2992 3341 3049 3380 se
3096 3342 3159 3379 ex
3193 3343 3342 3381 more
3371 3327 3663 3393 ferebatur,

2092 3410 2145 3464 in
2196 3412 2370 3464 medio
2421 3412 2679 3475 constitit,
2712 3413 3033 3469 Edvvardnm
3069 3417 3174 3470 illis
3202 3420 3454 3480 ostendit,
3485 3419 3661 3489 elegit,

2092 3502 2344 3563 sacravit,
2368 3501 2646 3569 patrisque
2669 3517 2730 3554 ac
2756 3504 2996 3574 magistri
3024 3504 3269 3559 affectum
3295 3507 3470 3575 quoad
3510 3508 3664 3571 vixit,

2094 3591 2141 3644 ci
2175 3592 2477 3661 impendit:
2516 3608 2834 3662 versumque
2882 3594 2934 3647 itt
2986 3595 3237 3662 gaudium
3286 3606 3368 3649 est
3416 3597 3667 3650 omnibus

2093 3683 2233 3751 quod
2277 3680 2435 3750 paulo
2470 3691 2591 3735 ante
2624 3682 2773 3737 triste
2817 3692 3151 3751 putaverant,
3184 3686 3555 3738 existimantes
3581 3684 3667 3753 ju-

2095 3784 2284 3825 venem
2313 3785 2492 3840 regem
2522 3771 2874 3826 inhumanum
2907 3773 3167 3837 futurum,
3196 3776 3418 3829 consilia
3451 3778 3665 3844 sapien-

2095 3870 2206 3915 tum
2255 3877 2359 3914 non
2390 3870 2721 3926 curaturum,
2756 3864 2850 3917 sed
2891 3878 2989 3932 pro
3037 3862 3254 3918 libidine
3302 3866 3481 3919 omnia
3519 3874 3668 3919 actu-

2096 3969 2248 4017 rum;
2296 3952 2388 4005 scd
2422 3963 2702 4022 postquam
2747 3970 2902 4008 εοεαε
2926 3970 3044 4009 esse
3074 3971 3393 4023 cognovere,
3428 3972 3583 4012 SCCUS
3615 3966 3667 4009 CI

2095 4045 2194 4113 ipsi
2236 4058 2347 4098 rem
2390 4052 2608 4097 tenuere
2633 4083 2647 4107 ,
2695 4054 2748 4098 et
2790 4045 3124 4114 diSplicuissc
3157 4046 3254 4100 sibi
3290 4062 3465 4113 regem
3507 4047 3669 4100 vehe-

2096 4145 2305 4190 menter
2334 4135 2621 4204 displicuit.
2672 4134 2777 4189 Sed
2805 4136 2893 4190 illo
2934 4146 3053 4204 post
3087 4137 3298 4190 triennii
3337 4148 3543 4205 tempus
3572 4152 3668 4191 no-

2096 4224 2291 4279 vercali
2339 4223 2526 4277 fraude
2574 4225 2754 4279 occiso
2798 4225 2933 4294 (53),
2985 4226 3303 4280 Ethelredus
3348 4226 3513 4280 frater
3554 4227 3669 4295 ejus

2097 4316 2353 4385 regnandi
2392 4325 2603 4383 sceptra
2646 4316 2893 4369 obtinuit.
2927 4316 3055 4382 Qure
3085 4331 3169 4370 res
3199 4317 3446 4386 quamvis
3476 4316 3670 4371 infesto

2100 4404 2250 4459 fieret
2290 4405 2585 4469 Dunstano,
2618 4404 2700 4459 vel
2732 4405 2853 4473 quia
2902 4420 2995 4473 per
3042 4404 3355 4459 effusionem
3398 4406 3672 4475 sanguinis

2101 4496 2402 4550 innocentis
2448 4496 2514 4549 ad
2561 4510 2783 4565 regnum
2834 4497 3157 4563 perveniret,
3189 4494 3271 4549 vel
3320 4496 3443 4565 quia
3479 4512 3667 4565 parum

2099 4584 2397 4655 prudentia:
2419 4600 2482 4639 ac
2508 4583 2837 4639 fortitudinis
2862 4584 2934 4639 illi
2968 4585 3184 4649 inesset,
3219 4600 3324 4638 non
3346 4593 3461 4639 erat
3493 4595 3667 4640 tamen

2099 4675 2378 4728 consilium
2412 4674 2701 4737 resistere,
2746 4683 3027 4744 propterea
3076 4674 3215 4743 quod
3260 4673 3399 4727 filius
3442 4676 3581 4743 regis
3618 4684 3672 4727 ct

2099 4766 2376 4835 proximus
2404 4774 2529 4819 tunc
2556 4764 2731 4819 ba3rcs
2757 4765 3029 4819 videretur
3055 4780 3192 4819 esse.
3227 4764 3475 4819 Attamen
3510 4766 3560 4817 in
3588 4764 3674 4819 die

2102 4857 2526 4913 consecrationis
2557 4872 2686 4921 suae,
2717 4869 2837 4926 post
2868 4857 3167 4925 impositam
3195 4871 3470 4919 coronam,
3504 4853 3675 4908 fertur

2106 4950 2410 5004 Dunstanus
2435 4948 2626 5001 bocilli
2654 4947 2964 5017 prredixisse
2997 4967 3009 5002 :
3042 4947 3302 5012 Quoniam
3332 4945 3579 5015 aspirasti
3609 4946 3675 4999 ad

2108 5072 2319 5128 tempus
2365 5059 2672 5112 Dunstanus
2702 5059 2866 5111 variis
2900 5058 3277 5125 diplomatibus
3306 5073 3403 5125 pro
3432 5057 3682 5112 etenobio

2111 5129 2456 5188 Crulandensi
2488 5129 2776 5183 subscribit
2801 5128 2936 5197 apud
2969 5128 3248 5195 lngull'nm.

2180 5201 2290 5264 (5'5)
2328 5197 2539 5276 Elfreda
2575 5196 3181 5276 \‘0_C3ltll‘_£i)ylllclllm,
3214 5196 3303 5264 qui
3339 5198 3391 5250 in
3417 5196 3580 5276 libLfl
3614 5197 3687 5276 De

2108 5270 2451 5342 pontificibus
2477 5284 2600 5338 cap.
2627 5273 2678 5333 8,
2709 5269 2779 5342 ait
2803 5266 3307 5342 El_ft'itlam_ttxot'cnt
3325 5267 3464 5335 regis
3494 5265 3688 5333 Edgari

2110 5336 2399 5397 iedifieassc
2429 5336 2819 5395 monasterium
2854 5338 3142 5393 Varevellm
3172 5338 3220 5388 in
3256 5336 3459 5390 honore
3486 5349 3691 5391 sancta:

2110 5412 2309 5474 crucis,
2349 5428 2364 5458 ι
2396 5420 2774 5474 compunttam
2809 5408 3035 5474 privigni
3066 5409 3146 5464 sui
3178 5406 3421 5460 Edwardi
3451 5419 3582 5457 nece
3614 5408 3693 5459 in-
