4516 5500
847 445 950 498 “7

1782 445 1835 498 S.
1883 441 2294 499 DUNSTANUS
2334 438 2642 493 ARCHIEP.
2685 437 3030 493 CANTUAR.

3971 437 4071 490 H8

846 568 1069 622 regnum
1100 568 1195 622 per
1222 562 1445 607 mortem
1481 553 1661 607 fratris
1709 556 1806 618 tui,
1838 570 1994 622 quem
2043 552 2237 605 occidit
2265 553 2411 620 igno-
2442 556 2483 611 Λ
2516 548 2817 615 veriloquus
2864 551 3185 618 prtedixerat
3250 558 3395 604 vates
3424 593 3437 613 ,
3486 566 3515 605 e
3562 550 3754 605 satculo
3804 550 4074 618 migravit;

844 644 1072 697 miniosa
1108 652 1278 697 mater
1307 653 1415 708 tua,
1442 658 1546 697 non
1576 643 1785 697 deficiet
1812 644 2017 712 gladius
2044 645 2107 697 de
2139 646 2296 695 domn
2323 654 2408 696 tua

844 734 1068 787 szeviens
1112 734 1164 787 in
1206 743 1256 788 tc
1283 735 1532 789 omnibus
1562 734 1749 787 dielms
1780 735 1900 787 vita:
1932 744 2053 795 tute.
2089 734 2412 787 interficiens

844 825 910 876 de
941 825 1144 878 semine
1175 833 1284 886 tuo,
1318 840 1595 893 quousque
1627 838 1847 893 regnum
1878 833 2023 876 tutnn
2058 824 2413 877 transferatur

844 912 897 963 in
941 926 1163 981 regnum
1209 913 1319 981 (51)
1371 912 1635 975 alienum,
1688 911 1838 979 cujus
1888 912 2044 964 ritum
2096 922 2149 965 et
2180 912 2409 980 linguam

842 1016 995 1068 gens,
1038 1003 1121 1055 eui
1168 1003 1455 1071 praesides,
1490 1018 1593 1055 non
1627 1002 1791 1054 novit.
1822 1000 1929 1055 Nec
1958 1002 2281 1069 expiabitnr,
2310 1004 2411 1055 nisi

843 1094 998 1161 longa
1029 1094 1285 1156 vindicta,
1321 1103 1597 1161 peccatum
1632 1102 1800 1155 tuum,
1837 1099 1891 1146 et
1920 1102 2193 1160 peccatum
2227 1093 2413 1145 matris

843 1191 962 1242 tate,
994 1189 1047 1233 et
1079 1189 1353 1249 peccatum
1382 1180 1616 1234 virorum
1658 1180 1748 1249 qui
1780 1179 2071 1234 interfuere
2102 1180 2324 1234 consilio
2354 1180 2412 1233 il-

840 1268 942 1321 lius
974 1284 1224 1337 nequam.

978 1360 1287 1413 Atltelwoldi
1317 1370 1364 1413 et
1401 1361 1625 1415 aliorum
1652 1372 1839 1414 mortes
1879 1364 2263 1429 prmnuntiatm.

836 1474 841 1479 ι
907 1449 996 1503 58.
1049 1449 1143 1502 llis
1189 1450 1517 1518 temporibus
1567 1452 1795 1520 contigit
1850 1451 2249 1505 Athelwoldum
2299 1453 2409 1523 (55)

838 1537 1117 1591 Wentanre
1149 1538 1399 1592 Ecclesia‘
1424 1539 1718 1592 antistitem
1749 1555 1869 1593 cum
1898 1539 2003 1593 alio
2032 1542 2263 1608 quodam
2303 1540 2407 1594 Ro-

836 1629 971 1681 fensi
1000 1629 1253 1697 episcopo
1278 1627 1623 1683 Cantuariam
1651 1631 1855 1695 venire,
1887 1647 2244 1701 magnumque
2275 1632 2413 1685 Dun-

834 1726 990 1770 stano
1019 1718 1084 1771 de
1119 1719 1349 1771 adventu
1395 1734 1492 1771 suo
1522 1720 1770 1789 gaudium
1816 1732 2095 1788 praestare,
2128 1733 2410 1792 propterea

833 1806 977 1873 quod
1019 1806 1133 1875 ejus
1180 1823 1307 1860 cura
1342 1808 1455 1871 alti,
1489 1810 1647 1869 ducti,
1689 1825 1750 1863 ac
1796 1826 1891 1878 per
1937 1812 2117 1865 varias
2154 1812 2410 1865 virtutmn

2512 639 2872 692 Athelwoldns
2894 655 3017 694 vero
3039 640 3347 708 priusquam
3377 642 3441 693 ad
3470 642 3693 709 pmpria:
3721 640 3863 694 sedis
3889 641 4071 693 urbem

2513 731 2738 793 veniret,
2772 731 2960 783 ultimo
3006 732 3247 799 corporis
3296 730 3550 800 languore
3588 740 3883 799 correptus,
3914 730 4073 783 coele-

2512 820 2607 871 slis
2634 820 2775 872 sedis
2821 819 3202 872 habitationem
3256 820 3506 887 suscepit.
3556 817 3729 887 Super
3752 818 3905 887 cujus
3933 832 4076 870 mor-

2516 919 2563 962 te
2606 910 2925 963 venerabilis
2972 910 3131 964 Pater
3174 911 3459 963 admodum
3513 910 3902 971 contristatus,
3962 908 4072 961 sive

2513 1000 2651 1069 quod
2683 1000 3039 1053 sanctissima:
3064 1014 3275 1069 semper
3301 1000 3575 1070 religionis
3605 999 3789 1057 fuerit.
3820 1014 3911 1052 seu
3934 998 4072 1066 quod

2514 1108 2760 1161 magnam
2786 1092 2851 1145 de
2883 1091 3255 1145 substituendo
3278 1091 3565 1145 sacerdote
3597 1091 3708 1144 litis
3735 1091 4072 1144 occasionem

2512 1182 2816 1235 viventibus
2865 1181 3248 1249 dereliquerit,
3298 1181 3616 1250 deprecatus
3663 1188 3745 1234 est
3794 1179 4073 1233 hominum

2512 1270 2736 1323 desertre
2784 1268 3032 1323 Ecclesia:
3081 1270 3368 1339 benignum
3414 1268 3527 1321 fore
3579 1268 3929 1335 provisorem.
3977 1264 4073 1317 Cui

2514 1376 2637 1414 mox
2696 1361 3003 1429 deprecanti
3074 1360 3281 1413 assistit
3330 1359 3613 1413 familiaris
3658 1374 3788 1412 suus
3833 1356 4077 1409 Andreas

2513 1449 2821 1517 apostolus,
2867 1450 3119 1517 precibus
3147 1450 3264 1519 ejus
3311 1450 3475 1503 Deum
3526 1450 3656 1503 dicit
3685 1461 3943 1503 annuere.
3976 1444 4077 1498 Ba~

2514 1544 2737 1595 thenseu
2764 1540 3031 1598 abbatem.
3066 1542 3282 1595 nomine
3316 1542 3580 1610 Elfegum,
3607 1549 3789 1594 monet
3812 1538 4078 1591 adducen-

2512 1633 2667 1692 dum,
2699 1640 2753 1683 et
2796 1646 2859 1683 ex
2912 1631 3212 1684 divinitatis
3243 1631 3468 1684 consilio
3492 1630 3775 1684 Wentanzn
3826 1625 4078 1681 Ecclesia:

2513 1721 2808 1773 antistitem
2851 1722 3276 1789 prrclieiendum.
3329 1720 3407 1773 Ita
3455 1720 3714 1789 quidquid
3757 1735 3933 1772 rerum
3967 1720 4079 1786 ipsc

2514 1810 2892 1873 desiderasset,
2920 1826 3015 1878 per
3046 1811 3391 1879 interpretem
3419 1810 3715 1879 apostolum
3744 1808 4023 1863 confestim
4050 1826 4077 1859 a

832 1894 1144 1963 disciplinas
1194 1897 1259 1948 ad
1310 1912 1547 1951 summos
1598 1898 1848 1952 Ecclesia:
1907 1901 2137 1955 honores
2185 1888 2483 1955 fuissent“
2517 1901 2624 1953 Deo
2662 1902 3116 1967 consequebatur.
3170 1899 3273 1953 Sed
3304 1909 3356 1953 et
3384 1900 3469 1953 ille
3511 1900 3680 1952 vicem
3711 1900 3929 1952 honoris
3952 1914 4083 1967 apo-

831 1986 1091 2054 provecti.
1126 1986 1402 2055 Plerisque
1449 2004 1577 2057 ergo
1621 1988 1808 2041 diebus
1854 1990 1906 2041 in
1942 1999 2123 2042 mutua
2155 1992 2409 2045 sermoci-

836 2076 1052 2127 natione
1080 2075 1237 2127 simul
1268 2083 1321 2128 et
1348 2076 1707 2129 exsultatione
1738 2078 1990 2145 peractis,
2020 2080 2295 2147 egreditur
2326 2097 2410 2132 ar-

834 2164 1211 2233 chiepiscopus
1238 2164 1303 2217 de
1329 2166 1544 2218 civitate
1570 2166 1751 2219 volens
1780 2167 1845 2219 ad
1890 2167 2065 2220 locum
2094 2168 2291 2221 Christi
2321 2184 2409 2222 ec-

831 2251 1011 2304 clesia:
1044 2252 1462 2306 Mansionarium
1490 2254 1782 2323 proficisci.
1817 2255 1891 2308 llli
1927 2271 2053 2311 vero
2080 2258 2407 2312 comitaban-

828 2350 917 2393 tur
948 2342 1273 2396 deducentes
1320 2358 1465 2407 eum,
1497 2358 1774 2412 quousque
1822 2345 1938 2399 illos
1981 2347 2065 2399 via
2109 2347 2405 2412 dirimeret,

826 2448 947 2499 qua:
977 2447 1414 2502 unumquemque
1459 2434 1525 2487 ab
1581 2434 1754 2487 altero
1800 2446 2107 2503 separatum
2140 2436 2202 2489 ad
2233 2437 2406 2492 locum

826 2537 931 2590 quo
957 2522 1033 2575 ire
1057 2522 1372 2590 disponebat
1394 2523 1666 2592 dirigeret.
1693 2524 1934 2593 Cumque
1965 2526 2404 2594 imminenlejatn

826 2628 1052 2680 vespera
1086 2614 1269 2682 procul
1302 2615 1473 2669 adhuc
1502 2630 1530 2668 a
1562 2616 1679 2670 loco
1706 2616 1817 2685 jam
1849 2616 2111 2671 distarent
2146 2619 2405 2686 (tardius-

824 2702 944 2756 cule
970 2704 1113 2757 enim
1144 2720 1303 2773 quam
1340 2706 1471 2759 hora
1518 2707 1825 2774 postulabat
1852 2706 1915 2760 de
1958 2708 2090 2761 urbe
2116 2708 2404 2778 exierant),

823 2793 1146 2861 deprecatur
1180 2794 1642 2863 archiepiscopum
1695 2793 1943 2848 Rofensis
1972 2797 2223 2861 antistes,
2256 2807 2312 2851 ut
2339 2798 2405 2851 ad

824 2885 1059 2937 vicinum
1089 2884 1331 2938 ecclesia:
1358 2900 1468 2937 sua:
1496 2885 1878 2953 patrimonium
1908 2885 2162 2950 divertat,
2190 2897 2405 2940 noctur-

824 2990 950 3025 num
982 2984 1192 3043 tempus
1223 2990 1406 3027 secum
1437 2975 1716 3043 transigat,
1748 2989 1903 3028 mane
1934 2990 2082 3039 vero,
2117 2976 2160 3029 si
2198 2976 2269 3029 ita
2301 2977 2407 3043 pla-

823 3065 1018 3126 eztcrit,
1058 3065 1429 3136 migrationem
1464 3065 1643 3121 faciat.
1687 3064 1782 3122 Cui
1826 3065 1913 3121 ille
1944 3066 2289 3137 postulationi
2321 3068 2404 3121 di-

820 3167 1050 3225 gnanter
1098 3172 1366 3220 annuens,
1409 3158 1482 3210 ait
1518 3175 1531 3210 :
1566 3156 1621 3209 Si
1668 3157 1943 3211 confrater
1992 3170 2176 3213 noster
2220 3157 2404 3214 Athel-

2514 1999 2648 2052 stolo
2678 1998 2988 2067 persolvens
3008 2040 3019 2058 ,
3046 1998 3095 2049 in
3125 1998 3271 2049 omni
3301 1997 3559 2064 obsequio
3592 1996 3664 2049 illi
3699 1997 3946 2049 studebat
3986 1996 4080 2048 de-

2516 2087 2678 2151 ferre,
2710 2089 2961 2142 basilicas
2993 2090 3042 2139 in
3068 2088 3185 2155 ejus
3213 2087 3427 2139 nomine
3455 2086 3718 2139 fabricare
3740 2126 3752 2148 ,
3783 2084 4078 2139 fabricatas

2513 2176 2821 2230 muneribus
2850 2177 3128 2229 decorare.

2710 2264 2948 2332 [infensis
2985 2265 3201 2317 obsidio.
3248 2264 3398 2335 Regis
3426 2266 3646 2317 avatitia
3679 2266 3884 2331 pituita.

2580 2354 2667 2408 59.
2726 2353 2860 2405 Dum
2915 2370 3042 2421 ergo
3102 2355 3333 2421 quodam
3388 2364 3627 2422 tempore
3682 2354 3937 2422 prad‘atus
3987 2368 4081 2405 rex

2510 2454 2729 2513 propter
2777 2446 3037 2513 quasdam
3088 2445 3457 2498 dissensiones
3503 2447 3773 2498 civitatem
3811 2445 4084 2497 obsideret

2510 2534 2822 2598 Rofensem,
2846 2542 2899 2588 et
2928 2534 3067 2588 facta
3102 2535 3346 2603 capiendi
3382 2534 3524 2588 illam
3556 2535 3888 2597 diﬂicullale,
3919 2536 4082 2603 patri-

2511 2624 2754 2677 monium
2784 2623 2927 2676 beati
2957 2624 3184 2691 apostoli
3220 2625 3550 2678 dcvastando
3581 2626 3889 2685 invaderet;
3924 2642 4077 2677 matt-

2511 2714 2659 2767 davit
2685 2713 2860 2768 eidem
2891 2714 3239 2768 beatissimus
3282 2715 3521 2783 pontifex
3553 2716 3620 2767 ab
3659 2715 3881 2767 stultitia
3928 2715 4082 2781 quie-

2510 2815 2664 2855 scere
2690 2801 2960 2856 Andream
2992 2803 3133 2856 sicut
3162 2802 3227 2855 ad
3258 2804 3619 2870 prmstandnm
3652 2802 3885 2866 facilem,
3918 2803 3992 2855 sic
4016 2803 4083 2854 ad

2508 2890 2879 2943 ulciscendum
2914 2890 3125 2944 virilem
3169 2892 3222 2944 in
3251 2901 3499 2961 promptu
3526 2908 3669 2957 esse,
3697 2902 3753 2945 ut
3785 2893 4081 2960 potentiam

2508 2978 2651 3031 illius
2681 2978 2794 3046 ipse
2824 2980 3137 3048 experiatur
3159 3022 3173 3045 ,
3208 2981 3252 3034 si
3302 2981 3668 3035 hcereditatem
3720 2983 3861 3037 illius
3888 2998 4085 3037 vexare

2510 3082 2614 3120 non
2638 3068 2925 3121 destiterit.
2952 3068 3306 3137 Contemptus
3330 3084 3357 3120 a
3387 3069 3529 3138 Rege
3551 3069 3861 3124 Dunstanus
3889 3072 4081 3125 iterum

2510 3156 2856 3213 currentibus
2888 3156 3094 3213 nuntiis
3125 3157 3310 3213 eadem
3339 3158 3599 3229 suggerit,
3627 3158 3845 3230 insuper
3875 3164 4081 3230 argenti

821 3252 1029 3305 Wnldus
1061 3267 1270 3305 meeum
1294 3252 1479 3303 venire
1510 3250 1758 3313 voluerit,
1788 3251 1840 3303 in
1871 3265 1954 3303 me
1986 3251 2129 3304 nulla
2155 3252 2405 3306 veniendi
2435 3225 2478 3286 C
2510 3250 2688 3319 pondo
2725 3259 2942 3304 centum
2979 3252 3324 3313 transmittit;
3353 3252 3442 3319 qui
3474 3253 3743 3320 accipiens
3774 3254 3993 3306 recessit
4017 3253 4086 3303 ah

821 3358 970 3396 mora
1005 3343 1127 3396 erit.
1162 3343 1475 3395 Assentiunt
1514 3356 1643 3409 ergo
1673 3340 1957 3407 pOItliﬁCeS
1994 3342 2044 3394 in
2072 3344 2282 3407 eodem,
2315 3359 2412 3411 pa-

821 3434 1061 3501 riterque
1110 3442 1356 3500 paratum
1409 3433 1508 3485 sibi
1559 3432 1925 3485 habitaculum
1985 3433 2236 3487 subeunt.
2285 3432 2405 3487 Jam

820 3540 983 3577 aurea
1018 3524 1105 3577 lux
1140 3524 1317 3576 noctis
1348 3522 1622 3591 fugaverat
1654 3523 1893 3584 umbras,
1921 3537 2043 3575 cum
2076 3522 2218 3576 beati
2252 3522 2324 3575 illi
2352 3524 2404 3576 in

820 3614 958 3665 viam
992 3613 1263 3683 progressi
1292 3611 1477 3664 collem
1511 3610 1842 3672 ascendunt,
1893 3610 2014 3663 inde
2062 3610 2128 3664 ab
2174 3610 2403 3665 invicem

818 3703 1019 3754 vicaria
1065 3702 1214 3771 pacis
1254 3700 1515 3755 relatione
1558 3688 1852 3754 dividendi.
1889 3700 2196 3754 Extendens
2224 3711 2402 3754 autem

826 3806 1044 3843 manum
1075 3806 1318 3843 smnmus
1355 3790 1446 3842 Dei
1476 3789 1751 3852 sacerdos,
1782 3800 1839 3840 ut
1885 3796 2191 3841 cocssentes
2221 3803 2401 3843 secum

821 3882 1059 3934 minores
1094 3879 1373 3948 pontifices
1404 3878 1749 3932 benediceret
1776 3887 1937 3945 atque
1962 3876 2277 3943 dimitteret,
2310 3895 2403 3932 ex-

820 3972 1018 4039 templo
1047 3971 1224 4039 erupit
1252 3970 1302 4023 in
1328 3969 1530 4032 fletum,
1556 3967 1738 4022 ﬂetum
1770 3969 1905 4021 adeo
1935 3982 2210 4036 magnum,
2234 3977 2293 4021 ut
2317 3970 2400 4021 vix

817 4061 882 4113 de
910 4068 1099 4112 sancto
1152 4066 1367 4125 pectore
1408 4070 1589 4108 vocem
1639 4053 1844 4106 valeret
1897 4050 2107 4105 efferre.
2163 4053 2403 4121 Expave-

816 4157 974 4203 scunt
1000 4148 1066 4199 ad
1098 4146 1295 4199 factum
1332 4144 1612 4213 pontifices
1638 4142 1933 4206 insolitum,
1963 4141 2180 4195 ﬂetuum
2211 4157 2402 4195 causas

816 4237 1031 4291 solliciti
1074 4235 1409 4303 perquirunt,
1447 4242 1500 4287 et
1542 4242 1663 4300 post
1694 4233 1963 4285 modicum
2010 4232 2111 4285 hoc
2156 4233 2222 4285 ad
2256 4248 2400 4300 qua:-

814 4327 915 4380 sita
950 4341 1262 4393 responsum
1311 4324 1603 4390 accipiunt.
1658 4322 1752 4385 Ea,
1789 4321 1983 4389 inquit,
2016 4336 2072 4374 re
2114 4319 2236 4386 ﬂeo,
2268 4336 2400 4389 quo-

815 4418 960 4471 niam
986 4432 1081 4471 vos
1109 4416 1161 4469 in
1192 4415 1438 4483 proximo
1462 4414 1752 4466 morituros
1778 4412 1911 4465 scio.
1940 4410 2183 4480 Cumque
2209 4412 2281 4463 illi
2315 4426 2399 4465 re-

812 4511 1065 4561 ferrent:
1102 4507 1259 4571 Noli,
1310 4504 1655 4559 sanctissime
1702 4504 1881 4567 Pater,
1926 4512 2032 4555 tam
2082 4503 2194 4556 dira
2244 4504 2397 4556 nobis

811 4602 1089 4671 prophetia
1122 4613 1440 4660 occurrere;
1484 4613 1587 4650 non
1620 4596 1763 4651 enim
1800 4596 2117 4659 moriemur,
2152 4598 2245 4650 sed
2292 4598 2395 4652 ite-

814 4709 933 4746 rum
966 4702 1125 4759 atque
1154 4692 1348 4745 iterum
1384 4690 1585 4758 pariter
1615 4704 1713 4743 nos
1744 4688 2039 4742 incolumes
2073 4688 2419 4741 videbimus-

812 4783 926 4835 Tali
977 4782 1117 4850 quod
1186 4781 1399 4834 dixerat
1469 4780 1819 4848 responsione
1882 4779 2131 4831 firmabat
2179 4794 2191 4829 :
2243 4777 2395 4842 Quod

811 4873 921 4926 dixi
971 4887 1191 4926 necesse
1236 4881 1319 4924 est
1369 4870 1503 4923 fieri.
1542 4869 1841 4922 Moriemini
1884 4883 2111 4935 namque
2145 4868 2269 4921 huic
2298 4884 2397 4921 sre-

810 4963 931 5016 culo
960 5004 973 5026 ,
1020 4963 1111 5015 sed
1152 4961 1343 5014 vivetis
1374 4960 1483 5013 Deo
1520 4978 1531 5011 :
1569 4958 1872 5011 moriemini
1920 4958 1971 5010 in
2006 4958 2107 5010 hac
2137 4957 2242 5008 vita
2272 4956 2393 5009 ditt—

812 5055 916 5108 liis
943 5069 1049 5105 non
1086 5051 1347 5113 mansuri,
1380 5052 1472 5103 sed
1520 5049 1585 5102 ad
1619 5050 1785 5102 Deum
1836 5046 2041 5100 vadetis
2066 5046 2395 5099 :eternaliter

809 5158 930 5196 cum
966 5142 1055 5195 illo
1088 5121 1303 5195 victuri.
1338 5140 1619 5193 Divertunt
1663 5153 1793 5207 ergo
1844 5135 2124 5205 pontifices
2156 5135 2223 5188 ab
2254 5136 2387 5188 invi-

807 5250 923 5287 cem
969 5244 1261 5289 mtm‘entes
1308 5249 1405 5301 pro
1454 5233 1717 5295 invicem,
1765 5230 1935 5298 magis
1969 5238 2144 5281 tamen
2192 5243 2287 5297 pro
2330 5243 2388 5281 se

807 5326 1037 5394 quisque
1087 5325 1173 5393 pio
1223 5325 1417 5378 timore
1464 5323 1743 5376 sollicitus.
1810 5318 1914 5372 Sed
1969 5319 2216 5373 Rofensis
2268 5318 2386 5386 epi-

808 5433 1000 5485 scopus
1050 5418 1233 5471 abiens
1282 5417 1334 5470 in
1384 5416 1657 5469 civitatem
1710 5426 1885 5475 suam,
1918 5427 2040 5464 mox
2076 5419 2131 5462 ut
2168 5410 2388 5462 intravit

2520 3338 2821 3393 obsidione.
2859 3339 3010 3404 Quod
3058 3340 3215 3392 simul
3247 3350 3406 3408 atque
3444 3342 3683 3408 pontifici
3719 3342 4084 3394 renuntiatmn

2511 3427 2725 3491 fuisset,
2759 3428 2989 3481 miratus
3021 3428 3372 3497 cupiditatem
3404 3430 3658 3494 hominis,
3694 3430 3794 3483 hoc
3835 3429 3906 3483 illi
3948 3431 4083 3482 scri-

2507 3515 2636 3569 bere
2682 3517 2934 3570 curavit:
2981 3516 3243 3579 Quoniam
3283 3518 3561 3584 prmtulisti
3607 3520 3889 3587 pecuniam
3935 3520 4083 3581 Deo,

2509 3616 2793 3677 argentum
2829 3608 3108 3676 apostolo,
3158 3622 3290 3661 mea:
3339 3610 3601 3672 voluntati
3645 3619 3787 3662 tuam
3820 3610 4087 3679 cupidita-

2508 3706 2638 3761 tem,
2668 3697 2929 3751 velociter
2958 3698 3176 3751 venient
3204 3712 3364 3767 super
3391 3708 3441 3752 te
3470 3715 3590 3768 qua:
3624 3700 3834 3754 locutus
3866 3710 3949 3754 est
3983 3700 4086 3753 Dn—

2507 3786 2686 3840 minus
2722 3787 2884 3848 mala,
2913 3786 3088 3855 qualia
3119 3803 3221 3840 non
3272 3788 3487 3842 fuerunt
3534 3805 3598 3844 ex
3657 3806 3763 3859 quo
3807 3806 3938 3859 gens
3969 3790 4083 3843 An-

2508 3876 2716 3945 glorum
2748 3893 2977 3947 regnare
3004 3879 3168 3945 coepit
3196 3894 3363 3947 usque
3386 3880 3450 3931 ad
3490 3890 3697 3947 tempus
3734 3880 3882 3932 illud.
3916 3882 4075 3932 Atta-

2509 3984 2630 4021 men
2665 3969 2879 4022 vivente
2912 3984 2995 4022 me
3042 3970 3145 4023 ista
3196 3985 3300 4023 non
3332 3982 3531 4035 erunt,
3582 3974 3835 4040 quoniam
3883 3980 3935 4026 et
3980 3974 4084 4025 hoc

2506 4056 2716 4110 locutus
2742 4066 2825 4110 est
2864 4058 3140 4111 Dominus.
3193 4058 3322 4124 Qua:
3353 4060 3535 4113 omnia
3574 4061 3645 4113 ita
3676 4061 3996 4130 contigisse,
4028 4072 4084 4115 et

2506 4145 2557 4197 in
2588 4146 2873 4200 annalibus
2907 4142 3120 4218 legere,
3169 4159 3222 4203 et
3268 4151 3468 4205 nostris
3515 4153 3844 4219 temporibus
3875 4164 3955 4207 est
3996 4154 4079 4207 vi-

2504 4231 2653 4285 dere.
3327 4266 3354 4296 ,

2576 4320 2797 4374 Matrem
2826 4341 2975 4377 suam
3009 4328 3060 4378 in
3083 4328 3220 4379 cwlis
3248 4328 3403 4390 videt,
3432 4339 3478 4381 et
3518 4330 3720 4381 beatam
3762 4329 4005 4382 Mariam.

2573 4414 2662 4466 ιο.
2706 4414 2833 4480 Sed,
2866 4416 3052 4484 utjam
3082 4419 3296 4471 beatum
3333 4419 3513 4485 illtnn,
3557 4421 3748 4489 dequo
3787 4420 4079 4487 loquimur,

2506 4502 2757 4557 fidentius
2785 4521 2881 4573 pro
2910 4508 3173 4575 obsequio
3204 4508 3560 4575 alloquamur,
3591 4518 3643 4563 et
3668 4510 3746 4563 sic
3776 4510 3841 4563 ad
3866 4510 4076 4563 felicem

2501 4590 2616 4657 ejus
2644 4594 2927 4646 transitum
2952 4596 3289 4650 madentibus
3316 4597 3485 4651 oculis
3514 4607 3883 4663 transeamus;
3910 4614 4078 4666 quan-

2506 4696 2572 4738 tte
2605 4684 2730 4738 illud
2762 4686 3233 4755 contemplationis
3260 4696 3360 4751 est,
3408 4689 3570 4741 Pater
3599 4688 3897 4753 mirabilis,
3922 4688 4080 4742 Pater

2503 4774 2939 4840 iureslimabilis,
2989 4786 3203 4844 quanta:
3256 4778 3387 4831 illud
3438 4778 3915 4847 contemplationis
3963 4788 4073 4841 est,

2508 4878 2666 4930 quatn
2697 4863 2963 4916 excedens
2995 4865 3235 4917 onmium
3280 4866 3585 4920 mortalium
3640 4876 3847 4920 mentes
3872 4908 3885 4932 ,
3935 4870 4076 4935 quod

2504 4952 2584 5004 vel
2624 4952 2716 5005 Dei
2765 4951 3097 5006 Cenilricem
3133 4955 3185 5007 in
3226 4955 3328 5007 hac
3371 4956 3587 5009 mortali
3630 4957 3771 5018 vita,
3814 4956 3897 5008 vel
3931 4965 4074 5009 tuam

2503 5042 2816 5110 genitricem
2842 5042 2891 5094 in
2916 5052 3115 5095 aeterna
3133 5044 3350 5098 videbas
3378 5045 3517 5097 vita!
3549 5045 3605 5098 In
3629 5046 3825 5099 cmlum
3844 5062 4076 5114 namque

2502 5133 2871 5195 deducebaris,
2898 5133 3163 5187 intereras
3178 5135 3350 5188 beatis
3364 5135 3690 5204 agminibus.
3717 5136 3820 5190 illis
3839 5137 4077 5189 oblecta-

2504 5222 3121 5278 barismodulalionibus
3152 5226 3464 5293 angelorum
3486 5227 3731 5280 eamdem
3758 5227 4074 5295 genitrleeut

2504 5325 2648 5368 tuam
2678 5314 2829 5383 quasi
2865 5314 3088 5382 nuptiali
3132 5314 3369 5368 thalamo
3398 5324 3603 5368 aeterno
3650 5315 3781 5384 Regi
3818 5315 4075 5383 copulan-

2503 5405 2632 5457 tium
2662 5445 2675 5467 ,
2706 5412 2761 5456 et
2788 5417 2953 5456 suave
2994 5401 3155 5469 Kyrie
3183 5401 3372 5454 eleison
3405 5402 3516 5472 (56)
3566 5403 3961 5456 modulantibus
3986 5418 4075 5456 or-

3144 5490 3175 5500 Α
