4516 5500
427 403 528 455 H9

1949 387 2116 438 \Il.\.

3552 398 3652 450 450

427 508 640 564 silentio
674 506 1015 574 arguercris,
1061 504 1202 572 quod
1243 505 1381 555 inter
1416 512 1561 556 tanta
1610 503 1729 554 vitae
1775 509 1988 553 ωιονιιςυ
2019 502 2061 556 Α
2093 502 2458 564 potentissima
2491 503 2679 555 merita
2733 513 2817 556 tua
2848 545 2860 565 ,
2909 517 2961 557 ut
3011 507 3087 558 vel
3135 507 3290 559 finem
3343 523 3464 560 vitm
3518 525 3650 568 ttitt‘.

425 597 618 667 gaudia
652 595 796 650 solus
843 606 895 647 tu
947 610 975 646 a
1013 594 1209 646 divinis
1258 594 1504 646 laudibus
1534 607 1813 653 cessares,
1865 606 1985 643 cum

427 686 690 754 praecipue
735 685 826 737 tibi
855 697 952 752 pro
983 684 1188 736 honore
1225 683 1460 749 parentis
1493 680 1828 750 gaudendum
1862 678 1989 732 fuis-

425 784 538 838 set,
574 773 910 840 referresque
954 771 1110 838 hujus
1157 780 1317 825 tanta:
1353 771 1633 824 suavitatis
1680 771 1904 824 inscium
1943 780 1989 822 te

425 878 571 925 esse;
615 878 773 931 quam
816 862 1093 925 breviter,
1142 875 1411 930 quamque
1457 860 1684 915 dulciter
1712 876 1739 913 a
1784 862 1989 914 civibus

427 954 659 1005 civitatis
689 953 828 1005 illius
854 953 1075 1005 edoctus
1119 951 1170 1004 in
1198 950 1294 1004 has
1321 965 1479 1005 voces
1508 951 1774 1003 cantando
1808 951 1987 1017 erupi-

426 1043 492 1095 sti
530 1061 541 1094 :
575 1042 618 1095 0
643 1042 753 1095 Rex
774 1042 1084 1095 Dominator
1108 1043 1359 1111 gentium,
1386 1043 1529 1094 salva
1553 1058 1711 1110 genus
1735 1041 1990 1094 Christia-

427 1147 609 1182 norum
639 1131 690 1182 in
727 1141 865 1182 terra
890 1131 1060 1182 adhuc
1082 1131 1532 1198 perigrinantiuxu,
1572 1141 1624 1182 ut
1664 1141 1710 1182 et
1755 1133 1852 1200 ipsi
1873 1141 1986 1197 post

431 1220 731 1276 inimicitias
759 1219 826 1271 ad
851 1221 1075 1288 gratiam
1107 1229 1448 1282 reret-tantur,
1472 1230 1518 1271 et
1546 1220 1793 1288 angelica'
1826 1223 1989 1271 ruitur

426 1324 518 1374 per
547 1307 662 1359 illo:
690 1309 880 1360 damna
907 1318 1223 1375 reparentur.
1276 1307 1392 1361 Jam
1423 1323 1548 1361 vero
1593 1309 1786 1365 quibus
1813 1311 1990 1362 exsul-

429 1396 647 1450 tationis
674 1396 827 1450 labiis
857 1397 1062 1450 edicam
1110 1397 1251 1465 quod
1281 1397 1502 1450 Matrem
1546 1398 1753 1450 Domini
1799 1398 1985 1452 Salva-

431 1489 580 1551 toris,
608 1487 862 1556 Reginam
891 1489 1108 1552 mundi,
1136 1489 1414 1542 Dominam
1448 1489 1789 1557 angelorum,
1822 1490 1986 1559 virgi-

430 1578 546 1632 neis
577 1579 748 1632 oculis
776 1579 974 1643 vidisti,
1011 1595 1113 1632 non
1147 1581 1336 1633 vestali
1367 1581 1532 1634 choro
1563 1582 1984 1642 circumdatam,

428 1668 522 1720 sed
550 1668 792 1736 virginali
825 1684 1021 1722 corona
1050 1669 1460 1722 circumfusam!
1509 1670 1712 1724 Felices
1738 1670 1876 1724 oculi
1912 1673 1983 1722 tui

427 1755 520 1822 qni
552 1755 695 1808 illam
721 1757 901 1810 videre
925 1767 1213 1824 potuerunt
1237 1797 1249 1817 .
1283 1759 1433 1826 cujus
1456 1759 1755 1811 castissima
1782 1759 1985 1812 viscera

2091 591 2625 660 quantulumcunque
2667 592 2920 646 laudabili
2973 594 3240 649 valeanms
3287 612 3535 652 sermone
3563 601 3653 650 ιιι--

2092 679 2328 732 scrihere
2359 697 2369 731 :
2405 689 2670 748 quatenus
2704 696 2859 748 quem
2893 698 3103 750 semper
3149 686 3425 738 nobiscum
3469 702 3658 755 errpu-

2095 767 2281 820 raliter
2309 770 2573 822 viventem
2603 785 2705 823 non
2735 770 2882 823 licuit
2916 772 3110 824 habere
3130 814 3141 835 ,
3189 775 3345 827 liccat
3373 776 3558 830 saltem
3593 795 3656 829 ev

2093 857 2525 911 consideratione
2585 860 2986 926 pretiosissimae
3043 863 3231 914 mortis
3280 865 3658 931 sempiternam

2096 947 2169 998 tui
2187 947 2349 999 vitam
2375 962 2685 1016 agnoscere,
2713 951 3051 1016 agnoscendo
3067 950 3307 1016 diligere,
3325 961 3378 1003 et
3396 952 3663 1021 diligendo

2095 1039 2260 1089 beata:
2284 1039 2545 1092 mercedis
2575 1040 2771 1107 aliquid
2821 1056 2916 1108 per
2962 1052 3011 1093 te
3045 1042 3347 1109 piissimum
3379 1043 3590 1097 Patrem
3630 1063 3657 1096 ιι

2094 1127 2200 1179 Deo
2229 1127 2490 1181 obtinere.
2520 1129 2740 1181 Discant
2767 1131 2981 1182 interim
3007 1131 3179 1184 devoti
3208 1142 3476 1186 tantorum
3502 1135 3665 1186 mira-

2093 1215 2276 1266 bilium
2307 1217 2578 1270 auditores
2607 1218 2850 1286 exemplo
2895 1220 2966 1272 tui
3003 1221 3179 1273 sobrie
3214 1222 3391 1274 vivere
3419 1261 3432 1283 ,
3477 1238 3660 1276 sacras

2092 1304 2400 1372 frequenter
2445 1310 2700 1361 excubias
2743 1310 3058 1374 celrhrarc,
3113 1314 3277 1365 castis
3330 1315 3664 1366 orationibus

2093 1397 2385 1463 inservire,
2414 1401 2668 1466 quoniam
2707 1409 2761 1453 et
2808 1411 2860 1452 tu
2914 1402 3112 1456 idcirco
3142 1404 3337 1458 talibus
3385 1405 3661 1473 tantisque

2095 1488 2304 1554 gaudiis
2337 1489 2598 1542 interesse
2627 1491 2866 1544 meruisti
2896 1531 2910 1554 ,
2939 1494 3078 1560 quod
3116 1493 3235 1547 aliis
3267 1496 3662 1551 dormientibus

2094 1574 2206 1642 ipse
2239 1575 2290 1627 in
2321 1577 2523 1629 sanctis
2547 1577 2825 1631 (lesideriis
2854 1581 3107 1648 vigilasti.
3135 1583 3326 1644 orasti,
3362 1584 3662 1652 horamque

2095 1665 2336 1718 ultimam
2386 1667 2501 1720 sine
2550 1669 2944 1723 intermissione
2991 1673 3256 1738 cogitasti.
3310 1671 3417 1727 Nec
3482 1683 3660 1727 tamen

2094 1754 2371 1808 sufficiens
2402 1765 2517 1808 (rat
2563 1759 2614 1809 in
2662 1769 2870 1810 secreto
2901 1761 3127 1812 cubiculi
3160 1762 3231 1814 tui
3275 1763 3374 1816 ista
3416 1765 3661 1832 operati,

430 1843 554 1896 cmli
580 1853 633 1897 et
675 1853 833 1898 terrae
873 1842 1132 1912 Opificem
1159 1854 1374 1912 portare
1415 1848 1754 1899 meruerunt!
1809 1846 1990 1899 felices
2024 1832 2064 1889 Β
2096 1844 2195 1896 nisi
2232 1845 2393 1898 etiam
2445 1846 2721 1899 nocturnis
2773 1845 3060 1914 frigoribus
3102 1850 3266 1903 aedem
3313 1851 3454 1905 beati
3487 1852 3664 1904 Patris

426 1934 566 1988 oculi
608 1936 702 1998 tui,
735 1936 929 2004 quibus
963 1937 1143 1989 datum
1173 1945 1255 1989 est
1283 1936 1425 1989 illam
1456 1937 1655 1998 videre,
1685 1952 1843 2004 quam
1875 1952 1993 2005 5pc-

428 2024 628 2077 ciosam
670 2038 833 2091 super
885 2024 1022 2078 ﬁlias
1065 2025 1358 2079 Jerusalem
1402 2025 1575 2094 angeli
1625 2036 1990 2088 venerantur,

428 2115 670 2168 homines
717 2115 1063 2179 desiderant,
1117 2118 1352 2185 paveseit
1398 2126 1663 2178 tartarus,
1716 2127 1772 2170 et
1817 2119 1992 2171 omnis

426 2216 675 2259 creatura
721 2207 902 2260 heram
931 2208 1178 2261 miratur.
1211 2207 1317 2262 Nec
1345 2207 1466 2261 inde
1488 2208 1820 2261 solummodo
1842 2207 1987 2271 felix,

425 2296 568 2363 quod
601 2296 726 2350 illud
755 2297 1026 2365 singulare
1057 2279 1219 2351 totius
1245 2298 1391 2350 orbis
1419 2298 1581 2351 decus
1609 2297 1789 2350 videre
1817 2297 1989 2366 potui-

427 2387 530 2450 sti;
562 2387 780 2455 potuisti
808 2387 969 2440 etiam
999 2384 1277 2440 mellifluas
1302 2386 1416 2453 ejus
1444 2402 1604 2440 voces
1630 2387 1834 2450 audire,
1867 2387 1985 2454 qui-

426 2479 528 2531 bus
558 2479 730 2532 soeias
753 2479 988 2548 virgines
1018 2479 1082 2530 ad
1132 2477 1540 2532 collaudandam
1583 2477 1780 2544 Regem
1824 2492 1990 2530 szecu-

428 2567 602 2620 lorum
629 2581 693 2620 ex
734 2581 830 2620 sua
853 2581 1018 2620 carne
1046 2566 1411 2634 temporaliter
1437 2574 1780 2634 procreatum
1809 2566 1990 2619 horta-

428 2657 617 2718 batur,
661 2657 951 2710 concinens
987 2655 1114 2709 illud
1165 2656 1264 2710 viri
1313 2657 1571 2724 sapientis
1618 2671 1680 2709 ac
1725 2657 1991 2711 senatoris

429 2743 630 2797 Sedulii
657 2761 668 2795 :

569 2844 823 2894 Cantemus
846 2843 1067 2901 Domino,
1093 2846 1252 2902 sociae,
1273 2851 1521 2892 cantemus
1554 2843 1803 2893 honorem.

579 2906 744 2954 Dulcis
766 2918 897 2952 amor
921 2907 1091 2953 Christi
1117 2914 1345 2964 personet
1371 2918 1454 2953 ore
1483 2907 1574 2963 pio.

502 2982 740 3046 Cumque
773 2979 839 3032 ab
871 2977 989 3030 aliis
1020 2978 1312 3045 virginibus
1344 2977 1443 3028 hoc
1473 2976 1662 3029 fuisset
1685 2987 1988 3045 exceptum,

429 3071 550 3123 alia:
580 3070 667 3137 qui
693 3075 990 3136 sequuntur
1015 3080 1202 3117 versus
1232 3064 1672 3132 pronuntiabant.

494 3167 681 3216 Primus
705 3165 761 3212 ad
787 3165 878 3213 ima
905 3165 1002 3211 ruit
1034 3174 1202 3222 magna
1225 3162 1285 3209 de
1312 3161 1418 3208 luce
1441 3161 1680 3220 superbus
1703 3175 1712 3206 :

559 3228 635 3276 Sic
661 3227 797 3273 homo
820 3238 924 3272 eum
953 3226 1144 3281 tumuit,
1185 3225 1363 3281 primus
1386 3222 1441 3268 ad
1471 3224 1557 3267 ima
1584 3225 1694 3271 ruit.

499 3289 648 3337 L‘nius
669 3288 731 3333 ob
752 3288 981 3333 meritum
999 3287 1156 3331 cuncti
1181 3285 1375 3342 periere
1400 3285 1643 3331 minores:

555 3349 719 3398 Cuncti
741 3345 980 3393 salvantur
1002 3345 1141 3392 unius
1164 3345 1226 3392 ob
1259 3346 1502 3390 meritum.

493 3410 604 3458 Sola
624 3408 925 3464 fuitJnulicr,
950 3407 1103 3465 patuit
1135 3417 1226 3462 qua
1247 3404 1387 3462 jaaua
1412 3403 1561 3462 lethi;

554 3470 623 3518 Ex
653 3481 743 3530 qua
768 3469 859 3515 vita
883 3469 1027 3524 redit,
1061 3465 1162 3513 sola
1187 3468 1271 3512 luit
1295 3466 1484 3512 mulier.

503 3574 676 3639 Atque
724 3570 776 3621 in
822 3569 964 3620 hunc
1013 3567 1226 3620 modum
1264 3568 1426 3619 totius
1475 3571 1731 3621 carminis
1777 3568 1886 3622 bini
1932 3586 1993 3621 ae.

429 3665 543 3720 bini
576 3676 759 3736 versus
788 3659 1200 3729 procurrebant,
1250 3659 1352 3712 illis
1397 3674 1606 3728 semper
1632 3662 1872 3728 repetitis
1904 3663 1989 3730 qui

429 3756 591 3825 primi
622 3770 650 3807 a
682 3753 848 3805 Matre
878 3751 1087 3804 Domini
1111 3749 1444 3804 dicebantur.

495 3857 752 3906 Cantemus
774 3854 994 3906 Domino.
1023 3853 1185 3905 socia),
1211 3858 1462 3898 cantemus
1499 3851 1748 3910 honorem,

556 3917 722 3966 Dulcis
745 3927 877 3963 arnor
900 3915 1072 3964 Christi
1098 3919 1323 3972 personet
1357 3924 1400 3959 οι
1416 3925 1442 3958 e
1467 3913 1560 3970 pio.

917 3995 1158 4047 Auctoris
1190 3993 1514 4060 apostropha.

509 4092 630 4148 Hinc
654 4099 730 4154 tu,
757 4087 1074 4157 pontificum
1100 4085 1432 4154 dignissime,
1460 4087 1770 4140 acutissima
1805 4103 1854 4140 vi
1880 4102 1996 4141 cor-

431 4182 698 4252 poralium
719 4178 994 4232 oculorum
1033 4176 1084 4228 in
1121 4175 1447 4242 spiritualem
1481 4177 1774 4245 potentiam
1819 4188 1994 4231 trans—

432 4277 665 4330 latorum
708 4273 890 4325 videre
921 4268 1174 4337 potuisti;
1223 4269 1334 4321 haec
1381 4276 1455 4329 tu,
1490 4268 1676 4321 intime
1701 4269 1996 4323 caelestium

435 4378 756 4418 arcanorum
788 4366 1181 4429 perscrutator,
1218 4357 1406 4410 audire
1434 4357 1687 4425 potuisti;
1729 4358 1808 4411 his
1837 4360 1998 4413 tantis

437 4466 651 4524 tamque
683 4451 962 4518 stupendis
994 4449 1157 4502 rebus
1189 4448 1444 4502 interesse
1471 4449 1710 4517 potuisti.
1743 4448 1785 4503 Ο
1815 4463 1996 4505 sancta

433 4545 597 4600 animi
637 4543 710 4595 tui
735 4540 960 4610 puritas,
988 4549 1041 4591 ct
1070 4553 1205 4606 pura
1236 4539 1514 4601 sanctitas,
1543 4554 1701 4607 quam
1730 4541 1805 4594 sic
1837 4542 2000 4594 hono-

433 4645 521 4691 rat
551 4647 800 4704 superna:
828 4631 1065 4685 civitatis
1101 4645 1346 4698 suprema
1376 4630 1640 4700 dignitas!
1689 4647 1721 4685 o
1750 4635 1910 4686 decus
1936 4649 2000 4686 ac

433 4724 712 4797 praemium
753 4719 1083 4789 virginitatis
1104 4759 1116 4782 ,
1155 4720 1241 4786 qui
1267 4719 1342 4772 sic
1367 4719 1630 4788 aggaudet
1653 4730 1856 4773 natura:
1886 4722 1998 4775 vir-

434 4817 603 4885 ginea:
658 4810 818 4867 simul
876 4819 1037 4877 atque
1095 4808 1347 4878 angelica:
1392 4809 1668 4877 dignitati!
1725 4810 1826 4863 Sed
1874 4827 2000 4866 cccc

433 4919 595 4974 supra
646 4903 788 4956 vires
829 4899 1120 4952 viventium
1169 4908 1248 4951 est
1275 4898 1503 4951 viventis
1555 4899 1627 4951 tui
1674 4900 1724 4952 in
1775 4915 2000 4970 corpore

433 4994 682 5050 laudibus
721 4989 1035 5052 immorari;
1082 4997 1280 5056 quanto
1308 4989 1486 5042 minus
1539 4992 1861 5044 transeuntis
1892 4993 1998 5058 tui,

432 5096 486 5141 et
517 5100 633 5140 cum
662 5083 880 5150 Christo
908 5077 1231 5132 :cternaliter
1258 5079 1530 5148 regnantis
1566 5082 1858 5150 condignas
1885 5083 1999 5138 lau-

437 5185 536 5232 des
565 5174 862 5229 valebimus
889 5167 1059 5223 efTari.
1104 5166 1326 5224 Praestet
1366 5169 1709 5237 omnipotens
1739 5172 1878 5227 Deus
1910 5191 2004 5244 per

511 5286 619 5356 (57)
664 5269 1353 5356 RecteAa‘nnumDanstani
1398 5281 1574 5356 obitus
1605 5283 1778 5352 signat
1806 5284 2004 5345 Osher-

436 5347 560 5419 nu‘s,
590 5347 928 5428 nempe.988.
980 5348 1084 5402 Sed
1106 5347 1274 5428 falsus
1317 5358 1403 5428 est
1436 5350 1540 5428 hic,
1573 5363 1632 5406 ut
1656 5347 1822 5428 initio_
1842 5357 1994 5428 Vitae,

440 5430 492 5465 in
521 5418 837 5465 etsigna-min
869 5433 1008 5465 anno
1054 5418 1310 5465 adventum
1363 5420 1657 5465 Anglorum
1708 5426 1758 5465 in
1793 5418 1997 5465 Rrilnn:

2094 1933 2374 2000 Augustini
2408 1935 2521 2001 (57)
2575 1935 2984 2002 frequentares,
3037 1947 3090 1988 ct
3141 1939 3262 1992 imle
3312 1940 3376 1992 ad
3428 1941 3663 1993 vicinum

2091 2021 2326 2089 prmfatw
2357 2023 2581 2090 virginis
2614 2024 2868 2092 templum
2898 2025 3034 2078 hanc
3065 2025 3288 2093 gloriam
3329 2027 3420 2079 Dei
3452 2029 3665 2081 visurus

2093 2111 2429 2176 procederes.

2306 2198 2612 2252 Pra'nuntia
2643 2201 2837 2253 dantur
2866 2202 2928 2254 de
2964 2213 3126 2254 morte
3163 2201 3441 2256 Dunstam‘.

2159 2290 2244 2342 4f.
2288 2291 2443 2343 Anno
2477 2291 2640 2360 igitur
2678 2291 2837 2345 V'crhi
2869 2292 3131 2346 incarnati
3176 2293 3452 2346 duodecim
3487 2295 3664 2348 minus

2090 2395 2118 2431 a
2166 2379 2488 2444 millesimo,
2544 2380 2802 2435 adventus
2855 2381 3146 2450 Anglorum
3197 2381 3249 2433 in
3313 2379 3654 2434 Britanniam

2094 2469 2523 2538 quingentesimo
2537 2472 2870 2537 sexagesimo
2888 2471 3066 2533 tertio,
3094 2471 3492 2534 sanctissimus,
3522 2473 3662 2524 Deo-

2096 2574 2198 2626 que
2229 2558 2611 2612 dilectissimus
2646 2557 2953 2612 Dunstanus
2985 2559 3350 2612 transitoriam
3382 2561 3665 2627 prmscntis

2092 2648 2214 2700 vita:
2243 2649 2495 2701 deserens
2525 2649 2730 2713 lucem,
2761 2651 2827 2702 ad
2871 2650 3041 2702 lucem
3068 2649 3219 2703 beata
3250 2658 3410 2717 atque
3457 2661 3661 2705 aeterna

2087 2736 2421 2804 jucunditate
2449 2739 2728 2805 praeditam
2759 2739 3032 2805 pervenit,
3066 2739 3152 2791 ubi
3179 2739 3317 2792 sicut
3346 2739 3425 2792 sol
3449 2754 3514 2792 ex
3546 2739 3660 2794 ela-

2093 2828 2254 2880 ritate
2285 2827 2378 2880 Dei
2419 2827 2741 2896 resplendet,
2776 2837 2828 2879 et
2861 2828 2998 2880 diem
3031 2837 3290 2880 aeternum
3330 2830 3660 2882 :clernaliter

2094 2917 2351 2984 possidet,
2369 2932 2508 2969 anno
2529 2917 2924 2985 patriarchatus
2947 2918 3026 2969 sui
3050 2918 3323 2970 tricesimo
3341 2919 3499 2971 tertio
3523 2919 3659 2988 (58),

2097 3008 2392 3061 nativitatis
2425 3018 2604 3061 autem
2652 3009 2868 3062 circiter
2910 3001 3342 3075 septuagesimo,
3389 3026 3507 3063 cum
3548 3012 3660 3079 jam

2098 3109 2241 3152 esset
2291 3100 2434 3152 omni
2470 3100 2726 3152 virtutum
2774 3101 3098 3153 charismate
3123 3100 3340 3168 plenus,
3390 3110 3442 3153 et
3493 3103 3661 3154 Deum

2101 3189 2310 3242 videndi
2342 3187 2612 3242 desiderio
2649 3188 2921 3256 fatigatus.
2950 3189 3111 3258 Cujus
3135 3191 3452 3243 venerabilis
3485 3199 3660 3243 trans-

2097 3277 2202 3330 itus
2240 3287 2345 3329 tam
2399 3295 2426 3328 ιι
2453 3293 2541 3339 se,
2576 3292 2735 3344 quam
2765 3278 2831 3329 ab
2873 3276 2991 3328 aliis
3025 3277 3306 3344 nmltipliei
3341 3278 3664 3331 revelationc

2095 3369 2392 3436 prrescitus,
2431 3369 2529 3422 sibi
2562 3367 2848 3436 gaudium,
2877 3366 2994 3420 aliis
3021 3379 3233 3436 gravem
3280 3368 3503 3436 ingessit
3531 3383 3664 3421 nite--

2098 3474 2272 3511 rorem
2309 3475 2320 3509 :
2370 3458 2468 3511 sibi
2510 3458 2761 3527 gaudium
2791 3497 2803 3520 ,
2851 3456 3100 3524 quoniam
3129 3456 3268 3523 quod
3302 3472 3395 3524 per
3436 3471 3582 3524 spem
3611 3456 3662 3508 in

2096 3548 2205 3599 vita
2230 3545 2523 3613 jucundius
2559 3545 2788 3599 habebat
2817 3585 2830 3608 ,
2875 3545 2926 3597 id
2959 3560 3051 3613 per
3075 3560 3184 3597 rem
3217 3560 3273 3598 se
3305 3546 3542 3599 visurum
3568 3586 3580 3607 ,
3611 3555 3666 3598 ct

2096 3651 2160 3689 eo
2188 3644 2449 3703 perpetuo
2482 3634 2767 3687 fruiturum
2798 3634 3093 3702 gaudebat;
3122 3633 3331 3687 exteris
3355 3647 3661 3698 mazrorem,

2095 3726 2350 3793 quoniam
2381 3725 2470 3793 qui
2504 3724 2751 3778 similiter
2784 3724 2979 3776 divinis
3003 3732 3056 3776 et
3089 3724 3335 3776 humanis
3365 3725 3665 3777 rationibus

2096 3816 2416 3878 excelleret,
2445 3816 2713 3869 neminem
2744 3816 2996 3883 deinceps
3030 3816 3081 3868 in
3125 3824 3270 3868 terra
3299 3814 3665 3883 appariturum

2096 3905 2496 3959 existimabant.
2552 3902 2656 3957 Sed
2707 3920 2802 3959 nos
2850 3904 3228 3973 multiplicium
3284 3905 3667 3958 revelationum

2097 3997 2409 4050 multimoda
2441 3997 2698 4050 relatione
2725 3997 3024 4065 postposita
3055 4036 3067 4059 ,
3117 4012 3300 4050 eorum
3333 4013 3450 4066 qua:
3477 4012 3670 4065 propo-

2098 4089 2303 4141 suimus
2322 4086 2530 4155 singula
2557 4086 2782 4155 singulis
2807 4095 3011 4139 tantum
3029 4088 3324 4140 rationibus
3342 4086 3671 4140 demonstra-

2097 4180 2292 4233 bimus.
2319 4178 2445 4232 Dies
2467 4193 2594 4247 ergo
2618 4178 2930 4231 ascensione
2945 4178 3054 4246 (59)
3072 4177 3270 4231 Christi
3290 4176 3514 4230 festivus
3528 4177 3669 4230 diem

2098 4270 2502 4325 clarificatiouis
2575 4269 2716 4322 beati
2785 4267 3040 4321 Dunstani
3118 4269 3395 4337 praecessit
3448 4269 3660 4322 tertius.

2101 4363 2288 4416 Tanta.-
2312 4363 2491 4430 itaque
2513 4361 2617 4414 dici
2638 4370 2890 4431 surgente
2913 4374 3125 4423 aurora,
3153 4359 3405 4414 sacerdos
3429 4360 3668 4430 quidam,

2027 4488 2076 4547 Β
2103 4453 2316 4506 nomine
2345 4452 2571 4520 Algarus
2603 4450 2695 4522 [aL
2749 4449 3036 4520 Elfgarus],
3073 4450 3328 4504 doctrinae
3361 4460 3416 4506 et
3447 4451 3672 4504 actionis

2089 4545 2296 4604 ,merito
2346 4544 2665 4612 praecipuus,
2721 4557 2877 4611 quem
2918 4551 3101 4610 postea
3149 4540 3378 4594 nobilem
3437 4542 3489 4595 in
3551 4541 3673 4594 Hel-

2103 4635 2319 4689 meham
2348 4635 2660 4702 episcopum
2685 4633 2945 4688 claruisse
2976 4633 3300 4700 accepimus,
3340 4632 3465 4685 dum
3490 4646 3678 4687 sacros

2105 4725 2397 4780 Dominica.»
2425 4724 2727 4778 ascensioni
2775 4713 3008 4776 honores
3032 4723 3084 4776 in
3116 4723 3342 4777 ecclesia
3379 4723 3678 4778 Salvatoris

2103 4816 2323 4885 pervigil
2379 4814 2731 4883 impenderet,
2783 4821 2836 4864 et
2881 4820 3114 4866 mentem
3154 4813 3218 4866 ad
3269 4813 3513 4867 emlestia
3543 4828 3677 4866 con-

2107 4905 2411 4976 templanda
2463 4903 2817 4967 extenderet,
2870 4902 3048 4970 seipso
3095 4911 3150 4956 et
3217 4902 3469 4957 omnibus
3519 4899 3689 4967 hujus

2107 4997 2294 5052 mundi
2351 4997 2508 5051 rebus
2563 4991 2913 5057 transeensis,
2981 4993 3318 5048 Dunstanum
3383 4991 3689 5062 pontiﬁcali

2110 5088 2305 5143 throno
2329 5083 2592 5153 conspicit
2619 5081 3014 5154 prtesidentem,
3064 5092 3117 5138 et
3144 5081 3289 5136 clero
3311 5077 3436 5146 jura
3462 5079 3701 5136 canoni-

2112 5195 2177 5234 ca
2205 5177 2530 5238 dictantem;
2556 5182 2609 5229 et
2631 5187 2754 5229 ecce
2779 5186 2876 5242 per
2902 5187 3093 5230 omnes
3125 5171 3367 5228 ecclesiae
3394 5172 3584 5241 januas
3611 5169 3722 5222 ir-

2116 5290 2471 5353 Willelmum,
2500 5297 2611 5344 tum
2645 5289 2696 5343 in
2726 5286 2951 5340 historia
2980 5285 3102 5353 ejus
3127 5282 3497 5353 translationis
3525 5279 3671 5353 infra
3691 5329 3720 5344 ,

2108 5361 2283 5418 Odoni
2305 5350 2503 5465 qtéippe
2535 5360 2840 5415 Dunstanus
2861 5350 3126 5414 successit
3149 5367 3288 5409 anno
3311 5351 3408 5408 841
3435 5367 3501 5407 ex
3520 5350 3678 5408 Cln-o
3705 5392 3744 5405 -

2109 5433 2320 5465 nnlnnin
2395 5431 2618 5465 nrnninu

2109 5444 2320 5465 hnlnrnn
2352 5444 2618 5465 \‘nrnnlnu
