4516 5500
864 433 962 487 451

1856 414 1913 465 S.
1957 404 2370 463 DUNSTANUS
2404 403 2722 459 ARCHIEP.
2764 402 3109 457 CANTUAR.

4000 403 4102 455 452

869 541 1140 598 ruentium
1185 534 1495 604 angelorum
1533 529 1739 585 infinita
1785 523 2155 593 ingrediuntur
2201 518 2435 587 agmina,
2464 518 2511 577 A
2540 514 2886 604 benedicendi
2945 518 3196 586 populum
3249 521 3582 582 advenerat,
3628 525 3684 572 et
3741 517 3932 570 iterata
3987 518 4102 573 vice

865 631 1019 685 stolis
1067 623 1465 683 candidissimis
1511 618 1787 688 fulgentia,
1824 614 2041 669 coronis
2082 610 2262 664 aureis
2301 608 2437 661 ruti—

867 718 1054 781 lantia,
1091 712 1384 769 Cherubim
1429 716 1589 776 atque
1628 704 1914 773 Seraphim
1947 700 2175 755 Sanctus
2226 698 2438 766 procla—

867 808 1089 871 iuantia,
1121 814 1176 859 et
1199 801 1352 871 quasi
1379 799 1617 853 divinum
1668 794 1916 848 nuntium
1965 788 2279 843 deferentia.
2313 787 2434 851 Qui,

867 898 992 951 dum
1044 892 1247 948 coactis
1290 887 1570 943 ordinibus
1627 883 1832 937 sedenti
1895 886 2134 933 astarent
2179 875 2434 945 pontifici,

868 984 972 1038 hoc
1020 981 1093 1036 illi
1144 974 1485 1034 salutationis
1540 972 1828 1038 alloquium
1857 967 2189 1037 persolvunt.
2236 963 2435 1024 Salve,

870 1073 1137 1142 inquiunt,
1198 1069 1471 1121 Dunstane
1522 1071 1723 1124 n0ster,
1758 1060 1803 1113 si
1848 1067 2068 1126 paratus
2103 1052 2354 1114 es.veni,
2385 1058 2438 1103 et

868 1163 1133 1233 gratiosus
1198 1166 1382 1211 nostro
1465 1162 1614 1206 utere
1692 1147 2064 1203 contubernio.
2130 1145 2438 1233 Duiistantis

868 1230 1145 1319 respondit
1181 1264 1192 1297 :
1252 1244 1437 1305 Scitis,
1495 1258 1527 1296 ο
1562 1238 1734 1294 sancti
1794 1237 2037 1306 spiritus,
2078 1233 2236 1287 hodie
2275 1230 2435 1285 Chri-

869 1350 1009 1395 stum
1031 1339 1197 1394 cwlos
1226 1333 1628 1395 conscendisse,
1662 1328 1943 1396 nostrique
1980 1325 2136 1379 ollicii
2170 1338 2289 1376 esse
2331 1331 2437 1375 tam

868 1429 1032 1484 verbo
1077 1441 1239 1496 quam
1315 1429 1656 1476 sacramento
1732 1416 1983 1486 pepulum
2047 1414 2139 1468 Dei
2191 1413 2435 1473 reficere,

869 1520 1097 1587 ideoque
1125 1514 1308 1569 venire
1331 1510 1488 1565 hodie
1510 1522 1739 1577 nequeo.
1768 1506 2028 1560 Dixerant
2057 1504 2240 1571 itaque
2266 1500 2435 1553 sancti

867 1607 1087 1677 spiritus
1128 1619 1142 1657 ε
1190 1603 1419 1656 Paratus
1455 1608 1573 1653 esto
1603 1596 1689 1650 die
1718 1594 1940 1649 Sabbati
1988 1592 2114 1646 hinc
2156 1589 2435 1677 nobiscum

868 1676 1095 1749 Romam
1124 1690 1376 1751 transire,
1422 1697 1476 1741 et
1501 1694 1627 1740 ante
1658 1698 1924 1740 summum
1956 1678 2259 1751 pontiﬁcem
2291 1676 2432 1730 Sun-

867 1794 979 1838 ctus
1011 1780 1338 1836 aeternaliter
1359 1791 1577 1831 canere.

2542 602 2732 658 beatus
2757 604 2843 659 ille
2878 606 2943 659 ad
2974 607 3224 676 populum
3258 608 3601 677 procedebat,
3632 605 3815 659 volens
3846 606 3948 659 illis
3978 608 4103 662 abs—

2539 707 2751 747 cessum
2798 710 2951 747 suum
2991 696 3328 759 denuntiare,
3362 698 3452 752 sed
3496 711 3679 750 amore
3722 695 4017 751 dulcedinis
4046 696 4100 749 ti-

2540 779 2736 835 liorum
2772 784 3145 837 revocabatur.
3177 785 3409 839 Proinde
3435 786 3751 839 exhortatus
3779 792 3862 839 est
3888 799 4103 847 omnes,

2540 879 2596 923 ut
2626 870 2750 925 illuc
2805 880 2911 925 tota
2957 874 3152 927 mentis
3194 874 3492 927 intentione
3544 873 3786 936 tendant,
3813 887 3920 941 quo
3942 880 4103 940 caput

2538 970 2776 1012 nostrum
2818 960 3249 1031 principiumque
3292 962 3447 1015 Jesus
3490 961 3738 1015 Christus
3783 963 3969 1015 eadem
4016 961 4103 1012 die

2537 1059 2881 1114 praecesserat
2933 1068 2945 1103 :
2995 1051 3226 1119 dataque
3252 1066 3414 1120 super
3464 1051 3581 1104 illos
3610 1066 3718 1104 sua:
3766 1049 4102 1103 auctoritatis

2537 1136 2933 1199 benedictione,
2983 1141 3175 1193 orabat
3203 1140 3460 1207 Spiritum
3489 1150 3735 1192 sanctum
3783 1139 3889 1192 illis
3915 1138 4104 1192 adesse

2537 1228 2987 1295 quemadmodum
3037 1228 3201 1283 Filius
3230 1231 3322 1283 Dei
3354 1231 3696 1298 promiserat,
3722 1246 3842 1284 cum
3871 1230 4099 1283 redeuu-

2540 1324 2647 1368 tem
2705 1316 2851 1369 illum
2899 1317 2964 1370 ad
3021 1317 3231 1373 Patrem
3274 1320 3511 1375 cmlestis
3539 1322 3708 1375 nubes
3753 1322 4099 1389 suscipiebat.

2538 1404 2671 1475 Ego,
2729 1406 2922 1474 inquit,
2978 1409 3179 1461 mittam
3232 1410 3369 1463 vobis
3429 1410 3684 1478 Spiritum
3745 1411 3990 1473 veritatis,
4045 1420 4101 1461 ut

2536 1506 2741 1550 maneat
2805 1499 3063 1552 vobiscum
3114 1500 3167 1553 in
3235 1512 3483 1555 (sternunt
3549 1503 3729 1571 (Joan.
3803 1519 3932 1567 xw,
3990 1502 4100 1573 l6).

2537 1585 2667 1638 Cum
2743 1587 2826 1641 his
2890 1588 3053 1657 igitur
3109 1591 3438 1647 disserendis
3505 1592 3852 1647 beatissimus
3928 1594 4109 1661 ponti-

2537 1675 2623 1731 fex
2655 1678 2854 1733 diutius
2886 1680 3203 1734 immoratus
3231 1680 3437 1745 fuisset,
3473 1681 3729 1735 videbant
3762 1682 3955 1737 faciem
3979 1682 4099 1748 ejus

2538 1778 2791 1838 tauquam
2820 1770 3010 1825 faciem
3060 1772 3233 1841 angeli
3269 1773 3380 1834 Dei,
3442 1782 3499 1826 ut
3558 1787 3684 1827 vere
3718 1789 3781 1826 ac
3824 1773 4105 1826 visibilitcr

865 1869 1192 1927 Ascensiouis
1242 1869 1325 1920 die
1373 1865 1501 1933 festo
1558 1866 1709 1918 verba
1757 1863 1883 1931 facit
1930 1862 1998 1913 ad
2050 1857 2297 1933 populum
2354 1857 2429 1910 vir
2459 1847 2504 1906 Β
2534 1870 2675 1914 esset
2730 1875 3041 1929 agnoscere,
3075 1862 3215 1929 quod
3273 1862 3316 1915 is
3347 1877 3505 1930 quem
3532 1862 3812 1916 invocabat
3859 1863 4095 1930 Spiritus

1108 1948 1339 1991 sanctus.
1373 1929 1603 1988 Mortem
1652 1929 1804 1986 suum
1848 1933 1954 1984 suis
2009 1929 2185 1982 edicit.

934 2028 1024 2081 42.
1055 2027 1345 2094 Postquam
1397 2038 1526 2091 ergo
1559 2023 1674 2075 dies
1703 2029 1915 2073 aeterna:
1950 2015 2322 2072 retributionis
2351 2023 2434 2069 est

866 2117 1119 2178 indictus,
1147 2124 1201 2167 et
1228 2112 1535 2165 Dunstanus
1560 2111 1740 2164 divina
1772 2109 1874 2163 fide
1905 2108 1967 2161 ad
1990 2106 2431 2162 consentiendum

865 2204 1130 2267 inductus,
1180 2202 1462 2257 confestim
1496 2201 1586 2269 qui
1641 2208 2002 2269 apparuerunt
2034 2198 2208 2269 angeli
2247 2199 2432 2267 dispa-

863 2302 1109 2349 ruerunt.
1161 2294 1230 2345 At
1280 2292 1533 2346 sacerdos
1564 2292 1655 2361 qui
1690 2306 1869 2344 rerum
1921 2299 2026 2343 tant
2062 2290 2283 2343 evidens
2305 2304 2434 2343 cou-

864 2382 1146 2450 temptator
1183 2381 1484 2441 exstiterat,
1532 2380 1735 2433 exitum
1784 2392 1968 2431 earum
2009 2376 2253 2444 stupidus
2275 2375 2433 2429 simul

861 2480 917 2527 et
962 2471 1153 2525 tacitus
1207 2469 1513 2538 explorator
1574 2467 1917 2523 observabat.
1989 2464 2229 2533 Cumque
2292 2464 2433 2518 inter

863 2568 1208 2616 sacrosancta
1237 2557 1477 2626 ejusdem
1507 2556 1613 2611 diei
1641 2557 1830 2626 gaudia
1861 2555 1947 2608 illa
1972 2554 2243 2623 Evangelii
2273 2553 2432 2608 lectio

862 2651 1205 2712 recitaretur,
1239 2649 1292 2701 in
1320 2663 1424 2716 qua
1474 2645 1730 2699 Dominus
1786 2653 1969 2699 noster
1998 2641 2155 2698 Jesus
2184 2642 2432 2697 Christus

860 2750 983 2811 post
1013 2740 1465 2795 resurrectionem
1503 2751 1653 2791 suam
1691 2734 1965 2805 discipulis
1994 2733 2328 2803 apparuisse,
2376 2740 2432 2786 et

860 2832 1183 2900 exprobrata
1204 2826 1577 2882 incredulitate
1594 2824 1802 2878 illorum
1821 2832 1980 2892 atque
2004 2823 2200 2875 duritia
2227 2822 2428 2887 cordis,

860 2921 1173 2975 mandatum
1208 2916 1402 2985 legitur
1438 2913 1671 2975 dedisse,
1706 2921 1764 2966 ut
1806 2913 1859 2965 in
1890 2920 1999 2966 toto
2033 2910 2229 2965 mundo
2254 2910 2433 2964 Evan-

860 3010 1057 3080 gelium
1086 3007 1233 3077 regni
1275 3004 1651 3075 praedicarent,
1684 3001 1842 3056 fidem
1866 3017 1929 3055 ac
1960 3001 2286 3070 baptismum
2331 3015 2429 3053 an-

858 3101 1190 3162 nuutiarent,
1238 3097 1464 3151 salutem
1510 3100 1871 3164 proponerent
1923 3091 2292 3155 credentibus,
2326 3105 2430 3144 non

857 3191 1198 3247 credentibus
1228 3189 1563 3242 minarentur
1611 3183 2147 3247 condemnationem;
2199 3194 2428 3251 cumque

860 3283 925 3337 ad
954 3283 1068 3336 limc
1101 3277 1471 3333 confirmanda
1502 3276 1775 3345 signorum
1801 3274 1907 3327 illis
1934 3271 2302 3326 faciendorum
2333 3285 2427 3341 po-

860 3380 1108 3426 testatem
1130 3368 1425 3435 delegaret,
1440 3366 1739 3419 diemonum
1761 3360 2102 3430 ejectionem,
2122 3360 2428 3428 linguarum

860 3460 1195 3520 novitatem,
1247 3454 1435 3508 tollere
1488 3460 1788 3521 serpentes,
1844 3448 2137 3504 mortifera:
2192 3448 2429 3516 potionis

858 3552 1005 3604 virus
1034 3545 1399 3612 exstinguere,
1437 3551 1671 3612 etsuper
1690 3556 1905 3596 omnem
1927 3540 2305 3609 aagritudinem
2336 3554 2429 3594 sa-

858 3639 1129 3693 lutiferam
1183 3650 1441 3690 manuum
1475 3633 1870 3703 impositionem
1910 3632 2104 3703 (Marc.
2139 3648 2260 3685 xxvi
2285 3672 2299 3697 ,
2334 3632 2429 3685 H-

858 3731 969 3801 18).
998 3730 1132 3785 Cum
1171 3742 1300 3798 ergo
1332 3727 1434 3781 ista
1464 3725 1740 3796 Evangelii
1782 3724 1940 3780 lectio
1966 3726 2426 3795 pronuntiaretur,

856 3830 911 3875 et
939 3828 1059 3890 post
1092 3820 1225 3883 11:20,
1263 3816 1712 3887 quemadmodum
1762 3814 2070 3870 videntibus
2102 3814 2207 3869 illis
2236 3814 2429 3880 quibus

858 3912 973 3965 haec
1002 3918 1239 3978 potestas
1268 3906 1509 3976 delegata
1556 3916 1638 3960 est
1670 3905 1917 3959 Christus
1944 3906 1995 3958 iu
2028 3904 2223 3960 caelum
2249 3919 2431 3958 ascen-

859 4004 1010 4056 deret
1034 4002 1170 4069 (Act.
1201 4016 1240 4065 ι,
1266 3999 1342 4067 9),
1375 3997 1730 4065 subjiceretur
1762 4015 1774 4050 :
1808 3997 2070 4066 processit
2094 3997 2335 4066 pontifex
2364 3996 2429 4049 de

858 4093 1099 4149 sacrario
1125 4091 1284 4144 latius
1313 4091 1426 4143 haec
1452 4090 1638 4144 eadem
1688 4089 1739 4142 in
1771 4090 1965 4160 pepulo
1999 4098 2346 4156 tractaturus,
2377 4102 2433 4145 et

858 4182 1176 4237 memoriam
1203 4178 1696 4233 misericordiarum
1720 4177 1811 4232 Dei
1840 4179 2095 4234 cordibus
2132 4194 2320 4234 eorum
2345 4194 2428 4233 ar-

860 4274 964 4328 tius
1002 4274 1380 4341 impressurus.
1436 4269 1673 4324 Locutus
1706 4282 1788 4324 est
1840 4286 1969 4340 ergo
2019 4271 2250 4339 qualiter
2288 4288 2428 4326 nun-

858 4380 1019 4434 quam
1072 4362 1245 4417 fuerat
1287 4369 1447 4414 antea
1478 4361 1706 4425 locutus,
1754 4362 2045 4416 ostendens
2083 4378 2187 4431 qua
2223 4363 2429 4417 ratione

857 4455 1026 4509 Filius
1063 4453 1153 4505 Dei
1217 4466 1437 4505 carnem
1490 4451 1741 4514 induerit,
1794 4466 1891 4505 cur
1948 4451 2167 4504 humani
2216 4452 2429 4521 generis

2536 1959 2754 2004 sanctus
2782 1951 3078 2019 majestatis
3106 1967 3214 2005 sua:
3260 1953 3599 2021 prmseutiam
3645 1953 3893 2020 dignatus
3942 1952 4103 2007 fuerit

2536 2038 2923 2093 demonstrare.
2972 2041 3195 2094 Volente
3230 2051 3407 2096 autem
3441 2041 3530 2095 illo
3548 2042 3614 2095 ad
3643 2042 3812 2096 altare
3837 2044 4097 2102 converti.

2536 2126 2839 2194 suspirabat
2865 2128 3093 2196 pepulus
3141 2136 3261 2197 post
3289 2143 3429 2191 eum,
3466 2129 3780 2183 desiderans
3809 2131 3982 2184 adhuc
4012 2131 4105 2184 dea

2534 2217 2845 2271 siderabiles
2891 2218 3067 2273 vultus
3110 2218 3225 2287 ejus
3254 2220 3456 2284 videre,
3484 2229 3538 2274 et
3563 2220 3826 2289 colloquio
3874 2220 4101 2290 perfrui,

2534 2306 2755 2373 perinde
2798 2307 2951 2376 quasi
3005 2307 3241 2375 ejusdem
3282 2309 3515 2377 Spiritus
3567 2310 3737 2364 sancti
3793 2310 4105 2380 magisterio

2534 2394 2732 2459 edocti,
2765 2396 2905 2464 quod
2943 2396 3087 2449 illum
3132 2398 3357 2451 ulterius
3383 2398 3434 2451 in
3465 2413 3629 2452 carne
3676 2413 3780 2453 non
3806 2408 3984 2454 essent
4022 2402 4101 2453 vi-

2536 2482 2668 2536 suri.
2699 2482 2903 2547 Quibus
2927 2485 3186 2553 inamore
3214 2496 3431 2540 aeterna:
3462 2485 3741 2542 Trinitatis
3788 2489 3944 2543 tertio
3971 2504 4104 2541 cou-

2533 2568 2782 2635 firmatis,
2810 2582 2931 2641 post
2980 2573 3201 2628 libatum
3242 2575 3392 2645 pacis
3429 2585 3483 2630 et
3512 2577 3795 2632 charitatis
3818 2594 3927 2632 suae
3946 2593 4104 2632 oscu-=

2535 2661 2665 2727 lum,
2704 2678 2809 2717 non
2860 2664 3030 2718 valuit
3069 2664 3434 2720 imminentem
3492 2666 3594 2720 sibi
3625 2666 3854 2734 gloriam
3904 2668 4105 2721 diutius

2535 2762 2840 2821 contegere,
2873 2753 2966 2807 sed
3006 2763 3155 2822 rogat
3182 2763 3241 2807 ut
3270 2755 3352 2808 sui
3383 2769 3648 2809 memores
3693 2755 3946 2821 existant,
3974 2756 4105 2809 dicit

2538 2844 2836 2898 vocationis
2867 2859 2976 2899 suae
3003 2845 3143 2899 diem
3172 2845 3395 2909 instare,
3434 2861 3534 2915 nec
3564 2860 3622 2901 se
3664 2845 3889 2901 ulterius
3916 2847 3966 2900 in
4000 2847 4105 2901 hoc

2536 2936 2736 2990 mundo
2764 2951 2886 2989 eum
2922 2936 3029 2991 illis
3074 2942 3308 2990 manere.
3345 2937 3494 2992 Tunc
3524 2947 3726 2991 tantam
3753 2938 3982 3009 lugentis
4005 2954 4103 3008 po-

2532 3024 2642 3093 puli
2685 3025 2896 3079 videres
2930 3025 3300 3080 confusionem
3363 3036 3468 3080 tam
3505 3029 3819 3096 permistani
3851 3029 4105 3100 lacrymis

2534 3113 2664 3167 cleri
2733 3112 3237 3177 conclamationem,
3314 3114 3595 3169 viduarum
3651 3131 3717 3170 ac
3774 3117 4101 3186 pupillorum

2456 3203 2501 3265 C
2532 3210 2892 3263 miserabilem
2941 3210 3421 3279 perturbationem,
3460 3220 3517 3265 ut
3565 3212 3706 3266 diem
3761 3211 3947 3280 judicii
3995 3215 4091 3269 ad-'

2530 3317 2668 3364 esse,
2701 3310 2756 3355 et
2801 3301 2982 3355 omnia
3020 3300 3216 3355 szecula
3270 3302 3323 3355 in
3366 3317 3669 3371 supremam
3701 3304 3887 3357 horam
3926 3305 4102 3359 coisse

2529 3402 2770 3461 putares.
2819 3391 3082 3447 Sacerdos
3132 3393 3293 3447 etiam
3324 3393 3415 3461 qui
3449 3402 3553 3447 tam
3595 3394 3893 3449 mirabilem
3926 3393 3975 3449 in
4003 3410 4098 3449 ec-

2531 3484 2693 3537 clesia
2735 3484 2987 3538 ecstasim
3048 3484 3277 3549 viderat,
3317 3486 3530 3554 cognito
3568 3485 3711 3554 quod
3744 3500 3845 3540 non
3878 3488 3929 3540 in
3967 3487 4102 3539 ima-

2530 3575 2672 3644 gine,
2705 3576 2797 3629 sed
2826 3575 2878 3628 in
2932 3591 3110 3628 rerum
3157 3575 3385 3629 veritate
3434 3576 3676 3646 eamdem
3734 3576 4097 3637 sustinuisset,

2530 3666 2703 3735 palam
2753 3666 3024 3731 omnibus,
3064 3676 3118 3720 et
3142 3682 3263 3721 cum
3297 3668 3502 3737 magnis
3549 3668 3835 3737 gemitibus
3864 3683 3982 3737 qua:
4014 3669 4099 3721 vi-

2530 3760 2683 3811 derat
2717 3759 2966 3813 absolvit.
3006 3759 3243 3826 Quorum
3300 3760 3611 3813 maestitiam
3640 3759 3798 3813 Pater
3822 3760 4098 3829 pretiosis-

2530 3849 2723 3915 simus,
2754 3859 2917 3919 prout
2946 3851 3135 3919 potuit,
3182 3850 3408 3920 benigne
3457 3850 3783 3913 consolatus,
3819 3850 3883 3903 ad
3929 3849 4101 3903 altare

2532 3940 2705 4003 rediit,
2736 3949 3093 4009 susceptoque
3118 3941 3240 3994 vitae
3268 3949 3481 3994 teternte
3509 3939 3686 4008 epulo,
3720 3949 3827 3992 tam
3852 3953 3908 3994 se
3932 3950 4096 4008 quain

2530 4045 2717 4085 omnes
2753 4030 2854 4083 sibi
2892 4030 3210 4083 commissos
3256 4038 3458 4083 artemo
3490 4030 3697 4083 Pastori
3741 4028 4096 4097 eonsignavit.

2530 4118 2655 4171 Cibo
2706 4118 2954 4185 reﬁcitur,
3003 4118 3204 4186 rapitur
3247 4134 3274 4170 e
3324 4128 3484 4171 terra.
3520 4118 3819 4171 Orationem
3845 4118 3993 4171 habet
4026 4120 4097 4169 usi

3245 4204 3385 4240 suos.

2600 4277 2689 4331 45.
2741 4275 2867 4331 lude
2912 4275 3220 4331 refectiouis
3268 4276 3485 4331 domum
3540 4277 3876 4331 laetabundus
3922 4279 4102 4345 ingre-

2532 4367 2704 4428 diens,
2735 4380 2924 4419 omnes
2958 4365 3023 4418 ad
3066 4380 3123 4419 se
3172 4364 3499 4420 confluentes
3532 4375 3586 4419 et
3612 4366 3733 4420 cibo
3774 4365 4013 4434 corporis
4042 4375 4100 4419 et

2533 4452 2828 4521 spiritualis
2878 4453 2997 4505 vitae
3043 4452 3294 4506 alimonia
3328 4454 3608 4523 saginavit.
3642 4453 3770 4507 Post
3815 4454 4099 4522 prandium

858 4546 1209 4602 salvationem
1250 4557 1359 4595 non
1402 4540 1505 4594 nisi
1536 4540 1815 4594 moriendo
1838 4541 2208 4613 compleverit,
2244 4558 2431 4611 qucm-
2457 4534 2508 4594 D
2536 4557 2662 4597 vero
2693 4542 2771 4596 vel
2804 4542 2975 4611 magis
3022 4542 3261 4595 ultimam
3304 4557 3534 4607 caenam,
3564 4545 3737 4596 denuo
3764 4558 3883 4597 cuin
3914 4541 4097 4595 fratri-

857 4638 1143 4693 admodum
1202 4646 1488 4702 resurgens
1538 4647 1567 4684 a
1615 4631 1839 4685 mortuis
1889 4631 2077 4685 mortis
2132 4632 2429 4702 principem

857 4733 1213 4798 superaverit,
1242 4734 1294 4779 et
1339 4722 1725 4776 famulantibus
1763 4721 1969 4791 angelis
2003 4721 2196 4775 caelum
2226 4721 2430 4794 ingres-

858 4835 949 4874 sus
976 4816 1157 4871 fuerit.
1194 4813 1398 4868 Deinde
1427 4810 1745 4880 sanguinem
1790 4809 1993 4863 Christi
2038 4810 2432 4879 incomparabi-

857 4910 980 4963 liter
1006 4905 1257 4961 omnibus
1286 4902 1552 4957 creaturis
1582 4901 1764 4955 docuit
1793 4916 1910 4955 esse
1965 4905 2427 4971 praestantiorem;

858 5009 1169 5067 tantamque
1217 4994 1470 5049 fiduciam
1520 4992 1573 5046 in
1635 4990 1894 5047 effusione
1952 4994 2229 5064 sanguinis
2284 4995 2427 5049 illius

856 5088 1114 5143 mundum
1157 5085 1358 5139 habere
1403 5096 1579 5150 posse,
1636 5081 1771 5135 utsi
1829 5096 1968 5137 unus
2023 5082 2218 5151 aliquis
2264 5084 2427 5138 totius

857 5177 1038 5231 mundi
1062 5183 1278 5246 peccata
1302 5173 1545 5236 haberet,
1577 5186 1750 5240 neque
1784 5171 1848 5225 de
1871 5172 2230 5238 multitudine,
2255 5189 2427 5245 neque

854 5265 922 5312 de.
971 5262 1341 5312 magnitudine
1388 5260 1675 5312 criminum
1720 5259 1793 5312 illi
1825 5270 1969 5312 esset
2007 5262 2424 5312 desnerandum-

2528 4637 2647 4699 bus,
2668 4634 2950 4689 ecclesiam
2981 4633 3179 4688 Christi
3210 4635 3529 4704 ingreditur,
3576 4636 3895 4704 signatoque
3914 4634 4097 4704 scpuL

2528 4727 2606 4781 cri
2631 4726 2711 4780 sui
2759 4725 2899 4788 loco,
2926 4726 3174 4778 omnibus
3206 4725 3271 4778 ad
3317 4724 3487 4779 altare
3519 4724 3717 4779 Christi
3759 4725 4101 4780 ascendenti—

2528 4817 2627 4871 bus
2656 4816 2949 4884 conspicuo
3004 4814 3338 4870 coznaculum
3370 4830 3466 4883 pro
3506 4815 3662 4869 modo
3689 4816 3858 4869 :estivi
3897 4823 4101 4883 tempo-

2530 4907 2604 4959 ris
2673 4907 3015 4975 requieturus
3072 4906 3331 4959 ascendit.
3408 4905 3720 4960 Circumdat
3782 4914 4100 4974 pausantem

2534 4996 2768 5051 luctifica
2815 4996 3057 5051 ecclesiae
3114 4994 3337 5060 familia,
3386 5010 3503 5064 quze
3539 4996 3652 5049 sive
3686 5004 3832 5050 metu
3870 4996 3973 5059 sui,
4004 5009 4100 5049 seu

2534 5097 2706 5141 morte
2736 5086 2879 5141 illius
2909 5086 3141 5150 turbata,
3172 5085 3468 5141 horrendos
3504 5085 3851 5157 lacrymando
3878 5094 4103 5155 questus

2533 5176 2790 5230 insonuit.
2845 5174 2990 5242 Quos
3021 5174 3109 5228 illo
3158 5175 3514 5230 sanctissimis
3544 5184 3603 5229 ut
3636 5191 3847 5247 semper
3876 5176 4102 5231 rationi-

2532 5269 2632 5312 hns
2664 5266 2898 5312 favente-
2931 5275 3087 5312 almie
3117 5268 3183 5312 ad
3210 5281 3358 5312 gnem
3387 5265 3548 5312 futuri
3589 5267 3767 5312 manli
3795 5267 4100 5312 diligentius
