4516 5500
421 420 526 475 $53

1929 410 2103 463 VITA.

3558 420 3659 472 ΔΜ

422 534 542 595 bus,
595 536 647 583 et
711 528 1068 584 maceriarum
1122 527 1396 581 liminibus
1447 526 1514 580 de
1563 524 1719 595 longe
1774 537 1986 577 sursum
2018 529 2062 586 Α
2093 521 2334 590 corporis
2359 521 2610 591 paulatim
2651 522 2903 587 deﬁcere,
2933 540 3054 578 cum
3095 526 3317 595 spiritus
3344 526 3410 580 ab
3437 528 3658 598 integri-

423 620 768 688 aspicientes,
805 619 1006 673 exitum
1051 619 1125 672 rei
1153 617 1334 670 videre
1375 616 1671 685 cupientes.
1702 613 1989 666 Existima-

424 711 553 762 bant
588 723 817 777 namque
862 718 956 760 aut
989 708 1126 760 sicut
1149 707 1314 760 Eliam
1339 720 1458 760 cum
1485 719 1646 759 carne
1669 718 1790 758 eum
1822 714 1991 755 trans-

426 799 727 862 ferendum,
773 806 866 850 aut
895 795 998 850 alio
1056 796 1244 864 quovis
1272 805 1326 849 et
1372 795 1586 850 insolito
1633 795 1790 847 modo
1822 793 1888 845 ab
1912 792 1990 845 eis

425 890 735 943 tollendum.
764 889 869 943 Sed
914 903 1037 942 mox
1073 902 1135 942 ea
1163 902 1268 956 qua
1302 887 1586 941 subvectus
1609 886 1776 939 fuerat
1808 884 1990 938 suavi-

423 990 532 1033 tate
555 981 846 1048 depositus,
886 986 1145 1034 convocat
1181 994 1368 1033 onmes
1391 979 1478 1046 qui
1529 977 1703 1047 fugam
1736 979 1987 1038 inierant,

427 1071 515 1123 tali
548 1085 641 1124 eos
669 1069 991 1124 allocutione
1023 1069 1351 1123 demulcens.
1395 1088 1412 1118 «
1465 1069 1705 1130 Vidistis,
1742 1068 1838 1129 ait,
1872 1067 1988 1128 ﬁlii,

426 1161 656 1225 vidistis,
694 1161 1020 1223 cbarissimi,
1046 1175 1150 1228 quo
1173 1175 1256 1213 me
1279 1160 1722 1226 Deusvocat,quo
1743 1157 1834 1211 Dei
1854 1156 1990 1209 inef-

423 1250 603 1305 fabilis
637 1251 1003 1305 misericordia
1028 1250 1238 1303 imitat.
1276 1248 1474 1302 Semita
1510 1248 1716 1300 itineris
1748 1247 1850 1300 mei
1881 1262 1990 1315 pra:

421 1341 593 1395 oculis
620 1350 836 1394 ostensa
867 1350 950 1394 est
989 1340 1162 1403 vobis,
1196 1347 1255 1392 ut
1285 1338 1460 1398 nullus
1492 1347 1727 1391 vestrum
1764 1336 1828 1389 de
1857 1351 1990 1404 prce-

422 1431 532 1484 ntio
585 1431 828 1499 capiendi
860 1431 980 1484 εωιὶ
1011 1428 1242 1492 diflidat,
1292 1429 1381 1496 qui
1416 1428 1536 1480 vita:
1595 1443 1726 1480 mea:
1763 1427 1991 1494 diligens

421 1529 656 1573 sectator
702 1519 987 1573 exstiterit.
1021 1517 1135 1570 Non
1181 1517 1326 1570 erebi
1357 1517 1513 1568 sedes
1546 1515 1782 1567 animam
1814 1529 1987 1568 meam

421 1611 645 1673 tenebit,
672 1626 776 1664 non
802 1609 940 1665 fteda
960 1609 1126 1663 facies
1149 1607 1529 1677 profunditatis
1557 1607 1790 1658 animam
1816 1620 1987 1658 meam

425 1701 649 1765 tenebit,
693 1716 794 1754 non
838 1701 978 1770 ignis
1015 1698 1488 1768 incxstinguibilis,
1545 1706 1598 1749 et
1650 1697 1847 1749 vermis
1883 1711 1987 1747 non

421 1793 660 1847 moriens
714 1794 943 1846 animam
995 1805 1165 1844 meam
1219 1790 1435 1843 tenebit.
1469 1788 1691 1842 Sursum
1743 1787 1989 1856 estquod

421 1883 739 1953 amplector,
787 1898 1001 1936 sursum
1051 1896 1156 1950 quo
1202 1882 1441 1951 gradior.
1492 1881 1675 1934 Estote
1715 1895 1843 1949 ergo
1868 1880 1990 1932 vitae
2024 1903 2065 1959 ις

424 1974 744 2035 imitatores,
793 1971 836 2024 si
876 1972 1084 2025 itineris
1125 1973 1229 2024 mei
1263 1971 1463 2038 cupitis
1507 1985 1625 2024 esse
1670 1979 1988 2024 sectatores.

424 2064 624 2118 Discite
652 2063 980 2118 voluntatem
1018 2063 1108 2115 Dei
1165 2078 1376 2131 semper
1411 2076 1588 2123 nosse,
1619 2069 1696 2124 et,
1721 2075 1840 2114 cum
1872 2075 1990 2114 eam

423 2154 702 2218 noveritis,
747 2155 878 2208 nihil
921 2154 968 2207 ei
1015 2154 1190 2207 velitis
1217 2154 1489 2222 prieferre.
1530 2153 1680 2218 Quod
1713 2153 1755 2206 si
1788 2153 1854 2206 ab
1877 2153 1993 2219 ejus

422 2247 698 2299 voluntate
758 2245 1002 2298 facienda
1047 2245 1582 2312 quantulumcunque
1633 2258 1725 2296 vos
1781 2243 1996 2296 exorbi-

428 2344 571 2388 tasse
600 2333 982 2403 cognoveritis,
1010 2334 1190 2386 statim
1219 2333 1285 2385 ad
1315 2331 1705 2402 deprecandam
1730 2330 1844 2397 ejus
1884 2330 1992 2383 clx-

426 2424 682 2478 mentiam
705 2424 1100 2486 convertimini,
1128 2439 1194 2478 ne
1215 2423 1340 2478 dum
1370 2424 1628 2477 minorem
1660 2438 1818 2492 quam
1840 2437 1997 2491 Opor-

427 2524 543 2570 teat
588 2514 947 2570 reverentiam
977 2514 1357 2576 exhibueritis,
1409 2527 1510 2566 non
1541 2513 1713 2567 solum
1745 2513 1999 2580 prtevari-

429 2617 665 2667 calores,
713 2619 896 2658 verum
949 2605 1110 2657 etiam
1150 2604 1393 2658 inﬁdeles
1430 2604 1762 2672 judicetnini.
1827 2603 2000 2656 Nolite

432 2696 557 2749 boni
606 2695 792 2760 videri,
835 2696 928 2749 sed
972 2710 1113 2758 esse,
1168 2709 1266 2749 nec
1313 2703 1420 2748 tam
1479 2695 1604 2748 mali
1662 2711 1765 2749 non
1807 2695 1998 2755 videri,

431 2802 590 2855 quam
624 2802 728 2840 non
758 2801 898 2839 esse.
935 2786 1042 2841 Hoc
1071 2786 1212 2841 enim
1242 2787 1536 2839 maximum
1571 2787 1712 2840 inter
1757 2787 2001 2840 homines

433 2878 632 2932 malum
675 2885 778 2940 est,
817 2878 958 2946 quod
989 2893 1176 2931 omnes
1203 2878 1425 2944 cupiunt
1453 2877 1574 2930 boni
1609 2876 1775 2930 videri
1805 2885 1859 2930 et
1884 2891 2002 2930 esse

431 2969 654 3032 nolunt;
685 2969 814 3022 nulli
861 2969 1047 3022 volunt
1076 2968 1198 3022 mali
1232 2968 1420 3028 videri,
1455 2975 1509 3022 et
1542 2967 1729 3021 nolunt
1756 2983 1861 3021 non
1883 2982 2001 3021 esse

432 3059 583 3113 mali.
636 3060 830 3114 Pacem
880 3073 1094 3128 semper
1156 3059 1458 3120 sectamini,
1509 3073 1607 3112 nec
1639 3058 1788 3126 prius
1817 3059 1883 3111 ab
1915 3057 2000 3108 illa

433 3150 685 3204 sectanda
716 3149 998 3213 deficiatis,
1049 3164 1210 3218 quam
1258 3149 1399 3202 illam
1436 3149 1487 3202 in
1536 3149 1674 3201 cmlo
1704 3147 2002 3216 apprehen-

2095 621 2202 667 tate
2233 613 2313 667 sui
2343 612 2572 666 deﬁcere
2601 614 2852 667 nesciret.
2880 614 2956 666 Ita
2996 629 3227 683 namque
3253 615 3390 670 facie
3417 633 3657 678 serenus.

2092 722 2247 760 sensu
2273 708 2506 770 sobrius,
2551 707 2774 761 docendi
2826 708 3092 764 locutione
3133 712 3400 776 assiduus,
3441 716 3662 770 lotoillo

2093 799 2178 851 die
2217 813 2279 850 ac
2319 799 2563 866 sequenti
2599 797 2730 853 feria
2762 811 2911 853 sexta
2945 803 3317 869 permanebat,
3351 813 3409 857 ut
3435 807 3660 872 quicun-

2091 902 2195 954 que
2247 902 2304 940 se
2348 887 2794 950 commendaturi,
2837 899 2890 941 et
2943 889 3369 944 benedictionem
3402 892 3534 946 tanti
3565 893 3664 945 Pa-

2093 979 2190 1031 tris
2217 977 2532 1044 postulaturi
2570 977 2943 1041 advenissent,
2984 991 3253 1033 recreatos
3273 995 3353 1044 se,
3388 992 3440 1034 et
3487 984 3665 1036 multi—

2092 1068 2300 1134 pliciter
2330 1067 2382 1120 in
2413 1082 2594 1120 amore
2625 1067 2920 1122 divinitatis
2962 1071 3312 1125 confirmatos
3343 1084 3664 1127 asserercnt.

2091 1159 2156 1212 Et
2193 1159 2303 1228 jam
2355 1159 2631 1226 promissa:
2673 1159 3022 1214 beatitudinis
3062 1161 3357 1216 Sabbatum
3397 1165 3666 1226 illuxerat,

2085 1251 2195 1320 jam
2227 1261 2435 1319 tempus
2478 1252 2847 1318 requiescendi
2879 1252 2944 1305 ab
2976 1254 3227 1307 omnibus
3256 1254 3532 1308 laboribus
3558 1257 3670 1308 Suis

2093 1344 2365 1396 Dunstano
2415 1343 2674 1406 instabat,
2731 1358 2855 1396 cum
2918 1358 3046 1398 ecce
3096 1345 3376 1413 multiplex
3435 1348 3667 1399 ﬁliorum

2091 1443 2303 1487 caterva
2350 1436 2538 1498 currit,
2586 1435 2816 1488 ﬁliorum
2857 1450 2994 1503 quos
3043 1437 3159 1506 ipse
3214 1437 3351 1490 infra
3406 1441 3669 1506 gremium

2092 1523 2277 1577 matris
2306 1522 2558 1576 Ecclesia:
2586 1523 2823 1577 tenerius
2859 1525 3146 1587 nutrierat,
3193 1534 3354 1593 atque
3385 1529 3451 1579 ad
3499 1528 3674 1580 ext-el-

2090 1614 2371 1668 lentiorem
2403 1614 2666 1683 spirituali
2714 1616 2901 1684 gratia:
2929 1615 3314 1682 perfectionem
3348 1617 3669 1679 adduxerat,

2089 1707 2417 1761 clamoribus
2476 1715 2531 1759 et
2594 1706 2778 1760 nimiis
2827 1707 3119 1774 ejulatibus
3205 1709 3486 1776 queritans
3533 1708 3673 1775 quml

2090 1813 2147 1852 se
2197 1796 2468 1850 derelictis
2520 1797 2817 1858 recederet,
2867 1811 2965 1849 nec
3013 1796 3116 1850 illis
3160 1796 3350 1850 liceret
3387 1799 3669 1850 commori.

2094 1891 2162 1942 At
2186 1888 2273 1941 ille
2314 1888 2365 1940 in
2401 1902 2592 1940 manus
2623 1887 2715 1939 Dei
2743 1887 3126 1954 omnipotentis
3153 1901 3246 1940 eos
3267 1886 3668 1945 commendans,

2095 1986 2148 2028 et
2179 1976 2412 2045 gratiosa
2450 1974 2830 2028 benedictione
2877 1973 3229 2038 conﬁrmans,
3268 1974 3421 2042 jubet
3473 1985 3674 2028 sancta:

2095 2065 2486 2119 communionis
2537 2063 2855 2133 mysterium
2910 2073 3035 2117 ante
3082 2079 3140 2117 se
3193 2067 3475 2119 celebrari.
3523 2066 3674 2133 Quod

2094 2171 2215 2209 cum
2239 2155 2506 2224 protensis
2534 2154 2783 2206 manibus
2809 2152 2875 2206 de
2904 2151 3114 2206 coelesti
3148 2168 3333 2207 mensa
3364 2164 3672 2222 porrectum

2096 2246 2440 2314 suscepisset,
2504 2245 2604 2298 hac
2669 2243 2915 2298 oratione
2962 2244 3071 2297 Deo
3138 2246 3441 2314 supplicare
3493 2247 3674 2314 cmpit.

2097 2334 2279 2388 Gloria
2329 2334 2447 2399 tibi,
2498 2333 2837 2401 onmipotens
2894 2332 3074 2398 Pater,
3128 2333 3219 2401 qui
3274 2334 3584 2388 timentibus
3629 2345 3678 2388 te

2097 2421 2298 2476 Panem
2331 2424 2453 2476 vitae
2483 2423 2548 2477 de
2575 2423 2716 2476 cmlo
2748 2422 2965 2486 dedisti,
2998 2433 3055 2475 ιιι
3087 2436 3354 2476 memores
3383 2423 3554 2476 simus
3577 2424 3677 2474 tui-

2102 2512 2348 2566 rabilium
2377 2524 2609 2576 tuorum,
2643 2527 2763 2581 qua:
2799 2513 2851 2565 in
2885 2512 3062 2565 medio
3109 2519 3268 2564 terrae
3298 2521 3573 2579 ‘operatus
3600 2526 3676 2574 cs,

2103 2607 2361 2661 mittendo
2389 2607 2542 2659 nobis
2571 2605 2912 2671 Unigenitum
2963 2612 3133 2667 tuum,
3189 2617 3376 2657 verum
3409 2603 3677 2656 hominem

2102 2698 2168 2751 de
2198 2712 2323 2750 vera
2364 2695 2580 2765 Virgine
2610 2707 2813 2748 natum.
2849 2693 2987 2757 Tibi,
3014 2703 3201 2746 sancte
3229 2692 3415 2756 Pater,
3455 2691 3680 2744 meritas

2105 2785 2386 2840 referimus
2416 2795 2616 2855 grates,
2645 2785 2734 2853 qui
2762 2794 2815 2837 et
2854 2797 2950 2837 nos
2985 2784 3111 2836 dum
3136 2797 3241 2834 non
3280 2795 3500 2835 eramus
3530 2794 3681 2835 crea-

2103 2881 2194 2945 sti,
2225 2889 2277 2933 et
2306 2881 2432 2934 dum
2481 2888 2796 2949 peccatores
2834 2893 3095 2940 essemus,
3130 2877 3290 2945 hujus
3335 2875 3524 2944 gratia:
3550 2889 3678 2943 par-

2107 2973 2294 3041 ticipes
2319 2970 2543 3026 eﬁ‘ecisti
2571 2986 2666 3040 per
2696 2970 2941 3024 eumdem
2987 2968 3179 3021 Filium
3220 2976 3372 3020 tuum
3413 2967 3603 3030 Deum,
3626 2972 3682 3018 et

2106 3062 2386 3116 Dominum
2433 3072 2695 3124 nostrum,
2729 3059 2911 3114 omnia
2942 3069 3118 3112 tecum
3149 3067 3204 3110 et
3250 3055 3456 3125 Spiritu
3488 3065 3677 3109 sancto

2106 3151 2413 3215 facientem,
2445 3153 2855 3221 gubernantem,
2885 3159 2940 3203 et
2980 3165 3075 3217 per
3105 3148 3313 3202 inﬁnita
3358 3145 3678 3201 saeculorum

430 3242 592 3296 datis.
648 3241 863 3309 Atque,
911 3250 970 3295 ut
1038 3241 1177 3294 hanc
1246 3238 1532 3294 efﬁcaciter
1577 3239 1840 3308 attingere
1906 3252 2001 3290 va-
2033 3241 2076 3301 C
2108 3242 2304 3296 saecula
2363 3251 2693 3311 regnantem.
2752 3239 2896 3292 lnter
2924 3253 3044 3306 quae
3092 3237 3254 3292 verba
3321 3251 3389 3290 ex
3436 3236 3684 3290 omnibus

433 3331 628 3394 leatis,
685 3329 829 3383 illum
877 3344 1092 3397 semper
1142 3329 1194 3382 in
1252 3329 1430 3381 animo
1488 3327 1854 3381 dulcissimum
1909 3328 2006 3380 ha-

431 3419 574 3482 bete,
631 3419 702 3473 illi
752 3418 1008 3474 continuo
1055 3419 1257 3487 gratias
1325 3418 1486 3486 agite,
1542 3417 1682 3471 illius
1730 3418 2010 3484 preceptis

421 3509 708 3564 humiliter
758 3508 969 3562 obedite
1005 3507 1095 3576 qui
1151 3506 1424 3576 singulare
1471 3521 1569 3575 pro
1617 3505 1868 3559 omnibus
1920 3519 2008 3557 sa-

431 3601 698 3655 criﬁcium
740 3599 1004 3655 immolari
1029 3598 1216 3661 voluit,
1277 3599 1328 3651 itt
1379 3613 1484 3666 quo
1523 3597 1848 3666 complacuit
1897 3609 2012 3649 om-

433 3707 556 3747 nem
601 3691 984 3761 plenitudinem
1033 3689 1374 3751 inhabitare,
1431 3698 1487 3742 et
1516 3703 1611 3757 per
1648 3702 1770 3740 eum
1825 3702 2010 3743 recon-

433 3780 607 3834 ciliari
635 3779 838 3841 omnia,
867 3777 920 3830 in
950 3778 1065 3846 ipso
1107 3776 1399 3845 paciﬁcans
1422 3791 1517 3846 per
1545 3776 1858 3845 sanguinem
1887 3790 2009 3828 cru-

433 3869 514 3924 cis
540 3874 676 3938 ejus,
712 3869 825 3922 sive
849 3883 968 3936 qua:
998 3868 1050 3920 in
1084 3868 1242 3921 terris
1286 3876 1428 3931 sunt,
1471 3866 1584 3919 sive
1609 3881 1730 3934 quin
1761 3865 1812 3917 in
1859 3865 2012 3918 ctelis

435 3957 575 4029 (Col.
623 3973 673 4022 t,
715 3957 800 4021 l9,
861 3956 972 4026 20).
1029 3956 1268 4010 Prtedico
1317 3956 1480 4010 etiam
1529 3957 1678 4010 vobis
1720 3953 2011 4024 Anglorum

434 4058 649 4121 gentem
683 4050 800 4103 dira
831 4064 894 4103 ac
937 4049 1187 4103 diuturna
1227 4047 1367 4102 mala
1418 4048 1485 4102 ab
1532 4047 1732 4102 exteris
1768 4047 2013 4117 gentibus

435 4157 558 4197 esse
604 4156 902 4210 passuram,
952 4139 1043 4194 sed
1092 4139 1146 4194 in
1196 4138 1300 4193 ﬁne
1345 4138 1551 4192 dierum
1611 4139 2010 4192 miserationem

438 4233 532 4288 Dei
560 4246 720 4300 super
746 4245 865 4285 eam
897 4230 1236 4283 stillaturam.
1269 4229 1431 4283 Vobis
1458 4236 1638 4282 autem
1672 4227 2012 4282 commodum

437 4323 545 4378 crit
569 4322 759 4376 horum
787 4320 1073 4374 verborum
1103 4319 1395 4377 reminisci.
1428 4327 1485 4371 ut
1511 4319 1623 4372 sive
1663 4318 1777 4372 ha-c
1803 4319 1867 4372 ad
1892 4334 2014 4386 pec-

437 4419 682 4465 catorum
715 4408 1165 4471 emendationem,
1215 4422 1307 4461 seu
1336 4407 1401 4462 ad
1437 4407 1818 4476 perﬁciendam
1848 4409 2016 4461 virtu-

442 4512 549 4556 tem
604 4499 966 4569 contigerint,
1020 4500 1227 4553 animas
1279 4508 1488 4554 vestras
1547 4499 1740 4553 divinae
1801 4514 2016 4570 semper

440 4590 780 4659 dispositioni
826 4588 1146 4656 subjiciatis,
1186 4604 1252 4644 ne
1299 4590 1437 4646 sicut
1473 4589 1596 4644 mali
1642 4590 1733 4644 ﬁlii
1782 4592 2016 4663 diligatis

441 4678 840 4744 blandientem;
890 4679 1222 4734 erudicntem
1268 4680 1431 4749 (quod
1470 4695 1500 4734 a
1550 4680 1703 4738 vobis
1753 4693 2036 4737 remotum

443 4770 537 4839 sit)
576 4771 952 4828 contemnatis.
985 4769 1231 4827 Profecto
1257 4772 1450 4828 nullius
1486 4773 1761 4828 hominum
1793 4775 1875 4828 vel
1908 4785 2017 4830 tam

442 4875 608 4932 grave
651 4859 990 4930 supplicium,
1030 4859 1112 4914 vel
1157 4868 1262 4915 tam
1309 4861 1576 4916 excellens
1617 4873 1701 4918 est
1743 4865 2016 4928 meritum,

445 4965 556 5020 quo
597 4949 688 5004 Dei
717 4950 1098 5019 omnipotentis
1126 4950 1280 5014 visio,
1315 4953 1450 5007 visio
1478 4953 1648 5008 beatae
1677 4955 2016 5020 :eternitatis,

443 5040 588 5094 visio
626 5050 839 5094 aeterna:
886 5041 1149 5106 veritatis,
1196 5041 1391 5109 Patris,
1437 5053 1493 5098 et
1534 5044 1676 5110 Filii,
1705 5056 1760 5101 et
1787 5044 2020 5116 Spiritus

455 5131 655 5197 sancti,
682 5131 862 5186 valeat
889 5133 1206 5200 promereri.
1240 5135 1406 5205 Magis
1445 5145 1624 5192 autem
1651 5140 1696 5195 si
1721 5140 2018 5194 naturalem

443 5219 747 5276 clementiae
773 5235 888 5275 sua:
914 5221 1202 5278 bonitatem
1239 5227 1380 5283 Deus
1414 5243 1516 5282 non
1545 5232 1856 5295 attenderit,
1886 5230 2020 5286 nihil

445 5313 615 5367 homo
654 5315 862 5382 patitur
905 5314 1042 5381 quod
1077 5315 1180 5372 sibi
1205 5316 1368 5387 .justo
1417 5318 1510 5372 Dei
1565 5321 1769 5392 judicio
1814 5337 1878 5376 ex
1924 5338 2018 5379 sua

444 5403 608 5455 culpa
636 5423 735 5455 non
762 5406 1037 5455 debeatur.

2109 3333 2302 3386 animae
2327 3333 2575 3385 medullis
2602 3331 2668 3383 ad
2700 3330 2867 3383 Deum
2896 3343 3055 3396 quem
3104 3341 3318 3395 semper
3347 3325 3681 3380 desiderave-

2109 3435 2192 3479 rat
2233 3422 2419 3485 eﬁ‘usa,
2455 3423 2601 3476 videt
2629 3421 2747 3475 illos
2775 3420 2865 3488 qui
2897 3434 2957 3473 se
2998 3419 3065 3472 ad
3115 3419 3336 3472 caaleste
3381 3417 3686 3470 conv.vLum

2110 3515 2468 3568 invitaverant
2509 3514 2701 3566 beatos
2730 3511 2950 3579 angelos
2989 3508 3325 3570 assistentes,
3358 3514 3414 3560 et
3465 3503 3687 3559 cceleste

2111 3606 2185 3659 illi
2234 3603 2551 3671 obsequium
2606 3609 2999 3671 prmparautes.
3073 3599 3308 3662 Quorum
3379 3593 3688 3649 venerando

2111 3698 2273 3751 εαξιηί
2325 3695 2451 3749 felix
2490 3695 2664 3746 anima
2706 3693 2848 3746 illius
2896 3690 3184 3757 gratulata,
3240 3688 3360 3740 laeta
3412 3684 3688 3753 egreditur

2111 3788 2177 3842 de
2205 3785 2511 3841 habitaculo
2540 3783 2867 3838 sanctissimi
2897 3780 3160 3849 corporis,
3189 3777 3538 3848 proﬁciscens
3559 3791 3683 3830 cum

2113 3879 2219 3932 illis
2247 3879 2313 3932 ad
2360 3874 2823 3944 contemplandam
2869 3872 3170 3925 claritatem
3210 3868 3396 3922 aeterni
3427 3866 3687 3921 Condito-

2113 3970 2208 4022 ris.
2240 3968 2379 4022 Ecce
2421 3964 2689 4034 quomodo
2722 3964 3019 4017 honoratus
3058 3969 3164 4022 est,
3196 3973 3355 4029 quem
3412 3956 3554 4010 Deus
3585 3957 3684 4009 ho-

2113 4072 2242 4112 nore
2270 4056 2488 4125 dignum
2516 4052 2820 4124 judicavit!
2862 4065 2991 4105 ecce
3033 4050 3302 4118 quomodo
3348 4046 3399 4098 in
3437 4044 3686 4115 gaudium

2114 4149 2324 4204 Domini
2360 4147 2440 4202 sui
2472 4145 2712 4207 intravit,
2741 4127 2929 4211 quiin
2972 4140 3256 4193 commissa
3301 4137 3402 4191 sibi
3434 4135 3691 4190 doctrinae

2113 4241 2342 4313 pecunia
2385 4237 2556 4294 ﬁdelis
2591 4244 2844 4305 emgator
2873 4233 3079 4288 exstitit
3110 4231 3121 4282 !
3171 4230 3214 4285 Ο
3247 4230 3452 4283 viscera
3482 4227 3692 4280 miseri-

2115 4336 2310 4390 cordize
2351 4333 2468 4397 Dei,
2509 4346 2628 4400 qua:
2660 4330 2737 4383 sic
2763 4342 2978 4396 semper
3021 4326 3196 4379 dulcia
3225 4333 3481 4391 expertus
3519 4321 3693 4374 fuerat

2117 4429 2217 4483 iste
2247 4428 2408 4480 homo
2455 4423 2548 4477 Dei
2576 4423 2588 4474 !
2636 4435 2668 4475 ο
2697 4435 2790 4475 cor
2817 4419 2918 4472 viri
2949 4418 3014 4471 ad
3055 4415 3380 4470 voluntatem
3423 4411 3518 4466 Dei
3550 4427 3690 4464 sem-

2115 4534 2210 4589 per
2236 4515 2442 4587 parati;
2475 4513 2566 4583 qui
2596 4510 2769 4581 potuit
2797 4509 2977 4564 dicere
3005 4525 3016 4559 :
3057 4505 3311 4559 Paratum
3359 4519 3450 4556 cor
3494 4518 3687 4564 meum,

2049 4578 2092 4635 ί)
2119 4578 2282 4673 Deus,
2305 4578 2548 4677 paratum
2578 4578 2669 4657 cor
2694 4616 2864 4655 meum
2903 4596 3074 4665 (I’saf.
3115 4612 3201 4650 Lvl
3219 4637 3233 4661 ,
3264 4595 3317 4665 8)
3344 4596 3356 4648 !
3389 4595 3527 4649 Ecce
3550 4610 3693 4648 nunc

2121 4698 2300 4770 psallit
2329 4698 2380 4750 in
2423 4694 2589 4766 gloria
2637 4707 2735 4748 sua
2768 4691 3062 4746 illustratus
3096 4687 3297 4742 lumine
3325 4684 3549 4740 visionis
3581 4684 3694 4752 glo-

2123 4793 2217 4847 riae
2248 4789 2364 4844 Dei.

2774 4874 3054 4944 Se;'elitur.

2191 4971 2281 5026 45.
2323 4969 2636 5040 Suscipiunt
2683 4976 2860 5022 autem
2888 4963 3226 5018 venerabiles
3268 4956 3480 5013 Domini
3512 4968 3698 5011 sacer-

2122 5061 2273 5116 dotes
2299 5057 2609 5115 venerabile
2637 5068 2835 5126 eorpus
2875 5055 3072 5108 summi
3099 5047 3417 5114 sacerdotis,
3454 5043 3705 5100 deferen-

2124 5160 2207 5204 tes
2236 5147 2367 5204 illud
2410 5148 2464 5202 in
2497 5146 2778 5202 basilicam
2811 5141 2992 5211 magni
3031 5140 3224 5201 basilei
3269 5136 3482 5193 Domini
3515 5132 3711 5187 Salva-

2127 5241 2278 5306 toris,
2313 5243 2414 5298 sub
2444 5240 2708 5297 immenso
2740 5250 3014 5293 murmure
3048 5233 3346 5309 lugentium
3387 5227 3714 5298 populorum

2129 5334 2391 5392 feretrum
2431 5333 2757 5393 densissime
2783 5329 3166 5395 ambientium,
3192 5324 3351 5380 facies
3391 5335 3515 5375 suas
3540 5319 3722 5375 disse-

2300 5444 2370 5455 ...
2438 5423 2640 5455 -υιὶ-υιε-
2671 5440 2787 5455 ---Α
2833 5419 3150 5455 Γορῖαηιὲ..ηιι
3221 5427 3375 5455 αθηηιι
3402 5413 3599 5455 nmnrie
3627 5427 3727 5455 Vn-

2135 5436 2294 5455 nauli-
