  <div class='ocr_page' id='page_1' title='image "/cluster/home/n/w/nwhite01/storage/ocr_20150623/137/hvd.32044021286828/233.png"; bbox 0 0 4516 5500; ppageno 0'>
   <div class='ocr_carea' id='block_1_1' title="bbox 1919 463 3164 521">
    <p class='ocr_par' dir='ltr' id='par_1_1' title="bbox 1919 463 3164 521">
     <span class='ocr_line' id='line_1_1' title="bbox 1919 463 3164 521; baseline -0.005 0"><span class='ocrx_word' id='word_1_1' title='bbox 1919 466 1976 521; x_wconf 88' lang='lat' dir='ltr'><strong>S.</strong></span> <span class='ocrx_word' id='word_1_2' title='bbox 2020 464 2431 521; x_wconf 83' lang='lat' dir='ltr'><strong>DUNSTANUS</strong></span> <span class='ocrx_word' id='word_1_3' title='bbox 2468 463 2781 519; x_wconf 76' lang='lat' dir='ltr'><strong>ARCIIIEP.</strong></span> <span class='ocrx_word' id='word_1_4' title='bbox 2822 463 3164 519; x_wconf 69' lang='lat' dir='ltr'><strong>CANTUAR.</strong></span> 
     </span>
    </p>
   </div>
   <div class='ocr_carea' id='block_1_2' title="bbox 4044 458 4149 521">
    <p class='ocr_par' dir='ltr' id='par_1_2' title="bbox 4044 458 4149 521">
     <span class='ocr_line' id='line_1_2' title="bbox 4044 458 4149 521; baseline 0.01 -1"><span class='ocrx_word' id='word_1_5' title='bbox 4044 458 4149 521; x_wconf 70' lang='grc'><strong>456</strong></span> 
     </span>
    </p>
   </div>
   <div class='ocr_carea' id='block_1_3' title="bbox 895 577 4148 658">
    <p class='ocr_par' dir='ltr' id='par_1_3' title="bbox 895 577 4148 658">
     <span class='ocr_line' id='line_1_3' title="bbox 895 577 4148 658; baseline -0.005 -10"><span class='ocrx_word' id='word_1_6' title='bbox 895 592 1037 650; x_wconf 90' lang='lat' dir='ltr'><strong>omni</strong></span> <span class='ocrx_word' id='word_1_7' title='bbox 1067 588 1341 658; x_wconf 77' lang='lat' dir='ltr'><strong>diligentia</strong></span> <span class='ocrx_word' id='word_1_8' title='bbox 1381 586 1642 655; x_wconf 75' lang='lat' dir='ltr'><strong>sepultus,</strong></span> <span class='ocrx_word' id='word_1_9' title='bbox 1691 591 1744 637; x_wconf 93' lang='lat' dir='ltr'><strong>et</strong></span> <span class='ocrx_word' id='word_1_10' title='bbox 1770 590 1891 651; x_wconf 90' lang='lat' dir='ltr'><strong>post</strong></span> <span class='ocrx_word' id='word_1_11' title='bbox 1939 581 2055 633; x_wconf 65' lang='lat' dir='ltr'><strong>haec</strong></span> <span class='ocrx_word' id='word_1_12' title='bbox 2095 578 2466 632; x_wconf 87' lang='lat' dir='ltr'><strong>eminentioris</strong></span> <span class='ocrx_word' id='word_1_13' title='bbox 2494 590 2541 647; x_wconf 74' lang='grc' dir='ltr'><strong>Α</strong></span> <span class='ocrx_word' id='word_1_14' title='bbox 2569 580 2683 632; x_wconf 68' lang='lat' dir='ltr'><strong>haec</strong></span> <span class='ocrx_word' id='word_1_15' title='bbox 2705 580 2900 641; x_wconf 91' lang='lat' dir='ltr'><strong>omnia,</strong></span> <span class='ocrx_word' id='word_1_16' title='bbox 2932 579 3245 632; x_wconf 91' lang='lat' dir='ltr'><strong>eorumdem</strong></span> <span class='ocrx_word' id='word_1_17' title='bbox 3299 577 3542 633; x_wconf 82' lang='lat' dir='ltr'><strong>manibus</strong></span> <span class='ocrx_word' id='word_1_18' title='bbox 3591 577 3856 647; x_wconf 71' lang='lat' dir='ltr'><strong>lapidatus</strong></span> <span class='ocrx_word' id='word_1_19' title='bbox 3899 578 4148 648; x_wconf 78' lang='lat' dir='ltr'><strong>Spiritum</strong></span> 
     </span>
    </p>
   </div>
   <div class='ocr_carea' id='block_1_4' title="bbox 887 668 2477 753">
    <p class='ocr_par' dir='ltr' id='par_1_4' title="bbox 887 668 2477 753">
     <span class='ocr_line' id='line_1_4' title="bbox 887 668 2477 753; baseline -0.011 -15"><span class='ocrx_word' id='word_1_20' title='bbox 887 682 1073 753; x_wconf 86' lang='lat' dir='ltr'><strong>operis</strong></span> <span class='ocrx_word' id='word_1_21' title='bbox 1104 688 1375 733; x_wconf 88' lang='lat' dir='ltr'><strong>structura</strong></span> <span class='ocrx_word' id='word_1_22' title='bbox 1416 677 1673 729; x_wconf 76' lang='lat' dir='ltr'><strong>decenter</strong></span> <span class='ocrx_word' id='word_1_23' title='bbox 1707 680 1946 741; x_wconf 89' lang='lat' dir='ltr'><strong>opertus,</strong></span> <span class='ocrx_word' id='word_1_24' title='bbox 1978 668 2207 722; x_wconf 84' lang='lat' dir='ltr'><strong>ﬂebilem</strong></span> <span class='ocrx_word' id='word_1_25' title='bbox 2236 668 2393 722; x_wconf 85' lang='lat' dir='ltr'><strong>simul</strong></span> <span class='ocrx_word' id='word_1_26' title='bbox 2423 678 2477 721; x_wconf 91' lang='lat' dir='ltr'><strong>et</strong></span> 
     </span>
    </p>
   </div>
   <div class='ocr_carea' id='block_1_5' title="bbox 885 756 2470 826">
    <p class='ocr_par' dir='ltr' id='par_1_5' title="bbox 885 756 2470 826">
     <span class='ocr_line' id='line_1_5' title="bbox 885 756 2470 826; baseline -0.008 -5"><span class='ocrx_word' id='word_1_27' title='bbox 885 767 1177 823; x_wconf 76' lang='lat' dir='ltr'><strong>amabilem</strong></span> <span class='ocrx_word' id='word_1_28' title='bbox 1223 764 1455 826; x_wconf 91' lang='lat' dir='ltr'><strong>cunctis,</strong></span> <span class='ocrx_word' id='word_1_29' title='bbox 1502 763 1615 815; x_wconf 84' lang='lat' dir='ltr'><strong>sive</strong></span> <span class='ocrx_word' id='word_1_30' title='bbox 1646 761 1697 813; x_wconf 92' lang='lat' dir='ltr'><strong>in</strong></span> <span class='ocrx_word' id='word_1_31' title='bbox 1731 760 1898 813; x_wconf 89' lang='lat' dir='ltr'><strong>choro</strong></span> <span class='ocrx_word' id='word_1_32' title='bbox 1943 756 2319 824; x_wconf 89' lang='lat' dir='ltr'><strong>psallentibus,</strong></span> <span class='ocrx_word' id='word_1_33' title='bbox 2358 756 2470 809; x_wconf 89' lang='lat' dir='ltr'><strong>sive</strong></span> 
     </span>
    </p>
   </div>
   <div class='ocr_carea' id='block_1_6' title="bbox 886 844 2468 925">
    <p class='ocr_par' dir='ltr' id='par_1_6' title="bbox 886 844 2468 925">
     <span class='ocr_line' id='line_1_6' title="bbox 886 844 2468 925; baseline -0.009 -16"><span class='ocrx_word' id='word_1_34' title='bbox 886 872 981 925; x_wconf 85' lang='lat' dir='ltr'><strong>per</strong></span> <span class='ocrx_word' id='word_1_35' title='bbox 1023 854 1222 924; x_wconf 88' lang='lat' dir='ltr'><strong>gradus</strong></span> <span class='ocrx_word' id='word_1_36' title='bbox 1261 852 1325 905; x_wconf 88' lang='lat' dir='ltr'><strong>ad</strong></span> <span class='ocrx_word' id='word_1_37' title='bbox 1359 851 1530 904; x_wconf 89' lang='lat' dir='ltr'><strong>altare</strong></span> <span class='ocrx_word' id='word_1_38' title='bbox 1572 846 1985 902; x_wconf 85' lang='lat' dir='ltr'><strong>ascendentibus</strong></span> <span class='ocrx_word' id='word_1_39' title='bbox 2030 844 2112 897; x_wconf 92' lang='lat' dir='ltr'><strong>sui</strong></span> <span class='ocrx_word' id='word_1_40' title='bbox 2151 844 2468 896; x_wconf 82' lang='lat' dir='ltr'><strong>memoriam</strong></span> 
     </span>
    </p>
   </div>
   <div class='ocr_carea' id='block_1_7' title="bbox 884 932 2471 1011">
    <p class='ocr_par' dir='ltr' id='par_1_7' title="bbox 884 932 2471 1011">
     <span class='ocr_line' id='line_1_7' title="bbox 884 932 2471 1011; baseline -0.008 -15"><span class='ocrx_word' id='word_1_41' title='bbox 884 944 1194 1011; x_wconf 76' lang='lat' dir='ltr'><strong>dereliquit.</strong></span> <span class='ocrx_word' id='word_1_42' title='bbox 1227 940 1483 994; x_wconf 83' lang='lat' dir='ltr'><strong>Flebilem</strong></span> <span class='ocrx_word' id='word_1_43' title='bbox 1511 940 1630 992; x_wconf 91' lang='lat' dir='ltr'><strong>ideo</strong></span> <span class='ocrx_word' id='word_1_44' title='bbox 1656 935 1909 997; x_wconf 78' lang='lat' dir='ltr'><strong>dixerim,</strong></span> <span class='ocrx_word' id='word_1_45' title='bbox 1953 932 2092 1001; x_wconf 92' lang='lat' dir='ltr'><strong>quod</strong></span> <span class='ocrx_word' id='word_1_46' title='bbox 2139 932 2255 999; x_wconf 84' lang='lat' dir='ltr'><strong>ejus</strong></span> <span class='ocrx_word' id='word_1_47' title='bbox 2293 933 2471 1000; x_wconf 91' lang='lat' dir='ltr'><strong>quoti-</strong></span> 
     </span>
    </p>
   </div>
   <div class='ocr_carea' id='block_1_8' title="bbox 886 1023 2471 1099">
    <p class='ocr_par' dir='ltr' id='par_1_8' title="bbox 886 1023 2471 1099">
     <span class='ocr_line' id='line_1_8' title="bbox 886 1023 2471 1099; baseline -0.006 -12"><span class='ocrx_word' id='word_1_48' title='bbox 886 1035 973 1088; x_wconf 90' lang='lat' dir='ltr'><strong>die</strong></span> <span class='ocrx_word' id='word_1_49' title='bbox 1006 1042 1411 1088; x_wconf 88' lang='lat' dir='ltr'><strong>monumentum</strong></span> <span class='ocrx_word' id='word_1_50' title='bbox 1438 1046 1548 1099; x_wconf 75' lang='lat' dir='ltr'><strong>pra:</strong></span> <span class='ocrx_word' id='word_1_51' title='bbox 1579 1029 1748 1083; x_wconf 91' lang='lat' dir='ltr'><strong>oculis</strong></span> <span class='ocrx_word' id='word_1_52' title='bbox 1790 1026 2071 1088; x_wconf 86' lang='lat' dir='ltr'><strong>haberent,</strong></span> <span class='ocrx_word' id='word_1_53' title='bbox 2113 1023 2269 1091; x_wconf 86' lang='lat' dir='ltr'><strong>cujus</strong></span> <span class='ocrx_word' id='word_1_54' title='bbox 2312 1038 2471 1078; x_wconf 87' lang='lat' dir='ltr'><strong>vene-</strong></span> 
     </span>
    </p>
   </div>
   <div class='ocr_carea' id='block_1_9' title="bbox 891 1111 2469 1188">
    <p class='ocr_par' dir='ltr' id='par_1_9' title="bbox 891 1111 2469 1188">
     <span class='ocr_line' id='line_1_9' title="bbox 891 1111 2469 1188; baseline -0.006 -13"><span class='ocrx_word' id='word_1_55' title='bbox 891 1123 1087 1176; x_wconf 88' lang='lat' dir='ltr'><strong>randos</strong></span> <span class='ocrx_word' id='word_1_56' title='bbox 1159 1128 1408 1188; x_wconf 87' lang='lat' dir='ltr'><strong>aspectus</strong></span> <span class='ocrx_word' id='word_1_57' title='bbox 1455 1119 1638 1172; x_wconf 88' lang='lat' dir='ltr'><strong>videre</strong></span> <span class='ocrx_word' id='word_1_58' title='bbox 1697 1129 1803 1168; x_wconf 92' lang='lat' dir='ltr'><strong>non</strong></span> <span class='ocrx_word' id='word_1_59' title='bbox 1860 1118 2098 1180; x_wconf 81' lang='lat' dir='ltr'><strong>possent.</strong></span> <span class='ocrx_word' id='word_1_60' title='bbox 2150 1111 2469 1175; x_wconf 86' lang='lat' dir='ltr'><strong>Amabilem,</strong></span> 
     </span>
    </p>
   </div>
   <div class='ocr_carea' id='block_1_10' title="bbox 889 1199 2470 1280">
    <p class='ocr_par' dir='ltr' id='par_1_10' title="bbox 889 1199 2470 1280">
     <span class='ocr_line' id='line_1_10' title="bbox 889 1199 2470 1280; baseline -0.007 -16"><span class='ocrx_word' id='word_1_61' title='bbox 889 1223 1175 1280; x_wconf 82' lang='lat' dir='ltr'><strong>propterea</strong></span> <span class='ocrx_word' id='word_1_62' title='bbox 1228 1209 1371 1277; x_wconf 89' lang='lat' dir='ltr'><strong>quod</strong></span> <span class='ocrx_word' id='word_1_63' title='bbox 1405 1207 1530 1261; x_wconf 89' lang='lat' dir='ltr'><strong>licet</strong></span> <span class='ocrx_word' id='word_1_64' title='bbox 1577 1203 1693 1271; x_wconf 84' lang='lat' dir='ltr'><strong>ejus</strong></span> <span class='ocrx_word' id='word_1_65' title='bbox 1744 1200 1941 1255; x_wconf 87' lang='lat' dir='ltr'><strong>visibili</strong></span> <span class='ocrx_word' id='word_1_66' title='bbox 1984 1199 2269 1267; x_wconf 72' lang='lat' dir='ltr'><strong>praesentia</strong></span> <span class='ocrx_word' id='word_1_67' title='bbox 2318 1213 2470 1253; x_wconf 85' lang='lat' dir='ltr'><strong>care-</strong></span> 
     </span>
    </p>
   </div>
   <div class='ocr_carea' id='block_1_11' title="bbox 886 1286 2466 1360">
    <p class='ocr_par' dir='ltr' id='par_1_11' title="bbox 886 1286 2466 1360">
     <span class='ocr_line' id='line_1_11' title="bbox 886 1286 2466 1360; baseline -0.006 -7"><span class='ocrx_word' id='word_1_68' title='bbox 886 1309 1028 1360; x_wconf 90' lang='lat' dir='ltr'><strong>rent,</strong></span> <span class='ocrx_word' id='word_1_69' title='bbox 1062 1297 1379 1351; x_wconf 88' lang='lat' dir='ltr'><strong>invisibilem</strong></span> <span class='ocrx_word' id='word_1_70' title='bbox 1406 1306 1582 1350; x_wconf 89' lang='lat' dir='ltr'><strong>tamen</strong></span> <span class='ocrx_word' id='word_1_71' title='bbox 1604 1304 1659 1347; x_wconf 92' lang='lat' dir='ltr'><strong>et</strong></span> <span class='ocrx_word' id='word_1_72' title='bbox 1680 1295 2051 1358; x_wconf 90' lang='lat' dir='ltr'><strong>incorporeum</strong></span> <span class='ocrx_word' id='word_1_73' title='bbox 2079 1286 2196 1353; x_wconf 87' lang='lat' dir='ltr'><strong>ejus</strong></span> <span class='ocrx_word' id='word_1_74' title='bbox 2217 1288 2466 1355; x_wconf 81' lang='lat' dir='ltr'><strong>spiritum</strong></span> 
     </span>
    </p>
   </div>
   <div class='ocr_carea' id='block_1_12' title="bbox 887 1378 2466 1457">
    <p class='ocr_par' dir='ltr' id='par_1_12' title="bbox 887 1378 2466 1457">
     <span class='ocr_line' id='line_1_12' title="bbox 887 1378 2466 1457; baseline -0.006 -13"><span class='ocrx_word' id='word_1_75' title='bbox 887 1391 940 1444; x_wconf 91' lang='lat' dir='ltr'><strong>in</strong></span> <span class='ocrx_word' id='word_1_76' title='bbox 968 1389 1173 1444; x_wconf 66' lang='lat' dir='ltr'><strong>cmlesti</strong></span> <span class='ocrx_word' id='word_1_77' title='bbox 1213 1388 1318 1442; x_wconf 91' lang='lat' dir='ltr'><strong>ﬁde</strong></span> <span class='ocrx_word' id='word_1_78' title='bbox 1343 1389 1598 1457; x_wconf 84' lang='lat' dir='ltr'><strong>gaudere,</strong></span> <span class='ocrx_word' id='word_1_79' title='bbox 1636 1395 1690 1439; x_wconf 88' lang='lat' dir='ltr'><strong>et</strong></span> <span class='ocrx_word' id='word_1_80' title='bbox 1719 1398 1816 1453; x_wconf 92' lang='lat' dir='ltr'><strong>pro</strong></span> <span class='ocrx_word' id='word_1_81' title='bbox 1842 1384 1922 1437; x_wconf 91' lang='lat' dir='ltr'><strong>eis</strong></span> <span class='ocrx_word' id='word_1_82' title='bbox 1965 1381 2105 1449; x_wconf 83' lang='lat' dir='ltr'><strong>apud</strong></span> <span class='ocrx_word' id='word_1_83' title='bbox 2155 1378 2323 1433; x_wconf 90' lang='lat' dir='ltr'><strong>Deum</strong></span> <span class='ocrx_word' id='word_1_84' title='bbox 2362 1383 2466 1435; x_wconf 91' lang='lat' dir='ltr'><strong>mi-</strong></span> 
     </span>
    </p>
   </div>
   <div class='ocr_carea' id='block_1_13' title="bbox 888 1474 1978 1533">
    <p class='ocr_par' dir='ltr' id='par_1_13' title="bbox 888 1474 1978 1533">
     <span class='ocr_line' id='line_1_13' title="bbox 888 1474 1978 1533; baseline -0.006 -1"><span class='ocrx_word' id='word_1_85' title='bbox 888 1479 1236 1533; x_wconf 90' lang='lat' dir='ltr'><strong>sericordiam</strong></span> <span class='ocrx_word' id='word_1_86' title='bbox 1271 1477 1482 1532; x_wconf 78' lang='lat' dir='ltr'><strong>enixius</strong></span> <span class='ocrx_word' id='word_1_87' title='bbox 1510 1480 1668 1528; x_wconf 84' lang='lat' dir='ltr'><strong>orare</strong></span> <span class='ocrx_word' id='word_1_88' title='bbox 1713 1474 1978 1528; x_wconf 81' lang='lat' dir='ltr'><strong>sciebant.</strong></span> 
     </span>
    </p>
   </div>
   <div class='ocr_carea' id='block_1_14' title="bbox 1271 1566 2071 1634">
    <p class='ocr_par' dir='ltr' id='par_1_14' title="bbox 1271 1566 2071 1634">
     <span class='ocr_line' id='line_1_14' title="bbox 1271 1566 2071 1634; baseline 0.001 -15"><span class='ocrx_word' id='word_1_89' title='bbox 1271 1567 1473 1619; x_wconf 78' lang='lat' dir='ltr'><strong>Eventu</strong></span> <span class='ocrx_word' id='word_1_90' title='bbox 1511 1575 1626 1634; x_wconf 70' lang='lat' dir='ltr'><strong>post</strong></span> <span class='ocrx_word' id='word_1_91' title='bbox 1674 1566 1789 1634; x_wconf 83' lang='lat' dir='ltr'><strong>ejus</strong></span> <span class='ocrx_word' id='word_1_92' title='bbox 1831 1575 2071 1620; x_wconf 81' lang='lat' dir='ltr'><strong>mortem.</strong></span> 
     </span>
    </p>
   </div>
   <div class='ocr_carea' id='block_1_15' title="bbox 952 1652 2463 1724">
    <p class='ocr_par' dir='ltr' id='par_1_15' title="bbox 952 1652 2463 1724">
     <span class='ocr_line' id='line_1_15' title="bbox 952 1652 2463 1724; baseline -0.003 -12"><span class='ocrx_word' id='word_1_93' title='bbox 952 1659 1041 1713; x_wconf 75' lang='lat'><strong>46.</strong></span> <span class='ocrx_word' id='word_1_94' title='bbox 1082 1658 1212 1712; x_wconf 90' lang='lat' dir='ltr'><strong>Post</strong></span> <span class='ocrx_word' id='word_1_95' title='bbox 1249 1656 1402 1724; x_wconf 84' lang='lat' dir='ltr'><strong>cujus</strong></span> <span class='ocrx_word' id='word_1_96' title='bbox 1442 1664 1691 1717; x_wconf 89' lang='lat' dir='ltr'><strong>mortem,</strong></span> <span class='ocrx_word' id='word_1_97' title='bbox 1728 1656 1773 1709; x_wconf 87' lang='lat' dir='ltr'><strong>si</strong></span> <span class='ocrx_word' id='word_1_98' title='bbox 1824 1672 1971 1711; x_wconf 90' lang='lat' dir='ltr'><strong>mors</strong></span> <span class='ocrx_word' id='word_1_99' title='bbox 2014 1657 2237 1711; x_wconf 86' lang='lat' dir='ltr'><strong>dicenda</strong></span> <span class='ocrx_word' id='word_1_100' title='bbox 2270 1664 2353 1710; x_wconf 89' lang='lat' dir='ltr'><strong>est</strong></span> <span class='ocrx_word' id='word_1_101' title='bbox 2379 1652 2463 1709; x_wconf 93' lang='lat' dir='ltr'><strong>cui</strong></span> 
     </span>
    </p>
   </div>
   <div class='ocr_carea' id='block_1_16' title="bbox 883 1747 2461 1810">
    <p class='ocr_par' dir='ltr' id='par_1_16' title="bbox 883 1747 2461 1810">
     <span class='ocr_line' id='line_1_16' title="bbox 883 1747 2461 1810; baseline -0.001 -9"><span class='ocrx_word' id='word_1_102' title='bbox 883 1752 991 1803; x_wconf 89' lang='lat' dir='ltr'><strong>vita</strong></span> <span class='ocrx_word' id='word_1_103' title='bbox 1026 1759 1227 1803; x_wconf 61' lang='lat' dir='ltr'><strong>aeterna</strong></span> <span class='ocrx_word' id='word_1_104' title='bbox 1281 1747 1566 1810; x_wconf 89' lang='lat' dir='ltr'><strong>successit,</strong></span> <span class='ocrx_word' id='word_1_105' title='bbox 1622 1747 1695 1799; x_wconf 87' lang='lat' dir='ltr'><strong>ita</strong></span> <span class='ocrx_word' id='word_1_106' title='bbox 1753 1762 1943 1801; x_wconf 91' lang='lat' dir='ltr'><strong>omnes</strong></span> <span class='ocrx_word' id='word_1_107' title='bbox 1992 1763 2080 1802; x_wconf 91' lang='lat' dir='ltr'><strong>res</strong></span> <span class='ocrx_word' id='word_1_108' title='bbox 2135 1747 2461 1802; x_wconf 90' lang='lat' dir='ltr'><strong>contrarium</strong></span> 
     </span>
    </p>
   </div>
   <div class='ocr_carea' id='block_1_17' title="bbox 881 1836 2461 1907">
    <p class='ocr_par' dir='ltr' id='par_1_17' title="bbox 881 1836 2461 1907">
     <span class='ocr_line' id='line_1_17' title="bbox 881 1836 2461 1907; baseline -0.001 -13"><span class='ocrx_word' id='word_1_109' title='bbox 881 1852 1085 1894; x_wconf 81' lang='lat' dir='ltr'><strong>rnOtum</strong></span> <span class='ocrx_word' id='word_1_110' title='bbox 1120 1853 1420 1907; x_wconf 89' lang='lat' dir='ltr'><strong>sumpsere,</strong></span> <span class='ocrx_word' id='word_1_111' title='bbox 1458 1847 1517 1889; x_wconf 93' lang='lat' dir='ltr'><strong>ut</strong></span> <span class='ocrx_word' id='word_1_112' title='bbox 1566 1836 1827 1891; x_wconf 91' lang='lat' dir='ltr'><strong>Dunstani</strong></span> <span class='ocrx_word' id='word_1_113' title='bbox 1884 1847 2111 1892; x_wconf 90' lang='lat' dir='ltr'><strong>mortem</strong></span> <span class='ocrx_word' id='word_1_114' title='bbox 2154 1839 2335 1893; x_wconf 90' lang='lat' dir='ltr'><strong>omnia</strong></span> <span class='ocrx_word' id='word_1_115' title='bbox 2368 1839 2461 1892; x_wconf 88' lang='lat' dir='ltr'><strong>de-</strong></span> 
     </span>
    </p>
   </div>
   <div class='ocr_carea' id='block_1_18' title="bbox 2579 666 4145 736">
    <p class='ocr_par' dir='ltr' id='par_1_18' title="bbox 2579 666 4145 736">
     <span class='ocr_line' id='line_1_18' title="bbox 2579 666 4145 736; baseline 0.001 -17"><span class='ocrx_word' id='word_1_116' title='bbox 2579 682 2700 719; x_wconf 90' lang='lat' dir='ltr'><strong>cum</strong></span> <span class='ocrx_word' id='word_1_117' title='bbox 2730 667 3004 735; x_wconf 84' lang='lat' dir='ltr'><strong>triumpho</strong></span> <span class='ocrx_word' id='word_1_118' title='bbox 3048 668 3247 722; x_wconf 76' lang='lat' dir='ltr'><strong>direxit</strong></span> <span class='ocrx_word' id='word_1_119' title='bbox 3298 666 3363 720; x_wconf 90' lang='lat' dir='ltr'><strong>ad</strong></span> <span class='ocrx_word' id='word_1_120' title='bbox 3410 667 3621 721; x_wconf 70' lang='lat' dir='ltr'><strong>coelum.</strong></span> <span class='ocrx_word' id='word_1_121' title='bbox 3656 667 3746 722; x_wconf 90' lang='lat' dir='ltr'><strong>Sic</strong></span> <span class='ocrx_word' id='word_1_122' title='bbox 3776 682 3904 736; x_wconf 84' lang='lat' dir='ltr'><strong>ergo</strong></span> <span class='ocrx_word' id='word_1_123' title='bbox 3932 668 4145 735; x_wconf 85' lang='lat' dir='ltr'><strong>impleta</strong></span> 
     </span>
    </p>
   </div>
   <div class='ocr_carea' id='block_1_19' title="bbox 2578 757 4143 828">
    <p class='ocr_par' dir='ltr' id='par_1_19' title="bbox 2578 757 4143 828">
     <span class='ocr_line' id='line_1_19' title="bbox 2578 757 4143 828; baseline 0.003 -19"><span class='ocrx_word' id='word_1_124' title='bbox 2578 765 2703 809; x_wconf 92' lang='lat' dir='ltr'><strong>sunt</strong></span> <span class='ocrx_word' id='word_1_125' title='bbox 2755 772 2875 825; x_wconf 65' lang='lat' dir='ltr'><strong>quae</strong></span> <span class='ocrx_word' id='word_1_126' title='bbox 2907 757 2987 811; x_wconf 89' lang='lat' dir='ltr'><strong>vel</strong></span> <span class='ocrx_word' id='word_1_127' title='bbox 3036 758 3103 810; x_wconf 88' lang='lat' dir='ltr'><strong>de</strong></span> <span class='ocrx_word' id='word_1_128' title='bbox 3142 773 3319 811; x_wconf 84' lang='lat' dir='ltr'><strong>rerum</strong></span> <span class='ocrx_word' id='word_1_129' title='bbox 3372 762 3726 828; x_wconf 67' lang='lat' dir='ltr'><strong>proslteritate</strong></span> <span class='ocrx_word' id='word_1_130' title='bbox 3778 759 3952 827; x_wconf 81' lang='lat' dir='ltr'><strong>angeli</strong></span> <span class='ocrx_word' id='word_1_131' title='bbox 3999 759 4143 813; x_wconf 90' lang='lat' dir='ltr'><strong>Dun-</strong></span> 
     </span>
    </p>
   </div>
   <div class='ocr_carea' id='block_1_20' title="bbox 2573 848 4142 920">
    <p class='ocr_par' dir='ltr' id='par_1_20' title="bbox 2573 848 4142 920">
     <span class='ocr_line' id='line_1_20' title="bbox 2573 848 4142 920; baseline 0.002 -20"><span class='ocrx_word' id='word_1_132' title='bbox 2573 855 2749 912; x_wconf 86' lang='lat' dir='ltr'><strong>stane,</strong></span> <span class='ocrx_word' id='word_1_133' title='bbox 2793 848 2878 901; x_wconf 88' lang='lat' dir='ltr'><strong>vel</strong></span> <span class='ocrx_word' id='word_1_134' title='bbox 2926 848 2991 902; x_wconf 91' lang='lat' dir='ltr'><strong>de</strong></span> <span class='ocrx_word' id='word_1_135' title='bbox 3049 848 3373 904; x_wconf 79' lang='lat' dir='ltr'><strong>adversitale</strong></span> <span class='ocrx_word' id='word_1_136' title='bbox 3423 864 3610 902; x_wconf 88' lang='lat' dir='ltr'><strong>earum</strong></span> <span class='ocrx_word' id='word_1_137' title='bbox 3655 850 3958 903; x_wconf 88' lang='lat' dir='ltr'><strong>Dunstanus</strong></span> <span class='ocrx_word' id='word_1_138' title='bbox 4030 852 4142 920; x_wconf 75' lang='lat' dir='ltr'><strong>regi</strong></span> 
     </span>
    </p>
   </div>
   <div class='ocr_carea' id='block_1_21' title="bbox 2572 936 4146 1006">
    <p class='ocr_par' dir='ltr' id='par_1_21' title="bbox 2572 936 4146 1006">
     <span class='ocr_line' id='line_1_21' title="bbox 2572 936 4146 1006; baseline 0.001 -17"><span class='ocrx_word' id='word_1_139' title='bbox 2572 936 2862 991; x_wconf 85' lang='lat' dir='ltr'><strong>Athelredo</strong></span> <span class='ocrx_word' id='word_1_140' title='bbox 2909 938 3289 1006; x_wconf 66' lang='lat' dir='ltr'><strong>praedixerunt,</strong></span> <span class='ocrx_word' id='word_1_141' title='bbox 3344 938 3438 991; x_wconf 87' lang='lat' dir='ltr'><strong>sed</strong></span> <span class='ocrx_word' id='word_1_142' title='bbox 3485 937 3536 990; x_wconf 92' lang='lat' dir='ltr'><strong>in</strong></span> <span class='ocrx_word' id='word_1_143' title='bbox 3593 938 3674 991; x_wconf 92' lang='lat' dir='ltr'><strong>bis</strong></span> <span class='ocrx_word' id='word_1_144' title='bbox 3731 948 3832 990; x_wconf 87' lang='lat' dir='ltr'><strong>tam</strong></span> <span class='ocrx_word' id='word_1_145' title='bbox 3892 938 4146 1006; x_wconf 80' lang='lat' dir='ltr'><strong>gravibus</strong></span> 
     </span>
    </p>
   </div>
   <div class='ocr_carea' id='block_1_22' title="bbox 2574 1026 4143 1096">
    <p class='ocr_par' dir='ltr' id='par_1_22' title="bbox 2574 1026 4143 1096">
     <span class='ocr_line' id='line_1_22' title="bbox 2574 1026 4143 1096; baseline -0.001 -14"><span class='ocrx_word' id='word_1_146' title='bbox 2574 1026 2951 1082; x_wconf 85' lang='lat' dir='ltr'><strong>tumultuantis</strong></span> <span class='ocrx_word' id='word_1_147' title='bbox 2999 1027 3180 1096; x_wconf 89' lang='lat' dir='ltr'><strong>populi</strong></span> <span class='ocrx_word' id='word_1_148' title='bbox 3228 1028 3492 1095; x_wconf 81' lang='lat' dir='ltr'><strong>angustiis</strong></span> <span class='ocrx_word' id='word_1_149' title='bbox 3540 1041 3644 1081; x_wconf 92' lang='lat' dir='ltr'><strong>non</strong></span> <span class='ocrx_word' id='word_1_150' title='bbox 3683 1027 3853 1080; x_wconf 81' lang='lat' dir='ltr'><strong>defuit</strong></span> <span class='ocrx_word' id='word_1_151' title='bbox 3894 1040 4143 1095; x_wconf 77' lang='lat' dir='ltr'><strong>superna:</strong></span> 
     </span>
    </p>
   </div>
   <div class='ocr_carea' id='block_1_23' title="bbox 2571 1117 4142 1185">
    <p class='ocr_par' dir='ltr' id='par_1_23' title="bbox 2571 1117 4142 1185">
     <span class='ocr_line' id='line_1_23' title="bbox 2571 1117 4142 1185; baseline -0.002 -14"><span class='ocrx_word' id='word_1_152' title='bbox 2571 1118 2849 1171; x_wconf 87' lang='lat' dir='ltr'><strong>miseratio</strong></span> <span class='ocrx_word' id='word_1_153' title='bbox 2904 1118 3142 1185; x_wconf 88' lang='lat' dir='ltr'><strong>pietatis,</strong></span> <span class='ocrx_word' id='word_1_154' title='bbox 3202 1132 3318 1184; x_wconf 74' lang='lat' dir='ltr'><strong>quae</strong></span> <span class='ocrx_word' id='word_1_155' title='bbox 3365 1126 3513 1169; x_wconf 87' lang='lat' dir='ltr'><strong>tanta</strong></span> <span class='ocrx_word' id='word_1_156' title='bbox 3573 1117 3906 1170; x_wconf 88' lang='lat' dir='ltr'><strong>coruscantis</strong></span> <span class='ocrx_word' id='word_1_157' title='bbox 3956 1117 4142 1185; x_wconf 75' lang='lat' dir='ltr'><strong>gratia:</strong></span> 
     </span>
    </p>
   </div>
   <div class='ocr_carea' id='block_1_24' title="bbox 2569 1206 4142 1276">
    <p class='ocr_par' dir='ltr' id='par_1_24' title="bbox 2569 1206 4142 1276">
     <span class='ocr_line' id='line_1_24' title="bbox 2569 1206 4142 1276; baseline -0.002 -17"><span class='ocrx_word' id='word_1_158' title='bbox 2569 1207 2811 1276; x_wconf 90' lang='lat' dir='ltr'><strong>prodigia</strong></span> <span class='ocrx_word' id='word_1_159' title='bbox 2846 1207 2911 1259; x_wconf 90' lang='lat' dir='ltr'><strong>ad</strong></span> <span class='ocrx_word' id='word_1_160' title='bbox 2960 1207 3274 1259; x_wconf 86' lang='lat' dir='ltr'><strong>memoriam</strong></span> <span class='ocrx_word' id='word_1_161' title='bbox 3303 1206 3442 1260; x_wconf 90' lang='lat' dir='ltr'><strong>illius</strong></span> <span class='ocrx_word' id='word_1_162' title='bbox 3467 1206 3740 1269; x_wconf 90' lang='lat' dir='ltr'><strong>ostendit,</strong></span> <span class='ocrx_word' id='word_1_163' title='bbox 3771 1215 3829 1258; x_wconf 94' lang='lat' dir='ltr'><strong>ut</strong></span> <span class='ocrx_word' id='word_1_164' title='bbox 3868 1214 3922 1259; x_wconf 90' lang='lat' dir='ltr'><strong>et</strong></span> <span class='ocrx_word' id='word_1_165' title='bbox 3959 1218 4142 1273; x_wconf 83' lang='lat' dir='ltr'><strong>repro-</strong></span> 
     </span>
    </p>
   </div>
   <div class='ocr_carea' id='block_1_25' title="bbox 2568 1293 4143 1362">
    <p class='ocr_par' dir='ltr' id='par_1_25' title="bbox 2568 1293 4143 1362">
     <span class='ocr_line' id='line_1_25' title="bbox 2568 1293 4143 1362; baseline -0.004 -10"><span class='ocrx_word' id='word_1_166' title='bbox 2568 1298 2653 1352; x_wconf 91' lang='lat' dir='ltr'><strong>bis</strong></span> <span class='ocrx_word' id='word_1_167' title='bbox 2700 1298 2915 1361; x_wconf 89' lang='lat' dir='ltr'><strong>terrori,</strong></span> <span class='ocrx_word' id='word_1_168' title='bbox 2969 1307 3023 1352; x_wconf 92' lang='lat' dir='ltr'><strong>et</strong></span> <span class='ocrx_word' id='word_1_169' title='bbox 3057 1296 3271 1350; x_wconf 79' lang='lat' dir='ltr'><strong>afﬂictis</strong></span> <span class='ocrx_word' id='word_1_170' title='bbox 3317 1304 3500 1351; x_wconf 83' lang='lat' dir='ltr'><strong>essent</strong></span> <span class='ocrx_word' id='word_1_171' title='bbox 3542 1295 3917 1350; x_wconf 88' lang='lat' dir='ltr'><strong>consolationi.</strong></span> <span class='ocrx_word' id='word_1_172' title='bbox 3960 1293 4143 1362; x_wconf 79' lang='lat' dir='ltr'><strong>Neque</strong></span> 
     </span>
    </p>
   </div>
   <div class='ocr_carea' id='block_1_26' title="bbox 2565 1388 4138 1457">
    <p class='ocr_par' dir='ltr' id='par_1_26' title="bbox 2565 1388 4138 1457">
     <span class='ocr_line' id='line_1_26' title="bbox 2565 1388 4138 1457; baseline -0.006 -14"><span class='ocrx_word' id='word_1_173' title='bbox 2565 1390 2711 1443; x_wconf 86' lang='lat' dir='ltr'><strong>enim</strong></span> <span class='ocrx_word' id='word_1_174' title='bbox 2761 1388 2916 1442; x_wconf 88' lang='lat' dir='ltr'><strong>aliter</strong></span> <span class='ocrx_word' id='word_1_175' title='bbox 2986 1389 3220 1442; x_wconf 72' lang='lat' dir='ltr'><strong>cmlestis</strong></span> <span class='ocrx_word' id='word_1_176' title='bbox 3279 1388 3394 1455; x_wconf 91' lang='lat' dir='ltr'><strong>ejus</strong></span> <span class='ocrx_word' id='word_1_177' title='bbox 3461 1388 3684 1457; x_wconf 86' lang='lat' dir='ltr'><strong>spiritus</strong></span> <span class='ocrx_word' id='word_1_178' title='bbox 3733 1393 3986 1453; x_wconf 85' lang='lat' dir='ltr'><strong>operatus</strong></span> <span class='ocrx_word' id='word_1_179' title='bbox 4035 1391 4138 1445; x_wconf 91' lang='lat' dir='ltr'><strong>est,</strong></span> 
     </span>
    </p>
   </div>
   <div class='ocr_carea' id='block_1_27' title="bbox 2565 1473 4141 1549">
    <p class='ocr_par' dir='ltr' id='par_1_27' title="bbox 2565 1473 4141 1549">
     <span class='ocr_line' id='line_1_27' title="bbox 2565 1473 4141 1549; baseline -0.006 -15"><span class='ocrx_word' id='word_1_180' title='bbox 2565 1495 2727 1549; x_wconf 91' lang='lat' dir='ltr'><strong>quam</strong></span> <span class='ocrx_word' id='word_1_181' title='bbox 2756 1481 2799 1533; x_wconf 92' lang='lat' dir='ltr'><strong>si</strong></span> <span class='ocrx_word' id='word_1_182' title='bbox 2830 1481 2883 1532; x_wconf 91' lang='lat' dir='ltr'><strong>in</strong></span> <span class='ocrx_word' id='word_1_183' title='bbox 2912 1488 3109 1532; x_wconf 87' lang='lat' dir='ltr'><strong>terram</strong></span> <span class='ocrx_word' id='word_1_184' title='bbox 3135 1479 3374 1531; x_wconf 81' lang='lat' dir='ltr'><strong>redivivo</strong></span> <span class='ocrx_word' id='word_1_185' title='bbox 3416 1491 3640 1546; x_wconf 89' lang='lat' dir='ltr'><strong>corpore</strong></span> <span class='ocrx_word' id='word_1_186' title='bbox 3670 1491 3766 1530; x_wconf 88' lang='lat' dir='ltr'><strong>suo</strong></span> <span class='ocrx_word' id='word_1_187' title='bbox 3795 1473 4033 1543; x_wconf 90' lang='lat' dir='ltr'><strong>quotidie</strong></span> <span class='ocrx_word' id='word_1_188' title='bbox 4050 1487 4141 1525; x_wconf 91' lang='lat' dir='ltr'><strong>ve-</strong></span> 
     </span>
    </p>
   </div>
   <div class='ocr_carea' id='block_1_28' title="bbox 2565 1565 4139 1637">
    <p class='ocr_par' dir='ltr' id='par_1_28' title="bbox 2565 1565 4139 1637">
     <span class='ocr_line' id='line_1_28' title="bbox 2565 1565 4139 1637; baseline -0.006 -13"><span class='ocrx_word' id='word_1_189' title='bbox 2565 1571 2728 1625; x_wconf 89' lang='lat' dir='ltr'><strong>niret.</strong></span> <span class='ocrx_word' id='word_1_190' title='bbox 2762 1570 2960 1624; x_wconf 83' lang='lat' dir='ltr'><strong>Verum</strong></span> <span class='ocrx_word' id='word_1_191' title='bbox 2998 1584 3096 1622; x_wconf 86' lang='lat' dir='ltr'><strong>nos</strong></span> <span class='ocrx_word' id='word_1_192' title='bbox 3125 1584 3229 1621; x_wconf 93' lang='lat' dir='ltr'><strong>non</strong></span> <span class='ocrx_word' id='word_1_193' title='bbox 3252 1570 3432 1623; x_wconf 89' lang='lat' dir='ltr'><strong>omnia</strong></span> <span class='ocrx_word' id='word_1_194' title='bbox 3478 1582 3597 1637; x_wconf 64' lang='lat' dir='ltr'><strong>quae</strong></span> <span class='ocrx_word' id='word_1_195' title='bbox 3639 1566 3703 1620; x_wconf 89' lang='lat' dir='ltr'><strong>de</strong></span> <span class='ocrx_word' id='word_1_196' title='bbox 3736 1565 3825 1618; x_wconf 91' lang='lat' dir='ltr'><strong>illo</strong></span> <span class='ocrx_word' id='word_1_197' title='bbox 3863 1574 3987 1617; x_wconf 90' lang='lat' dir='ltr'><strong>sunt</strong></span> <span class='ocrx_word' id='word_1_198' title='bbox 4015 1576 4139 1632; x_wconf 87' lang='lat' dir='ltr'><strong>pro-</strong></span> 
     </span>
    </p>
   </div>
   <div class='ocr_carea' id='block_1_29' title="bbox 2562 1652 4138 1728">
    <p class='ocr_par' dir='ltr' id='par_1_29' title="bbox 2562 1652 4138 1728">
     <span class='ocr_line' id='line_1_29' title="bbox 2562 1652 4138 1728; baseline -0.006 -16"><span class='ocrx_word' id='word_1_199' title='bbox 2562 1669 2683 1728; x_wconf 91' lang='lat' dir='ltr'><strong>pter</strong></span> <span class='ocrx_word' id='word_1_200' title='bbox 2712 1658 3030 1711; x_wconf 89' lang='lat' dir='ltr'><strong>inﬁnitatcm</strong></span> <span class='ocrx_word' id='word_1_201' title='bbox 3073 1658 3251 1709; x_wconf 90' lang='lat' dir='ltr'><strong>dicere</strong></span> <span class='ocrx_word' id='word_1_202' title='bbox 3293 1656 3620 1725; x_wconf 87' lang='lat' dir='ltr'><strong>poterimus;</strong></span> <span class='ocrx_word' id='word_1_203' title='bbox 3669 1669 3766 1707; x_wconf 89' lang='lat' dir='ltr'><strong>nec</strong></span> <span class='ocrx_word' id='word_1_204' title='bbox 3794 1653 3860 1706; x_wconf 88' lang='lat' dir='ltr'><strong>ab</strong></span> <span class='ocrx_word' id='word_1_205' title='bbox 3890 1652 4138 1705; x_wconf 87' lang='lat' dir='ltr'><strong>omnibus</strong></span> 
     </span>
    </p>
   </div>
   <div class='ocr_carea' id='block_1_30' title="bbox 2564 1742 4137 1816">
    <p class='ocr_par' dir='ltr' id='par_1_30' title="bbox 2564 1742 4137 1816">
     <span class='ocr_line' id='line_1_30' title="bbox 2564 1742 4137 1816; baseline -0.007 -13"><span class='ocrx_word' id='word_1_206' title='bbox 2564 1749 2937 1803; x_wconf 87' lang='lat' dir='ltr'><strong>abstinendum</strong></span> <span class='ocrx_word' id='word_1_207' title='bbox 3002 1756 3274 1816; x_wconf 85' lang='lat' dir='ltr'><strong>putamus,</strong></span> <span class='ocrx_word' id='word_1_208' title='bbox 3341 1760 3407 1800; x_wconf 89' lang='lat' dir='ltr'><strong>ne</strong></span> <span class='ocrx_word' id='word_1_209' title='bbox 3476 1745 3621 1799; x_wconf 87' lang='lat' dir='ltr'><strong>nulla</strong></span> <span class='ocrx_word' id='word_1_210' title='bbox 3666 1758 3787 1799; x_wconf 88' lang='lat' dir='ltr'><strong>esse</strong></span> <span class='ocrx_word' id='word_1_211' title='bbox 3851 1742 4137 1795; x_wconf 85' lang='lat' dir='ltr'><strong>videantur</strong></span> 
     </span>
    </p>
   </div>
   <div class='ocr_carea' id='block_1_31' title="bbox 2565 1832 4133 1908">
    <p class='ocr_par' dir='ltr' id='par_1_31' title="bbox 2565 1832 4133 1908">
     <span class='ocr_line' id='line_1_31' title="bbox 2565 1832 4133 1908; baseline -0.006 -16"><span class='ocrx_word' id='word_1_212' title='bbox 2565 1854 2685 1908; x_wconf 63' lang='lat' dir='ltr'><strong>quae</strong></span> <span class='ocrx_word' id='word_1_213' title='bbox 2710 1838 2971 1892; x_wconf 89' lang='lat' dir='ltr'><strong>dicamus.</strong></span> <span class='ocrx_word' id='word_1_214' title='bbox 3002 1837 3065 1891; x_wconf 82' lang='lat' dir='ltr'><strong>Et</strong></span> <span class='ocrx_word' id='word_1_215' title='bbox 3096 1837 3341 1904; x_wconf 68' lang='lat' dir='ltr'><strong>qumdam</strong></span> <span class='ocrx_word' id='word_1_216' title='bbox 3371 1836 3587 1905; x_wconf 88' lang='lat' dir='ltr'><strong>quidem</strong></span> <span class='ocrx_word' id='word_1_217' title='bbox 3615 1835 3682 1889; x_wconf 91' lang='lat' dir='ltr'><strong>de</strong></span> <span class='ocrx_word' id='word_1_218' title='bbox 3714 1833 3867 1887; x_wconf 88' lang='lat' dir='ltr'><strong>libris</strong></span> <span class='ocrx_word' id='word_1_219' title='bbox 3896 1832 4133 1884; x_wconf 88' lang='lat' dir='ltr'><strong>miracu-</strong></span> 
     </span>
    </p>
   </div>
   <div class='ocr_carea' id='block_1_32' title="bbox 879 1922 4125 1996">
    <p class='ocr_par' dir='ltr' id='par_1_32' title="bbox 879 1922 4125 1996">
     <span class='ocr_line' id='line_1_32' title="bbox 879 1922 4125 1996; baseline -0.002 -17"><span class='ocrx_word' id='word_1_220' title='bbox 879 1926 1028 1991; x_wconf 87' lang='lat' dir='ltr'><strong>ﬁere,</strong></span> <span class='ocrx_word' id='word_1_221' title='bbox 1068 1943 1166 1981; x_wconf 89' lang='lat' dir='ltr'><strong>nec</strong></span> <span class='ocrx_word' id='word_1_222' title='bbox 1192 1928 1307 1995; x_wconf 89' lang='lat' dir='ltr'><strong>ejus</strong></span> <span class='ocrx_word' id='word_1_223' title='bbox 1337 1927 1635 1980; x_wconf 85' lang='lat' dir='ltr'><strong>absentiam</strong></span> <span class='ocrx_word' id='word_1_224' title='bbox 1672 1941 1729 1981; x_wconf 89' lang='lat' dir='ltr'><strong>se</strong></span> <span class='ocrx_word' id='word_1_225' title='bbox 1759 1925 1902 1980; x_wconf 83' lang='lat' dir='ltr'><strong>ferre</strong></span> <span class='ocrx_word' id='word_1_226' title='bbox 1937 1941 2095 1995; x_wconf 86' lang='lat' dir='ltr'><strong>posse</strong></span> <span class='ocrx_word' id='word_1_227' title='bbox 2122 1927 2454 1980; x_wconf 91' lang='lat' dir='ltr'><strong>viderentur.</strong></span> <span class='ocrx_word' id='word_1_228' title='bbox 2489 1925 2531 1982; x_wconf 84' lang='grc' dir='ltr'><strong>Β</strong></span> <span class='ocrx_word' id='word_1_229' title='bbox 2560 1930 2735 1983; x_wconf 89' lang='lat' dir='ltr'><strong>lorum</strong></span> <span class='ocrx_word' id='word_1_230' title='bbox 2785 1928 2899 1995; x_wconf 88' lang='lat' dir='ltr'><strong>ejus</strong></span> <span class='ocrx_word' id='word_1_231' title='bbox 2935 1929 3024 1996; x_wconf 92' lang='lat' dir='ltr'><strong>qui</strong></span> <span class='ocrx_word' id='word_1_232' title='bbox 3059 1943 3201 1981; x_wconf 91' lang='lat' dir='ltr'><strong>nunc</strong></span> <span class='ocrx_word' id='word_1_233' title='bbox 3242 1928 3461 1981; x_wconf 90' lang='lat' dir='ltr'><strong>minime</strong></span> <span class='ocrx_word' id='word_1_234' title='bbox 3505 1932 3788 1994; x_wconf 87' lang='lat' dir='ltr'><strong>supersunt</strong></span> <span class='ocrx_word' id='word_1_235' title='bbox 3849 1922 4125 1990; x_wconf 82' lang='lat' dir='ltr'><strong>excerpsi-</strong></span> 
     </span>
    </p>
   </div>
   <div class='ocr_carea' id='block_1_33' title="bbox 878 2015 2458 2084">
    <p class='ocr_par' dir='ltr' id='par_1_33' title="bbox 878 2015 2458 2084">
     <span class='ocr_line' id='line_1_33' title="bbox 878 2015 2458 2084; baseline 0.002 -18"><span class='ocrx_word' id='word_1_236' title='bbox 878 2017 925 2067; x_wconf 81' lang='grc' dir='ltr'><strong>Α</strong></span> <span class='ocrx_word' id='word_1_237' title='bbox 967 2030 1174 2067; x_wconf 90' lang='lat' dir='ltr'><strong>summa</strong></span> <span class='ocrx_word' id='word_1_238' title='bbox 1215 2017 1411 2084; x_wconf 88' lang='lat' dir='ltr'><strong>quippe</strong></span> <span class='ocrx_word' id='word_1_239' title='bbox 1454 2031 1585 2084; x_wconf 89' lang='lat' dir='ltr'><strong>pace</strong></span> <span class='ocrx_word' id='word_1_240' title='bbox 1641 2015 1700 2068; x_wconf 90' lang='lat' dir='ltr'><strong>ﬁt</strong></span> <span class='ocrx_word' id='word_1_241' title='bbox 1756 2017 2105 2071; x_wconf 88' lang='lat' dir='ltr'><strong>commutatio</strong></span> <span class='ocrx_word' id='word_1_242' title='bbox 2152 2018 2218 2071; x_wconf 91' lang='lat' dir='ltr'><strong>ad</strong></span> <span class='ocrx_word' id='word_1_243' title='bbox 2261 2018 2458 2071; x_wconf 89' lang='lat' dir='ltr'><strong>bellum</strong></span> 
     </span>
    </p>
   </div>
   <div class='ocr_carea' id='block_1_34' title="bbox 880 2105 2465 2169">
    <p class='ocr_par' dir='ltr' id='par_1_34' title="bbox 880 2105 2465 2169">
     <span class='ocr_line' id='line_1_34' title="bbox 880 2105 2465 2169; baseline 0.001 -12"><span class='ocrx_word' id='word_1_244' title='bbox 880 2105 1237 2169; x_wconf 89' lang='lat' dir='ltr'><strong>intolerabile,</strong></span> <span class='ocrx_word' id='word_1_245' title='bbox 1276 2107 1342 2160; x_wconf 89' lang='lat' dir='ltr'><strong>ab</strong></span> <span class='ocrx_word' id='word_1_246' title='bbox 1395 2106 1658 2160; x_wconf 89' lang='lat' dir='ltr'><strong>immensa</strong></span> <span class='ocrx_word' id='word_1_247' title='bbox 1707 2106 1891 2159; x_wconf 64' lang='lat' dir='ltr'><strong>laetitia</strong></span> <span class='ocrx_word' id='word_1_248' title='bbox 1932 2106 1997 2159; x_wconf 87' lang='lat' dir='ltr'><strong>ad</strong></span> <span class='ocrx_word' id='word_1_249' title='bbox 2045 2122 2319 2161; x_wconf 89' lang='lat' dir='ltr'><strong>enormem</strong></span> <span class='ocrx_word' id='word_1_250' title='bbox 2366 2107 2465 2159; x_wconf 86' lang='lat' dir='ltr'><strong>tri-</strong></span> 
     </span>
    </p>
   </div>
   <div class='ocr_carea' id='block_1_35' title="bbox 879 2193 2455 2257">
    <p class='ocr_par' dir='ltr' id='par_1_35' title="bbox 879 2193 2455 2257">
     <span class='ocr_line' id='line_1_35' title="bbox 879 2193 2455 2257; baseline 0.002 -10"><span class='ocrx_word' id='word_1_251' title='bbox 879 2193 1108 2257; x_wconf 88' lang='lat' dir='ltr'><strong>stitiam,</strong></span> <span class='ocrx_word' id='word_1_252' title='bbox 1139 2196 1205 2247; x_wconf 92' lang='lat' dir='ltr'><strong>ab</strong></span> <span class='ocrx_word' id='word_1_253' title='bbox 1230 2194 1469 2247; x_wconf 88' lang='lat' dir='ltr'><strong>onmium</strong></span> <span class='ocrx_word' id='word_1_254' title='bbox 1515 2210 1693 2248; x_wconf 91' lang='lat' dir='ltr'><strong>rerum</strong></span> <span class='ocrx_word' id='word_1_255' title='bbox 1737 2196 2067 2250; x_wconf 87' lang='lat' dir='ltr'><strong>abundantia</strong></span> <span class='ocrx_word' id='word_1_256' title='bbox 2119 2199 2186 2251; x_wconf 85' lang='lat' dir='ltr'><strong>ad</strong></span> <span class='ocrx_word' id='word_1_257' title='bbox 2214 2198 2455 2253; x_wconf 91' lang='lat' dir='ltr'><strong>omnium</strong></span> 
     </span>
    </p>
   </div>
   <div class='ocr_carea' id='block_1_36' title="bbox 881 2284 2453 2355">
    <p class='ocr_par' dir='ltr' id='par_1_36' title="bbox 881 2284 2453 2355">
     <span class='ocr_line' id='line_1_36' title="bbox 881 2284 2453 2355; baseline 0.004 -19"><span class='ocrx_word' id='word_1_258' title='bbox 881 2298 1062 2336; x_wconf 86' lang='lat' dir='ltr'><strong>rerum</strong></span> <span class='ocrx_word' id='word_1_259' title='bbox 1088 2284 1454 2353; x_wconf 81' lang='lat' dir='ltr'><strong>indigentiam.</strong></span> <span class='ocrx_word' id='word_1_260' title='bbox 1488 2285 1725 2354; x_wconf 88' lang='lat' dir='ltr'><strong>Denique</strong></span> <span class='ocrx_word' id='word_1_261' title='bbox 1754 2302 1848 2341; x_wconf 87' lang='lat' dir='ltr'><strong>aer</strong></span> <span class='ocrx_word' id='word_1_262' title='bbox 1872 2288 1984 2355; x_wconf 83' lang='lat' dir='ltr'><strong>ipse</strong></span> <span class='ocrx_word' id='word_1_263' title='bbox 2015 2289 2329 2343; x_wconf 87' lang='lat' dir='ltr'><strong>immutatus</strong></span> <span class='ocrx_word' id='word_1_264' title='bbox 2350 2300 2453 2354; x_wconf 87' lang='lat' dir='ltr'><strong>est,</strong></span> 
     </span>
    </p>
   </div>
   <div class='ocr_carea' id='block_1_37' title="bbox 879 2373 2461 2442">
    <p class='ocr_par' dir='ltr' id='par_1_37' title="bbox 879 2373 2461 2442">
     <span class='ocr_line' id='line_1_37' title="bbox 879 2373 2461 2442; baseline 0.004 -17"><span class='ocrx_word' id='word_1_265' title='bbox 879 2373 1156 2427; x_wconf 85' lang='lat' dir='ltr'><strong>naturales</strong></span> <span class='ocrx_word' id='word_1_266' title='bbox 1187 2382 1489 2442; x_wconf 88' lang='lat' dir='ltr'><strong>temporum</strong></span> <span class='ocrx_word' id='word_1_267' title='bbox 1533 2376 1934 2430; x_wconf 88' lang='lat' dir='ltr'><strong>vicissitudines</strong></span> <span class='ocrx_word' id='word_1_268' title='bbox 1964 2376 2295 2431; x_wconf 90' lang='lat' dir='ltr'><strong>dissidebant</strong></span> <span class='ocrx_word' id='word_1_269' title='bbox 2325 2379 2461 2432; x_wconf 91' lang='lat' dir='ltr'><strong>invi—</strong></span> 
     </span>
    </p>
   </div>
   <div class='ocr_carea' id='block_1_38' title="bbox 888 2464 2456 2530">
    <p class='ocr_par' dir='ltr' id='par_1_38' title="bbox 888 2464 2456 2530">
     <span class='ocr_line' id='line_1_38' title="bbox 888 2464 2456 2530; baseline 0.003 -14"><span class='ocrx_word' id='word_1_270' title='bbox 888 2477 1035 2527; x_wconf 87' lang='lat' dir='ltr'><strong>cem;</strong></span> <span class='ocrx_word' id='word_1_271' title='bbox 1065 2464 1258 2517; x_wconf 73' lang='lat' dir='ltr'><strong>cmlum</strong></span> <span class='ocrx_word' id='word_1_272' title='bbox 1296 2479 1400 2518; x_wconf 92' lang='lat' dir='ltr'><strong>non</strong></span> <span class='ocrx_word' id='word_1_273' title='bbox 1444 2464 1719 2518; x_wconf 80' lang='lat' dir='ltr'><strong>exaudivit</strong></span> <span class='ocrx_word' id='word_1_274' title='bbox 1754 2464 2019 2530; x_wconf 91' lang='lat' dir='ltr'><strong>tellurem,</strong></span> <span class='ocrx_word' id='word_1_275' title='bbox 2067 2481 2166 2521; x_wconf 88' lang='lat' dir='ltr'><strong>nec</strong></span> <span class='ocrx_word' id='word_1_276' title='bbox 2210 2466 2364 2520; x_wconf 92' lang='lat' dir='ltr'><strong>tellus</strong></span> <span class='ocrx_word' id='word_1_277' title='bbox 2395 2481 2456 2520; x_wconf 91' lang='lat' dir='ltr'><strong>ea</strong></span> 
     </span>
    </p>
   </div>
   <div class='ocr_carea' id='block_1_39' title="bbox 884 2553 2457 2621">
    <p class='ocr_par' dir='ltr' id='par_1_39' title="bbox 884 2553 2457 2621">
     <span class='ocr_line' id='line_1_39' title="bbox 884 2553 2457 2621; baseline 0.003 -16"><span class='ocrx_word' id='word_1_278' title='bbox 884 2567 1003 2621; x_wconf 74' lang='lat' dir='ltr'><strong>qua:</strong></span> <span class='ocrx_word' id='word_1_279' title='bbox 1034 2553 1460 2618; x_wconf 90' lang='lat' dir='ltr'><strong>seminabantur,</strong></span> <span class='ocrx_word' id='word_1_280' title='bbox 1511 2554 1563 2606; x_wconf 93' lang='lat' dir='ltr'><strong>in</strong></span> <span class='ocrx_word' id='word_1_281' title='bbox 1613 2569 1676 2607; x_wconf 90' lang='lat' dir='ltr'><strong>ea</strong></span> <span class='ocrx_word' id='word_1_282' title='bbox 1708 2554 1917 2608; x_wconf 90' lang='lat' dir='ltr'><strong>hostilis</strong></span> <span class='ocrx_word' id='word_1_283' title='bbox 1968 2555 2205 2610; x_wconf 82' lang='lat' dir='ltr'><strong>incursio</strong></span> <span class='ocrx_word' id='word_1_284' title='bbox 2252 2555 2457 2610; x_wconf 71' lang='lat' dir='ltr'><strong>foedam</strong></span> 
     </span>
    </p>
   </div>
   <div class='ocr_carea' id='block_1_40' title="bbox 875 2643 2459 2716">
    <p class='ocr_par' dir='ltr' id='par_1_40' title="bbox 875 2643 2459 2716">
     <span class='ocr_line' id='line_1_40' title="bbox 875 2643 2459 2716; baseline 0.002 -19"><span class='ocrx_word' id='word_1_285' title='bbox 875 2644 1075 2714; x_wconf 88' lang='lat' dir='ltr'><strong>ubique</strong></span> <span class='ocrx_word' id='word_1_286' title='bbox 1126 2643 1319 2698; x_wconf 82' lang='lat' dir='ltr'><strong>faciem</strong></span> <span class='ocrx_word' id='word_1_287' title='bbox 1372 2644 1676 2713; x_wconf 88' lang='lat' dir='ltr'><strong>dereliquit,</strong></span> <span class='ocrx_word' id='word_1_288' title='bbox 1730 2645 1856 2699; x_wconf 91' lang='lat' dir='ltr'><strong>dum</strong></span> <span class='ocrx_word' id='word_1_289' title='bbox 1905 2660 2093 2700; x_wconf 90' lang='lat' dir='ltr'><strong>eorum</strong></span> <span class='ocrx_word' id='word_1_290' title='bbox 2158 2646 2459 2716; x_wconf 88' lang='lat' dir='ltr'><strong>irruptione</strong></span> 
     </span>
    </p>
   </div>
   <div class='ocr_carea' id='block_1_41' title="bbox 876 2736 2460 2807">
    <p class='ocr_par' dir='ltr' id='par_1_41' title="bbox 876 2736 2460 2807">
     <span class='ocr_line' id='line_1_41' title="bbox 876 2736 2460 2807; baseline 0.003 -18"><span class='ocrx_word' id='word_1_291' title='bbox 876 2736 1039 2790; x_wconf 87' lang='lat' dir='ltr'><strong>urbes</strong></span> <span class='ocrx_word' id='word_1_292' title='bbox 1086 2736 1454 2801; x_wconf 86' lang='lat' dir='ltr'><strong>diruerentur,</strong></span> <span class='ocrx_word' id='word_1_293' title='bbox 1507 2737 1749 2791; x_wconf 84' lang='lat' dir='ltr'><strong>ecclesiae</strong></span> <span class='ocrx_word' id='word_1_294' title='bbox 1789 2738 2173 2807; x_wconf 88' lang='lat' dir='ltr'><strong>spoliarentur,</strong></span> <span class='ocrx_word' id='word_1_295' title='bbox 2227 2739 2460 2794; x_wconf 82' lang='lat' dir='ltr'><strong>suﬁ&#39;ode-</strong></span> 
     </span>
    </p>
   </div>
   <div class='ocr_carea' id='block_1_42' title="bbox 876 2827 2456 2892">
    <p class='ocr_par' dir='ltr' id='par_1_42' title="bbox 876 2827 2456 2892">
     <span class='ocr_line' id='line_1_42' title="bbox 876 2827 2456 2892; baseline 0.004 -13"><span class='ocrx_word' id='word_1_296' title='bbox 876 2835 1066 2880; x_wconf 91' lang='lat' dir='ltr'><strong>rentur</strong></span> <span class='ocrx_word' id='word_1_297' title='bbox 1100 2827 1313 2892; x_wconf 88' lang='lat' dir='ltr'><strong>altaria,</strong></span> <span class='ocrx_word' id='word_1_298' title='bbox 1342 2836 1397 2882; x_wconf 89' lang='lat' dir='ltr'><strong>et</strong></span> <span class='ocrx_word' id='word_1_299' title='bbox 1426 2829 1737 2883; x_wconf 88' lang='lat' dir='ltr'><strong>sacerdotes</strong></span> <span class='ocrx_word' id='word_1_300' title='bbox 1767 2830 1977 2883; x_wconf 77' lang='lat' dir='ltr'><strong>Domini</strong></span> <span class='ocrx_word' id='word_1_301' title='bbox 2004 2829 2456 2885; x_wconf 88' lang='lat' dir='ltr'><strong>interﬁcerentur.</strong></span> 
     </span>
    </p>
   </div>
   <div class='ocr_carea' id='block_1_43' title="bbox 872 2918 2455 2989">
    <p class='ocr_par' dir='ltr' id='par_1_43' title="bbox 872 2918 2455 2989">
     <span class='ocr_line' id='line_1_43' title="bbox 872 2918 2455 2989; baseline 0.001 -16"><span class='ocrx_word' id='word_1_302' title='bbox 872 2918 951 2973; x_wconf 81' lang='lat' dir='ltr'><strong>Ex</strong></span> <span class='ocrx_word' id='word_1_303' title='bbox 978 2919 1172 2988; x_wconf 91' lang='lat' dir='ltr'><strong>quibus</strong></span> <span class='ocrx_word' id='word_1_304' title='bbox 1206 2919 1288 2973; x_wconf 87' lang='lat' dir='ltr'><strong>vir</strong></span> <span class='ocrx_word' id='word_1_305' title='bbox 1313 2920 1574 2973; x_wconf 88' lang='lat' dir='ltr'><strong>virtutum</strong></span> <span class='ocrx_word' id='word_1_306' title='bbox 1612 2921 1852 2989; x_wconf 82' lang='lat' dir='ltr'><strong>Elfcgus,</strong></span> <span class='ocrx_word' id='word_1_307' title='bbox 1882 2922 1972 2988; x_wconf 89' lang='lat' dir='ltr'><strong>qui</strong></span> <span class='ocrx_word' id='word_1_308' title='bbox 2015 2931 2241 2989; x_wconf 90' lang='lat' dir='ltr'><strong>quartus</strong></span> <span class='ocrx_word' id='word_1_309' title='bbox 2270 2931 2386 2975; x_wconf 82' lang='lat' dir='ltr'><strong>erat</strong></span> <span class='ocrx_word' id='word_1_310' title='bbox 2426 2937 2455 2974; x_wconf 89' lang='lat' dir='ltr'><strong>a</strong></span> 
     </span>
    </p>
   </div>
   <div class='ocr_carea' id='block_1_44' title="bbox 869 3007 2459 3079">
    <p class='ocr_par' dir='ltr' id='par_1_44' title="bbox 869 3007 2459 3079">
     <span class='ocr_line' id='line_1_44' title="bbox 869 3007 2459 3079; baseline 0.001 -17"><span class='ocrx_word' id='word_1_311' title='bbox 869 3022 1067 3075; x_wconf 85' lang='lat' dir='ltr'><strong>magno</strong></span> <span class='ocrx_word' id='word_1_312' title='bbox 1098 3007 1370 3061; x_wconf 86' lang='lat' dir='ltr'><strong>Dunstano</strong></span> <span class='ocrx_word' id='word_1_313' title='bbox 1396 3007 1820 3063; x_wconf 84' lang='lat' dir='ltr'><strong>Cantuariorum</strong></span> <span class='ocrx_word' id='word_1_314' title='bbox 1846 3010 2305 3079; x_wconf 87' lang='lat' dir='ltr'><strong>archiepiscopus,</strong></span> <span class='ocrx_word' id='word_1_315' title='bbox 2334 3026 2459 3065; x_wconf 89' lang='lat' dir='ltr'><strong>cum</strong></span> 
     </span>
    </p>
   </div>
   <div class='ocr_carea' id='block_1_45' title="bbox 871 3098 2454 3156">
    <p class='ocr_par' dir='ltr' id='par_1_45' title="bbox 871 3098 2454 3156">
     <span class='ocr_line' id='line_1_45' title="bbox 871 3098 2454 3156; baseline 0.002 -3"><span class='ocrx_word' id='word_1_316' title='bbox 871 3098 1094 3153; x_wconf 87' lang='lat' dir='ltr'><strong>multam</strong></span> <span class='ocrx_word' id='word_1_317' title='bbox 1122 3099 1357 3153; x_wconf 90' lang='lat' dir='ltr'><strong>hostium</strong></span> <span class='ocrx_word' id='word_1_318' title='bbox 1390 3100 1784 3155; x_wconf 89' lang='lat' dir='ltr'><strong>multitudinem</strong></span> <span class='ocrx_word' id='word_1_319' title='bbox 1820 3101 1885 3155; x_wconf 85' lang='lat' dir='ltr'><strong>ad</strong></span> <span class='ocrx_word' id='word_1_320' title='bbox 1929 3100 2294 3156; x_wconf 87' lang='lat' dir='ltr'><strong>Christianam</strong></span> <span class='ocrx_word' id='word_1_321' title='bbox 2327 3102 2454 3156; x_wconf 87' lang='lat' dir='ltr'><strong>reli-</strong></span> 
     </span>
    </p>
   </div>
   <div class='ocr_carea' id='block_1_46' title="bbox 871 3187 2556 3259">
    <p class='ocr_par' dir='ltr' id='par_1_46' title="bbox 871 3187 2556 3259">
     <span class='ocr_line' id='line_1_46' title="bbox 871 3187 2556 3259; baseline 0.002 -20"><span class='ocrx_word' id='word_1_322' title='bbox 871 3187 1083 3257; x_wconf 89' lang='lat' dir='ltr'><strong>gionem</strong></span> <span class='ocrx_word' id='word_1_323' title='bbox 1135 3189 1511 3253; x_wconf 88' lang='lat' dir='ltr'><strong>convertisset,</strong></span> <span class='ocrx_word' id='word_1_324' title='bbox 1572 3199 1627 3243; x_wconf 90' lang='lat' dir='ltr'><strong>et</strong></span> <span class='ocrx_word' id='word_1_325' title='bbox 1675 3205 1768 3245; x_wconf 88' lang='lat' dir='ltr'><strong>eos</strong></span> <span class='ocrx_word' id='word_1_326' title='bbox 1817 3206 1953 3259; x_wconf 90' lang='lat' dir='ltr'><strong>quos</strong></span> <span class='ocrx_word' id='word_1_327' title='bbox 2013 3192 2079 3246; x_wconf 87' lang='lat' dir='ltr'><strong>ab</strong></span> <span class='ocrx_word' id='word_1_328' title='bbox 2126 3191 2454 3246; x_wconf 87' lang='lat' dir='ltr'><strong>inﬁdelitatis</strong></span> <span class='ocrx_word' id='word_1_329' title='bbox 2546 3236 2556 3243; x_wconf 92' lang='lat'><strong>.</strong></span> 
     </span>
    </p>
   </div>
   <div class='ocr_carea' id='block_1_47' title="bbox 2563 2013 4135 2089">
    <p class='ocr_par' dir='ltr' id='par_1_47' title="bbox 2563 2013 4135 2089">
     <span class='ocr_line' id='line_1_47' title="bbox 2563 2013 4135 2089; baseline -0.005 -16"><span class='ocrx_word' id='word_1_330' title='bbox 2563 2036 2713 2084; x_wconf 88' lang='lat' dir='ltr'><strong>mus;</strong></span> <span class='ocrx_word' id='word_1_331' title='bbox 2742 2019 2983 2089; x_wconf 62' lang='lat' dir='ltr'><strong>quaedam</strong></span> <span class='ocrx_word' id='word_1_332' title='bbox 3017 2034 3142 2073; x_wconf 89' lang='lat' dir='ltr'><strong>vero</strong></span> <span class='ocrx_word' id='word_1_333' title='bbox 3182 2027 3367 2072; x_wconf 88' lang='lat' dir='ltr'><strong>nostra</strong></span> <span class='ocrx_word' id='word_1_334' title='bbox 3410 2027 3588 2081; x_wconf 69' lang='lat' dir='ltr'><strong>aetate,</strong></span> <span class='ocrx_word' id='word_1_335' title='bbox 3618 2025 3709 2069; x_wconf 88' lang='lat' dir='ltr'><strong>aut</strong></span> <span class='ocrx_word' id='word_1_336' title='bbox 3740 2016 3794 2069; x_wconf 92' lang='lat' dir='ltr'><strong>in</strong></span> <span class='ocrx_word' id='word_1_337' title='bbox 3833 2014 3965 2068; x_wconf 90' lang='lat' dir='ltr'><strong>alios</strong></span> <span class='ocrx_word' id='word_1_338' title='bbox 3995 2013 4135 2066; x_wconf 79' lang='lat' dir='ltr'><strong>facta</strong></span> 
     </span>
    </p>
   </div>
   <div class='ocr_carea' id='block_1_48' title="bbox 2560 2102 4135 2178">
    <p class='ocr_par' dir='ltr' id='par_1_48' title="bbox 2560 2102 4135 2178">
     <span class='ocr_line' id='line_1_48' title="bbox 2560 2102 4135 2178; baseline -0.005 -15"><span class='ocrx_word' id='word_1_339' title='bbox 2560 2112 2813 2176; x_wconf 83' lang='lat' dir='ltr'><strong>vidimus,</strong></span> <span class='ocrx_word' id='word_1_340' title='bbox 2846 2123 2939 2164; x_wconf 89' lang='lat' dir='ltr'><strong>aut</strong></span> <span class='ocrx_word' id='word_1_341' title='bbox 2962 2111 3013 2163; x_wconf 91' lang='lat' dir='ltr'><strong>in</strong></span> <span class='ocrx_word' id='word_1_342' title='bbox 3041 2126 3136 2164; x_wconf 92' lang='lat' dir='ltr'><strong>nos</strong></span> <span class='ocrx_word' id='word_1_343' title='bbox 3162 2118 3373 2178; x_wconf 89' lang='lat' dir='ltr'><strong>patrata</strong></span> <span class='ocrx_word' id='word_1_344' title='bbox 3410 2109 3509 2177; x_wconf 89' lang='lat' dir='ltr'><strong>ipsi</strong></span> <span class='ocrx_word' id='word_1_345' title='bbox 3551 2108 3757 2175; x_wconf 80' lang='lat' dir='ltr'><strong>experti</strong></span> <span class='ocrx_word' id='word_1_346' title='bbox 3790 2119 3994 2160; x_wconf 89' lang='lat' dir='ltr'><strong>sumus.</strong></span> <span class='ocrx_word' id='word_1_347' title='bbox 4026 2102 4135 2157; x_wconf 78' lang='lat' dir='ltr'><strong>Sed</strong></span> 
     </span>
    </p>
   </div>
   <div class='ocr_carea' id='block_1_49' title="bbox 2561 2193 4134 2271">
    <p class='ocr_par' dir='ltr' id='par_1_49' title="bbox 2561 2193 4134 2271">
     <span class='ocr_line' id='line_1_49' title="bbox 2561 2193 4134 2271; baseline -0.006 -16"><span class='ocrx_word' id='word_1_348' title='bbox 2561 2202 2650 2256; x_wconf 88' lang='lat' dir='ltr'><strong>hic</strong></span> <span class='ocrx_word' id='word_1_349' title='bbox 2678 2202 2841 2256; x_wconf 90' lang='lat' dir='ltr'><strong>libelli</strong></span> <span class='ocrx_word' id='word_1_350' title='bbox 2870 2202 3028 2271; x_wconf 86' lang='lat' dir='ltr'><strong>hujus</strong></span> <span class='ocrx_word' id='word_1_351' title='bbox 3056 2201 3115 2254; x_wconf 92' lang='lat' dir='ltr'><strong>ﬁt</strong></span> <span class='ocrx_word' id='word_1_352' title='bbox 3141 2201 3283 2265; x_wconf 90' lang='lat' dir='ltr'><strong>ﬁnis,</strong></span> <span class='ocrx_word' id='word_1_353' title='bbox 3315 2209 3376 2253; x_wconf 91' lang='lat' dir='ltr'><strong>ut</strong></span> <span class='ocrx_word' id='word_1_354' title='bbox 3410 2199 3551 2269; x_wconf 93' lang='lat' dir='ltr'><strong>quod</strong></span> <span class='ocrx_word' id='word_1_355' title='bbox 3578 2197 3905 2252; x_wconf 87' lang='lat' dir='ltr'><strong>intendimus</strong></span> <span class='ocrx_word' id='word_1_356' title='bbox 3936 2196 4005 2250; x_wconf 86' lang='lat' dir='ltr'><strong>ab</strong></span> <span class='ocrx_word' id='word_1_357' title='bbox 4028 2193 4134 2248; x_wconf 89' lang='lat' dir='ltr'><strong>alio</strong></span> 
     </span>
    </p>
   </div>
   <div class='ocr_carea' id='block_1_50' title="bbox 2561 2291 3220 2360">
    <p class='ocr_par' dir='ltr' id='par_1_50' title="bbox 2561 2291 3220 2360">
     <span class='ocr_line' id='line_1_50' title="bbox 2561 2291 3220 2360; baseline -0.003 -14"><span class='ocrx_word' id='word_1_358' title='bbox 2561 2293 2831 2360; x_wconf 90' lang='lat' dir='ltr'><strong>principio</strong></span> <span class='ocrx_word' id='word_1_359' title='bbox 2858 2293 2995 2346; x_wconf 93' lang='lat' dir='ltr'><strong>sumi</strong></span> <span class='ocrx_word' id='word_1_360' title='bbox 3027 2291 3220 2360; x_wconf 87' lang='lat' dir='ltr'><strong>possit.</strong></span> 
     </span>
    </p>
   </div>
   <div class='ocr_carea' id='block_1_51' title="bbox 2561 2376 3925 2443">
    <p class='ocr_par' dir='ltr' id='par_1_51' title="bbox 2561 2376 3925 2443">
     <span class='ocr_line' id='line_1_51' title="bbox 2561 2376 3925 2443; baseline -0.002 -9"><span class='ocrx_word' id='word_1_361' title='bbox 2561 2380 2750 2434; x_wconf 79' lang='lat' dir='ltr'><strong>Justus</strong></span> <span class='ocrx_word' id='word_1_362' title='bbox 2774 2381 2959 2443; x_wconf 92' lang='lat' dir='ltr'><strong>homo,</strong></span> <span class='ocrx_word' id='word_1_363' title='bbox 2993 2382 3168 2433; x_wconf 91' lang='lat' dir='ltr'><strong>nudus</strong></span> <span class='ocrx_word' id='word_1_364' title='bbox 3195 2379 3346 2443; x_wconf 86' lang='lat' dir='ltr'><strong>vitio,</strong></span> <span class='ocrx_word' id='word_1_365' title='bbox 3379 2379 3533 2432; x_wconf 88' lang='lat' dir='ltr'><strong>sedes</strong></span> <span class='ocrx_word' id='word_1_366' title='bbox 3562 2377 3707 2431; x_wconf 89' lang='lat' dir='ltr'><strong>subit</strong></span> <span class='ocrx_word' id='word_1_367' title='bbox 3734 2376 3925 2440; x_wconf 89' lang='lat' dir='ltr'><strong>almas,</strong></span> 
     </span>
    </p>
   </div>
   <div class='ocr_carea' id='block_1_52' title="bbox 2628 2468 3868 2537">
    <p class='ocr_par' dir='ltr' id='par_1_52' title="bbox 2628 2468 3868 2537">
     <span class='ocr_line' id='line_1_52' title="bbox 2628 2468 3868 2537; baseline -0.002 -16"><span class='ocrx_word' id='word_1_368' title='bbox 2628 2468 2707 2522; x_wconf 80' lang='lat' dir='ltr'><strong>Ex</strong></span> <span class='ocrx_word' id='word_1_369' title='bbox 2738 2469 2933 2537; x_wconf 91' lang='lat' dir='ltr'><strong>quibus</strong></span> <span class='ocrx_word' id='word_1_370' title='bbox 2959 2468 3235 2537; x_wconf 83' lang='lat' dir='ltr'><strong>expulsam</strong></span> <span class='ocrx_word' id='word_1_371' title='bbox 3263 2483 3322 2521; x_wconf 91' lang='lat' dir='ltr'><strong>se</strong></span> <span class='ocrx_word' id='word_1_372' title='bbox 3346 2468 3491 2521; x_wconf 89' lang='lat' dir='ltr'><strong>dolet</strong></span> <span class='ocrx_word' id='word_1_373' title='bbox 3513 2476 3628 2520; x_wconf 89' lang='lat' dir='ltr'><strong>atra</strong></span> <span class='ocrx_word' id='word_1_374' title='bbox 3655 2468 3868 2521; x_wconf 91' lang='lat' dir='ltr'><strong>cohors.</strong></span> 
     </span>
    </p>
   </div>
   <div class='ocr_carea' id='block_1_53' title="bbox 2565 2555 4001 2629">
    <p class='ocr_par' dir='ltr' id='par_1_53' title="bbox 2565 2555 4001 2629">
     <span class='ocr_line' id='line_1_53' title="bbox 2565 2555 4001 2629; baseline -0.001 -18"><span class='ocrx_word' id='word_1_375' title='bbox 2565 2558 2671 2612; x_wconf 66' lang='lat' dir='ltr'><strong>Iste</strong></span> <span class='ocrx_word' id='word_1_376' title='bbox 2694 2559 2873 2628; x_wconf 92' lang='lat' dir='ltr'><strong>polum</strong></span> <span class='ocrx_word' id='word_1_377' title='bbox 2904 2560 3059 2629; x_wconf 88' lang='lat' dir='ltr'><strong>petit,</strong></span> <span class='ocrx_word' id='word_1_378' title='bbox 3092 2559 3181 2612; x_wconf 88' lang='lat' dir='ltr'><strong>illa</strong></span> <span class='ocrx_word' id='word_1_379' title='bbox 3218 2573 3404 2629; x_wconf 90' lang='lat' dir='ltr'><strong>rogum</strong></span> <span class='ocrx_word' id='word_1_380' title='bbox 3432 2558 3599 2628; x_wconf 80' lang='lat' dir='ltr'><strong>stygis</strong></span> <span class='ocrx_word' id='word_1_381' title='bbox 3629 2557 3798 2612; x_wconf 90' lang='lat' dir='ltr'><strong>ardua</strong></span> <span class='ocrx_word' id='word_1_382' title='bbox 3831 2555 4001 2612; x_wconf 88' lang='lat' dir='ltr'><strong>moles</strong></span> 
     </span>
    </p>
   </div>
   <div class='ocr_carea' id='block_1_54' title="bbox 2632 2648 3817 2719">
    <p class='ocr_par' dir='ltr' id='par_1_54' title="bbox 2632 2648 3817 2719">
     <span class='ocr_line' id='line_1_54' title="bbox 2632 2648 3817 2719; baseline -0.001 -17"><span class='ocrx_word' id='word_1_383' title='bbox 2632 2650 2843 2704; x_wconf 89' lang='lat' dir='ltr'><strong>Deserit</strong></span> <span class='ocrx_word' id='word_1_384' title='bbox 2868 2690 2883 2714; x_wconf 92' lang='lat'><strong>,</strong></span> <span class='ocrx_word' id='word_1_385' title='bbox 2916 2659 3078 2719; x_wconf 88' lang='lat' dir='ltr'><strong>atque</strong></span> <span class='ocrx_word' id='word_1_386' title='bbox 3104 2650 3239 2703; x_wconf 79' lang='lat' dir='ltr'><strong>levis</strong></span> <span class='ocrx_word' id='word_1_387' title='bbox 3264 2648 3415 2718; x_wconf 89' lang='lat' dir='ltr'><strong>gleba</strong></span> <span class='ocrx_word' id='word_1_388' title='bbox 3447 2658 3635 2702; x_wconf 88' lang='lat' dir='ltr'><strong>natare</strong></span> <span class='ocrx_word' id='word_1_389' title='bbox 3663 2648 3817 2703; x_wconf 87' lang='lat' dir='ltr'><strong>solet.</strong></span> 
     </span>
    </p>
   </div>
   <div class='ocr_carea' id='block_1_55' title="bbox 2561 2737 3957 2807">
    <p class='ocr_par' dir='ltr' id='par_1_55' title="bbox 2561 2737 3957 2807">
     <span class='ocr_line' id='line_1_55' title="bbox 2561 2737 3957 2807; baseline 0 -16"><span class='ocrx_word' id='word_1_390' title='bbox 2561 2737 2769 2792; x_wconf 81' lang='lat' dir='ltr'><strong>Mansio</strong></span> <span class='ocrx_word' id='word_1_391' title='bbox 2796 2739 3033 2802; x_wconf 90' lang='lat' dir='ltr'><strong>diversa,</strong></span> <span class='ocrx_word' id='word_1_392' title='bbox 3067 2738 3388 2807; x_wconf 89' lang='lat' dir='ltr'><strong>diversaque</strong></span> <span class='ocrx_word' id='word_1_393' title='bbox 3422 2740 3663 2807; x_wconf 58' lang='lat' dir='ltr'><strong>praemia,</strong></span> <span class='ocrx_word' id='word_1_394' title='bbox 3697 2746 3957 2807; x_wconf 89' lang='lat' dir='ltr'><strong>quantum</strong></span> 
     </span>
    </p>
   </div>
   <div class='ocr_carea' id='block_1_56' title="bbox 2631 2826 3581 2882">
    <p class='ocr_par' dir='ltr' id='par_1_56' title="bbox 2631 2826 3581 2882">
     <span class='ocr_line' id='line_1_56' title="bbox 2631 2826 3581 2882; baseline -0.003 0"><span class='ocrx_word' id='word_1_395' title='bbox 2631 2831 2795 2882; x_wconf 87' lang='lat' dir='ltr'><strong>Ortus</strong></span> <span class='ocrx_word' id='word_1_396' title='bbox 2821 2827 3011 2881; x_wconf 87' lang='lat' dir='ltr'><strong>solaris</strong></span> <span class='ocrx_word' id='word_1_397' title='bbox 3038 2827 3204 2880; x_wconf 90' lang='lat' dir='ltr'><strong>distat</strong></span> <span class='ocrx_word' id='word_1_398' title='bbox 3229 2826 3295 2879; x_wconf 91' lang='lat' dir='ltr'><strong>ab</strong></span> <span class='ocrx_word' id='word_1_399' title='bbox 3322 2827 3581 2881; x_wconf 90' lang='lat' dir='ltr'><strong>occiduis.</strong></span> 
     </span>
    </p>
   </div>
   <div class='ocr_carea' id='block_1_57' title="bbox 2558 2916 3989 2987">
    <p class='ocr_par' dir='ltr' id='par_1_57' title="bbox 2558 2916 3989 2987">
     <span class='ocr_line' id='line_1_57' title="bbox 2558 2916 3989 2987; baseline -0.002 -14"><span class='ocrx_word' id='word_1_400' title='bbox 2558 2918 2791 2987; x_wconf 90' lang='lat' dir='ltr'><strong>Imperat</strong></span> <span class='ocrx_word' id='word_1_401' title='bbox 2828 2919 2953 2972; x_wconf 87' lang='lat' dir='ltr'><strong>huic</strong></span> <span class='ocrx_word' id='word_1_402' title='bbox 2989 2918 3173 2985; x_wconf 80' lang='lat' dir='ltr'><strong>Agnus</strong></span> <span class='ocrx_word' id='word_1_403' title='bbox 3202 2917 3566 2971; x_wconf 90' lang='lat' dir='ltr'><strong>circumdatus</strong></span> <span class='ocrx_word' id='word_1_404' title='bbox 3594 2917 3805 2987; x_wconf 83' lang='lat' dir='ltr'><strong>agmine</strong></span> <span class='ocrx_word' id='word_1_405' title='bbox 3830 2916 3951 2972; x_wconf 74' lang='lat' dir='ltr'><strong>laeto</strong></span> <span class='ocrx_word' id='word_1_406' title='bbox 3977 2936 3989 2970; x_wconf 89' lang='lat'><strong>:</strong></span> 
     </span>
    </p>
   </div>
   <div class='ocr_carea' id='block_1_58' title="bbox 2634 3008 3711 3079">
    <p class='ocr_par' dir='ltr' id='par_1_58' title="bbox 2634 3008 3711 3079">
     <span class='ocr_line' id='line_1_58' title="bbox 2634 3008 3711 3079; baseline -0.003 -15"><span class='ocrx_word' id='word_1_407' title='bbox 2634 3010 2712 3064; x_wconf 92' lang='lat' dir='ltr'><strong>Illi</strong></span> <span class='ocrx_word' id='word_1_408' title='bbox 2751 3025 2871 3063; x_wconf 88' lang='lat' dir='ltr'><strong>cum</strong></span> <span class='ocrx_word' id='word_1_409' title='bbox 2902 3024 3066 3079; x_wconf 87' lang='lat' dir='ltr'><strong>prava</strong></span> <span class='ocrx_word' id='word_1_410' title='bbox 3091 3008 3239 3077; x_wconf 90' lang='lat' dir='ltr'><strong>pluto</strong></span> <span class='ocrx_word' id='word_1_411' title='bbox 3264 3009 3486 3063; x_wconf 62' lang='lat' dir='ltr'><strong>cohorte</strong></span> <span class='ocrx_word' id='word_1_412' title='bbox 3515 3020 3711 3077; x_wconf 68' lang='lat' dir='ltr'><strong>praaest</strong></span> 
     </span>
    </p>
   </div>
   <div class='ocr_carea' id='block_1_59' title="bbox 2561 3098 3883 3169">
    <p class='ocr_par' dir='ltr' id='par_1_59' title="bbox 2561 3098 3883 3169">
     <span class='ocr_line' id='line_1_59' title="bbox 2561 3098 3883 3169; baseline -0.003 -14"><span class='ocrx_word' id='word_1_413' title='bbox 2561 3101 2750 3156; x_wconf 89' lang='lat' dir='ltr'><strong>Uritur</strong></span> <span class='ocrx_word' id='word_1_414' title='bbox 2783 3100 2873 3154; x_wconf 89' lang='lat' dir='ltr'><strong>illa</strong></span> <span class='ocrx_word' id='word_1_415' title='bbox 2898 3099 3039 3169; x_wconf 78' lang='lat' dir='ltr'><strong>gelu,</strong></span> <span class='ocrx_word' id='word_1_416' title='bbox 3080 3100 3225 3163; x_wconf 89' lang='lat' dir='ltr'><strong>nive,</strong></span> <span class='ocrx_word' id='word_1_417' title='bbox 3256 3099 3515 3169; x_wconf 78' lang='lat' dir='ltr'><strong>grandine</strong></span> <span class='ocrx_word' id='word_1_418' title='bbox 3549 3098 3883 3167; x_wconf 88' lang='lat' dir='ltr'><strong>perpetuali:</strong></span> 
     </span>
    </p>
   </div>
   <div class='ocr_carea' id='block_1_60' title="bbox 2632 3188 3816 3256">
    <p class='ocr_par' dir='ltr' id='par_1_60' title="bbox 2632 3188 3816 3256">
     <span class='ocr_line' id='line_1_60' title="bbox 2632 3188 3816 3256; baseline 0 -13"><span class='ocrx_word' id='word_1_419' title='bbox 2632 3189 2838 3243; x_wconf 87' lang='lat' dir='ltr'><strong>Vernos</strong></span> <span class='ocrx_word' id='word_1_420' title='bbox 2873 3189 2977 3242; x_wconf 88' lang='lat' dir='ltr'><strong>ista</strong></span> <span class='ocrx_word' id='word_1_421' title='bbox 3003 3188 3117 3241; x_wconf 91' lang='lat' dir='ltr'><strong>dies</strong></span> <span class='ocrx_word' id='word_1_422' title='bbox 3149 3188 3357 3241; x_wconf 88' lang='lat' dir='ltr'><strong>mansio</strong></span> <span class='ocrx_word' id='word_1_423' title='bbox 3387 3202 3601 3256; x_wconf 78' lang='lat' dir='ltr'><strong>semper</strong></span> <span class='ocrx_word' id='word_1_424' title='bbox 3631 3188 3816 3243; x_wconf 89' lang='lat' dir='ltr'><strong>habet.</strong></span> 
     </span>
    </p>
   </div>
   <div class='ocr_carea' id='block_1_61' title="bbox 870 3278 3779 3352">
    <p class='ocr_par' dir='ltr' id='par_1_61' title="bbox 870 3278 3779 3352">
     <span class='ocr_line' id='line_1_61' title="bbox 870 3278 3779 3352; baseline 0 -19"><span class='ocrx_word' id='word_1_425' title='bbox 870 3294 1058 3333; x_wconf 88' lang='lat' dir='ltr'><strong>errore</strong></span> <span class='ocrx_word' id='word_1_426' title='bbox 1084 3290 1404 3335; x_wconf 90' lang='lat' dir='ltr'><strong>convertere</strong></span> <span class='ocrx_word' id='word_1_427' title='bbox 1434 3296 1541 3335; x_wconf 91' lang='lat' dir='ltr'><strong>non</strong></span> <span class='ocrx_word' id='word_1_428' title='bbox 1583 3291 1782 3349; x_wconf 91' lang='lat' dir='ltr'><strong>posset,</strong></span> <span class='ocrx_word' id='word_1_429' title='bbox 1810 3283 2119 3352; x_wconf 89' lang='lat' dir='ltr'><strong>quotidiana</strong></span> <span class='ocrx_word' id='word_1_430' title='bbox 2150 3284 2452 3338; x_wconf 87' lang='lat' dir='ltr'><strong>invectione</strong></span> <span class='ocrx_word' id='word_1_431' title='bbox 2481 3282 2525 3342; x_wconf 89' lang='lat' dir='ltr'><strong>C</strong></span> <span class='ocrx_word' id='word_1_432' title='bbox 2557 3279 2681 3334; x_wconf 65' lang='lat' dir='ltr'><strong>Haec</strong></span> <span class='ocrx_word' id='word_1_433' title='bbox 2710 3293 2972 3348; x_wconf 89' lang='lat' dir='ltr'><strong>generosa</strong></span> <span class='ocrx_word' id='word_1_434' title='bbox 2998 3279 3131 3333; x_wconf 91' lang='lat' dir='ltr'><strong>duce</strong></span> <span class='ocrx_word' id='word_1_435' title='bbox 3154 3278 3389 3347; x_wconf 85' lang='lat' dir='ltr'><strong>jucunde</strong></span> <span class='ocrx_word' id='word_1_436' title='bbox 3419 3280 3538 3333; x_wconf 90' lang='lat' dir='ltr'><strong>cive</strong></span> <span class='ocrx_word' id='word_1_437' title='bbox 3567 3280 3779 3343; x_wconf 87' lang='lat' dir='ltr'><strong>decora,</strong></span> 
     </span>
    </p>
   </div>
   <div class='ocr_carea' id='block_1_62' title="bbox 871 3370 2445 3443">
    <p class='ocr_par' dir='ltr' id='par_1_62' title="bbox 871 3370 2445 3443">
     <span class='ocr_line' id='line_1_62' title="bbox 871 3370 2445 3443; baseline 0.003 -21"><span class='ocrx_word' id='word_1_438' title='bbox 871 3370 1306 3438; x_wconf 87' lang='lat' dir='ltr'><strong>reprehenderet,</strong></span> <span class='ocrx_word' id='word_1_439' title='bbox 1349 3380 1527 3425; x_wconf 92' lang='lat' dir='ltr'><strong>tentus</strong></span> <span class='ocrx_word' id='word_1_440' title='bbox 1550 3372 1617 3425; x_wconf 89' lang='lat' dir='ltr'><strong>ab</strong></span> <span class='ocrx_word' id='word_1_441' title='bbox 1638 3372 1862 3437; x_wconf 88' lang='lat' dir='ltr'><strong>eisdem,</strong></span> <span class='ocrx_word' id='word_1_442' title='bbox 1891 3384 2012 3443; x_wconf 90' lang='lat' dir='ltr'><strong>post</strong></span> <span class='ocrx_word' id='word_1_443' title='bbox 2044 3374 2276 3428; x_wconf 88' lang='lat' dir='ltr'><strong>dirutam</strong></span> <span class='ocrx_word' id='word_1_444' title='bbox 2303 3374 2445 3427; x_wconf 89' lang='lat' dir='ltr'><strong>illius</strong></span> 
     </span>
    </p>
   </div>
   <div class='ocr_carea' id='block_1_63' title="bbox 872 3461 2443 3532">
    <p class='ocr_par' dir='ltr' id='par_1_63' title="bbox 872 3461 2443 3532">
     <span class='ocr_line' id='line_1_63' title="bbox 872 3461 2443 3532; baseline 0.001 -19"><span class='ocrx_word' id='word_1_445' title='bbox 872 3461 1081 3525; x_wconf 91' lang='lat' dir='ltr'><strong>urbem,</strong></span> <span class='ocrx_word' id='word_1_446' title='bbox 1126 3471 1247 3529; x_wconf 89' lang='lat' dir='ltr'><strong>post</strong></span> <span class='ocrx_word' id='word_1_447' title='bbox 1300 3470 1582 3515; x_wconf 84' lang='lat' dir='ltr'><strong>cruentam</strong></span> <span class='ocrx_word' id='word_1_448' title='bbox 1635 3462 1938 3517; x_wconf 91' lang='lat' dir='ltr'><strong>innocentis</strong></span> <span class='ocrx_word' id='word_1_449' title='bbox 1996 3462 2178 3532; x_wconf 88' lang='lat' dir='ltr'><strong>populi</strong></span> <span class='ocrx_word' id='word_1_450' title='bbox 2223 3462 2443 3526; x_wconf 65' lang='lat' dir='ltr'><strong>caedem,</strong></span> 
     </span>
    </p>
   </div>
   <div class='ocr_carea' id='block_1_64' title="bbox 870 3550 2445 3620">
    <p class='ocr_par' dir='ltr' id='par_1_64' title="bbox 870 3550 2445 3620">
     <span class='ocr_line' id='line_1_64' title="bbox 870 3550 2445 3620; baseline 0.002 -19"><span class='ocrx_word' id='word_1_451' title='bbox 870 3557 992 3617; x_wconf 90' lang='lat' dir='ltr'><strong>post</strong></span> <span class='ocrx_word' id='word_1_452' title='bbox 1032 3550 1212 3617; x_wconf 89' lang='lat' dir='ltr'><strong>templi</strong></span> <span class='ocrx_word' id='word_1_453' title='bbox 1245 3551 1387 3605; x_wconf 89' lang='lat' dir='ltr'><strong>sacri</strong></span> <span class='ocrx_word' id='word_1_454' title='bbox 1428 3551 1869 3620; x_wconf 80' lang='lat' dir='ltr'><strong>exspoliationem</strong></span> <span class='ocrx_word' id='word_1_455' title='bbox 1914 3552 2073 3607; x_wconf 92' lang='lat' dir='ltr'><strong>simul</strong></span> <span class='ocrx_word' id='word_1_456' title='bbox 2120 3561 2173 3607; x_wconf 91' lang='lat' dir='ltr'><strong>et</strong></span> <span class='ocrx_word' id='word_1_457' title='bbox 2225 3553 2445 3606; x_wconf 90' lang='lat' dir='ltr'><strong>combu-</strong></span> 
     </span>
    </p>
   </div>
   <div class='ocr_carea' id='block_1_65' title="bbox 868 3638 2443 3711">
    <p class='ocr_par' dir='ltr' id='par_1_65' title="bbox 868 3638 2443 3711">
     <span class='ocr_line' id='line_1_65' title="bbox 868 3638 2443 3711; baseline 0.001 -20"><span class='ocrx_word' id='word_1_458' title='bbox 868 3638 1116 3699; x_wconf 81' lang='lat' dir='ltr'><strong>stionem,</strong></span> <span class='ocrx_word' id='word_1_459' title='bbox 1162 3640 1373 3694; x_wconf 91' lang='lat' dir='ltr'><strong>vinctus</strong></span> <span class='ocrx_word' id='word_1_460' title='bbox 1401 3641 1664 3695; x_wconf 89' lang='lat' dir='ltr'><strong>adductus</strong></span> <span class='ocrx_word' id='word_1_461' title='bbox 1689 3650 1791 3705; x_wconf 92' lang='lat' dir='ltr'><strong>est,</strong></span> <span class='ocrx_word' id='word_1_462' title='bbox 1816 3649 1869 3693; x_wconf 91' lang='lat' dir='ltr'><strong>et</strong></span> <span class='ocrx_word' id='word_1_463' title='bbox 1907 3657 2004 3711; x_wconf 90' lang='lat' dir='ltr'><strong>per</strong></span> <span class='ocrx_word' id='word_1_464' title='bbox 2052 3651 2257 3711; x_wconf 86' lang='lat' dir='ltr'><strong>septem</strong></span> <span class='ocrx_word' id='word_1_465' title='bbox 2294 3656 2443 3694; x_wconf 91' lang='lat' dir='ltr'><strong>men-</strong></span> 
     </span>
    </p>
   </div>
   <div class='ocr_carea' id='block_1_66' title="bbox 869 3729 2438 3799">
    <p class='ocr_par' dir='ltr' id='par_1_66' title="bbox 869 3729 2438 3799">
     <span class='ocr_line' id='line_1_66' title="bbox 869 3729 2438 3799; baseline 0.003 -19"><span class='ocrx_word' id='word_1_466' title='bbox 869 3742 957 3781; x_wconf 89' lang='lat' dir='ltr'><strong>ses</strong></span> <span class='ocrx_word' id='word_1_467' title='bbox 985 3729 1147 3782; x_wconf 87' lang='lat' dir='ltr'><strong>variis</strong></span> <span class='ocrx_word' id='word_1_468' title='bbox 1177 3736 1565 3784; x_wconf 91' lang='lat' dir='ltr'><strong>tormentorum</strong></span> <span class='ocrx_word' id='word_1_469' title='bbox 1597 3731 1928 3786; x_wconf 89' lang='lat' dir='ltr'><strong>cruciatibus</strong></span> <span class='ocrx_word' id='word_1_470' title='bbox 1951 3742 2193 3796; x_wconf 83' lang='lat' dir='ltr'><strong>vexatus,</strong></span> <span class='ocrx_word' id='word_1_471' title='bbox 2226 3740 2280 3785; x_wconf 91' lang='lat' dir='ltr'><strong>et</strong></span> <span class='ocrx_word' id='word_1_472' title='bbox 2316 3741 2438 3799; x_wconf 89' lang='lat' dir='ltr'><strong>post</strong></span> 
     </span>
    </p>
   </div>
   <div class='ocr_carea' id='block_1_67' title="bbox 2624 3367 3671 3439">
    <p class='ocr_par' dir='ltr' id='par_1_67' title="bbox 2624 3367 3671 3439">
     <span class='ocr_line' id='line_1_67' title="bbox 2624 3367 3671 3439; baseline 0.003 -21"><span class='ocrx_word' id='word_1_473' title='bbox 2624 3369 2877 3422; x_wconf 76' lang='lat' dir='ltr'><strong>Carmine</strong></span> <span class='ocrx_word' id='word_1_474' title='bbox 2902 3367 3120 3432; x_wconf 81' lang='lat' dir='ltr'><strong>festiva,</strong></span> <span class='ocrx_word' id='word_1_475' title='bbox 3154 3381 3286 3436; x_wconf 88' lang='lat' dir='ltr'><strong>pace</strong></span> <span class='ocrx_word' id='word_1_476' title='bbox 3330 3369 3511 3437; x_wconf 90' lang='lat' dir='ltr'><strong>quieta</strong></span> <span class='ocrx_word' id='word_1_477' title='bbox 3537 3370 3671 3439; x_wconf 90' lang='lat' dir='ltr'><strong>jugi.</strong></span> 
     </span>
    </p>
   </div>
   <div class='ocr_carea' id='block_1_68' title="bbox 2554 3456 3951 3524">
    <p class='ocr_par' dir='ltr' id='par_1_68' title="bbox 2554 3456 3951 3524">
     <span class='ocr_line' id='line_1_68' title="bbox 2554 3456 3951 3524; baseline 0.003 -14"><span class='ocrx_word' id='word_1_478' title='bbox 2554 3458 2632 3510; x_wconf 83' lang='lat' dir='ltr'><strong>&#39;I‘n</strong></span> <span class='ocrx_word' id='word_1_479' title='bbox 2659 3458 2962 3511; x_wconf 88' lang='lat' dir='ltr'><strong>venerande</strong></span> <span class='ocrx_word' id='word_1_480' title='bbox 2988 3456 3091 3524; x_wconf 92' lang='lat' dir='ltr'><strong>piis</strong></span> <span class='ocrx_word' id='word_1_481' title='bbox 3131 3458 3342 3522; x_wconf 90' lang='lat' dir='ltr'><strong>mistus,</strong></span> <span class='ocrx_word' id='word_1_482' title='bbox 3376 3459 3668 3523; x_wconf 90' lang='lat' dir='ltr'><strong>Dunstane,</strong></span> <span class='ocrx_word' id='word_1_483' title='bbox 3698 3460 3951 3524; x_wconf 88' lang='lat' dir='ltr'><strong>catervis,</strong></span> 
     </span>
    </p>
   </div>
   <div class='ocr_carea' id='block_1_69' title="bbox 2623 3546 3677 3617">
    <p class='ocr_par' dir='ltr' id='par_1_69' title="bbox 2623 3546 3677 3617">
     <span class='ocr_line' id='line_1_69' title="bbox 2623 3546 3677 3617; baseline 0.001 -17"><span class='ocrx_word' id='word_1_484' title='bbox 2623 3547 2856 3600; x_wconf 86' lang='lat' dir='ltr'><strong>Exerces</strong></span> <span class='ocrx_word' id='word_1_485' title='bbox 2886 3546 3082 3600; x_wconf 86' lang='lat' dir='ltr'><strong>hilares</strong></span> <span class='ocrx_word' id='word_1_486' title='bbox 3120 3546 3225 3600; x_wconf 90' lang='lat' dir='ltr'><strong>bac</strong></span> <span class='ocrx_word' id='word_1_487' title='bbox 3256 3548 3472 3615; x_wconf 87' lang='lat' dir='ltr'><strong>regione</strong></span> <span class='ocrx_word' id='word_1_488' title='bbox 3506 3549 3677 3617; x_wconf 87' lang='lat' dir='ltr'><strong>jocos.</strong></span> 
     </span>
    </p>
   </div>
   <div class='ocr_carea' id='block_1_70' title="bbox 2550 3635 3907 3706">
    <p class='ocr_par' dir='ltr' id='par_1_70' title="bbox 2550 3635 3907 3706">
     <span class='ocr_line' id='line_1_70' title="bbox 2550 3635 3907 3706; baseline 0.004 -17"><span class='ocrx_word' id='word_1_489' title='bbox 2550 3636 2745 3702; x_wconf 86' lang='lat' dir='ltr'><strong>Quanti</strong></span> <span class='ocrx_word' id='word_1_490' title='bbox 2774 3636 2849 3690; x_wconf 92' lang='lat' dir='ltr'><strong>sis</strong></span> <span class='ocrx_word' id='word_1_491' title='bbox 2872 3637 3073 3701; x_wconf 89' lang='lat' dir='ltr'><strong>meriti,</strong></span> <span class='ocrx_word' id='word_1_492' title='bbox 3101 3635 3250 3705; x_wconf 89' lang='lat' dir='ltr'><strong>plebs</strong></span> <span class='ocrx_word' id='word_1_493' title='bbox 3281 3638 3907 3706; x_wconf 72' lang='lat' dir='ltr'><strong>indicat,astricolarum,</strong></span> 
     </span>
    </p>
   </div>
   <div class='ocr_carea' id='block_1_71' title="bbox 2622 3724 3954 3791">
    <p class='ocr_par' dir='ltr' id='par_1_71' title="bbox 2622 3724 3954 3791">
     <span class='ocr_line' id='line_1_71' title="bbox 2622 3724 3954 3791; baseline 0.004 -12"><span class='ocrx_word' id='word_1_494' title='bbox 2622 3726 2752 3791; x_wconf 74' lang='lat' dir='ltr'><strong>Quae</strong></span> <span class='ocrx_word' id='word_1_495' title='bbox 2778 3724 3041 3780; x_wconf 78' lang='lat' dir='ltr'><strong>famulata</strong></span> <span class='ocrx_word' id='word_1_496' title='bbox 3080 3734 3227 3780; x_wconf 90' lang='lat' dir='ltr'><strong>tuam</strong></span> <span class='ocrx_word' id='word_1_497' title='bbox 3256 3729 3402 3782; x_wconf 81' lang='lat' dir='ltr'><strong>vexit</strong></span> <span class='ocrx_word' id='word_1_498' title='bbox 3430 3729 3496 3782; x_wconf 89' lang='lat' dir='ltr'><strong>ad</strong></span> <span class='ocrx_word' id='word_1_499' title='bbox 3524 3740 3667 3784; x_wconf 87' lang='lat' dir='ltr'><strong>astra</strong></span> <span class='ocrx_word' id='word_1_500' title='bbox 3695 3731 3954 3784; x_wconf 88' lang='lat' dir='ltr'><strong>animam.</strong></span> 
     </span>
    </p>
   </div>
   <div class='ocr_carea' id='block_1_72' title="bbox 875 3927 4080 3965">
    <p class='ocr_par' dir='ltr' id='par_1_72' title="bbox 875 3927 4080 3965">
     <span class='ocr_line' id='line_1_72' title="bbox 875 3927 4080 3965; baseline 0.001 -13"><span class='ocrx_word' id='word_1_501' title='bbox 875 3927 4080 3965; x_wconf 52' lang='grc' dir='ltr'>Ἢ</span> 
     </span>
    </p>
   </div>
   <div class='ocr_carea' id='block_1_73' title="bbox 1252 4038 3757 4184">
    <p class='ocr_par' dir='ltr' id='par_1_73' title="bbox 1252 4038 3757 4184">
     <span class='ocr_line' id='line_1_73' title="bbox 1252 4038 3757 4184; baseline 0.003 -9"><span class='ocrx_word' id='word_1_502' title='bbox 1252 4091 1713 4181; x_wconf 84' lang='lat' dir='ltr'><strong>INCIPIT</strong></span> <span class='ocrx_word' id='word_1_503' title='bbox 1782 4073 2139 4180; x_wconf 82' lang='lat' dir='ltr'>LIBER</span> <span class='ocrx_word' id='word_1_504' title='bbox 2212 4089 3089 4181; x_wconf 80' lang='lat' dir='ltr'><strong>MIRACULORUM</strong></span> <span class='ocrx_word' id='word_1_505' title='bbox 3161 4038 3757 4184; x_wconf 6' lang='lat' dir='ltr'><strong>EIJUSDEM.’</strong></span> 
     </span>
    </p>
   </div>
   <div class='ocr_carea' id='block_1_74' title="bbox 1882 4281 3088 4347">
    <p class='ocr_par' dir='ltr' id='par_1_74' title="bbox 1882 4281 3088 4347">
     <span class='ocr_line' id='line_1_74' title="bbox 1882 4281 3088 4347; baseline 0.003 -4"><span class='ocrx_word' id='word_1_506' title='bbox 1882 4284 2155 4343; x_wconf 80' lang='lat' dir='ltr'><strong>Auctore</strong></span> <span class='ocrx_word' id='word_1_507' title='bbox 2199 4281 2402 4343; x_wconf 84' lang='lat' dir='ltr'><strong>eodem</strong></span> <span class='ocrx_word' id='word_1_508' title='bbox 2447 4281 2718 4343; x_wconf 85' lang='lat' dir='ltr'><strong>Osberno</strong></span> <span class='ocrx_word' id='word_1_509' title='bbox 2764 4285 3088 4347; x_wconf 85' lang='lat' dir='ltr'><strong>monacho.</strong></span> 
     </span>
    </p>
   </div>
   <div class='ocr_carea' id='block_1_75' title="bbox 1183 4444 2118 4516">
    <p class='ocr_par' dir='ltr' id='par_1_75' title="bbox 1183 4444 2118 4516">
     <span class='ocr_line' id='line_1_75' title="bbox 1183 4444 2118 4516; baseline 0 -20"><span class='ocrx_word' id='word_1_510' title='bbox 1183 4444 1376 4498; x_wconf 83' lang='lat' dir='ltr'><strong>Auctor</strong></span> <span class='ocrx_word' id='word_1_511' title='bbox 1407 4445 1564 4514; x_wconf 80' lang='lat' dir='ltr'><strong>ﬁdem</strong></span> <span class='ocrx_word' id='word_1_512' title='bbox 1588 4463 1619 4500; x_wconf 92' lang='lat' dir='ltr'><strong>a</strong></span> <span class='ocrx_word' id='word_1_513' title='bbox 1644 4446 1920 4501; x_wconf 75' lang='lat' dir='ltr'><strong>lectoribus</strong></span> <span class='ocrx_word' id='word_1_514' title='bbox 1941 4446 2118 4516; x_wconf 76' lang='lat' dir='ltr'><strong>exigit.</strong></span> 
     </span>
    </p>
   </div>
   <div class='ocr_carea' id='block_1_76' title="bbox 937 4531 2442 4603">
    <p class='ocr_par' dir='ltr' id='par_1_76' title="bbox 937 4531 2442 4603">
     <span class='ocr_line' id='line_1_76' title="bbox 937 4531 2442 4603; baseline 0 -15"><span class='ocrx_word' id='word_1_515' title='bbox 937 4535 989 4588; x_wconf 78' lang='grc' dir='ltr'><strong>Ι.</strong></span> <span class='ocrx_word' id='word_1_516' title='bbox 1020 4531 1265 4587; x_wconf 83' lang='lat' dir='ltr'><strong>Diximus</strong></span> <span class='ocrx_word' id='word_1_517' title='bbox 1295 4533 1349 4586; x_wconf 91' lang='lat' dir='ltr'><strong>in</strong></span> <span class='ocrx_word' id='word_1_518' title='bbox 1378 4534 1639 4603; x_wconf 90' lang='lat' dir='ltr'><strong>superiori</strong></span> <span class='ocrx_word' id='word_1_519' title='bbox 1670 4534 1870 4600; x_wconf 90' lang='lat' dir='ltr'><strong>libello,</strong></span> <span class='ocrx_word' id='word_1_520' title='bbox 1904 4535 2097 4603; x_wconf 89' lang='lat' dir='ltr'><strong>quibus</strong></span> <span class='ocrx_word' id='word_1_521' title='bbox 2126 4533 2442 4603; x_wconf 89' lang='lat' dir='ltr'><strong>parentibus</strong></span> 
     </span>
    </p>
   </div>
   <div class='ocr_carea' id='block_1_77' title="bbox 866 4623 2439 4697">
    <p class='ocr_par' dir='ltr' id='par_1_77' title="bbox 866 4623 2439 4697">
     <span class='ocr_line' id='line_1_77' title="bbox 866 4623 2439 4697; baseline 0.002 -20"><span class='ocrx_word' id='word_1_522' title='bbox 866 4623 1186 4679; x_wconf 89' lang='lat' dir='ltr'><strong>venerabilis</strong></span> <span class='ocrx_word' id='word_1_523' title='bbox 1211 4632 1363 4691; x_wconf 89' lang='lat' dir='ltr'><strong>pater</strong></span> <span class='ocrx_word' id='word_1_524' title='bbox 1395 4624 1702 4682; x_wconf 90' lang='lat' dir='ltr'><strong>Dunstanus</strong></span> <span class='ocrx_word' id='word_1_525' title='bbox 1727 4636 1879 4682; x_wconf 89' lang='lat' dir='ltr'><strong>ortus</strong></span> <span class='ocrx_word' id='word_1_526' title='bbox 1900 4626 2186 4691; x_wconf 88' lang='lat' dir='ltr'><strong>claruerit,</strong></span> <span class='ocrx_word' id='word_1_527' title='bbox 2212 4641 2439 4697; x_wconf 89' lang='lat' dir='ltr'><strong>quorum</strong></span> 
     </span>
    </p>
   </div>
   <div class='ocr_carea' id='block_1_78' title="bbox 866 4716 2442 4794">
    <p class='ocr_par' dir='ltr' id='par_1_78' title="bbox 866 4716 2442 4794">
     <span class='ocr_line' id='line_1_78' title="bbox 866 4716 2442 4794; baseline 0.002 -25"><span class='ocrx_word' id='word_1_528' title='bbox 866 4730 1051 4785; x_wconf 79' lang='lat' dir='ltr'><strong>regum</strong></span> <span class='ocrx_word' id='word_1_529' title='bbox 1095 4722 1334 4783; x_wconf 88' lang='lat' dir='ltr'><strong>tempora</strong></span> <span class='ocrx_word' id='word_1_530' title='bbox 1369 4716 1753 4783; x_wconf 86' lang='lat' dir='ltr'><strong>nobilitaverit,</strong></span> <span class='ocrx_word' id='word_1_531' title='bbox 1788 4733 1922 4787; x_wconf 90' lang='lat' dir='ltr'><strong>quos</strong></span> <span class='ocrx_word' id='word_1_532' title='bbox 1955 4732 2242 4794; x_wconf 83' lang='lat' dir='ltr'><strong>processus</strong></span> <span class='ocrx_word' id='word_1_533' title='bbox 2274 4719 2442 4772; x_wconf 86' lang='lat' dir='ltr'><strong>virtu-</strong></span> 
     </span>
    </p>
   </div>
   <div class='ocr_carea' id='block_1_79' title="bbox 866 4803 2438 4879">
    <p class='ocr_par' dir='ltr' id='par_1_79' title="bbox 866 4803 2438 4879">
     <span class='ocr_line' id='line_1_79' title="bbox 866 4803 2438 4879; baseline 0.003 -20"><span class='ocrx_word' id='word_1_534' title='bbox 866 4817 976 4859; x_wconf 91' lang='lat' dir='ltr'><strong>tum</strong></span> <span class='ocrx_word' id='word_1_535' title='bbox 1026 4803 1289 4870; x_wconf 87' lang='lat' dir='ltr'><strong>habuerit,</strong></span> <span class='ocrx_word' id='word_1_536' title='bbox 1333 4812 1387 4859; x_wconf 88' lang='lat' dir='ltr'><strong>et</strong></span> <span class='ocrx_word' id='word_1_537' title='bbox 1420 4809 1868 4875; x_wconf 89' lang='lat' dir='ltr'><strong>quemadmodum</strong></span> <span class='ocrx_word' id='word_1_538' title='bbox 1894 4809 1960 4863; x_wconf 88' lang='lat' dir='ltr'><strong>ad</strong></span> <span class='ocrx_word' id='word_1_539' title='bbox 1990 4808 2231 4864; x_wconf 66' lang='lat' dir='ltr'><strong>coelestia</strong></span> <span class='ocrx_word' id='word_1_540' title='bbox 2273 4825 2438 4879; x_wconf 84' lang='lat' dir='ltr'><strong>regna</strong></span> 
     </span>
    </p>
   </div>
   <div class='ocr_carea' id='block_1_80' title="bbox 863 4894 2440 4968">
    <p class='ocr_par' dir='ltr' id='par_1_80' title="bbox 863 4894 2440 4968">
     <span class='ocr_line' id='line_1_80' title="bbox 863 4894 2440 4968; baseline 0.004 -23"><span class='ocrx_word' id='word_1_541' title='bbox 863 4895 1126 4963; x_wconf 71' lang='lat' dir='ltr'><strong>gloriosus</strong></span> <span class='ocrx_word' id='word_1_542' title='bbox 1153 4894 1483 4961; x_wconf 84' lang='lat' dir='ltr'><strong>migraverit.</strong></span> <span class='ocrx_word' id='word_1_543' title='bbox 1532 4896 1685 4951; x_wconf 80' lang='lat' dir='ltr'><strong>Nunc</strong></span> <span class='ocrx_word' id='word_1_544' title='bbox 1710 4905 1890 4951; x_wconf 87' lang='lat' dir='ltr'><strong>autem</strong></span> <span class='ocrx_word' id='word_1_545' title='bbox 1916 4898 2247 4968; x_wconf 91' lang='lat' dir='ltr'><strong>propositum</strong></span> <span class='ocrx_word' id='word_1_546' title='bbox 2278 4899 2440 4953; x_wconf 88' lang='lat' dir='ltr'><strong>habe-</strong></span> 
     </span>
    </p>
   </div>
   <div class='ocr_carea' id='block_1_81' title="bbox 862 4987 2439 5059">
    <p class='ocr_par' dir='ltr' id='par_1_81' title="bbox 862 4987 2439 5059">
     <span class='ocr_line' id='line_1_81' title="bbox 862 4987 2439 5059; baseline 0.003 -20"><span class='ocrx_word' id='word_1_547' title='bbox 862 5002 983 5040; x_wconf 91' lang='lat' dir='ltr'><strong>mus</strong></span> <span class='ocrx_word' id='word_1_548' title='bbox 1027 5001 1087 5039; x_wconf 87' lang='lat' dir='ltr'><strong>ea</strong></span> <span class='ocrx_word' id='word_1_549' title='bbox 1143 5000 1386 5051; x_wconf 88' lang='lat' dir='ltr'><strong>narrare,</strong></span> <span class='ocrx_word' id='word_1_550' title='bbox 1421 5003 1538 5057; x_wconf 70' lang='lat' dir='ltr'><strong>quae</strong></span> <span class='ocrx_word' id='word_1_551' title='bbox 1576 4995 1697 5057; x_wconf 91' lang='lat' dir='ltr'><strong>post</strong></span> <span class='ocrx_word' id='word_1_552' title='bbox 1726 4987 2117 5058; x_wconf 89' lang='lat' dir='ltr'><strong>depositionem</strong></span> <span class='ocrx_word' id='word_1_553' title='bbox 2145 4989 2439 5059; x_wconf 81' lang='lat' dir='ltr'><strong>corporalis</strong></span> 
     </span>
    </p>
   </div>
   <div class='ocr_carea' id='block_1_82' title="bbox 864 5076 2441 5150">
    <p class='ocr_par' dir='ltr' id='par_1_82' title="bbox 864 5076 2441 5150">
     <span class='ocr_line' id='line_1_82' title="bbox 864 5076 2441 5150; baseline 0.002 -19"><span class='ocrx_word' id='word_1_554' title='bbox 864 5078 1091 5132; x_wconf 68' lang='lat' dir='ltr'><strong>sarcinae</strong></span> <span class='ocrx_word' id='word_1_555' title='bbox 1119 5076 1244 5132; x_wconf 82' lang='lat' dir='ltr'><strong>felix</strong></span> <span class='ocrx_word' id='word_1_556' title='bbox 1272 5080 1490 5148; x_wconf 85' lang='lat' dir='ltr'><strong>spiritus</strong></span> <span class='ocrx_word' id='word_1_557' title='bbox 1517 5080 1633 5150; x_wconf 90' lang='lat' dir='ltr'><strong>ejus</strong></span> <span class='ocrx_word' id='word_1_558' title='bbox 1661 5080 1717 5134; x_wconf 91' lang='lat' dir='ltr'><strong>in</strong></span> <span class='ocrx_word' id='word_1_559' title='bbox 1746 5081 1848 5134; x_wconf 90' lang='lat' dir='ltr'><strong>hoc</strong></span> <span class='ocrx_word' id='word_1_560' title='bbox 1873 5080 2065 5134; x_wconf 64' lang='lat' dir='ltr'><strong>saeculo</strong></span> <span class='ocrx_word' id='word_1_561' title='bbox 2087 5080 2333 5150; x_wconf 87' lang='lat' dir='ltr'><strong>dignatus</strong></span> <span class='ocrx_word' id='word_1_562' title='bbox 2357 5090 2441 5135; x_wconf 88' lang='lat' dir='ltr'><strong>est</strong></span> 
     </span>
    </p>
   </div>
   <div class='ocr_carea' id='block_1_83' title="bbox 863 5168 2437 5239">
    <p class='ocr_par' dir='ltr' id='par_1_83' title="bbox 863 5168 2437 5239">
     <span class='ocr_line' id='line_1_83' title="bbox 863 5168 2437 5239; baseline 0 -17"><span class='ocrx_word' id='word_1_563' title='bbox 863 5168 1100 5238; x_wconf 88' lang='lat' dir='ltr'><strong>operari,</strong></span> <span class='ocrx_word' id='word_1_564' title='bbox 1134 5177 1194 5222; x_wconf 91' lang='lat' dir='ltr'><strong>ut</strong></span> <span class='ocrx_word' id='word_1_565' title='bbox 1218 5182 1404 5223; x_wconf 89' lang='lat' dir='ltr'><strong>omnes</strong></span> <span class='ocrx_word' id='word_1_566' title='bbox 1444 5168 1609 5223; x_wconf 84' lang='lat' dir='ltr'><strong>futuri</strong></span> <span class='ocrx_word' id='word_1_567' title='bbox 1654 5168 1906 5239; x_wconf 87' lang='lat' dir='ltr'><strong>temporis</strong></span> <span class='ocrx_word' id='word_1_568' title='bbox 1924 5168 2232 5238; x_wconf 72' lang='lat' dir='ltr'><strong>Angligena:</strong></span> <span class='ocrx_word' id='word_1_569' title='bbox 2258 5170 2437 5238; x_wconf 92' lang='lat' dir='ltr'><strong>populi</strong></span> 
     </span>
    </p>
   </div>
   <div class='ocr_carea' id='block_1_84' title="bbox 864 5259 2437 5328">
    <p class='ocr_par' dir='ltr' id='par_1_84' title="bbox 864 5259 2437 5328">
     <span class='ocr_line' id='line_1_84' title="bbox 864 5259 2437 5328; baseline 0.001 -16"><span class='ocrx_word' id='word_1_570' title='bbox 864 5266 1179 5327; x_wconf 85' lang='lat' dir='ltr'><strong>agnoscant,</strong></span> <span class='ocrx_word' id='word_1_571' title='bbox 1219 5260 1347 5328; x_wconf 88' lang='lat' dir='ltr'><strong>quid</strong></span> <span class='ocrx_word' id='word_1_572' title='bbox 1383 5260 1516 5313; x_wconf 89' lang='lat' dir='ltr'><strong>tanti</strong></span> <span class='ocrx_word' id='word_1_573' title='bbox 1546 5260 1777 5314; x_wconf 92' lang='lat' dir='ltr'><strong>nominis</strong></span> <span class='ocrx_word' id='word_1_574' title='bbox 1803 5259 1918 5313; x_wconf 91' lang='lat' dir='ltr'><strong>viro</strong></span> <span class='ocrx_word' id='word_1_575' title='bbox 1944 5260 2164 5314; x_wconf 92' lang='lat' dir='ltr'><strong>honoris</strong></span> <span class='ocrx_word' id='word_1_576' title='bbox 2200 5274 2263 5313; x_wconf 89' lang='lat' dir='ltr'><strong>ac</strong></span> <span class='ocrx_word' id='word_1_577' title='bbox 2288 5275 2437 5315; x_wconf 87' lang='lat' dir='ltr'><strong>reve-</strong></span> 
     </span>
    </p>
   </div>
   <div class='ocr_carea' id='block_1_85' title="bbox 864 5350 2440 5421">
    <p class='ocr_par' dir='ltr' id='par_1_85' title="bbox 864 5350 2440 5421">
     <span class='ocr_line' id='line_1_85' title="bbox 864 5350 2440 5421; baseline 0 -16"><span class='ocrx_word' id='word_1_578' title='bbox 864 5350 1050 5405; x_wconf 61' lang='lat' dir='ltr'><strong>rentia:</strong></span> <span class='ocrx_word' id='word_1_579' title='bbox 1077 5351 1323 5406; x_wconf 88' lang='lat' dir='ltr'><strong>debeant.</strong></span> <span class='ocrx_word' id='word_1_580' title='bbox 1378 5350 1574 5406; x_wconf 84' lang='lat' dir='ltr'><strong>Verum</strong></span> <span class='ocrx_word' id='word_1_581' title='bbox 1612 5352 1866 5420; x_wconf 88' lang='lat' dir='ltr'><strong>quoniam</strong></span> <span class='ocrx_word' id='word_1_582' title='bbox 1916 5365 2103 5405; x_wconf 93' lang='lat' dir='ltr'><strong>eorum</strong></span> <span class='ocrx_word' id='word_1_583' title='bbox 2152 5367 2270 5421; x_wconf 82' lang='lat' dir='ltr'><strong>quae</strong></span> <span class='ocrx_word' id='word_1_584' title='bbox 2308 5352 2440 5407; x_wconf 83' lang='lat' dir='ltr'><strong>scri-</strong></span> 
     </span>
    </p>
   </div>
   <div class='ocr_carea' id='block_1_86' title="bbox 860 5440 2439 5500">
    <p class='ocr_par' dir='ltr' id='par_1_86' title="bbox 860 5440 2439 5500">
     <span class='ocr_line' id='line_1_86' title="bbox 860 5440 2439 5500; baseline -0.001 -5"><span class='ocrx_word' id='word_1_585' title='bbox 860 5441 1033 5495; x_wconf 77' lang='lat' dir='ltr'><strong>nenda</strong></span> <span class='ocrx_word' id='word_1_586' title='bbox 1057 5449 1203 5500; x_wconf 87' lang='lat' dir='ltr'><strong>sunt,</strong></span> <span class='ocrx_word' id='word_1_587' title='bbox 1229 5441 1482 5500; x_wconf 84' lang='lat' dir='ltr'><strong>pleraque</strong></span> <span class='ocrx_word' id='word_1_588' title='bbox 1513 5458 1577 5497; x_wconf 92' lang='lat' dir='ltr'><strong>ac</strong></span> <span class='ocrx_word' id='word_1_589' title='bbox 1610 5440 1722 5495; x_wconf 82' lang='lat' dir='ltr'><strong>fere</strong></span> <span class='ocrx_word' id='word_1_590' title='bbox 1751 5440 1931 5497; x_wconf 90' lang='lat' dir='ltr'><strong>omnia</strong></span> <span class='ocrx_word' id='word_1_591' title='bbox 1958 5441 2157 5495; x_wconf 90' lang='lat' dir='ltr'><strong>nostris</strong></span> <span class='ocrx_word' id='word_1_592' title='bbox 2189 5441 2439 5500; x_wconf 81' lang='lat' dir='ltr'><strong>tempori-</strong></span> 
     </span>
    </p>
   </div>
   <div class='ocr_carea' id='block_1_87' title="bbox 2462 4447 4117 4530">
    <p class='ocr_par' dir='ltr' id='par_1_87' title="bbox 2462 4447 4117 4530">
     <span class='ocr_line' id='line_1_87' title="bbox 2462 4447 4117 4530; baseline 0.009 -30"><span class='ocrx_word' id='word_1_593' title='bbox 2462 4451 2515 4509; x_wconf 92' lang='lat' dir='ltr'><strong>D</strong></span> <span class='ocrx_word' id='word_1_594' title='bbox 2541 4447 2851 4513; x_wconf 86' lang='lat' dir='ltr'><strong>invitamus,</strong></span> <span class='ocrx_word' id='word_1_595' title='bbox 2883 4456 2942 4502; x_wconf 91' lang='lat' dir='ltr'><strong>ut</strong></span> <span class='ocrx_word' id='word_1_596' title='bbox 2968 4448 3121 4503; x_wconf 91' lang='lat' dir='ltr'><strong>sicuti</strong></span> <span class='ocrx_word' id='word_1_597' title='bbox 3153 4449 3254 4505; x_wconf 89' lang='lat' dir='ltr'><strong>sibi</strong></span> <span class='ocrx_word' id='word_1_598' title='bbox 3285 4449 3428 4505; x_wconf 88' lang='lat' dir='ltr'><strong>credi</strong></span> <span class='ocrx_word' id='word_1_599' title='bbox 3460 4450 3659 4518; x_wconf 87' lang='lat' dir='ltr'><strong>volent,</strong></span> <span class='ocrx_word' id='word_1_600' title='bbox 3700 4456 3742 4508; x_wconf 93' lang='lat' dir='ltr'><strong>si</strong></span> <span class='ocrx_word' id='word_1_601' title='bbox 3773 4454 3910 4512; x_wconf 84' lang='lat' dir='ltr'><strong>forte</strong></span> <span class='ocrx_word' id='word_1_602' title='bbox 3940 4458 4117 4530; x_wconf 81' lang='lat' dir='ltr'><strong>aliqna</strong></span> 
     </span>
    </p>
   </div>
   <div class='ocr_carea' id='block_1_88' title="bbox 2546 4538 4117 4610">
    <p class='ocr_par' dir='ltr' id='par_1_88' title="bbox 2546 4538 4117 4610">
     <span class='ocr_line' id='line_1_88' title="bbox 2546 4538 4117 4610; baseline 0.009 -17"><span class='ocrx_word' id='word_1_603' title='bbox 2546 4538 2659 4593; x_wconf 89' lang='lat' dir='ltr'><strong>suis</strong></span> <span class='ocrx_word' id='word_1_604' title='bbox 2696 4540 3024 4608; x_wconf 91' lang='lat' dir='ltr'><strong>temporibus</strong></span> <span class='ocrx_word' id='word_1_605' title='bbox 3067 4540 3207 4596; x_wconf 79' lang='lat' dir='ltr'><strong>facta</strong></span> <span class='ocrx_word' id='word_1_606' title='bbox 3247 4543 3482 4598; x_wconf 87' lang='lat' dir='ltr'><strong>scribere</strong></span> <span class='ocrx_word' id='word_1_607' title='bbox 3524 4545 3801 4610; x_wconf 86' lang='lat' dir='ltr'><strong>voluerint,</strong></span> <span class='ocrx_word' id='word_1_608' title='bbox 3847 4549 3920 4604; x_wconf 91' lang='lat' dir='ltr'><strong>ita</strong></span> <span class='ocrx_word' id='word_1_609' title='bbox 3960 4552 4117 4607; x_wconf 91' lang='lat' dir='ltr'><strong>nobis</strong></span> 
     </span>
    </p>
   </div>
   <div class='ocr_carea' id='block_1_89' title="bbox 2544 4633 4117 4712">
    <p class='ocr_par' dir='ltr' id='par_1_89' title="bbox 2544 4633 4117 4712">
     <span class='ocr_line' id='line_1_89' title="bbox 2544 4633 4117 4712; baseline 0.008 -27"><span class='ocrx_word' id='word_1_610' title='bbox 2544 4634 2787 4697; x_wconf 90' lang='lat' dir='ltr'><strong>credant,</strong></span> <span class='ocrx_word' id='word_1_611' title='bbox 2838 4649 2959 4687; x_wconf 92' lang='lat' dir='ltr'><strong>cum</strong></span> <span class='ocrx_word' id='word_1_612' title='bbox 3001 4633 3268 4689; x_wconf 88' lang='lat' dir='ltr'><strong>audierint</strong></span> <span class='ocrx_word' id='word_1_613' title='bbox 3293 4650 3354 4690; x_wconf 90' lang='lat' dir='ltr'><strong>ea</strong></span> <span class='ocrx_word' id='word_1_614' title='bbox 3388 4637 3617 4701; x_wconf 90' lang='lat' dir='ltr'><strong>narrari,</strong></span> <span class='ocrx_word' id='word_1_615' title='bbox 3643 4653 3761 4707; x_wconf 80' lang='lat' dir='ltr'><strong>qua:</strong></span> <span class='ocrx_word' id='word_1_616' title='bbox 3786 4655 3816 4693; x_wconf 92' lang='lat' dir='ltr'><strong>a</strong></span> <span class='ocrx_word' id='word_1_617' title='bbox 3842 4640 3995 4695; x_wconf 88' lang='lat' dir='ltr'><strong>nobis</strong></span> <span class='ocrx_word' id='word_1_618' title='bbox 4018 4659 4117 4712; x_wconf 87' lang='lat' dir='ltr'><strong>po-</strong></span> 
     </span>
    </p>
   </div>
   <div class='ocr_carea' id='block_1_90' title="bbox 2543 4723 4114 4790">
    <p class='ocr_par' dir='ltr' id='par_1_90' title="bbox 2543 4723 4114 4790">
     <span class='ocr_line' id='line_1_90' title="bbox 2543 4723 4114 4790; baseline 0.008 -14"><span class='ocrx_word' id='word_1_619' title='bbox 2543 4730 2693 4777; x_wconf 89' lang='lat' dir='ltr'><strong>tuere</strong></span> <span class='ocrx_word' id='word_1_620' title='bbox 2717 4723 2907 4790; x_wconf 86' lang='lat' dir='ltr'><strong>videri.</strong></span> <span class='ocrx_word' id='word_1_621' title='bbox 2965 4723 3135 4790; x_wconf 89' lang='lat' dir='ltr'><strong>Quam</strong></span> <span class='ocrx_word' id='word_1_622' title='bbox 3173 4726 3313 4780; x_wconf 88' lang='lat' dir='ltr'><strong>enim</strong></span> <span class='ocrx_word' id='word_1_623' title='bbox 3342 4726 3408 4781; x_wconf 89' lang='lat' dir='ltr'><strong>de</strong></span> <span class='ocrx_word' id='word_1_624' title='bbox 3441 4742 3499 4782; x_wconf 87' lang='lat' dir='ltr'><strong>se</strong></span> <span class='ocrx_word' id='word_1_625' title='bbox 3541 4730 3652 4782; x_wconf 87' lang='lat' dir='ltr'><strong>veri</strong></span> <span class='ocrx_word' id='word_1_626' title='bbox 3700 4732 4114 4789; x_wconf 61' lang='lat' dir='ltr'><strong>aestimationem</strong></span> 
     </span>
    </p>
   </div>
   <div class='ocr_carea' id='block_1_91' title="bbox 2541 4813 4113 4890">
    <p class='ocr_par' dir='ltr' id='par_1_91' title="bbox 2541 4813 4113 4890">
     <span class='ocr_line' id='line_1_91' title="bbox 2541 4813 4113 4890; baseline 0.009 -25"><span class='ocrx_word' id='word_1_627' title='bbox 2541 4827 2571 4865; x_wconf 91' lang='lat' dir='ltr'><strong>a</strong></span> <span class='ocrx_word' id='word_1_628' title='bbox 2602 4813 2951 4881; x_wconf 88' lang='lat' dir='ltr'><strong>sequentibus</strong></span> <span class='ocrx_word' id='word_1_629' title='bbox 2979 4813 3167 4869; x_wconf 88' lang='lat' dir='ltr'><strong>haberi</strong></span> <span class='ocrx_word' id='word_1_630' title='bbox 3205 4816 3390 4882; x_wconf 85' lang='lat' dir='ltr'><strong>velint,</strong></span> <span class='ocrx_word' id='word_1_631' title='bbox 3424 4832 3543 4872; x_wconf 88' lang='lat' dir='ltr'><strong>eam</strong></span> <span class='ocrx_word' id='word_1_632' title='bbox 3573 4828 3715 4874; x_wconf 89' lang='lat' dir='ltr'><strong>recte</strong></span> <span class='ocrx_word' id='word_1_633' title='bbox 3757 4823 4113 4890; x_wconf 70' lang='lat' dir='ltr'><strong>praecedenti-</strong></span> 
     </span>
    </p>
   </div>
   <div class='ocr_carea' id='block_1_92' title="bbox 2540 4900 4114 4978">
    <p class='ocr_par' dir='ltr' id='par_1_92' title="bbox 2540 4900 4114 4978">
     <span class='ocr_line' id='line_1_92' title="bbox 2540 4900 4114 4978; baseline 0.01 -24"><span class='ocrx_word' id='word_1_634' title='bbox 2540 4900 2640 4956; x_wconf 90' lang='lat' dir='ltr'><strong>bus</strong></span> <span class='ocrx_word' id='word_1_635' title='bbox 2670 4900 2971 4956; x_wconf 89' lang='lat' dir='ltr'><strong>concedere</strong></span> <span class='ocrx_word' id='word_1_636' title='bbox 2997 4901 3213 4957; x_wconf 88' lang='lat' dir='ltr'><strong>debent.</strong></span> <span class='ocrx_word' id='word_1_637' title='bbox 3266 4904 3418 4972; x_wconf 83' lang='lat' dir='ltr'><strong>Quod</strong></span> <span class='ocrx_word' id='word_1_638' title='bbox 3439 4908 3483 4961; x_wconf 94' lang='lat' dir='ltr'><strong>si</strong></span> <span class='ocrx_word' id='word_1_639' title='bbox 3515 4908 3659 4962; x_wconf 88' lang='lat' dir='ltr'><strong>nulla</strong></span> <span class='ocrx_word' id='word_1_640' title='bbox 3684 4924 3803 4978; x_wconf 72' lang='lat' dir='ltr'><strong>qua:</strong></span> <span class='ocrx_word' id='word_1_641' title='bbox 3826 4912 3991 4968; x_wconf 86' lang='lat' dir='ltr'><strong>scribi</strong></span> <span class='ocrx_word' id='word_1_642' title='bbox 4022 4914 4114 4969; x_wconf 90' lang='lat' dir='ltr'><strong>de-</strong></span> 
     </span>
    </p>
   </div>
   <div class='ocr_carea' id='block_1_93' title="bbox 2538 4991 4113 5069">
    <p class='ocr_par' dir='ltr' id='par_1_93' title="bbox 2538 4991 4113 5069">
     <span class='ocr_line' id='line_1_93' title="bbox 2538 4991 4113 5069; baseline 0.01 -24"><span class='ocrx_word' id='word_1_643' title='bbox 2538 4991 2724 5056; x_wconf 89' lang='lat' dir='ltr'><strong>beant,</strong></span> <span class='ocrx_word' id='word_1_644' title='bbox 2766 4992 2877 5046; x_wconf 90' lang='lat' dir='ltr'><strong>suis</strong></span> <span class='ocrx_word' id='word_1_645' title='bbox 2929 4994 3255 5062; x_wconf 89' lang='lat' dir='ltr'><strong>temporibus</strong></span> <span class='ocrx_word' id='word_1_646' title='bbox 3302 4997 3419 5051; x_wconf 84' lang='lat' dir='ltr'><strong>ﬁeri</strong></span> <span class='ocrx_word' id='word_1_647' title='bbox 3465 4999 3792 5069; x_wconf 89' lang='lat' dir='ltr'><strong>co.tiugant,</strong></span> <span class='ocrx_word' id='word_1_648' title='bbox 3843 5017 3949 5056; x_wconf 91' lang='lat' dir='ltr'><strong>non</strong></span> <span class='ocrx_word' id='word_1_649' title='bbox 3992 5004 4113 5061; x_wconf 88' lang='lat' dir='ltr'><strong>ideo</strong></span> 
     </span>
    </p>
   </div>
   <div class='ocr_carea' id='block_1_94' title="bbox 2538 5081 4111 5158">
    <p class='ocr_par' dir='ltr' id='par_1_94' title="bbox 2538 5081 4111 5158">
     <span class='ocr_line' id='line_1_94' title="bbox 2538 5081 4111 5158; baseline 0.01 -24"><span class='ocrx_word' id='word_1_650' title='bbox 2538 5096 2636 5135; x_wconf 89' lang='lat' dir='ltr'><strong>nos</strong></span> <span class='ocrx_word' id='word_1_651' title='bbox 2662 5082 2841 5135; x_wconf 88' lang='lat' dir='ltr'><strong>statim</strong></span> <span class='ocrx_word' id='word_1_652' title='bbox 2870 5081 3120 5137; x_wconf 81' lang='lat' dir='ltr'><strong>falsitatis</strong></span> <span class='ocrx_word' id='word_1_653' title='bbox 3161 5094 3407 5154; x_wconf 88' lang='lat' dir='ltr'><strong>arguant,</strong></span> <span class='ocrx_word' id='word_1_654' title='bbox 3450 5088 3600 5156; x_wconf 89' lang='lat' dir='ltr'><strong>quasi</strong></span> <span class='ocrx_word' id='word_1_655' title='bbox 3638 5090 3780 5158; x_wconf 91' lang='lat' dir='ltr'><strong>quod</strong></span> <span class='ocrx_word' id='word_1_656' title='bbox 3821 5092 3926 5148; x_wconf 88' lang='lat' dir='ltr'><strong>alio</strong></span> <span class='ocrx_word' id='word_1_657' title='bbox 3978 5103 4111 5149; x_wconf 86' lang='lat' dir='ltr'><strong>tem-</strong></span> 
     </span>
    </p>
   </div>
   <div class='ocr_carea' id='block_1_95' title="bbox 2538 5172 4111 5254">
    <p class='ocr_par' dir='ltr' id='par_1_95' title="bbox 2538 5172 4111 5254">
     <span class='ocr_line' id='line_1_95' title="bbox 2538 5172 4111 5254; baseline 0.009 -29"><span class='ocrx_word' id='word_1_658' title='bbox 2538 5186 2667 5240; x_wconf 90' lang='lat' dir='ltr'><strong>pore</strong></span> <span class='ocrx_word' id='word_1_659' title='bbox 2697 5172 2902 5226; x_wconf 89' lang='lat' dir='ltr'><strong>occulta</strong></span> <span class='ocrx_word' id='word_1_660' title='bbox 2932 5172 3025 5227; x_wconf 91' lang='lat' dir='ltr'><strong>Dei</strong></span> <span class='ocrx_word' id='word_1_661' title='bbox 3053 5174 3386 5243; x_wconf 89' lang='lat' dir='ltr'><strong>providentia</strong></span> <span class='ocrx_word' id='word_1_662' title='bbox 3435 5193 3537 5232; x_wconf 92' lang='lat' dir='ltr'><strong>non</strong></span> <span class='ocrx_word' id='word_1_663' title='bbox 3593 5179 3672 5245; x_wconf 89' lang='lat' dir='ltr'><strong>ﬁt,</strong></span> <span class='ocrx_word' id='word_1_664' title='bbox 3722 5181 3826 5237; x_wconf 90' lang='lat' dir='ltr'><strong>alio</strong></span> <span class='ocrx_word' id='word_1_665' title='bbox 3871 5194 4111 5254; x_wconf 90' lang='lat' dir='ltr'><strong>tempore</strong></span> 
     </span>
    </p>
   </div>
   <div class='ocr_carea' id='block_1_96' title="bbox 2536 5262 4107 5334">
    <p class='ocr_par' dir='ltr' id='par_1_96' title="bbox 2536 5262 4107 5334">
     <span class='ocr_line' id='line_1_96' title="bbox 2536 5262 4107 5334; baseline 0.008 -19"><span class='ocrx_word' id='word_1_666' title='bbox 2536 5277 2635 5331; x_wconf 92' lang='lat' dir='ltr'><strong>pro</strong></span> <span class='ocrx_word' id='word_1_667' title='bbox 2663 5262 2996 5332; x_wconf 86' lang='lat' dir='ltr'><strong>corrigendis</strong></span> <span class='ocrx_word' id='word_1_668' title='bbox 3026 5263 3109 5315; x_wconf 88' lang='lat' dir='ltr'><strong>vel</strong></span> <span class='ocrx_word' id='word_1_669' title='bbox 3140 5265 3491 5334; x_wconf 90' lang='lat' dir='ltr'><strong>corripiendis</strong></span> <span class='ocrx_word' id='word_1_670' title='bbox 3528 5269 3832 5326; x_wconf 87' lang='lat' dir='ltr'><strong>hominibus</strong></span> <span class='ocrx_word' id='word_1_671' title='bbox 3859 5271 3971 5326; x_wconf 89' lang='lat' dir='ltr'><strong>ﬁeri</strong></span> <span class='ocrx_word' id='word_1_672' title='bbox 4001 5287 4107 5327; x_wconf 90' lang='lat' dir='ltr'><strong>non</strong></span> 
     </span>
    </p>
   </div>
   <div class='ocr_carea' id='block_1_97' title="bbox 2536 5353 4109 5432">
    <p class='ocr_par' dir='ltr' id='par_1_97' title="bbox 2536 5353 4109 5432">
     <span class='ocr_line' id='line_1_97' title="bbox 2536 5353 4109 5432; baseline 0.008 -26"><span class='ocrx_word' id='word_1_673' title='bbox 2536 5353 2724 5423; x_wconf 90' lang='lat' dir='ltr'><strong>possit,</strong></span> <span class='ocrx_word' id='word_1_674' title='bbox 2758 5368 2880 5406; x_wconf 89' lang='lat' dir='ltr'><strong>cum</strong></span> <span class='ocrx_word' id='word_1_675' title='bbox 2906 5368 3120 5423; x_wconf 83' lang='lat' dir='ltr'><strong>semper</strong></span> <span class='ocrx_word' id='word_1_676' title='bbox 3143 5358 3593 5425; x_wconf 84' lang='lat' dir='ltr'><strong>opportunitatem</strong></span> <span class='ocrx_word' id='word_1_677' title='bbox 3620 5376 3797 5415; x_wconf 87' lang='lat' dir='ltr'><strong>rerum</strong></span> <span class='ocrx_word' id='word_1_678' title='bbox 3823 5371 3876 5417; x_wconf 90' lang='lat' dir='ltr'><strong>et</strong></span> <span class='ocrx_word' id='word_1_679' title='bbox 3908 5373 4109 5432; x_wconf 90' lang='lat' dir='ltr'><strong>tempo-</strong></span> 
     </span>
    </p>
   </div>
   <div class='ocr_carea' id='block_1_98' title="bbox 2536 5444 4105 5500">
    <p class='ocr_par' dir='ltr' id='par_1_98' title="bbox 2536 5444 4105 5500">
     <span class='ocr_line' id='line_1_98' title="bbox 2536 5444 4105 5500; baseline 0.002 -3"><span class='ocrx_word' id='word_1_680' title='bbox 2536 5458 2656 5497; x_wconf 88' lang='lat' dir='ltr'><strong>rum</strong></span> <span class='ocrx_word' id='word_1_681' title='bbox 2681 5444 2861 5500; x_wconf 77' lang='lat' dir='ltr'><strong>exitzat</strong></span> <span class='ocrx_word' id='word_1_682' title='bbox 2886 5446 3058 5500; x_wconf 66' lang='lat' dir='ltr'><strong>gratia</strong></span> <span class='ocrx_word' id='word_1_683' title='bbox 3086 5447 3484 5500; x_wconf 83' lang='lat' dir='ltr'><strong>miraculorum.</strong></span> <span class='ocrx_word' id='word_1_684' title='bbox 3534 5449 3669 5500; x_wconf 89' lang='lat' dir='ltr'><strong>Num</strong></span> <span class='ocrx_word' id='word_1_685' title='bbox 3718 5453 3860 5496; x_wconf 61' lang='lat' dir='ltr'><strong>anim</strong></span> <span class='ocrx_word' id='word_1_686' title='bbox 3900 5454 4105 5500; x_wconf 72' lang='lat' dir='ltr'><strong>idnircn</strong></span> 
     </span>
    </p>
   </div>
  </div>
