4516 5500
423 416 530 470 657

1841 416 2206 469 ιιιιιιίῖωδι.

3544 432 3643 483 45%

429 542 529 579 non
562 526 692 579 bibit
719 566 731 587 ,
763 536 813 578 et
843 527 928 594 qui
966 542 1166 579 veneno
1196 527 1528 594 deperierant
1561 542 1659 578 non
1700 527 1984 577 rcsuscita-
2019 531 2063 586 Α
2095 526 2348 578 Sacerdos
2403 528 2720 594 paru.’yticus
2781 541 3012 582 curatur.
3080 531 3324 598 Ingratus
3380 538 3557 589 ret-odit
3608 541 3662 589 in

427 616 519 675 vit,
550 616 691 681 quod
739 615 837 666 ista
888 616 1070 667 nescio
1095 616 1214 682 quis
1250 615 1509 682 inqxostor
1546 622 1598 665 et
1641 614 1996 666 calumniator

424 716 528 753 non
579 702 801 763 viderit;
857 702 1007 769 quasi
1040 702 1080 755 si
1118 702 1236 770 quis
1273 702 1611 764 nauclerum,
1644 702 1723 753 vel
1754 703 1993 771 aurigam

423 786 623 839 laudari
651 790 901 849 audierit,
928 790 1067 856 quod
1102 790 1186 842 hic
1214 790 1387 842 navim
1422 791 1470 841 in
1502 790 1729 857 procella
1752 791 1996 859 gnaviter

424 890 633 941 regere,
661 876 744 928 ille
782 892 949 943 equos
979 877 1206 931 artificio
1240 880 1373 931 sciat
1420 879 1469 930 in
1516 896 1727 932 cursum
1779 881 1992 944 ducere,

421 978 579 1030 supra
615 964 900 1017 humanam
930 975 1175 1018 naturam
1218 966 1315 1020 hoc
1364 983 1481 1021 esse
1519 970 1827 1031 contendat,
1876 970 1994 1023 ideo

420 1053 561 1119 quod
592 1053 678 1105 ille
701 1054 812 1105 ﬁeri
845 1069 946 1106 non
977 1070 1131 1121 posse
1157 1058 1359 1109 credat.
1412 1056 1523 1109 Non
1555 1058 1730 1126 itaque
1757 1058 1857 1112 hoc
1896 1061 1991 1113 ad-

421 1143 761 1205 mittendum,
794 1144 884 1197 sed
912 1145 1052 1211 quod
1081 1159 1411 1213 unaquchue
1453 1162 1540 1199 res
1587 1155 1796 1215 tempus
1824 1156 1877 1200 et
1906 1162 1994 1199 or-

420 1231 598 1285 dinem
635 1244 838 1302 spectet
874 1236 1217 1288 credendum.
1280 1234 1572 1304 Dignentur
1618 1253 1747 1307 ergo
1775 1239 1993 1293 credere

425 1324 516 1390 qui
554 1324 664 1377 haec
693 1325 1052 1393 diguabuntur
1099 1327 1292 1395 legere,
1326 1336 1382 1380 ιιι
1405 1330 1851 1397 quemadmodum
1886 1348 1991 1384 me-

420 1416 526 1465 rito
556 1413 675 1465 tidei
721 1424 916 1468 nostra:
966 1431 1069 1483 qua
1115 1417 1486 1481 credebamus,
1538 1434 1660 1471 vera
1708 1435 1827 1474 esse
1876 1436 1993 1489 quae

419 1514 524 1551 non
554 1501 874 1564 videramus,
900 1514 1077 1555 actum
1104 1514 1261 1557 estut
1282 1506 1454 1573 aliqua
1479 1506 1659 1559 videre
1678 1522 1987 1575 possemus;

418 1590 491 1641 ita
539 1589 610 1641 illi
660 1592 935 1657 praemium
995 1593 1114 1647 ﬁdei
1164 1594 1391 1648 habeant
1446 1597 1765 1665 quandoque
1813 1598 1990 1651 videre

416 1696 594 1750 posse,
626 1684 767 1751 quod
800 1686 1139 1738 narrantibus
1166 1687 1318 1739 nobis
1348 1687 1637 1741 indubitata
1674 1690 1775 1743 ﬁde
1807 1699 1990 1759 potue-

416 1781 540 1825 runt
574 1774 811 1827 credere.
850 1773 966 1827 Jam
1012 1776 1078 1829 ad
1114 1777 1380 1845 proposita
1420 1779 1776 1842 transibimus,
1809 1791 1861 1834 et
1884 1796 1989 1849 quo

2583 599 2815 650 morbum
2860 610 2906 650 et
2956 605 3203 667 exspirat.

2168 684 2218 736 ι.
2280 684 2541 740 Sacerdos
2591 688 2805 754 quidam
2856 688 3260 744 Folcancnsium
3308 696 3663 763 pnepositns.

2098 776 2311 828 nomine
2332 776 2614 837 Ceovvlfus,
2644 779 2723 829 vir
2744 778 2976 847 locuples
3005 782 3156 835 valde
3203 794 3349 843 erat,
3396 787 3665 854 multath

2098 864 2370 917 nobilitate
2398 866 2537 918 inter
2564 881 2689 921 suos
2719 869 2966 935 pollebat.
3018 870 3113 925 llic
3153 887 3248 939 per
3274 874 3466 927 multos
3496 890 3666 928 annos

2098 951 2169 1005 ita
2198 953 2433 1006 omnium
2465 956 2826 1009 membrorum
2875 959 3105 1028 paralysi
3142 961 3431 1015 dissolutus
3467 962 3658 1025 funerat,

2096 1050 2152 1095 ut
2191 1058 2362 1111 neque
2384 1044 2584 1098 vicinas
2614 1049 2977 1115 possessiones
3009 1050 3175 1115 adire,
3213 1066 3385 1119 neque
3428 1054 3666 1106 ecclesiae

2096 1130 2277 1184 limina
2324 1132 2634 1201 contingere
2654 1176 2667 1198 ,
2696 1136 2797 1189 nisi
2827 1137 2876 1188 in
2906 1138 3127 1205 grabato
3157 1139 3488 1206 deportatus,
3519 1142 3667 1194 valc—

2097 1229 2194 1273 ret.
2248 1220 2447 1275 Suasus
2476 1224 2655 1293 itaque
2690 1225 2758 1279 ab
2788 1226 2987 1280 intimis
3014 1228 3144 1291 suis,
3171 1238 3229 1281 ut
3257 1231 3321 1283 ad
3349 1234 3663 1286 memoriam

2093 1308 2271 1363 domui
2303 1312 2558 1366 Dunstani
2590 1315 2841 1368 miserum
2876 1318 3103 1370 cadaver
3133 1318 3331 1373 sineret
3362 1320 3663 1381 transferri.

2092 1400 2265 1469 primo
2292 1402 2506 1470 quidem
2538 1405 2855 1458 verecundia
2888 1406 3093 1459 distulit
3118 1409 3278 1463 homo
3307 1410 3476 1473 dives,
3517 1412 3667 1464 dedi-

2092 1504 2261 1557 gnans
2284 1491 2609 1545 consortium
2640 1496 2989 1562 paupertatis,
3017 1512 3080 1549 ex
3107 1500 3354 1553 omnibus
3386 1500 3514 1555 locis
3536 1518 3662 1569 pro—

2091 1589 2208 1649 pter
2234 1596 2380 1650 spem
2417 1585 2789 1650 recuperandae
2817 1586 3001 1640 salutis
3034 1588 3156 1642 illuc
3185 1589 3517 1645 conﬂuentis.
3558 1592 3661 1645 Sed

2091 1684 2213 1722 cum
2239 1671 2348 1737 jam
2380 1688 2488 1740 pra:
2514 1674 2715 1727 doloris
2750 1677 3114 1743 magnitudine
3156 1679 3256 1732 sibi
3292 1680 3387 1747 ipsi
3412 1689 3555 1734 e~set
3578 1683 3660 1734 iu-

2092 1760 2405 1822 tolerabilis,
2428 1761 2585 1827 jussit
2616 1763 2918 1819 feretralem
2963 1783 3222 1835 equorum
3263 1770 3518 1825 lateribus
3545 1788 3662 1825 ma-

415 1865 606 1919 ordine
631 1880 855 1932 quaeque
885 1882 973 1919 res
1003 1877 1142 1929 acta,
1182 1877 1437 1936 quantum
1474 1885 1778 1937 possumus,
1815 1872 1994 1927 brevi-
2020 1868 2064 1927 B
2092 1849 2198 1902 ⁰¹⁸ί¹

1881 1874 1994 1927 ἐνί,
2020 1868 2064 1927 Β
2092 1849 2301 1902 chinam
2336 1852 2596 1918 coaplari,
2635 1868 2797 1921 seque
2838 1856 2890 1908 in
2930 1870 2990 1909 ea
3035 1858 3264 1925 positum
3311 1862 3377 1913 ad
3425 1860 3662 1915 ecclesia:

417 1963 501 2008 ter
523 1970 585 2008 ac
605 1955 833 2008 dilucide
864 1958 1221 2010 narrabimus.

1009 2047 1190 2103 Ca't‘us
1239 2051 1386 2104 ridet.

483 2136 539 2189 2.
586 2134 745 2189 Vicus
775 2145 855 2189 est
889 2137 1005 2189 urbi
1052 2138 1353 2193 Cantuaria:
1395 2141 1622 2204 vicinus,
1657 2141 1880 2196 Leo/mm
1921 2144 1987 2197 ab

414 2224 604 2278 incolis
627 2226 820 2278 dictus.
863 2224 1013 2278 Hunc
1043 2227 1258 2293 quidam
1304 2228 1387 2281 vir
1426 2229 1776 2293 inbabilabat,
1826 2246 1985 2298 quem

412 2314 568 2384 longa
596 2315 870 2369 oculorum
910 2316 1123 2369 caecitas
1171 2317 1445 2384 gravabat.
1499 2318 1818 2373 Admonitus
1864 2335 1989 2390 ergo

414 2408 469 2459 in
502 2406 703 2459 somnis
734 2414 837 2468 est,
864 2416 921 2458 ut
947 2415 1149 2475 patrem
1193 2407 1379 2473 patria:
1430 2407 1760 2462 Dunstanum
1808 2411 1987 2476 adeat,

412 2496 696 2549 commissa
735 2497 869 2549 mala
906 2496 1210 2565 deplangat,
1235 2496 1470 2551 futurum
1503 2514 1621 2552 es=e
1652 2508 1707 2552 ut
1733 2501 1988 2555 amissum

413 2583 593 2638 lumen
624 2599 719 2652 per
746 2599 868 2637 eum
897 2585 1137 2652 recipiat.
1196 2584 1391 2639 Narrat
1418 2587 1530 2640 suis
1572 2587 1731 2641 homo
1773 2605 1890 2657 qua:
1917 2590 1991 2643 vi-

412 2674 596 2737 derat;
624 2674 893 2738 l'avebant,
917 2684 972 2728 et
996 2686 1243 2729 auctores
1264 2676 1338 2728 illi
1372 2677 1580 2731 itineris
1605 2680 1985 2747 procurabant.

414 2760 720 2831 Ingreditur
758 2763 935 2832 itaque
964 2779 1137 2817 caecus
1166 2764 1445 2818 ecclesiam
1476 2766 1707 2829 Christi,
1744 2777 1862 2821 orat
1888 2769 1988 2822 sibi

412 2851 761 2917 pernoctandi
791 2852 983 2905 ibidem
1033 2852 1299 2907 licentiam
1349 2855 1461 2907 dari
1500 2855 1685 2918 :Tale,
1720 2856 1987 2925 inquiens,

410 2952 738 3009 prmceptum
766 2942 993 3009 suscepi.
1036 2942 1290 3010 Sequenti
1338 2958 1463 2997 vero
1506 2955 1561 2999 et
1609 2948 1784 3001 media
1834 2960 1989 3003 nocte

411 3028 576 3096 cmpit
619 3029 684 3082 de
726 3032 928 3083 tumulo
965 3031 1061 3083 viri
1091 3030 1181 3084 Dei
1214 3045 1371 3085 omne
1406 3047 1574 3100 genus
1620 3035 1989 3090 odoramento—

416 3134 534 3171 rum
564 3118 749 3171 sentiri
770 3158 785 3180 ,
822 3129 877 3172 et
903 3133 1075 3173 ca‘cus
1109 3120 1319 3173 interim
1354 3121 1684 3189 gravissimis
1710 3124 1984 3179 oculorum

2084 1944 2296 2011 ianuas,
2334 1946 2421 1999 ubi
2463 1956 2788 2000 memoratus
2817 1958 3030 2001 sanctus
3058 1951 3364 2019 requiescit.
3400 1953 3657 2021 pertrahi.

2088 2035 2159 2088 lbi
2188 2036 2456 2089 clientium
2500 2052 2717 2092 suorum
2748 2040 2984 2095 humeris
3023 2053 3351 2100 sustentatus
3382 2046 3521 2100 intro
3549 2047 3661 2100 illa-

2090 2134 2175 2179 tus
2221 2134 2323 2189 est,
2378 2138 2731 2196 prosequente
2778 2130 2922 2183 illum
2965 2147 3067 2185 non
3118 2150 3275 2201 parva
3323 2135 3660 2190 multitudine

2088 2226 2423 2286 agitatorum,
2460 2219 2725 2274 ﬂebilibus
2759 2223 2976 2277 vocibus
3006 2224 3259 2279 Dunstani
3292 2243 3482 2281 nomen
3513 2228 3660 2281 invo-

2088 2308 2345 2361 cantium.
2384 2308 2628 2363 Secunda
2666 2320 2843 2366 autem
2874 2315 2959 2367 die
2990 2314 3156 2370 factus
3185 2320 3234 2370 in
3267 2320 3454 2388 agonia
3489 2336 3658 2390 aegro-

2091 2404 2175 2451 tus
2201 2400 2369 2451 sensit
2396 2401 2544 2467 quasi
2584 2416 2802 2455 manum
2844 2403 3073 2459 hominis
3117 2422 3211 2474 per
3254 2418 3421 2462 totum
3466 2425 3658 2478 corpus

2088 2488 2495 2554 discurrentem,
2527 2506 2816 2561 omnesque
2855 2494 3017 2547 totius
3050 2497 3288 2564 corporis
3314 2512 3504 2551 nervos
3548 2498 3658 2550 dis-

2090 2580 2437 2649 tinguentem.
2484 2582 2607 2636 Inde
2654 2584 2953 2637 vociferans
2987 2599 3016 2636 e
3052 2595 3191 2639 terra
3227 2588 3446 2649 exsiliit,
3476 2589 3525 2641 in
3558 2603 3654 2655 pe-

2089 2668 2245 2722 dibus
2265 2670 2377 2723 suis
2398 2672 2655 2731 constitit.
2688 2683 2738 2725 et
2764 2675 3005 2727 restituta
3033 2677 3097 2729 ad
3130 2677 3391 2746 integrum
3427 2678 3656 2731 sanitate

2088 2758 2390 2811 exclamare
2416 2762 2578 2829 εωρίι
2606 2780 2617 2812 :
2652 2761 2967 2817 Benedictus
2994 2766 3159 2819 Filius
3204 2767 3295 2820 Dei
3328 2767 3554 2821 viventis
3602 2768 3653 2819 in

2089 2844 2229 2900 bono
2253 2863 2407 2901 servo
2434 2865 2530 2903 suo
2562 2852 2851 2918 Dunstano.
2880 2862 2933 2905 et
2974 2855 3284 2909 benedictus
3328 2858 3497 2911 bonus
3543 2871 3658 2910 scr-

2088 2950 2187 2988 vus
2218 2937 2333 3005 rjus
2364 2938 2668 2994 Dunstanus
2691 2942 2741 2995 in
2770 2942 2877 2995 illo.
2924 2942 3056 2999 Vere
3086 2946 3236 3013 pius,
3265 2960 3388 3000 vere
3415 2948 3656 3014 omnipo-

2091 3038 2206 3081 tens
2250 3028 2514 3093 Christus,
2542 3031 2631 3099 qui
2664 3046 2849 3087 servos
2870 3041 2976 3087 tam
2999 3044 3241 3104 potentes
3268 3046 3519 3106 tantique
3545 3040 3658 3107 pic-

2091 3127 2201 3172 tate
2236 3120 2487 3186 praeditos
2519 3120 2697 3174 habet.
2749 3122 2868 3177 Mox
2913 3124 3124 3194 hymnis
3153 3134 3206 3179 et
3234 3125 3474 3181 laudibus
3500 3129 3658 3181 devo-

410 3209 790 3277 punctionibus
841 3209 1157 3277 gravissime
1204 3212 1460 3279 torqueri.
1511 3212 1775 3267 Clamavit
1803 3216 1980 3284 itaque
2009 3198 2053 3259 Ο
2086 3210 2288 3265 tissime
2317 3211 2539 3264 Domino
2565 3212 2867 3281 persolutis,
2898 3215 2986 3283 qui
3012 3214 3199 3270 alienis
3221 3219 3464 3271 manibus
3488 3217 3660 3272 fuerat

413 3299 645 3363 fortiter,
684 3309 903 3353 sanatus
930 3308 1010 3353 est
1043 3300 1379 3364 mirabiliter,
1426 3302 1659 3356 laudavit
1702 3305 1888 3370 Deum,
1928 3314 1983 3359 et

413 3389 742 3443 Duustauum
774 3389 1029 3443 hilariter.

955 3481 1082 3534 Item
1121 3491 1223 3535 tres
1262 3499 1431 3537 ca'cw.

479 3576 531 3627 5.
593 3572 726 3627 Tres
774 3573 934 3627 etiam
978 3573 1227 3627 mulieres
1256 3574 1308 3626 in
1348 3590 1451 3628 una
1482 3573 1641 3629 domo
1681 3590 1985 3630 commane-

412 3665 560 3726 bant,
594 3664 753 3717 simili
781 3678 847 3717 ex
880 3663 1036 3732 longo
1065 3675 1304 3732 tempore
1353 3665 1593 3719 caecitate
1625 3681 1907 3736 percussae,
1930 3679 1985 3722 et

409 3770 574 3809 onere
615 3749 949 3823 paupertatis
982 3770 1265 3824 oppressae.
1329 3755 1439 3811 llas
1470 3773 1693 3828 magnus
1720 3759 1805 3812 ille
1840 3760 1988 3813 Dun-

410 3852 617 3905 stanus,
647 3843 774 3895 dum
820 3842 873 3896 in
920 3857 1147 3912 corpore
1177 3844 1421 3909 vixisset,
1468 3846 1607 3899 inter
1644 3857 1865 3902 exteros
1890 3850 1985 3904 Ec-

410 3932 588 3986 clesiae
630 3931 1008 4000 stipendiarios
1058 3948 1317 4001 pauperes
1372 3934 1518 3989 alere
1571 3936 1795 3991 solebat.
1856 3939 1985 4005 Qua:

410 4030 634 4090 accepto
659 4034 874 4074 rumore
901 4021 1094 4089 patrati
1144 4022 1388 4076 miraculi
1431 4023 1649 4078 alternis
1696 4040 1755 4079 se
1800 4028 1986 4081 horta-

409 4112 605 4164 bantur
632 4109 988 4165 sermonibus.
1047 4110 1184 4175 Quid
1222 4111 1369 4173 hinc,
1411 4112 1677 4181 inquiunt,
1724 4117 1981 4181 sedimus,

407 4218 529 4272 qua:
548 4212 751 4271 patrem
771 4204 893 4255 vita:
918 4210 1115 4255 nostra:
1146 4202 1462 4258 reviviscere
1487 4206 1734 4260 audimus
1754 4209 1777 4260 ?
1796 4223 1985 4263 eamus

408 4296 475 4348 ad
510 4296 677 4359 illum,
707 4295 1065 4349 calamitatem
1097 4293 1456 4363 deploremus,
1497 4296 1750 4350 auvilium
1781 4297 1984 4368 ﬂagite-

408 4400 553 4439 mus.
598 4385 697 4451 Qui
746 4394 981 4439 nostram
1030 4385 1204 4437 suevit
1251 4384 1515 4453 depellere
1572 4398 1981 4455 paupertatem,

407 4476 715 4546 dignabitur
769 4476 1013 4544 corporis
1065 4475 1232 4529 nostri
1282 4474 1565 4545 proﬂigare
1617 4478 1912 4533 caecitatem
1966 4499 1978 4533 :

406 4568 763 4636 compatietur
787 4564 925 4617 fame
956 4565 1260 4628 morituris,
1290 4574 1349 4617 ut
1378 4566 1582 4619 reddita
1608 4566 1724 4621 luce
1754 4569 1981 4634 gratiam

403 4662 621 4725 prastet
644 4653 1002 4723 pauperculis,
1030 4652 1283 4720 operibus
1307 4668 1556 4707 manuum
1580 4669 1798 4709 suarum
1826 4656 1979 4712 dein-

402 4758 535 4813 ceps
561 4743 803 4797 victuris.
846 4740 1127 4804 Dixerunt,
1164 4749 1217 4793 et
1246 4750 1455 4795 rectore
1487 4744 1675 4797 baculo
1701 4744 1842 4798 viam
1862 4762 1982 4815 quae

403 4833 557 4888 ducit
592 4832 659 4885 ad
698 4832 971 4886 civitatem
1019 4844 1242 4898 pergere
1286 4842 1583 4899 cmperuut.
1632 4831 1870 4903 Cumque
1914 4836 1981 4889 ad

401 4932 613 4993 portam
640 4921 881 4975 ecclesia:
904 4921 1194 4983 venissent,
1216 4920 1417 4987 junctis
1451 4923 1518 4975 ad
1549 4922 1774 4977 invicem
1809 4926 1980 4978 mani-

401 5014 507 5065 bus
534 5012 785 5080 ingressa:
824 5015 968 5069 sunt,
1013 5008 1459 5078 procidentesque
1501 5020 1627 5065 ante
1668 5015 1979 5067 memoriam

400 5102 526 5165 viri,
560 5102 659 5155 hac
683 5112 974 5154 mmrorcm
1001 5098 1385 5168 supplicatione
1426 5101 1744 5169 depromunt
1772 5119 1787 5157 :
1824 5103 1982 5160 Pater

399 5207 605 5255 sancte,
632 5202 785 5261 pater
809 5202 1023 5251 serene,
1045 5190 1110 5243 ad
1135 5189 1230 5244 has
1255 5202 1357 5246 tuae
1376 5192 1753 5251 misericordia:
1782 5197 1978 5265 stipen-

398 5286 600 5341 diarias
624 5284 865 5341 intende.
891 5289 1054 5332 utaut
1075 5279 1231 5333 solito
1255 5296 1407 5336 more
1431 5282 1623 5337 victum
1653 5289 1733 5343 eis
1756 5286 1975 5351 tribuas,

400 5385 488 5404 ιιι..
529 5374 694 5404 ..ιον-Α..
727 5369 1014 5404 Ληοιιηιηιιηι
1044 5384 1139 5404 ΙὶΩΙ·
1168 5372 1308 5404 ηιιΑΑ
1342 5370 1505 5404 vita.“
1540 5379 1833 5404 Ιιυι-ι-ξ.-η-Α
1859 5391 1947 5404 uno

1342 5370 1391 5404 ιιῖ
1401 5379 1412 5404 Ι
1423 5387 1505 5404 ιιι-ιι

2084 3298 2415 3366 deportatus,
2447 3300 2558 3353 suis
2591 3302 2809 3368 pedibus
2846 3306 3102 3368 cucurrit,
3149 3321 3344 3374 cqmnn
3393 3308 3657 3366 ascenﬁil,

2081 3395 2282 3440 etcum
2322 3388 2465 3441 omni
2504 3390 2758 3444 comitatu
2810 3393 3043 3459 gaudens
3090 3402 3143 3445 et
3186 3394 3371 3448 hilaris
3414 3396 3655 3448 recessit.

2085 3475 2191 3528 Sed
2226 3485 2347 3545 post
2372 3493 2570 3545 paucos
2602 3480 2716 3533 dies
2762 3480 2904 3535 facto
2946 3483 3188 3535 convivio
3234 3483 3283 3536 in
3336 3484 3493 3537 domo
3536 3498 3654 3544 sm,

2084 3566 2398 3619 convocavit
2431 3581 2617 3621 onmes
2642 3569 2843 3622 amicos
2870 3577 2925 3623 et
2954 3580 3127 3633 notos,
3155 3581 3212 3624 ut
3232 3571 3332 3624 sibi
3363 3573 3428 3625 de
3463 3570 3654 3638 adepta

2084 3656 2312 3710 sanitate
2333 3656 2749 3726 congauderent,
2778 3670 2829 3713 et
2857 3661 3373 3730 congratularentur.
3414 3660 3656 3730 Cumque

2084 3745 2135 3798 iu
2177 3761 2368 3815 magno
2412 3747 2607 3814 gaudio
2650 3750 3102 3814 convivaremur,
3156 3761 3435 3820 coeperunt
3488 3750 3655 3805 Deum

2084 3835 2301 3888 laudare
2328 3845 2382 3889 et
2402 3836 2721 3905 glorilieare,
2753 3840 2842 3908 qui
2873 3854 2993 3893 cum
3032 3842 3101 3895 sit
3140 3850 3342 3909 potens.
3386 3851 3657 3909 potentem

2084 3938 2187 3976 non
2208 3924 2481 3993 alijecerit,
2504 3928 2598 3980 sed
2623 3941 2742 3981 cum
2770 3929 3091 3997 pauperibus
3115 3929 3226 3983 suis
3257 3931 3584 3997 pmutcntia:
3606 3934 3656 3983 ei

2083 4016 2251 4082 Spatia
2276 4018 2623 4071 concesserit.
2666 4018 2839 4086 Super
2863 4034 2970 4086 quo
2997 4019 3081 4073 ille
3110 4020 3415 4089 indignatus
3441 4038 3661 4089 respou-

2082 4106 2206 4159 dit:
2240 4107 2376 4161 Num
2423 4124 2507 4162 me
2560 4109 2700 4164 inter
2739 4122 2960 4165 cancros
3008 4127 3265 4181 pauperes
3313 4117 3656 4183 computatis.

2082 4193 2207 4261 quia
2238 4195 2378 4248 inter
2415 4210 2508 4249 eos
2550 4208 2795 4252 sanatum
2838 4201 3114 4253 asseritis?
3149 4201 3261 4254 Non
3297 4203 3368 4256 ita
3396 4212 3499 4267 est,
3527 4221 3657 4273 quo-

2084 4285 2226 4338 niam
2248 4287 2347 4340 etsi
2381 4286 2688 4342 Dunstanus
2713 4304 2817 4342 non
2841 4290 3043 4354 fuisset,
3072 4292 3140 4344 ita
3174 4293 3300 4345 mihi
3322 4296 3656 4365 contigisset.

2083 4378 2162 4431 Ad
2203 4378 2341 4434 hanc
2382 4395 2565 4434 vocem
2604 4390 2713 4436 t0to
2739 4397 2964 4450 corpore
3012 4384 3306 4449 intremuit,
3343 4386 3523 4455 itaque
3554 4403 3661 4440 uno

2087 4479 2359 4525 momento
2401 4473 2608 4537 eadem,
2649 4489 2767 4542 quae
2818 4474 2961 4528 illum
3006 4476 3302 4541 dimiserat,
3348 4479 3662 4534 inﬁrmizate

2088 4577 2372 4630 percussus
2415 4574 2518 4629 est,
2566 4574 2623 4618 ut
2661 4566 2789 4619 nihil
2830 4566 2882 4619 in
2926 4569 3173 4621 omnibus
3204 4570 3460 4623 membris
3497 4583 3658 4631 esset,

2085 4652 2228 4721 quod
2262 4656 2330 4707 ab
2370 4654 2471 4708 hac
2505 4657 2853 4724 percussiane
2892 4658 3149 4712 intactum
3187 4670 3509 4713 remaneret.
3558 4658 3665 4710 Vo-

2086 4741 2411 4797 ciferabatur
2437 4760 2563 4815 ergo
2592 4747 2987 4810 miserabiliter,
3020 4758 3073 4803 et
3102 4760 3217 4817 post
3240 4764 3342 4818 pan
3365 4764 3454 4803 un
3485 4752 3666 4816 exspi-

2088 4833 2239 4888 rabat
2275 4834 2575 4889 infeliciter.

2482 4924 2722 4980 Invalida
2763 4927 2959 4979 sanitas
3005 4929 3257 4981 redditur.

2155 5018 2208 5072 ὕ.
2250 5015 2326 5069 Ex
2358 5018 2446 5072 illo
2473 5018 2557 5072 die
2590 5020 2785 5074 multus
2822 5020 3003 5083 timor,
3036 5021 3306 5089 multaqu:
3348 5022 3427 5075 tir
3462 5035 3490 5073 ιι
3535 5037 3671 5074 san~

2087 5120 2231 5164 etum
2268 5107 2363 5164 Dei
2405 5112 2681 5167 veneratio
2700 5111 2959 5171 excrevit,
2990 5125 3050 5164 re
3078 5112 3246 5165 titutis
3293 5110 3358 5164 ad
3402 5112 3678 5179 integram

2088 5199 2336 5255 sanitatis
2395 5199 2783 5271 perfeczionem
2843 5214 2987 5253 nunc
3033 5202 3152 5254 unis
3180 5241 3195 5262 ,
3246 5215 3384 5254 nunc
3430 5198 3698 5267 pluribus

2090 5308 2185 5362 per
2209 5288 2459 5361 singulos
2489 5291 2619 5353 dies
2645 5290 2875 5364 πει-θῦε,
2919 5304 2985 5343 ex
3031 5291 3360 5345 diversarum
3397 5288 3706 5357 reginam“

2090 5379 2427 5404 I--~2‘----.-

2116 5379 2488 5404 --~:-----.-n-
2529 5397 2556 5404 ..
2689 5401 2701 5404 -
2754 5378 2987 5404 -J.I..-l:-
3062 5380 3202 5404 I_|-—
3242 5380 3353 5404 ιιι-ιιι-
3391 5377 3697 5404 σνιιιΙΟΑιιιι..-
