4516 5500
859 382 966 441 459

1851 384 1907 438 S.
1952 382 2361 438 DCNSTANL’S
2401 380 2714 436 AllClllEl‘.
2755 379 3106 436 CA.\TL'.\R.

4022 386 4123 443 16⁷0

854 500 1027 565 Quem
1059 510 1219 566 super
1250 496 1426 566 capita
1456 495 1666 549 illorum
1691 496 1885 550 celsius
1912 499 2175 550 elevatqu
2214 495 2296 549 bis
2322 511 2442 564 pre-
2472 501 2517 559 Α
2547 493 2598 545 iu
2626 501 2871 546 extrema
2900 500 3057 545 :etate
3084 490 3262 545 lumen
3289 488 3567 546 oculorum
3597 491 3884 562 reciperet.
3915 495 4124 550 \‘aeaus

857 587 1011 641 cibus
1043 584 1166 639 fletu
1200 584 1471 654 permistis
1500 595 1687 639 sancto
1728 585 2062 640 obtulerunt.
2110 584 2154 640 0
2204 586 2442 647 Christe,

855 676 1142 745 inquiunt,
1196 676 1339 730 salus
1391 684 1444 729 el
1490 686 1703 730 creator
1748 677 2020 737 omnium,
2066 676 2154 745 qtti
2204 676 2446 730 homines

858 768 958 820 hac
1005 778 1168 825 etiam
1217 764 1268 817 it:
1324 773 1473 834 parte
1526 765 1737 829 caneris
1779 764 2140 819 animantibus
2181 765 2443 819 CXCcllet'c

853 854 1089 919 voluisti,
1122 856 1262 923 quod
1299 854 1437 923 tequi
1478 852 1704 923 poSsiut,
1741 865 1791 908 et
1833 865 2016 908 erecto
2061 856 2238 924 capite
2301 856 2441 909 ince-

856 945 1006 1007 dere,
1050 943 1279 999 reforma
1323 944 1373 998 itt
1421 945 1520 998 hoc
1562 944 1671 998 lilio
1716 956 1899 998 nostro
1939 944 2020 998 vel
2067 944 2208 1012 quod
2253 956 2439 997 natura

856 1036 1202 1091 informatum
1235 1035 1466 1104 reliquit,
1496 1039 1580 1089 vel
1610 1036 1752 1105 quod
1780 1033 2071 1089 formatum
2104 1033 2317 1087 inimica
2347 1048 2439 1087 sa-

855 1127 953 1181 luti
990 1126 1255 1198 ;rgritudo
1302 1125 1564 1195 corrupit.
1617 1124 1797 1181 Solius
1837 1124 1980 1178 enim
2034 1124 2108 1177 ttti
2139 1135 2223 1179 est
2266 1139 2327 1178 ev
2374 1138 2439 1178 eo

855 1219 997 1289 quod
1033 1234 1136 1273 non
1167 1229 1250 1273 est
1278 1219 1329 1271 itt
1381 1217 1430 1271 id
1466 1218 1607 1287 quod
1637 1227 1719 1271 est
1756 1217 2071 1286 perducere,
2101 1226 2155 1270 et
2183 1216 2323 1286 quod
2356 1225 2438 1271 est

856 1312 908 1365 in
946 1324 1299 1381 quascunque
1325 1308 1557 1364 volueris
1589 1308 1791 1363 formas
1819 1317 2047 1361 mutare.
2080 1306 2285 1359 Exaudi
2308 1322 2436 1374 ergo

856 1418 1043 1472 preces
1064 1402 1480 1472 supplicantium
1506 1409 1725 1469 pmpter
1751 1399 2115 1467 temetipsum,
2140 1406 2193 1451 et
2217 1407 2437 1467 propter

853 1493 1189 1547 Iluustanmn
1236 1491 1489 1545 dilectum
1533 1502 1702 1543 tuum.
1738 1488 1888 1542 Tune
1927 1487 2192 1541 demissus
2240 1502 2305 1541 ex
2335 1488 2436 1540 lut-

850 1582 1020 1635 meris
1046 1580 1397 1647 bajulantittm
1422 1594 1481 1633 se
1506 1586 1758 1647 :egrotus,
1786 1588 1843 1629 nt
1874 1577 1940 1630 ad
1971 1576 2286 1631 memoriam
2309 1592 2434 1630 san-

852 1672 923 1725 cti
960 1671 1191 1725 vicimus
1216 1668 1477 1738 applicari
1509 1668 1762 1730 deberet,
1791 1682 1914 1721 mox
1950 1675 2009 1718 ut
2038 1666 2273 1719 tumbam
2308 1665 2430 1719 -eti-

853 1763 961 1829 git,
1014 1761 1065 1813 ιιι
1098 1760 1322 1828 pedibus
1371 1758 1486 1812 suis
1538 1756 1802 1821 constitit,
1850 1764 2011 1823 caput
2048 1755 2430 1823 cumseapulis

851 1866 1065 1903 sursum
1097 1849 1292 1911 erexit,
1324 1858 1379 1901 et
1414 1846 1648 1901 resoluta
1681 1845 1858 1915 lingua
1881 1860 2000 1913 qum
2031 1860 2299 1913 nunquam
2330 1861 2429 1897 an-
2464 1858 2504 1913 η

849 1952 936 1995 tea
968 1940 1146 1995 fuerat
1172 1940 1370 2003 locuta,
1398 1938 1613 1993 excelsa
1658 1952 1791 1991 voce
1834 1936 2068 1991 clamare
2110 1936 2275 2003 cmpit
2312 1932 2437 1987 Clo-

853 2031 937 2085 ria
972 2031 1025 2083 in
1056 2028 1273 2082 excelsis
1321 2028 1446 2091 Deo,
1480 2026 1716 2080 alleluia.
1761 2024 1957 2094 Sicque
1987 2025 2360 2094 perseveravit
2384 2025 2435 2077 itt

848 2119 1161 2189 integritate
1201 2127 1463 2187 suscepta:
1501 2116 1812 2178 locutionis,
1860 2122 1917 2167 ut
1959 2127 2129 2183 usque
2170 2113 2237 2167 ad
2276 2113 2435 2166 linem

845 2218 973 2262 \‘lllB
1002 2225 1107 2262 non
1140 2207 1311 2262 solum
1336 2205 1606 2274 expedite,
1632 2219 1819 2258 verum
1842 2203 2008 2258 etiam
2031 2204 2230 2256 diserte
2256 2202 2435 2255 omnia

855 2299 1186 2369 loqueretur.

870 2390 871 2393 “
1229 2384 1383 2439 cha
1412 2393 1536 2437 nata
1567 2383 1764 2437 lumine
1790 2384 2035 2436 donatur.

917 2497 969 2552 6.
1010 2494 1340 2566 Paupercnla
1387 2496 1548 2549 etiam
1575 2509 1699 2548 eum
1729 2503 1929 2547 caetera
1976 2492 2320 2546 multitudine
2342 2492 2437 2546 ad-

846 2590 992 2645 venit
1014 2588 1195 2643 ferens
1218 2589 1267 2642 in
1291 2587 1431 2641 ulnis
1458 2586 1723 2640 triennem
1741 2593 1923 2639 natam
1943 2600 2008 2638 ex
2034 2593 2188 2637 utero
2210 2599 2306 2637 suo
2320 2583 2436 2636 sine

849 2680 1056 2733 lumine
1105 2686 1310 2732 natam.
1360 2676 1489 2742 Quae
1536 2690 1657 2729 cum
1704 2689 1800 2743 per
1826 2673 2032 2743 aliqum
2058 2671 2174 2726 dies
2203 2671 2434 2726 orationi

846 2786 948 2840 pro
976 2769 1147 2824 salute
1187 2768 1308 2822 lilia:
1336 2782 1446 2821 suae
1489 2766 1716 2821 sollicita
1759 2765 2113 2826 incubuisset,
2142 2778 2242 2817 nec
2270 2777 2436 2816 exau-

848 2863 1019 2916 ditam
1051 2874 1111 2915 se
1140 2859 1480 2928 aliquatenus
1509 2857 1756 2921 sentiret,
1790 2856 2080 2925 deprecata
2112 2862 2195 2907 est
2218 2867 2433 2907 omnem

850 2953 1055 3008 elerum
1086 2950 1287 3004 auxilio
1333 2949 1437 3003 sibi
1479 2948 1618 3017 apud
1650 2946 1745 3001 Dei
1792 2954 2039 3000 sanctum
2086 2943 2234 3007 fore,
2263 2940 2433 2995 conli-

847 3043 984 3096 dens
1032 3057 1126 3096 eos
1180 3048 1329 3094 tanto
1371 3040 1532 3093 citius
1580 3038 1966 3105 impetraturos
2015 3033 2159 3102 quod
2213 3031 2432 3094 vellent,

848 3141 1052 3202 quanto
1079 3131 1127 3185 ei
1160 3146 1270 3200 pra:
1313 3127 1525 3184 eteteris
1566 3126 1875 3180 hominibus
1906 3122 2230 3177 familiarius
2262 3120 2433 3174 servi-

846 3234 986 3280 rent.
1018 3223 1206 3278 Allecti
1236 3224 1417 3292 itaque
1451 3220 1652 3291 pietate
1696 3217 1946 3272 monachi
1976 3215 2088 3287 (61)
2121 3230 2218 3285 pro
2249 3214 2433 3268 dolore

852 3317 1044 3372 matris
1070 3325 1123 3372 et
1161 3316 1419 3385 languore
1458 3313 1681 3383 puellae,
1720 3320 2003 3380 cmpernnt
2041 3307 2432 3363 instantissima

845 3425 1009 3480 prece
1043 3419 1292 3465 sanetum
1322 3409 1633 3477 deposcere,
1666 3413 1725 3458 ut
1753 3418 1939 3457 earum
1972 3399 2243 3455 aﬂlietioni
2273 3398 2429 3453 solita

843 3501 1087 3555 bonitate
1143 3500 1457 3569 dignaretur
1498 3494 1805 3550 subvenire.
1852 3490 2070 3545 Decima
2126 3497 2307 3540 autem
2348 3486 2434 3539 die

847 3592 973 3645 dum
1009 3590 1145 3645 forte
1171 3598 1417 3642 materno
1441 3586 1646 3657 gremio
1671 3582 1842 3652 puella
1874 3580 2233 3642 incumberet,
2258 3574 2433 3630 subito

846 3679 1046 3749 apertis
1092 3676 1264 3731 oculis
1314 3676 1458 3730 clare
1506 3675 1686 3728 omnia
1736 3671 1972 3735 videbat,
2002 3677 2057 3723 et
2103 3682 2214 3736 prtn
2239 3665 2433 3735 gaudio

844 3769 1102 3823 cxsiliens
1130 3766 1344 3821 dicebat
1373 3783 1386 3818 :
1437 3765 1605 3817 Mater
1638 3763 1731 3825 mi,
1761 3776 1881 3831 quae.
1917 3769 2043 3814 sunt
2068 3758 2182 3811 haec
2208 3755 2434 3825 pulchra

845 3876 966 3929 qua
999 3859 1189 3913 video?
1227 3858 1323 3912 Cui
1381 3856 1509 3910 illa:
1557 3853 1814 3916 Videsne,
1866 3850 2075 3919 inquit,
2107 3849 2179 3903 mi
2231 3847 2434 3901 cltara?

858 3953 994 4019 Quae
1024 3951 1163 4004 dixit
1191 3967 1203 4002 :
1228 3949 1458 4003 Pulcher
1486 3949 1645 4001 homo
1671 3942 1940 4011 illejussit
1961 3957 2046 3995 me
2067 3942 2181 3995 luet:
2210 3938 2434 4008 pulchra

842 4045 1050 4098 videre.
1099 4042 1405 4096 Clatn‘atum
1446 4047 1525 4093 est
1568 4039 1751 4105 itaque
1799 4049 1894 4104 per
1930 4042 2096 4086 totam
2148 4028 2434 4084 ecclesiam

845 4133 1077 4203 puellam
1104 4146 1135 4185 a
1164 4131 1447 4185 nativitate
1490 4144 1688 4183 caecam
1720 4143 1748 4179 a
1780 4138 1975 4195 magno
2003 4120 2258 4191 pontifice
2289 4121 2435 4173 Dnn~~

848 4234 1005 4279 stano
1052 4221 1427 4275 illuminatam.
1462 4218 1548 4273 Fit
1593 4230 1889 4272 concursus
1926 4213 2167 4268 omnium
2205 4219 2434 4263 matrem

848 4331 970 4370 cum
1019 4312 1127 4366 lilia
1183 4310 1626 4379 eonstipantium.
1676 4308 1782 4362 Sed
1807 4320 1927 4360 cum
1968 4302 2132 4372 aliqui
2179 4314 2245 4354 ex
2291 4298 2435 4352 clero

849 4407 1073 4461 credere
1107 4420 1213 4458 non
1259 4409 1501 4473 possent,
1557 4398 1701 4469 quod
1745 4394 2058 4467 patentibus
2091 4390 2265 4446 oculis
2308 4403 2433 4442 aeu-

848 4510 971 4551 men
1018 4495 1243 4550 visionis
1288 4494 1511 4558 inesset,
1554 4489 1797 4546 volentes
1835 4484 2152 4556 indaganda:
2188 4482 2433 4537 veritatis

847 4588 1061 4657 signum
1110 4587 1316 4649 videre,
1364 4584 1575 4653 jactant
1622 4596 1812 4652 poma,
1852 4580 1993 4634 sicut
2039 4576 2221 4647 pueris
2267 4573 2429 4627 alludi

848 4679 1007 4740 solet,
1034 4693 1131 4747 per
1161 4677 1525 4746 pavimentum
1556 4671 1832 4735 eeclesim,
1872 4678 1930 4722 ut
1964 4665 2345 4736 experirentur
2388 4661 2433 4715 si

847 4771 1054 4837 absque
1101 4782 1287 4823 errore
1335 4765 1595 4821 infantnla
1642 4771 1826 4834 posset
1871 4776 1934 4815 ea
1974 4757 2249 4828 sequendo
2279 4770 2433 4809 eom-

850 4861 1207 4928 prehendere.
1231 4860 1361 4928 Quae.
1384 4859 1671 4915 confestim
1702 4858 1769 4911 de
1794 4856 1915 4911 sinu
1940 4854 2132 4908 matris
2153 4851 2429 4913 exsiliens,

849 4953 1082 5007 rotantia
1118 4968 1274 5024 poma
1311 4968 1408 5023 per
1452 4953 1695 5006 diversos
1738 4948 2011 5003 anfractus
2038 4944 2427 5003 insectabatur,

850 5045 1038 5114 eisque
1065 5045 1415 5115 apprehensis
1465 5043 1624 5099 celeri
1673 5056 1837 5097 cursu
1866 5040 1932 5093 ad
1977 5047 2204 5092 matrem
2249 5048 2429 5089 rever—

850 5134 1085 5188 tebatur.
1118 5133 1267 5191 Tunc
1302 5134 1700 5204 deprehensum
1738 5140 1823 5185 est
1854 5128 2084 5201 puellam
2122 5123 2431 5197 patentibus

850 5224 1019 5280 oculis
1040 5239 1198 5295 posse
1221 5226 1423 5291 videre,
1446 5225 1538 5298 qui
1560 5232 1718 5278 antea
1747 5222 1864 5276 sine
1885 5221 2087 5275 lumine
2112 5215 2431 5271 videbantur

834 5296 837 5315 ⁸
849 5322 1054 5383 patere.
1470 5296 1478 5298 Ὗ
1986 5330 1989 5331 ⁷

1394 5407 1528 5463 Item
1557 5424 1689 5462 anus
1723 5422 1884 5460 cerea.
1904 5412 1912 5417 ‘

2463 4550 2513 4608 υ

2547 597 2675 651 ergo
2697 582 2925 636 orationi
2950 623 2964 647 ,
2998 596 3092 637 nec
3123 583 3228 636 ulla
3275 584 3463 638 salutis
3496 585 3729 639 remedia
3761 601 4121 657 consequens,

2546 673 2818 739 egreditur
2844 673 2910 725 de
2940 671 3159 727 civitate
3181 715 3196 738 ,
3229 674 3413 727 volens
3436 672 3499 727 ad
3530 673 3703 728 locum
3730 678 3869 730 unde
3899 688 4123 732 venerat

2548 774 2807 814 remeare.
2837 760 3063 829 Jamque
3111 773 3325 829 pontem
3360 762 3596 818 llumints
3622 763 3797 819 Stune
3828 766 4121 821 astendcre

2543 864 2815 924 eruperat,
2865 869 2985 908 cum
3019 854 3155 908 forte
3196 855 3436 910 ductoris
3484 856 3563 910 sui
3616 857 3817 911 auvitio
3864 860 4120 913 chtitttta

2543 946 2846 998 (Ἰ.ιιιιίιι›ειι;
2900 943 3194 1007 Dttustane,
3231 944 3527 1010 Dmtstane,
3574 961 3672 1001 nec
3704 956 3976 1015 speratum
4004 962 4032 1000 a
4066 958 4121 1002 te

2544 1035 2718 1088 lumen
2743 1034 2949 1089 obtinui
2971 1074 2985 1096 ,
3018 1050 3072 1089 et
3102 1036 3380 1089 ductorem
3414 1051 3553 1090 nunc
3597 1037 3825 1106 perdidi.
3876 1038 4120 1092 Mirabile

2542 1125 2685 1179 dictu
2706 1166 2718 1186 ,
2748 1134 2803 1179 et
2848 1123 3112 1178 malelidis
3141 1123 3354 1179 dillicile
3385 1126 3614 1189 crcdnu,
3642 1127 3889 1194 protinus
3918 1128 4005 1181 illa
4031 1126 4120 1194 ju-

2540 1227 2702 1266 venes
2732 1227 2826 1281 per
2847 1213 3078 1266 medimn
3101 1212 3277 1281 pontis
3299 1212 3437 1283 ligna
3467 1212 3699 1269 ferentes
3720 1216 4023 1271 clarissime
4047 1216 4120 1269 vi-

2539 1305 2635 1367 dit,
2660 1306 2979 1373 quibuscum
3008 1304 3057 1357 itt
3082 1304 3354 1359 civitatem
3388 1305 3564 1372 rediit,
3592 1316 3647 1360 e'.
3671 1307 3796 1376 qttid
3825 1308 4023 1362 factum
4045 1307 4119 1361 sit

2536 1396 2788 1450 omnibus
2818 1394 3095 1449 indtcavit.

2890 1485 3341 1540 Exromntttniratt'
3366 1503 3511 1541 utrna
3542 1499 3588 1542 et
3617 1487 3781 1542 salus.

2604 1599 2657 1654 8.
2688 1597 2826 1665 Quid
2857 1598 2922 1652 de
2963 1598 3242 1653 Clemente
3272 1597 3517 1654 Teutone
3566 1600 3773 1665 dicam,
3810 1601 3894 1655 cui
3944 1601 4117 1671 magis

2535 1698 2716 1759 aptum.
2767 1703 2961 1742 nomen
3005 1698 3088 1742 est
3135 1689 3388 1752 demens,
3439 1706 3601 1759 quam
3646 1691 3922 1753 Clemens,
3954 1707 4115 1759 quem

2535 1779 2788 1833 sacerdos
2843 1794 2940 1847 pro
2994 1777 3147 1846 culpa
3198 1779 3490 1848 voluptatis
3546 1789 3600 1833 et
3647 1782 4018 1842 eoututaacim,
4061 1782 4115 1836 in

2536 1869 2809 1922 interitum
2841 1870 3020 1923 carnis
3059 1868 3273 1923 Satanae
3316 1869 3629 1931 tradiderat,
3672 1881 3727 1925 et
3773 1872 3848 1925 ita
3897 1873 4118 1927 maledi-

2537 1957 2730 2010 cticnis
2758 1956 3022 2010 sententia
3072 1964 3274 2026 septem
3320 1959 3480 2012 annis
3527 1959 3863 2025 devinxerat,
3906 1970 3964 2014 ιιι
4008 1976 4113 2017 non

2537 2044 2707 2098 solum
2740 2045 2793 2097 in
2825 2044 3012 2098 eodem
3041 2043 3158 2098 loco
3190 2054 3301 2099 toto
3330 2061 3556 2113 corpore
3599 2049 3899 2109 tremendo,
3928 2064 4115 2102 verum

2535 2135 2698 2187 etiam
2722 2134 2787 2187 de
2812 2133 2928 2188 loco
2956 2134 3023 2186 ad
3050 2134 3225 2188 locum
3248 2135 3563 2188 cursitando
3595 2135 3833 2190 instabili
3882 2135 4119 2192 ferretur

2536 2233 2706 2277 motu.
2741 2223 2797 2276 ln
2845 2221 3071 2277 basilica
3113 2237 3243 2276 vero
3292 2221 3588 2277 Salvatoris
3639 2232 3765 2277 ante
3800 2225 4117 2279 memoriam

2535 2315 2715 2384 magni
2757 2314 3021 2368 Dunstani
3048 2306 3426 2382 prmsetttattts,
3458 2330 3578 2369 eum
3624 2315 3763 2369 forte
3799 2316 3864 2368 ad
3896 2325 4118 2370 noctur-

2536 2419 2635 2458 nas
2660 2404 2867 2473 vigilias
2891 2405 3322 2472 responsorium:
3365 2401 3544 2457 Videte
3579 2403 3888 2457 miraculum
3917 2446 3931 2470 ,
3977 2406 4117 2460 inci-

2535 2505 2773 2565 peretur,
2824 2495 3022 2549 saltum
3062 2495 3113 2548 in
3157 2494 3385 2549 sublime
3413 2495 3579 2556 dedit,
3619 2496 3941 2551 dtemouium
3994 2512 4118 2551 eam

2535 2586 2793 2656 sanguine
2822 2586 3078 2650 evomuit,
3106 2593 3163 2640 et
3184 2594 3303 2653 post
3336 2584 3450 2638 haec
3474 2584 3619 2638 omni
3651 2593 3893 2653 tempore
3920 2599 4119 2639 secun-

2538 2681 2663 2733 dum
2691 2678 3057 2733 ontnimodam
3083 2688 3423 2731 sensatorum
3464 2675 3783 2746 qualitatem
3813 2677 4026 2746 quietus
4062 2686 4119 2732 et

2536 2770 2654 2825 loco
2676 2781 2731 2825 et
2753 2784 2978 2838 corpore
3002 2768 3221 2822 mansit.

3001 2890 3007 2895 -
3095 2857 3293 2928 Repens
3320 2860 3555 2929 erigitur.

2606 2974 2658 3029 9.
2707 2972 2813 3027 Aut
2857 2988 2964 3042 quo
3012 2972 3171 3026 modo
3222 2970 3423 3025 factum
3458 2973 3511 3024 in
3558 2980 3609 3025 te
3648 2970 3992 3035 miraculum,
4023 2970 4117 3025 ΕΙ-

2535 3066 2739 3126 vrarde,
2767 3062 3036 3127 narrabo;
3075 3062 3346 3116 hominem
3395 3062 3655 3132 gigantem
3694 3062 4107 3133 magnitudinis,

2538 3155 2581 3208 si
2617 3164 2892 3224 repentem
2923 3162 2975 3207 te
3023 3154 3073 3207 in
3103 3161 3211 3206 tota
3256 3162 3399 3204 terra
3440 3152 3579 3205 mole
3617 3154 3864 3221 corporis
3894 3168 3990 3221 per
4017 3153 4117 3205 tri-

2538 3242 2684 3313 ginta
2715 3258 2886 3297 annos
2915 3242 3125 3311 pondus
3155 3256 3262 3295 non
3304 3250 3573 3309 premeret
3603 3242 3938 3311 gravissima:
3970 3241 4119 3294 infir-

2536 3332 2773 3396 mitatis;
2814 3342 3001 3401 postea
3034 3347 3164 3387 vero
3192 3332 3360 3386 cltaro
3397 3332 3538 3401 patri
3577 3332 3856 3387 Dunstano
3883 3333 4115 3393 oblatus,

2536 3431 2698 3491 atque
2744 3421 2812 3475 ab
2833 3436 2898 3476 eo
2923 3422 3248 3475 mirabiliter
3277 3431 3499 3475 sanatus
3524 3461 3539 3484 ,
3576 3436 3678 3476 non
3711 3422 3881 3476 solum
3908 3422 4119 3476 eunetis

2535 3511 2711 3565 factus
2741 3520 2824 3565 est
2851 3511 3099 3566 amabilis
3129 3520 3350 3580 propter
3377 3512 3581 3581 adepta:
3608 3511 3856 3565 sanitatis
3881 3512 4119 3567 miracu-

2535 3600 2669 3665 lum,
2718 3616 2905 3654 verum
2949 3601 3111 3655 etiam
3180 3601 3513 3655 admirabilis
3557 3610 3778 3671 propter
3842 3617 4120 3672 corporete

2536 3691 2854 3761 quantitatis
2898 3689 3285 3759 spectaculum.
3342 3688 3421 3742 Tu
3467 3690 3705 3744 musicus
3755 3691 3809 3744 in
3856 3692 4120 3746 conviviis

2538 3780 2773 3835 didicisti
2824 3788 2947 3849 post
2994 3780 3108 3833 haec
3172 3778 3573 3834 eonvivantium
3619 3781 3828 3835 animos
3876 3783 4120 3838 carmine

2540 3872 2884 3935 demulcere,
2962 3881 3016 3926 et
3087 3872 3228 3924 inter
3296 3872 3623 3926 cantandum
3690 3874 3835 3927 tibits
3894 3889 4117 3933 carmen

2537 3962 2869 4017 ntodilicare.
2950 3961 3056 4016 Sed
3122 3962 3247 4016 inde
3301 3963 3396 4016 tibi
3471 3962 3673 4017 excelsi
3740 3964 3963 4019 honoris
4036 3964 4117 4018 in-

2540 4054 2694 4122 signe
2741 4050 3009 4114 accessit,
3063 4050 3207 4120 quod
3259 4050 3585 4105 universitas
3645 4052 3922 4106 hominum
3980 4067 4114 4107 con-

2536 4144 2685 4199 cordi
2741 4157 2874 4197 voce
2942 4142 3203 4196 Dunstani
3273 4151 3324 4197 te
3381 4142 3656 4197 hominem
3732 4143 4115 4213 servulumque

2535 4235 2765 4289 vocavit.

2536 4324 2751 4392 Loripes
2801 4324 3011 4377 tandem
3044 4333 3263 4395 rectum,
3288 4325 3547 4377 incessum
3592 4336 3881 4395 recuperat.
3921 4328 4118 4381 Auctor

3051 4394 3169 4464 jam
3218 4393 3325 4447 visa
3376 4404 3580 4448 narrat.

2606 4511 2691 4565 10.
2722 4510 2828 4565 Sed
2862 4518 2917 4564 et
2961 4507 3089 4563 illud
3134 4523 3243 4561 non
3286 4522 3453 4576 parva
3499 4509 3719 4580 dignum
3760 4518 3843 4565 est
3879 4511 4116 4568 admira-

2540 4603 2702 4665 tione,
2762 4600 2905 4671 quod
2950 4598 3182 4668 quodam
3235 4597 3533 4651 venerabili
3593 4613 3739 4665 sene,
3783 4609 3837 4654 et
3877 4601 3931 4655 in
3968 4602 4116 4658 omni

2539 4694 2800 4762 religione
2827 4692 3059 4763 probato
3088 4689 3359 4745 referente
3395 4690 3736 4760 agnovimus.
3764 4690 3855 4745 Ait
3884 4707 4118 4761 namque

2535 4786 2783 4840 eumdem
2831 4792 3039 4854 patrem
3076 4792 3131 4835 et
3156 4781 3431 4835 dominum
3469 4790 3711 4835 nostrum
3749 4781 3961 4836 cuidam
3990 4782 4117 4837 lori-

2535 4873 2657 4944 pedi
2700 4874 2751 4926 in
2802 4872 3007 4926 somnis
3056 4870 3401 4940 apparuisse,
3447 4877 3607 4938 atque
3648 4880 3707 4924 ut
3758 4870 3824 4925 ad
3875 4872 4115 4940 requiem

2536 4963 2779 5032 corporis
2820 4964 2903 5017 sui
2952 4962 3224 5016 sanandus
3269 4962 3477 5016 veniret
3533 4962 3876 5030 przecepisse.
3919 4962 4020 5030 Qui
4048 4964 4117 5019 ad

2538 5055 2713 5108 locum
2744 5052 2981 5115 veniens,
3007 5066 3106 5105 nec
3127 5051 3416 5120 quidquam
3440 5068 3536 5121 per
3554 5051 3749 5106 multos
3773 5051 3889 5106 dies
3913 5054 4117 5109 orando

2538 5146 2727 5200 salutis
2778 5145 3089 5207 inveniens,
3123 5143 3279 5197 ttedio
3328 5143 3442 5197 sive
3488 5143 3861 5213 desperatione
3912 5144 4117 5201 fractus

2542 5237 2784 5297 recessit,
2837 5234 3029 5288 itinere
3063 5246 3171 5302 quo
3198 5240 3420 5287 venerat
3468 5233 3643 5287 redire
3672 5234 3919 5288 tentavit.
3968 5233 4122 5289 Jam-

2541 5341 2645 5395 que
2673 5324 2902 5380 mediam
2947 5336 3084 5391 pene
3120 5321 3261 5375 viam
3308 5330 3607 5391 peregerat,
3650 5336 3772 5375 eum
3810 5322 3857 5375 is
3896 5322 3984 5391 qtti
4015 5324 4117 5378 dn-

2540 5416 2668 5470 dum
2713 5413 3001 5468 dormienti
3054 5420 3410 5481 apparuerat,
3467 5410 3615 5465 vultu
3669 5425 3921 5477 severus,
3970 5424 4119 5469 veste
