4516 5500
406 445 505 499 Nl
1863 442 2234 495 )lllt.\tlL'l..\.
3555 447 3657 501 mg

408 552 580 620 gratia
606 550 789 618 jussus
832 548 897 600 ad
944 556 1190 599 sanetum
1243 546 1333 600 Dei
1372 548 1703 602 Duustanum
1749 553 1981 618 perrexi,
2018 562 2058 615 Α
2091 550 2283 603 Mirata
2313 561 2395 604 est
2424 568 2551 621 ergo
2583 555 2646 606 de
2688 554 2939 607 omnibus
2967 570 3083 622 qurc
3120 554 3350 608 videbat.
3393 555 3657 611 Ostende-

408 640 503 693 sed
560 638 690 691 nihil
740 636 1024 705 proficiens
1062 637 1127 688 ad
1173 636 1388 689 domum
1431 654 1601 690 uicani
1656 640 1983 693 redeundum
2086 643 2284 695 bantur
2324 644 2372 697 ei
2417 644 2628 698 laminze
2677 661 2879 709 aureae,
2926 662 3136 709 cruces,
3192 647 3436 710 baccilia,
3487 649 3665 700 claves

406 730 613 799 putavi.
644 729 778 780 Tum
814 727 939 779 ille:
978 726 1106 793 Ego,
1140 727 1331 795 inquit,
1361 744 1475 780 sum
1511 729 1839 791 Dunstanus,
1873 745 1985 783 om-
2089 730 2350 794 ecelesim,
2402 735 2583 785 oumia
2630 734 2822 787 mirata
2861 736 3093 788 videbat.
3130 735 3275 803 lpsas
3326 751 3539 803 quoque
3569 736 3665 790 ho-

409 819 558 872 nium
592 832 866 869 servorum
911 816 1000 868 Dei
1032 832 1324 871 conservus
1350 857 1363 877 ,
1405 820 1725 871 necessariis
1764 821 1986 887 quibus-
2090 822 2296 873 minqu
2331 821 2530 891 figuras
2583 839 2704 877 cum
2756 826 2959 893 iungenti
3011 835 3229 894 stupore
3266 827 3661 880 considerabat.

410 918 533 960 (tam
565 920 743 959 causis
782 913 1103 972 occupatus,
1144 921 1246 958 non
1277 916 1517 974 poteram
1561 908 1644 960 his
1684 908 1871 963 diebus
1907 925 1992 963 re-
2092 909 2314 965 Videres
2339 929 2468 982 ergo
2493 930 2683 968 omnes
2711 916 2761 968 in
2790 916 3021 971 ecclesia
3048 916 3312 986 Iaerymas
3341 918 3666 985 exprimere,

408 996 590 1063 quiem
631 995 874 1063 corporis
903 996 1004 1046 mei
1041 995 1277 1057 \isitat‘c,
1314 1012 1411 1049 nec
1445 998 1783 1064 [tl'tL‘bCllllalll
1813 1014 1988 1051 meam
2090 1014 2143 1055 ct
2171 1020 2291 1057 eum
2331 1007 2483 1059 vobis
2531 1008 2896 1061 modulatione
2942 1008 3121 1061 cordis
3145 1008 3463 1076 jubilatione
3505 1009 3668 1061 Deum

411 1088 537 1139 filiis
568 1086 761 1139 ibidem
809 1086 1154 1139 manentibus
1200 1087 1474 1139 exhibere.
1518 1087 1649 1140 Nam
1693 1088 1988 1143 Ecclesium
2092 1094 2332 1147 laudare.
2366 1096 2498 1149 Orto
2527 1106 2709 1150 autem
2740 1115 2897 1152 mane
2934 1098 3073 1152 forte
3098 1100 3162 1151 ad
3195 1099 3481 1168 magistros
3506 1100 3669 1152 intra-

412 1177 507 1230 Dei
538 1178 788 1239 lilii-iens,
814 1186 1173 1246 cognomento
1200 1176 1350 1239 Data,
1373 1179 1721 1231 exlucredare
1745 1181 1985 1243 tentavit,
2092 1185 2288 1248 vimus,
2338 1185 2643 1255 vapulaturi
2688 1204 2786 1257 pro
2830 1188 3003 1258 culpis
3036 1204 3172 1257 quas
3203 1190 3669 1243 commiseraimis.

411 1269 507 1321 sed
550 1284 632 1322 me
688 1278 863 1321 tutore
923 1269 1055 1321 nihil
1104 1270 1315 1323 efﬁcere
1374 1272 1563 1339 potuit.
1602 1271 1752 1325 Nunc
1811 1284 1988 1325 autem
2094 1275 2306 1328 Eteece
2337 1276 2400 1329 de
2432 1286 2740 1331 transverso
2783 1279 2864 1331 vir
2911 1280 3081 1332 bonus
3128 1278 3394 1333 Godricus
3430 1279 3675 1332 furibun-

411 1360 660 1412 confecto
694 1360 908 1428 negotio
958 1361 1023 1410 ad
1064 1361 1236 1412 locum
1287 1362 1635 1429 requietiouis
1671 1379 1800 1415 mete
1831 1363 1987 1417 vado.
2093 1368 2192 1419 dus
2227 1368 2439 1435 irrupit,
2485 1369 2557 1421 ita
2602 1369 2888 1423 claaiitaus
2917 1388 2927 1422 :
2959 1370 3064 1423 Vos
3093 1370 3178 1422 hic
3207 1370 3453 1422 homines
3479 1370 3673 1423 crude-

414 1450 550 1501 \'ide
579 1465 707 1519 ergo
750 1458 806 1501 ut
841 1450 923 1501 illa
959 1450 1043 1502 die
1072 1461 1125 1502 ct
1158 1450 1284 1502 hora
1336 1451 1405 1504 ibi
1453 1461 1502 1505 te
1538 1453 1827 1517 inveniam,
1855 1469 1991 1521 qua-
2095 1458 2303 1513 litatem
2338 1460 2388 1513 iu
2414 1460 2774 1513 innocentiam
2798 1462 3079 1523 evomitis,
3122 1470 3176 1513 et
3204 1460 3544 1513 dulcissimus
3575 1458 3678 1511 l’a-

414 1551 573 1592 tenus
602 1556 695 1609 per
729 1552 778 1593 te
804 1542 1033 1609 gratiam
1074 1558 1245 1594 meam
1291 1544 1423 1596 meis
1452 1544 1659 1598 civibus
1686 1546 1988 1598 ostendam.
2096 1560 2177 1605 ter
2221 1560 2403 1605 noster
2439 1553 2748 1605 Dunsianus
2780 1552 3100 1605 suavitatem
3144 1550 3529 1603 misericordiae
3564 1564 3675 1601 sua;

414 1629 712 1699 Regressus
743 1641 824 1684 est
868 1632 1048 1699 itaque
1078 1631 1358 1701 languidus
1386 1634 1437 1685 in
1472 1635 1767 1697 civitatem,
1801 1652 1992 1689 uarra-
2098 1642 2149 1694 in
2208 1656 2305 1694 nos
2348 1653 2665 1710 peccatores
2714 1642 2972 1695 ostendit.
3024 1641 3198 1694 Exite.
3252 1639 3670 1707 Prmrogativam

417 1724 491 1775 vit
518 1724 765 1777 omnibus
793 1739 909 1791 qua-
940 1724 1219 1787 audierat,
1254 1725 1510 1777 indictum
1544 1724 1685 1779 diem
1728 1728 1994 1795 patienter
2098 1732 2342 1785 miraculi
2389 1732 2658 1799 quondam
2693 1748 2721 1784 a
2756 1732 3037 1785 Salvatore
3087 1732 3139 1784 in
3182 1746 3323 1783 croco
3372 1739 3497 1783 nato
3537 1732 3677 1783 cele-

413 1814 781 1881 exspectabat.
813 1813 1147 1880 Stnpeudum
1180 1812 1352 1874 valde,
1379 1815 1463 1867 die
1490 1824 1543 1867 et
1574 1818 1703 1868 hora
1735 1832 1841 1885 qua
1871 1832 1993 1870 sau—
2098 1823 2308 1875 hratam
2338 1822 2531 1875 iterum
2555 1822 2818 1876 celebrari
2848 1822 3058 1884 videtis,
3084 1830 3137 1874 et
3161 1821 3360 1889 aliquid
3386 1821 3677 1874 crudeliter

412 1914 534 1956 etus
559 1917 678 1956 sese
708 1912 991 1955 venturum
1017 1902 1363 1968 praedixerat,
1390 1904 1454 1956 de
1484 1915 1734 1973 suscepta
1762 1908 1994 1962 Sanitate
2029 1900 2071 1957 Β
2102 1914 2195 1967 [ηρ.

1889 1917 1994 1962 tate
2029 1900 2071 1957 Β
2102 1914 2279 1967 facere
2323 1913 2577 1966 audetis?
2628 1914 2801 1967 Exite.
2834 1914 2909 1966 lta
2943 1914 3135 1982 impias
3164 1928 3355 1966 manus
3382 1913 3672 1974 evasimus,

414 1992 614 2060 loripes
658 1992 943 2061 gaudebat,
991 2000 1045 2043 et
1094 1991 1346 2045 ineffabili
1398 2001 1561 2046 totam
1595 1994 1781 2047 urbem
1812 1994 1994 2049 laetitia
2100 2014 2197 2071 ei;

1895 1996 1994 2049 ilia
2100 2012 2297 2071 etpost
2326 2005 2437 2057 hare
2458 2002 2743 2057 ecclesiam
2780 2004 3003 2072 ingressi
3033 2019 3238 2057 sumus.
3286 2003 3436 2057 Tunc
3470 2003 3678 2071 pulsato

414 2081 671 2149 replebat.
726 2080 996 2134 llaetenus
1042 2095 1103 2132 ea
1133 2097 1251 2148 qua:
1281 2082 1508 2134 aliorum
1558 2084 1884 2137 testimoniis
1930 2086 1996 2139 ad
2099 2096 2251 2163 signo
2294 2095 2589 2148 beatissimi
2639 2098 2807 2162 patris
2840 2095 3029 2158 nostri,
3076 2095 3219 2162 quod
3267 2094 3377 2162 ipse
3418 2095 3665 2146 manibus

414 2182 654 2225 nostram
701 2173 951 2225 notitiam
1003 2172 1206 2240 perlata
1236 2183 1362 2225 sunt
1392 2174 1804 2227 euarravimus:
1854 2191 1996 2229 nunc
2099 2186 2197 2240 suis

1893 2191 1996 2229 ""0
2099 2186 2211 2240 suis
2237 2187 2364 2238 olim
2393 2186 2585 2239 fecisse
2615 2186 2921 2250 dicebatur,
2962 2202 3067 2253 quo
3094 2186 3299 2239 nullum
3326 2186 3554 2249 dulcius,
3585 2201 3671 2238 ne-

413 2262 499 2315 his
526 2278 643 2330 qua:
672 2272 855 2316 nostra
896 2273 1053 2317 aetate
1080 2263 1223 2316 facta
1250 2274 1375 2317 sunt
1413 2266 1733 2319 enarraudis
1775 2282 1995 2336 operam
2099 2292 2196 2345 ηυε

1898 2282 1995 2319 ’³1η
2099 2292 2204 2345 que
2252 2277 2319 2330 ad
2368 2278 2788 2330 commmeudos
2844 2278 3121 2330 hominum
3170 2278 3379 2331 animos
3428 2276 3681 2340 ﬂebilius,

414 2353 687 2407 ἀθυίηιυε·
2099 2366 2373 2420 concurrit
2405 2367 2655 2420 universa
2695 2366 2906 2429 civitas,
2952 2366 3135 2419 volens
3162 2368 3331 2420 oculis
3362 2367 3503 2435 quod
3534 2366 3683 2421 fama

746 2441 901 2514 ""90
927 2444 1058 2496 λυτίδ
1083 2460 1263 2513 e151"?“
1290 2450 1453 2497 “‘“m
1476 2446 1681 2513 αερίείι-
2100 2467 2378 2512 reserante
2429 2458 2694 2511 audierat.
2738 2458 3014 2527 primus
3046 2459 3228 2513 itaoue
3267 2459 3499 2513 excelsis
3529 2461 3677 2513 voci-

487 2556 575 2609 Η.
618 2554 783 2625 Virgo
815 2555 1058 2623 qua:dam
1085 2557 1194 2610 Deo
1222 2556 1411 2610 devota
1442 2558 1705 2611 orationis
1734 2560 1905 2628 gratia
1945 2560 1997 2614 iu
2099 2550 2200 2603 bus
2248 2565 2270 2603 ε

1898 2578 1905 2612 ι
1945 2560 1997 2614 in
2099 2550 2200 2603 bus
2248 2548 2407 2603 simul
2459 2558 2512 2602 et
2563 2548 3007 2617 lacrymabilibus
3055 2548 3339 2601 Dominum
3384 2550 3549 2602 Deum
3586 2567 3681 2604 no~

411 2646 686 2699 civitatem
721 2648 888 2710 venit,
919 2648 1042 2701 inde
1089 2648 1301 2710 misera,
1333 2649 1473 2718 quod
1500 2664 1566 2703 ex
1597 2665 1705 2719 quo
1745 2663 1869 2705 nata
1916 2662 2000 2706 est
2101 2650 2194 2694 Slf'

1916 2662 2000 2706 ρει
2101 2650 2273 2694 strum
2328 2638 2570 2701 laudare,
2604 2639 2693 2705 qui
2726 2653 2820 2706 per
2851 2638 3067 2691 beatum
3102 2654 3315 2692 servum
3348 2655 3501 2693 suum
3536 2640 3681 2693 Dun-

414 2737 575 2807 hujns
604 2740 788 2793 mundi
818 2739 988 2794 lucem
1021 2756 1127 2794 non
1174 2741 1401 2805 viderat,
1450 2742 1544 2794 sed
1584 2756 1650 2794 ex
1696 2743 1795 2797 hoc
1839 2744 1996 2797 beam
2101 2742 2316 2788 stanum
2363 2730 2525 2783 tantis
2569 2730 2767 2783 hetitiis
2814 2742 2993 2784 nostra
3037 2739 3274 2799 tempora
3318 2731 3568 2799 dignatus
3597 2744 3681 2785 est

415 2832 559 2899 quod
588 2842 843 2885 aeternam
873 2831 1045 2885 lucem
1074 2833 1282 2886 ardenti
1318 2848 1533 2901 semper
1557 2832 1827 2887 desiderio
1850 2850 1997 2901 qum-
2100 2823 2432 2878 beatificare.
2460 2822 2526 2875 Et
2551 2838 2673 2875 cum
2702 2822 2865 2874 multa
2892 2822 3209 2891 populorum
3238 2823 3405 2876 millia
3432 2824 3482 2876 in
3508 2825 3679 2878 eccle-

413 2920 635 2973 siverat.
670 2920 735 2975 Et
768 2936 889 2974 cum
940 2920 1076 2975 forte
1113 2921 1389 2975 natalitius
1417 2923 1532 2975 dies
1576 2922 1747 2975 sancti
1784 2920 1999 2976 eonfes-
2101 2915 2181 2969 Sin

1896 2920 1999 2976 res-
2101 2915 2181 2969 sia
2229 2924 2457 2979 starent,
2510 2916 2782 2969 neminem
2830 2923 2970 2967 inter
2998 2930 3184 2968 omnes
3212 2915 3422 2970 videres
3453 2917 3542 2985 qui
3574 2930 3679 2969 non

416 3009 556 3063 seris
581 3008 789 3062 Christi
818 3010 1062 3064 Audoeni
1093 3011 1327 3079 episcopi
1360 3011 1607 3074 instaret,
1644 3012 1698 3063 in
1725 3026 1831 3081 quo
1862 3011 1999 3079 pari-
2099 3023 2209 3077 prae
2236 3009 2429 3079 gaudio
2458 3009 2546 3078 pie
2575 3023 2637 3061 ac
2666 3006 2895 3060 dulciter
2928 3004 3097 3059 fleret.

416 3100 502 3153 ter
534 3108 589 3154 et
614 3100 841 3153 aliorum
866 3102 1134 3167 omnium,
1162 3115 1391 3171 quormn
1420 3102 1661 3170 reliquia:
1688 3102 1743 3155 in
1769 3102 1996 3156 ecclesia

416 3192 716 3247 Salvatoris
759 3194 1126 3257 continentur,
1175 3194 1441 3263 prmcipua
1487 3194 1835 3248 veneratione
1882 3209 1997 3248 me-

413 3245 588 3335 moria
617 3245 1027 3343 celebrabatur,
1060 3245 1366 3353 postillabart
1397 3245 1484 3337 illa
2024 3245 2069 3306 Ο
2174 3278 2261 3332 l2.
2302 3276 2495 3347 Vigilia
2542 3278 2827 3332 beatorum
2882 3277 3083 3331 Christi
3124 3275 3489 3345 apostolorum
3538 3272 3685 3327 Petri

414 3370 613 3434 clesiae,
655 3381 714 3424 ut
753 3372 854 3425 sihi
885 3372 1073 3427 liceret
1114 3374 1301 3426 eadem
1345 3382 1503 3426 nocte
1542 3373 1751 3443 vigilias
1798 3374 1996 3427 ibidem
2100 3380 2154 3424 et
2179 3369 2330 3422 Pauli
2372 3378 2511 3433 erat,
2550 3380 2605 3423 et
2632 3370 2885 3425 inclinata
2926 3370 3037 3439 jam
3069 3370 3152 3422 die
3184 3367 3523 3435 vespertinas
3562 3381 3686 3419 ora-

412 3460 707 3516 eelebrare.
738 3462 890 3528 Quod
919 3464 1042 3517 dum
1072 3462 1230 3517 facile
1266 3474 1487 3532 propter
1516 3464 1640 3518 vita:
1684 3464 1995 3534 religionem
2104 3464 2277 3517 tiones
2305 3461 2483 3515 clerus
2511 3463 2563 3517 in
2592 3462 2822 3516 ecclesia
2854 3462 3063 3528 agebat.
3108 3460 3270 3515 Forte
3297 3474 3396 3527 ego
3425 3474 3546 3511 cmn
3578 3458 3684 3510 alio

412 3552 763 3617 obtinuisset,
796 3557 1060 3609 remansit
1091 3556 1141 3608 in
1166 3556 1393 3609 ecclesia
1414 3555 1566 3623 juxta
1589 3557 1828 3624 requiem
1857 3558 1998 3612 beati
2102 3556 2329 3625 puerulo
2367 3564 2643 3609 comtaneo
2677 3571 2796 3609 meo
2823 3555 2889 3608 ad
2919 3554 3087 3608 altare
3112 3554 3310 3608 Christi
3344 3554 3687 3607 ministrave-

415 3640 599 3695 Patris
622 3643 880 3697 Duustani
907 3653 1058 3698 stans
1077 3684 1091 3709 ,
1124 3654 1341 3713 totaque
1373 3654 1528 3699 nocte
1557 3645 1754 3713 vigiliis
1780 3655 1833 3700 et
1880 3662 2001 3700 ora-
2103 3661 2241 3708 ram,
2271 3657 2751 3713 eousummatoque
2784 3645 3087 3697 ministerio
3115 3659 3211 3713 per
3238 3644 3436 3712 gradus
3460 3644 3685 3695 descen-

414 3733 654 3787 tionibus
698 3749 918 3789 vacans.
957 3734 1077 3789 Jam
1125 3746 1418 3789 nocturnas
1459 3734 1645 3789 laudes
1694 3736 1995 3806 ini-mpera-
2103 3737 2231 3791 dere
2284 3734 2604 3803 incipiebam
2648 3752 2660 3786 :
2710 3743 2764 3787 et
2808 3749 2938 3787 ecce
2993 3734 3044 3788 iu
3098 3748 3382 3786 occursum
3436 3740 3679 3786 nostrum

413 3837 558 3887 mus,
600 3810 711 3891 iam
747 3834 995 3878 octavum
1039 3825 1440 3893 responsorimn
1483 3822 1597 3877 Sint
1636 3823 1797 3877 lumbi
1848 3827 2001 3879 vestri
2103 3822 2283 3875 vetula
2310 3820 2553 3890 quwdam
2581 3834 2703 3873 cum
2736 3820 2842 3873 lilia
2875 3821 3011 3873 bene
3039 3819 3221 3872 adulta
3249 3819 3462 3871 obviam
3500 3831 3558 3870 se
3588 3817 3681 3870 de-

410 3913 717 3979 pra'cincti,
778 3913 1067 3968 modulatis
1116 3914 1337 3968 vocibus
1379 3915 1797 3968 coneincbamus
1824 3954 1838 3977 ,
1878 3929 1998 3967 cum
2104 3912 2202 3975 dit,
2258 3908 2618 3979 procumbens
2659 3908 2913 3977 gradibus
2941 3907 3181 3961 simulet
3210 3907 3537 3961 clamitans:
3578 3904 3679 3958 Illi-

412 4004 568 4073 virgo
600 4003 693 4057 Dei
733 4006 1106 4059 vehementem
1147 4005 1198 4057 in
1239 4004 1379 4058 faeie
1409 4006 1683 4058 sustinens
1710 4006 1998 4073 pruritum,
2103 4000 2358 4057 seremini
2401 4000 2526 4062 mei,
2554 4000 2704 4068 pueri
2740 3999 2854 4061 Dei,
2889 4010 2947 4053 ut
2978 4001 3117 4053 Deus
3147 4000 3489 4067 onmipoteus
3522 3998 3687 4052 mise~

412 4093 720 4146 arctissima
750 4094 1037 4163 digitorum
1083 4094 1440 4164 impressione
1466 4093 1848 4162 cmpitoculos
1875 4107 1996 4161 per-
2104 4102 2287 4146 reatur
2346 4090 2553 4152 nostri,
2607 4088 2911 4159 profectum
2967 4089 3182 4141 virtutis
3235 4090 3578 4150 concedens,
3636 4097 3691 4140 ct

412 4180 633 4237 fricare.
666 4184 795 4239 lude
820 4187 1002 4239 statim
1037 4185 1254 4253 sanguis
1281 4184 1513 4237 ubertim
1541 4184 1728 4237 exiens
1748 4225 1761 4247 ,
1791 4184 1843 4237 iu
1872 4198 2001 4251 sup-
2104 4194 2316 4239 (etatem
2349 4183 2613 4253 puerilem
2654 4182 2722 4235 ad
2756 4191 2995 4234 maturos
3025 4196 3197 4233 annos
3232 4180 3463 4234 feliciter
3493 4180 3689 4248 perdu-

410 4276 649 4345 positum
703 4277 894 4345 capitis
930 4276 1011 4329 sui
1060 4275 1302 4329 velamen
1362 4272 1604 4337 deﬂuxit,
1657 4274 2003 4340 modesteque
2105 4291 2253 4330 cens.
2286 4274 2394 4328 Nos
2425 4283 2628 4337 autem,
2660 4284 2719 4327 ut
2748 4273 2799 4327 id
2831 4274 3009 4326 attatis
3034 4273 3207 4342 pueri,
3239 4272 3440 4325 factum
3472 4270 3688 4325 femina:

414 4366 506 4421 illa
537 4366 1015 4420 circumstantibus
1040 4366 1309 4419 iunueas:
1344 4364 1607 4427 Prtebete,
1641 4364 1837 4433 inquit,
1869 4364 2001 4417 mihi
2106 4378 2545 4437 expavescentes,
2606 4366 2861 4421 hazsiuius
2912 4366 3051 4430 loco,
3103 4365 3334 4419 miseria:
3374 4380 3568 4419 causas
3595 4363 3692 4418 ne-

418 4474 511 4512 vas
548 4458 827 4529 sanguinis
872 4457 1306 4525 susccplOI’iUtll.
1360 4470 1431 4509 nc
1468 4465 1614 4510 lCl‘l‘a
1658 4464 1841 4509 53001:!
1889 4453 2005 4524 (‘jUS
2106 4462 2288 4516 biliter
2328 4460 2687 4514 sciscitantes.
2738 4458 2874 4513 Tum
2925 4458 3031 4520 illa,
3083 4459 3245 4522 hanc,
3295 4458 3489 4527 inquit,
3522 4473 3685 4527 quam

414 4548 718 4601 colluvione
754 4547 1075 4603 niaculetur.
1109 4546 1262 4613 Quod
1309 4556 1593 4615 postquam
1626 4546 1699 4599 illi
1730 4546 2001 4611 fecissent,
2039 4588 2082 4645 Β
2110 4550 2305 4605 videtis
2344 4550 2510 4603 filiam
2558 4564 2757 4614 meam,
2788 4565 2816 4601 a
2852 4550 3081 4603 summis
3126 4548 3369 4602 humeris
3410 4562 3580 4616 usque
3623 4551 3691 4601 ai!

418 4639 694 4709 lympham
734 4654 949 4709 quoque
987 4637 1231 4692 lavandis
1281 4638 1559 4692 oculorum
1607 4638 1830 4691 orbibus
1866 4652 2003 4705 prte-
2039 4637 2074 4645 ⁷
2110 4651 2387 4694 extremos
2442 4655 2699 4694 manuum
2749 4640 3008 4693 articulos
3056 4640 3320 4701 collisam,
3378 4640 3694 4693 obstetricis

414 4732 670 4785 buerunt.
722 4732 942 4785 Interim
998 4746 1095 4785 nos
1146 4730 1298 4799 pueri
1346 4728 1527 4781 vultus
1573 4728 1698 4781 illuc
1748 4729 2000 4797 dirigere,
2109 4748 2219 4789 sure
2262 4732 2449 4786 nescio
2474 4739 2567 4785 aut
2593 4730 2763 4796 furor,
2819 4740 2910 4784 aut
2946 4731 3271 4801 negligentia
3302 4729 3499 4785 fiedain
3528 4743 3693 4800 atque

412 4820 588 4875 oculis
614 4820 981 4887 subaspicere,
1003 4817 1385 4889 iteruinquead
1409 4816 1639 4871 invicem
1670 4818 1869 4870 mutuis
1890 4816 2000 4887 (6'2)
2109 4823 2353 4876 inutilem
2385 4821 2638 4875 reddidit.
2677 4821 2870 4875 Audivi
2907 4836 3154 4891 magnam
3180 4821 3473 4891 quamdam
3507 4820 3560 4874 in
3594 4822 3697 4873 hin:

412 4910 726 4979 aspectibus
773 4908 933 4963 simul
981 4925 1045 4963 ac
1095 4907 1313 4962 nutibus
1374 4906 1617 4960 laetitiam
1675 4905 1997 4975 significare.
2108 4912 2229 4968 loco
2259 4911 2353 4967 Dei
2383 4912 2641 4966 virtutem
2681 4924 2824 4975 esse,
2854 4919 2910 4965 et
2942 4910 3064 4965 ideo
3100 4911 3165 4964 ad
3196 4910 3606 4981 supplicandum
3649 4914 3698 4962 ci

416 5002 693 5070 Suspicati
751 5016 987 5070 namque
1044 5016 1232 5054 sumus
1278 4998 1455 5069 (quod
1486 5012 1573 5052 res
1599 4999 1752 5067 erat)
1801 4998 2001 5051 bonum
2109 5004 2267 5074 longo
2301 5003 2493 5060 itinere
2523 5002 2849 5059 tentavimus
2869 5001 2976 5055 huc
3007 5002 3227 5056 venire:
3255 5016 3351 5055 vos
3382 5000 3539 5055 nobis
3566 5000 3700 5067 quid

412 5104 632 5163 patrem
674 5102 919 5145 nostrum
968 5091 1091 5145 boni
1121 5090 1335 5161 ;aliquid
1362 5097 1646 5159 operatum
1675 5085 1999 5140 fuisse-Jun!
2111 5096 2381 5167 agendum
2413 5095 2486 5149 sit
2514 5097 2737 5153 edicite.
2781 5092 3192 5161 Aspiciebamos
3233 5092 3452 5147 interim
3502 5104 3702 5145 manus

410 5194 613 5239 cautus
655 5184 722 5238 de
752 5183 1137 5253 praecinctione
1163 5182 1486 5240 lumborum,
1506 5187 1561 5231 et
1589 5176 1893 5231 ardentium
1922 5177 2001 5231 lu-
2112 5191 2228 5241 sine
2266 5187 2444 5244 forma
2478 5202 2701 5251 manus,
2736 5186 3003 5256 iunctura:
3024 5184 3293 5257 iuncturis
3321 5199 3431 5239 non
3462 5183 3709 5236 εοιιωιιο-

412 5288 704 5329 ceruarum
738 5273 1037 5341 gestatione
1075 5274 1314 5328 secundo
1357 5269 1789 5333 terminabatur;
1820 5268 1931 5335 jam
1971 5286 2001 5323 a
2111 5280 2262 5341 bam,
2324 5280 2417 5335 sed
2464 5285 2725 5346 quadam
2778 5275 2990 5331 discors
3046 5276 3361 5334 ἀρῐοτηῃιιῑς
3417 5270 3717 5329 informem

410 5366 729 5421 cantoribus
750 5363 925 5433 gloria
946 5374 1145 5420 sanctae
1160 5374 1211 5417 et
1228 5362 1517 5420 individua:
1534 5363 1784 5420 Trinitati
1814 5365 2001 5419 redde-
2105 5385 2193 5439 qui

1945 5380 2001 5419 c-
2105 5372 2401 5439 quamdam
2448 5374 2673 5436 ossium
2723 5366 3126 5426 concretionem
3180 5365 3439 5426 faciebat,
3490 5360 3723 5429 pollices

410 5457 593 5496 hnlnr.
623 5465 669 5496 nl
700 5468 836 5496 ριορρ
862 5452 944 5496 illa
972 5470 1089 5496 nn'n
1116 5456 1325 5496 lnmlme
1360 5469 1487 5496 anns
1511 5466 1763 5496 vasin-un
1788 5471 2002 5496 cmmmr
2106 5470 2416 5496 suurn-enm
2450 5459 2583 5494 .IML
2620 5471 2661 5494 ἀι
2696 5456 3020 5494 :mmnhilnsn
3071 5457 3319 5492 man-nimim
3374 5450 3725 5490 conciliililn-

2305 3145 2501 3197 Auctor
2530 3144 2675 3197 testis
2706 3143 2949 3197 miraculi
2979 3143 3041 3196 de
3064 3142 3237 3213 puclla
3274 3152 3477 3195 curata.
