4516 5500
853 458 953 512 ιδδ

1853 451 1910 504 S.
1954 446 2364 503 DUNSTANUS
2400 450 2714 504 ARCliil-TP.
2757 450 3104 506 CANTUAR.

4008 452 4110 508 ιω

853 582 970 622 sum
1022 563 1407 627 curvabantur,
1454 575 1577 630 quas
1626 560 1677 613 in
1725 559 1840 613 vola
1888 558 2112 612 contixre
2159 559 2428 628 unguibus
2458 573 2502 630 Α
2537 560 2759 615 Nox-itii:
2806 580 2954 633 pa-ua
3008 564 3241 617 ramissv.
3288 562 3493 633 Pagani
3534 566 3755 618 cadarer
3801 582 3863 617 ex
3891 566 4109 620 ecclesia

850 672 970 710 eam
1028 653 1393 723 perforabant.
1465 652 1594 718 Quae
1645 666 1732 705 res
1785 650 2151 704 intolerabiles
2202 651 2427 719 patienti

850 746 1128 815 angustias
1190 742 1473 797 inferebat.
1532 742 1842 795 Avertimus
1902 756 2030 809 ergo
2087 740 2273 793 oculos
2327 740 2427 795 hoc

848 838 1021 892 solum
1066 837 1345 891 dicentes:
1378 834 1492 888 Non
1544 850 1667 897 nos,
1712 835 1851 887 bona
1901 833 2116 893 mulier.
2171 848 2275 885 non
2326 848 2427 886 nos

847 926 975 995 quid
1024 925 1290 995 agendum
1336 925 1406 977 sit
1450 922 1735 978 consulere
1766 922 1921 987 velis,
1962 922 2112 989 juxta
2143 930 2225 976 est
2258 923 2345 990 qui
2375 932 2428 976 et

848 1018 947 1072 tibi
976 1017 1275 1079 consulere,
1301 1025 1355 1070 et
1380 1015 1503 1069 tilia:
1540 1024 1642 1069 tua:
1671 1014 1897 1069 salutem
1922 1014 2063 1067 valet
2094 1028 2385 1082 procurare
2413 1032 2424 1066 :

848 1108 985 1163 solet
1021 1122 1259 1177 namque
1290 1105 1585 1161 secundum
1619 1105 1777 1159 fidem
1810 1120 1959 1159 suam
1990 1105 2242 1157 omnibus
2274 1104 2424 1156 illum

846 1200 1227 1254 invocantibus
1266 1197 1574 1252 subvenire.
1609 1196 1745 1250 Tum
1777 1196 1865 1249 illa
1888 1196 2279 1265 comprehensa
2304 1195 2428 1249 laci-

845 1290 933 1342 nia
959 1288 1122 1341 vestis
1144 1288 1267 1342 filice
1290 1302 1398 1341 sum
1421 1288 1587 1341 traxit
1609 1303 1727 1341 eam
1749 1287 1815 1340 ad
1841 1286 2038 1348 locum,
2065 1301 2295 1354 moxque
2319 1295 2428 1341 toto

844 1394 1071 1449 corpore
1095 1379 1148 1432 in
1180 1387 1377 1431 terram
1407 1388 1690 1448 prostrata;
1712 1378 1941 1431 adorant
1964 1388 2207 1431 sanctum
2233 1378 2426 1442 ambat,

842 1470 1054 1522 fletibus
1076 1478 1129 1523 et
1158 1466 1446 1535 ejulalibus
1489 1468 1629 1523 illius
1660 1468 1960 1522 bonitatem
2010 1467 2308 1538 pulsantes.
2364 1469 2429 1522 Et

841 1574 968 1612 vere
1007 1558 1309 1627 pulsabant,
1348 1560 1545 1627 quibus
1580 1567 1686 1611 tam
1718 1559 1826 1613 cito
1857 1559 2248 1613 misericordia:
2286 1560 2428 1613 illius

840 1650 1049 1702 viscera
1098 1649 1373 1717 patebant.
1436 1648 1673 1703 Necdum
1728 1649 1872 1702 enim
1918 1648 2156 1703 Phoebus
2204 1650 2428 1703 marinis

838 1739 1089 1793 fluctibus
1124 1750 1283 1810 caput
1321 1740 1593 1803 intulerat,
1632 1751 1686 1795 et
1717 1741 1805 1795 illa
1832 1756 1951 1809 qum
1981 1743 2171 1796 morbo
2208 1752 2425 1797 contra-

838 1836 923 1881 cta
954 1827 1150 1892 fuerat,
1184 1830 1358 1897 ruptis
1389 1814 1537 1881 venis
1563 1830 1784 1883 braebia
1814 1830 2127 1894 extollebat,
2164 1847 2421 1899 manuum

3086 633 3277 701 proﬁci
3297 636 3535 703 jubetur.

2608 741 2687 793 15.
2732 740 2972 806 Quadam
3016 744 3178 796 etiam
3213 744 3300 798 die
3342 743 3452 815 (65»
3492 746 3615 799 dum
3646 746 3762 815 plus
3799 747 3959 800 solito
3999 763 4109 800 ua-

2531 828 2819 896 gistrorum
2871 831 3020 885 furor
3063 834 3114 886 in
3164 850 3362 903 pueros
3410 836 3707 899 deszeviret,
3742 853 3839 891 nec
3873 854 3996 906 spes
4029 840 4111 892 in-

2532 920 2874 974 tercessionis
2919 922 3126 991 uspiam
3172 924 3276 976 ulla
3323 934 3662 992 suppeteret,
3701 926 3803 979 hoc
3844 943 4005 979 unmn
4056 936 4111 980 et

2532 1008 2702 1061 solum
2743 1025 3030 1079 superesse
3069 1014 3363 1067 remedium
3403 1017 3769 1079 crediderunt,
3803 1026 3861 1069 ιιι
3893 1018 3959 1069 ad
3996 1032 4110 1069 me-

2533 1104 2760 1156 moriam
2806 1106 3098 1159 dulcissimi
3128 1106 3305 1160 Patris
3335 1108 3593 1162 Dunstani
3620 1109 3931 1177 confugium
3964 1109 4107 1164 face—

2536 1203 2675 1256 rent,
2693 1193 2839 1246 illmn
2858 1208 2961 1263 que
2979 1211 3081 1248 non
3101 1206 3205 1248 tam
3227 1196 3656 1255 intercessorem.
3676 1213 3833 1266 quam
3852 1199 4107 1252 adverst's

2533 1281 2823 1349 impietatis
2854 1284 3130 1338 ministros
3159 1284 3497 1341 defensorem
3535 1287 3878 1342 exhiberem.
3911 1286 4108 1342 Confe-

2531 1383 2656 1426 rnnt
2714 1375 2896 1444 itaque
2944 1390 3001 1429 se
3058 1392 3269 1430 summo
3320 1379 3553 1432 diluculo
3581 1382 3646 1433 ad
3681 1381 3861 1445 illum,
3916 1384 4102 1436 multis

2531 1464 2783 1535 lacrym‘s
2828 1466 2943 1533 ejus
2988 1466 3327 1521 clementiam
3376 1470 3743 1538 postulantes,
3798 1471 4108 1527 sedentibus

2530 1572 2626 1627 per
2672 1557 2883 1610 diversa
2919 1556 3031 1609 loca
3069 1558 3363 1627 magistris,
3388 1575 3493 1628 qua
3526 1561 3788 1614 transitus
3819 1576 4104 1630 puerorum

2529 1661 2651 1699 esse
2696 1648 2931 1708 deberet,
2976 1648 3293 1717 exitmnque
3334 1650 3546 1703 illorum
3578 1652 3643 1701 de
3668 1651 3894 1704 ecclesia
3922 1652 4104 1704 muiti-

2529 1735 2651 1803 plici
2686 1737 2955 1805 diligentia
2987 1739 3380 1807 aucupantibus
3409 1758 3419 1791 :
3450 1749 3503 1792 et
3533 1754 3658 1793 ecce
3686 1739 4106 1810 lacrymantibus

2530 1828 2634 1881 illis
2658 1828 2905 1897 apparuit
2946 1830 3062 1895 pios
3102 1829 3283 1884 vultus
3313 1845 3507 1900 gerens
3536 1831 3654 1899 pius
3684 1831 3845 1885 Pater
3875 1834 4107 1886 Dunsta-

839 1918 1097 1971 articulos
1127 1933 1316 1972 omnes
1340 1920 1681 1981 extendebat,
1721 1928 1774 1973 et
1805 1935 1924 1988 qua:
1954 1922 2020 1974 ab
2052 1922 2209 1975 anuis
2240 1922 2421 1989 pneri-
2456 1914 2498 1971 Β
2530 1934 2629 1971 nus
2669 1928 3003 1987 tangensque
3051 1921 3199 1990 virga
3253 1936 3414 1990 quam
3456 1937 3613 1975 manu
3658 1923 3903 1991 gestabat
3940 1939 4103 1977 unum

836 2008 979 2061 libus
1006 2009 1201 2078 digitos
1240 2024 1456 2064 movere
1488 2025 1592 2063 non
1625 2020 1855 2079 poterat,
1881 2013 2131 2081 expedite
2158 2012 2271 2080 jam
2304 2028 2423 2067 om-

839 2099 925 2151 nia
959 2099 1355 2151 contrcctabat.
1388 2100 1569 2167 itaque
1597 2101 1955 2163 occurrimus,
1982 2101 2238 2165 vidimus,
2270 2101 2424 2157 flevi-

839 2206 978 2251 nms,
1031 2199 1084 2243 et
1130 2189 1269 2244 facto
1319 2206 1478 2244 mane.
1525 2206 1647 2244 cum
1679 2190 2041 2247 exsultatione
2080 2194 2243 2248 totius
2278 2195 2427 2248 urbis

838 2280 1121 2335 Dominum
1156 2281 1324 2339 Deum
1350 2292 1593 2339 nostrum
1624 2282 1989 2337 laudavimus.

1343 2423 1657 2477 Contractus
1701 2433 1921 2476 erectus.

900 2537 994 2590 ‘13.
1039 2536 1378 2605 Epheborum
1412 2536 1607 2605 aliquis
1638 2551 1805 2605 prope
1840 2534 2121 2589 civitatem
2167 2534 2425 2587 manebat

833 2628 904 2679 ita
945 2644 971 2679 a
1004 2640 1175 2690 puero
1207 2626 1542 2689 debilitatus,
1577 2635 1634 2678 ιιι
1665 2642 1695 2678 a
1726 2624 1923 2678 lumbis
1952 2640 2015 2678 ac
2046 2625 2299 2678 deorsum
2331 2637 2429 2691 per

836 2726 1011 2770 totum
1046 2726 1325 2771 emortuus
1369 2718 1577 2771 duobus
1627 2716 1840 2769 hacillis
1882 2716 2226 2778 inniteretur,
2258 2715 2425 2768 totius

831 2812 1080 2879 corporis
1116 2818 1238 2878 post
1274 2824 1331 2863 se
1370 2809 1592 2862 trahens
1630 2808 1994 2861 medietatem.
2034 2806 2132 2859 llic
2162 2821 2223 2860 ea
2255 2806 2341 2859 die
2374 2806 2425 2858 in

831 2915 937 2968 qua
970 2899 1137 2952 Filius
1169 2899 1259 2952 Dei
1291 2898 1342 2950 in
1368 2905 1650 2965 assumpta
1675 2910 1841 2949 carne
1872 2896 2122 2963 dignatus
2150 2902 2234 2948 est
2265 2894 2421 2956 mori,

836 2990 954 3057 ejus
1000 2988 1301 3042 Ecclesiam
1345 2988 1645 3057 ingressus,
1701 2985 1955 3039 vexillum
2002 2986 2200 3049 crucis,
2241 2985 2293 3037 in
2324 2999 2427 3053 qua

830 3081 1071 3133 moriens
1123 3088 1351 3132 mortem
1406 3089 1648 3131 nostram
1700 3078 2003 3140 destruxit,
2057 3092 2181 3131 cum
2232 3086 2427 3130 caetera

829 3170 1179 3223 multitudine
1225 3170 1511 3231 adorabat,
1546 3177 1601 3221 et
1644 3168 1836 3220 futurae
1885 3167 2194 3220 festivitatis
2233 3166 2425 3236 gaudia

2532 2008 2743 2061 illorum
2799 2008 2999 2075 apertis
3050 2010 3223 2063 oculis
3278 2010 3548 2063 videntem
3605 2012 3699 2064 sed
3744 2012 3992 2065 movendi
4047 2026 4106 2065 se

2530 2102 2745 2155 omnino
2776 2100 3151 2169 impotentem,
3188 2101 3257 2153 ita
3293 2100 3521 2153 adorsus
3549 2110 3629 2155 est
3659 2100 3783 2153 fari.
3818 2100 3935 2155 Jam
3967 2103 4107 2156 desi-

2531 2200 2641 2245 tum
2670 2192 2760 2255 sit,
2794 2192 2967 2260 pueri,
3003 2207 3032 2244 a
3063 2190 3210 2253 ﬂetu,
3247 2192 3500 2260 quoniam
3530 2190 3736 2243 nullum
3766 2194 3918 2245 vobis
3948 2192 4106 2247 hodie

2529 2283 2809 2337 molestum
2839 2298 2956 2336 esse
2980 2283 3253 2351 permitto.
3284 2282 3489 2335 Idcirco
3519 2282 3661 2334 enim
3692 2282 3813 2335 veni
3843 2283 4103 2335 invitatus

2538 2374 2831 2445 lachrymis
2847 2374 3050 2428 doloris
3072 2373 3256 2426 vestri.
3277 2371 3571 2426 Eecenunc
3601 2372 3708 2435 ibo,
3737 2382 3791 2426 et
3819 2374 4106 2441 magistros

2525 2481 2801 2536 egressum
2856 2475 3096 2518 vestrum
3149 2462 3494 2532 explorantes
3540 2465 3865 2533 gravissimo
3917 2480 4108 2518 somno

2527 2557 2815 2626 soporabo.
2856 2556 2936 2609 Tu
2984 2570 3113 2608 vero
3158 2569 3294 2624 puer
3334 2554 3424 2622 qui
3464 2569 3553 2607 me
3592 2556 3897 2623 loquentem
3928 2558 4108 2610 cernis

2527 2655 2579 2699 et
2603 2646 2778 2711 audis,
2802 2660 2923 2699 cum
2952 2660 3048 2698 vos
3077 2659 3198 2697 meo
3227 2658 3449 2697 munere
3473 2643 3734 2697 liberatos
3764 2660 3884 2699 esse
3910 2661 4109 2715 cogno-

2528 2738 2708 2800 veris.
2762 2738 2813 2789 in
2868 2737 2969 2790 hoc
3020 2736 3153 2789 mihi
3212 2734 3444 2805 gratiam
3496 2736 3798 2803 prmstabis.
3855 2737 3899 2789 si
3948 2736 4107 2805 hujus

2529 2826 2773 2880 ecclesiae
2814 2827 3104 2895 prmposito
3154 2840 3219 2878 ex
3268 2839 3388 2877 meo
3440 2825 3657 2878 nomine
3703 2826 4007 2895 praecipias,
4050 2836 4110 2881 ιιι

2530 2917 2800 2971 initiatum
2857 2914 3184 2969 iufantulum
3239 2915 3411 2977 hunc,
3474 2916 3565 2983 qui
3607 2916 3761 2983 juxta
3813 2932 3897 2970 me
3938 2932 4110 2986 nuper

2529 3007 2778 3060 conditus
2808 3014 2915 3068 est,
2959 3005 3127 3059 tilium
3164 3006 3379 3059 comitis
3411 3004 3625 3058 Haroldi
3662 3004 3773 3075 (6t)
3812 3004 3958 3060 foras
3984 3022 4111 3076 pro-

2522 3096 2617 3166 jici
2669 3095 2853 3149 faciat.
2904 3095 3164 3149 lndecens
3210 3110 3442 3161 namque
3492 3094 3647 3149 valde
3678 3105 3782 3159 est,
3815 3106 3875 3149 ut
3908 3096 3977 3149 ibi
4013 3111 4111 3165 pa-

2529 3202 2789 3257 ganorum
2837 3202 3065 3255 corpora
3110 3187 3457 3254 sepeliantur,
3496 3187 3584 3240 ubi
3636 3187 3816 3240 divina
3867 3190 4109 3255 quotidie

824 3262 978 3330 juxta
1037 3276 1234 3330 corpus
1288 3260 1582 3313 venerandi
1647 3259 1824 3312 Patris
1882 3258 2143 3311 Dnustani
2201 3265 2497 3326 manensc
2531 3293 2607 3347 ιη)

2330 3272 2425 3311 ⁸³³³
2454 3265 2497 3326 C
2531 3278 2788 3347 mysteria
2837 3277 3201 3331 celebrantur.
3254 3276 3407 3343 Quod
3450 3280 3495 3331 si
3538 3279 3653 3346 ipse
3700 3289 3793 3333 aut
3837 3289 3980 3334 metu
4016 3289 4110 3335 aut

829 3350 1201 3418 exspectabat.
1225 3348 1564 3401 Adveniente
1590 3355 1768 3399 autem
1794 3346 1927 3399 hora
1956 3347 2009 3399 in
2037 3361 2141 3414 qua
2167 3346 2426 3399 Dominus

828 3451 1017 3494 noster
1041 3438 1202 3493 Jesus
1240 3438 1492 3493 Christus
1524 3437 1861 3505 triumphato
1892 3436 2107 3489 diabolo
2137 3450 2165 3488 a
2197 3436 2425 3489 mortuis

829 3533 1203 3586 resurrexisse
1230 3531 1492 3593 creditur,
1530 3530 1735 3583 clamor
1776 3529 1827 3581 in
1865 3526 2095 3582 ecclesia
2133 3526 2310 3581 factus
2341 3536 2425 3581 est

831 3636 1063 3691 magnus
1110 3620 1446 3673 tumultuans
1481 3618 1885 3673 adolescentem
1919 3627 2126 3670 rectum
2159 3625 2271 3670 toto
2302 3632 2423 3670 eor-

826 3727 958 3781 pore
998 3721 1165 3775 stare,
1207 3711 1297 3779 qui
1331 3725 1359 3763 a
1396 3708 1579 3763 multis
1628 3709 1788 3762 annis
1839 3706 2127 3761 inferiores
2178 3708 2423 3775 corporis

827 3814 1013 3874 partes
1044 3812 1165 3872 post
1210 3818 1267 3857 se
1309 3810 1667 3856 consueverat
1714 3800 1949 3853 trahere.
1982 3796 2134 3863 Quod
2170 3798 2422 3866 quamvis

830 3896 1009 3949 clerus
1063 3894 1291 3957 sciebat,
1343 3893 1616 3963 patienter
1662 3902 1841 3945 tamen
1876 3890 2037 3944 simul
2080 3899 2135 3943 et
2177 3889 2423 3942 laetanter

841 3986 971 4039 solis
1001 3992 1178 4039 ortum
1212 3982 1582 4053 exspectabat.
1618 3980 1774 4035 Mattc
1817 3994 1947 4033 vero
1995 3979 2293 4033 Dominica:
2333 3994 2419 4032 re-

831 4072 1187 4128 surrectionis
1227 4071 1479 4124 convenit
1510 4069 1721 4124 infinita
1756 4069 1922 4122 totius
1952 4067 2104 4121 urbis
2137 4066 2422 4119 multitudo

828 4166 884 4219 in
909 4163 1219 4224 ecclesiam,
1238 4162 1420 4215 videre
1442 4161 1569 4231 quid
1594 4161 1647 4213 in
1676 4160 1948 4213 hominem
1973 4157 2153 4211 divina
2183 4155 2422 4224 potentia

828 4265 1053 4327 operata
1103 4254 1330 4317 fuisset,
1381 4267 1541 4322 quem
1594 4259 1756 4304 antea
1806 4251 1860 4303 in
1912 4246 2229 4302 infirmitate
2285 4244 2422 4298 bene

830 4349 1103 4417 cognitum
1155 4345 1494 4399 habuissent.
1539 4342 1807 4397 Viderunt
1840 4342 2044 4408 itaque,
2087 4347 2137 4390 et
2172 4338 2279 4389 Deo
2310 4334 2421 4403 glo-

830 4440 967 4493 riam
1011 4436 1275 4491 dederunt
1314 4435 1610 4489 clamantes
1650 4434 1794 4488 bono
1823 4432 2053 4485 Domino
2083 4428 2419 4481 Dunstannm

830 4530 883 4583 in
918 4529 1024 4581 vita
1065 4528 1319 4590 servisse,
1353 4527 1439 4580 cui
1470 4534 1594 4595 post
1634 4532 1865 4577 mortem
1898 4535 2003 4574 non
2043 4517 2216 4572 solum
2247 4516 2421 4570 conti-

829 4621 907 4688 git
946 4620 1157 4674 beatius
1200 4619 1399 4682 vivere,
1442 4632 1629 4671 verum
1658 4616 1825 4671 etiam
1858 4609 2252 4666 beneficiorum
2290 4624 2417 4661 suo-
2448 4611 2497 4669 1)

830 4727 950 4764 rum
984 4710 1214 4781 gratiam
1248 4709 1557 4764 hominibus
1589 4715 1869 4777 prmstare.

1408 4822 1529 4876 Alia
1556 4819 1836 4874 miracula.

898 4939 986 4991 Μ.
1031 4939 1263 4992 Puerum
1303 4950 1519 5005 quoque
1571 4932 1828 4987 omnibus
1880 4928 2141 4984 membris
2201 4935 2419 4981 contra-

831 5043 972 5088 ctum
999 5049 1097 5103 per
1130 5030 1379 5085 eumdem
1430 5028 1524 5081 Dei
1569 5034 1821 5080 sanctum
1862 5022 2100 5075 vidimus
2138 5029 2413 5075 sanatmn.

902 5184 1030 5265 (6.5).
1054 5181 1317 5270 Osbertus
1353 5198 1368 5234 :
1414 5196 1431 5229 t
1460 5173 1883 5270 Instabat-“diesr
1922 5172 2074 5270 festla.
2109 5170 2423 5270 Nativitaltis

1000 5240 1030 5270 ἷ·
1102 5252 1257 5271 ||-,-9-
1314 5263 1489 5272 ---μηςς
1532 5245 1830 5274 ...ηειιηῖυιο
1860 5240 2029 5276 riuus-nl
2065 5243 2113 5276 in
2146 5250 2421 5278 Ιηηιισιοιμ-

2530 3368 2908 3428 incredulitate
2958 3378 3286 3437 praeceptum
3338 3384 3515 3423 meum
3549 3370 3870 3439 neglexerit.
3900 3374 4109 3426 noverit

2528 3460 2577 3513 in
2610 3460 2709 3513 hac
2738 3458 2967 3513 ecclesia
2996 3460 3131 3513 nihil
3159 3474 3480 3528 prosperum
3504 3476 3906 3528 processurum,
3936 3479 4110 3533 quan-

2526 3551 2613 3604 diu
2648 3552 2750 3604 hoc
2783 3564 2960 3603 meum
3012 3560 3345 3619 prteeeptum
3374 3566 3536 3618 opere
3569 3567 3675 3605 non
3715 3551 3877 3606 fuerit
3919 3555 4111 3623 imple-

2527 3652 2660 3694 tum.
2696 3640 2823 3694 llme
2854 3641 3041 3695 dicens
3088 3642 3337 3711 sepulcro
3389 3652 3638 3711 receptus
3680 3652 3784 3697 est.
3838 3644 3887 3698 Is
3927 3656 4107 3699 autem

2524 3732 2616 3801 qui
2646 3732 2758 3785 hate
2783 3731 3012 3795 viderat,
3059 3740 3168 3785 tum
3198 3732 3415 3801 quidem
3441 3748 3593 3801 puer,
3624 3749 3769 3789 nunc
3798 3750 3925 3789 vero
3955 3751 4108 3791 reve-

2528 3825 2706 3878 renda:
2745 3824 2923 3878 zelatis
2956 3815 3159 3889 senior,
3190 3826 3391 3893 quique
3423 3836 3481 3880 ut
3516 3828 3618 3881 ista
3641 3828 3855 3883 sublato
3886 3832 4109 3885 nomine

2527 3915 2668 3969 illius
2712 3916 3105 3978 scriberentur,
3162 3915 3391 3970 sollicite
3439 3933 3537 3971 nos
3582 3919 3880 3986 admonuit,
3919 3922 4103 3986 statim

2526 4007 2605 4059 sui
2637 4020 2857 4073 compos
2884 4004 3131 4067 effectus,
3185 4006 3363 4059 innuit
3410 4008 3689 4063 sodalibus
3718 4011 3942 4065 dicens:
3968 4012 4103 4066 Num

2524 4096 2743 4149 Patrem
2802 4096 3141 4159 Dtmstanum
3193 4096 3449 4151 vidistis?
3509 4114 3639 4151 num
3704 4100 3835 4168 quid
3894 4100 4106 4159 locutus

2526 4187 2691 4242 fuerit
2740 4187 3015 4241 audistis?
3065 4187 3426 4258 Narravitque
3462 4191 3645 4244 omnia
3688 4193 3953 4257 seriatim,
3990 4194 4108 4251 haec

2527 4280 2777 4348 inquiens
2832 4297 2844 4331 :
2904 4278 3025 4333 llaec
3072 4289 3137 4331 et
3195 4282 3309 4335 inec
3368 4281 3580 4336 locutus
3636 4293 3739 4338 est.
3810 4283 4109 4357 Surgentes

2524 4387 2654 4440 ergo
2713 4372 2863 4440 pueri
2924 4381 2981 4424 ιιι
3040 4372 3305 4425 intrarent
3363 4374 3580 4427 domum
3646 4379 3887 4448 martyrii
3949 4380 4105 4451 (63),

2527 4464 2862 4516 transierunt
2911 4474 3037 4517 ante
3089 4463 3289 4534 primos
3340 4466 3670 4533 magistros,
3722 4459 4104 4537 dormierunt}

2524 4556 2856 4609 transierunt
2882 4564 3008 4609 ante
3052 4556 3339 4619 secundos,
3368 4556 3739 4623 dormierunt;
3774 4563 4110 4619 transierunt

2528 4659 2650 4701 ante
2680 4649 2868 4701 tertios
2908 4658 2962 4699 et
2989 4662 3230 4716 quartos,
3256 4646 3613 4701 dormierunt.
3644 4649 3771 4703 Post
3798 4652 3955 4718 paulo
3977 4668 4108 4707 vero

2526 4740 2862 4808 cvigilantcs,
2894 4747 2947 4791 et
2975 4739 3182 4793 derisus
3220 4754 3279 4791 se
3321 4739 3558 4805 graviter
3586 4739 3847 4798 dolentes.
3883 4743 4022 4795 versi
4056 4745 4107 4797 in

2525 4830 2763 4886 furorem
2815 4841 3061 4885 statuunt
3103 4831 3457 4886 szevissimam
3511 4834 3664 4886 tertia
3710 4835 3815 4888 diei
3868 4837 3998 4890 hora
4040 4838 4108 4891 de

2526 4923 2711 4993 pueris
2745 4920 2999 4974 ultionem
3035 4936 3266 4983 sumere,
3311 4935 3448 4991 quos
3486 4933 3803 4990 protegente
3831 4927 4108 4981 Dunstano

2526 5028 2685 5067 inane
2716 5028 2821 5065 non
2855 5021 3141 5080 p0tuerunt
3170 5014 3499 5081 contingere.
3528 5012 3675 5067 Talis
3708 5016 3851 5069 enim
3897 5033 4011 5071 mos
4050 5019 4105 5073 in

2528 5168 2616 5223 diu
2665 5174 3049 5239 rotn'crsatus,
3092 5178 3264 5239 morte
3303 5169 3453 5222 tarda
3503 5170 3841 5239 deprimitur.
3906 5172 4103 5228 ibidem

2533 5237 2791 5278 cmwlilnr
2828 5238 3166 5278 shtliilm'iri
3197 5238 3267 5278 ιιι.
3316 5256 3384 5278 ru
3428 5255 3526 5278 nqcr
3566 5237 3633 5278 "Ii
3680 5240 3819 5278 Iliun
3870 5258 3968 5278 nmr
4008 5243 4075 5278 (ὶΡί
