4516 5500
860 426 961 484 467

861 633 1073 697 liceret,‘
1112 633 1460 705 defuncti'(ut
1512 639 1686 691 verbis
1736 648 1857 691 utar
1900 640 2062 708 illius)
2109 640 2337 692 cadaver
2368 640 2431 691 ad

862 727 1053 779 urbem
1091 741 1270 779 secum
1301 729 1728 783 transveherent.
1765 729 1897 782 Nam
1925 731 1976 784 in
2008 730 2239 799 quodam
2270 731 2435 784 eccleo

868 815 953 867 sia:
980 815 1304 883 patrimonio
1328 818 1511 886 procul
1538 818 1605 870 ab
1637 820 1766 873 urbe
1793 821 2021 875 distante
2040 862 2052 881 ,
2086 822 2225 889 quod
2255 820 2433 874 Ealdi-

867 914 990 956 tune
1023 903 1116 974 [αι.
1149 905 1514 978 Ealdintttne.]
1551 918 1791 973 vocatur,
1841 910 1976 963 idetn
2019 910 2179 964 Pater
2213 927 2434 964 venera-

863 993 984 1044 bilis
1015 995 1328 1062 mgrotahat.
1363 996 1595 1050 Veniunt
1626 1000 1803 1068 itaque
1835 1001 1906 1052 illi
1943 1002 2006 1054 ad
2038 1002 2245 1064 locum;
2291 1003 2434 1055 inve-

864 1080 1017 1132 niunt
1047 1084 1223 1135 omnia
1254 1084 1508 1155 lacrymis
1535 1089 1755 1155 repleta,
1786 1089 1995 1157 plorant
2022 1106 2143 1144 cum
2179 1091 2436 1160 ploranti—

864 1172 981 1235 bus,
1017 1173 1256 1227 nolentes
1284 1177 1552 1231 hominem
1581 1190 1751 1233 morte
1790 1180 1972 1233 videre
2007 1180 2318 1246 finiendum,
2350 1184 2435 1238 cui

864 1264 1091 1317 similem
1122 1276 1241 1333 post
1267 1267 1380 1322 lucc
1410 1270 1649 1323 sciebant
1675 1287 1776 1325 non
1801 1287 1917 1326 esse
1944 1273 2343 1329 inveniendum.
2368 1276 2439 1329 At

864 1352 971 1415 ille,
1004 1354 1117 1409 sive
1152 1373 1275 1411 suas
1304 1362 1599 1427 angustias,
1631 1364 1745 1417 sive
1775 1363 2004 1419 filiorum
2030 1382 2250 1422 suorum
2281 1371 2440 1424 mise‘

863 1444 973 1497 rias
1011 1461 1113 1497 non
1147 1446 1327 1502 ferens
1363 1451 1521 1517 (sicut
1574 1455 1714 1506 enim
1766 1466 1939 1511 mater
1984 1459 2198 1513 unicum
2247 1460 2432 1523 filium,

861 1532 933 1585 ita
975 1534 1212 1605 singulos
1260 1554 1356 1593 nos
1389 1541 1543 1595 unice
1592 1543 1891 1614 diligebat),
1936 1550 2202 1602 convertit
2245 1552 2436 1605 faciem

862 1640 1014 1677 suam
1046 1628 1109 1679 ad
1141 1632 1423 1693 parietem,
1456 1632 1693 1688 divinam
1721 1639 1937 1704 quantis
1975 1651 2157 1708 posset
2194 1643 2440 1710 suspitiis

860 1718 1203 1775 clementiam
1235 1723 1641 1791 deprecaturus.
1688 1728 1983 1784 Confestim
2022 1742 2199 1787 autem
2228 1750 2437 1787 sursum

862 1818 1073 1875 raptus,
1101 1811 1317 1864 videbat
1339 1816 1489 1881 quasi
1521 1817 1817 1871 exercitum
1845 1821 2082 1873 virorum
2124 1821 2440 1877 candidato-

860 1912 1003 1961 rum,
1026 1898 1265 1955 lueifluas
1292 1904 1427 1957 sicut
1452 1905 1527 1959 sol
1553 1906 1715 1961 facies
1738 1908 2071 1975 habentium,
2104 1913 2252 1966 albos
2272 1927 2440 1981 equos

860 2003 985 2041 cum
1027 1989 1261 2055 phaleris
1288 1995 1466 2046 aureis
1498 2007 1737 2064 comptos
1771 1999 2137 2063 insidentium,
2170 2013 2223 2055 et
2250 2002 2441 2056 libera-

858 2078 939 2132 les
959 2077 1115 2145 joeos
1136 2080 1367 2147 joeunda
1390 2085 1622 2151 quadam
1656 2089 1921 2143 suavitate
1944 2091 2008 2143 ad
2037 2092 2266 2146 invicem
2290 2094 2441 2147 exhi-

859 2168 1121 2223 bentium.
1180 2172 1323 2237 Quos
1357 2174 1443 2227 ille
1474 2186 1858 2242 prmtereuntes
1904 2178 2224 2233 lcetabuudis
2271 2183 2443 2236 oculis

859 2260 1097 2322 intuens,
1134 2263 1513 2316 sciscitabatur
1545 2266 1821 2334 eujusnam
1857 2270 1957 2323 ista
1984 2270 2247 2338 profectio
2278 2282 2439 2325 esset.

860 2354 1072 2407 Dictum
1101 2365 1277 2409 autem
1321 2366 1402 2411 est
1449 2360 1584 2413 hanc
1618 2361 1797 2415 domni
1832 2362 2090 2420 Dunstani
2120 2383 2257 2432 esse,
2295 2370 2440 2422 illum

859 2460 991 2498 vero
1008 2463 1123 2508 ,non
1156 2447 1309 2517 longe
1341 2450 1547 2503 abesse.
1573 2452 1935 2521 Exspectabat
1976 2457 2158 2527 itaque
2182 2460 2443 2515 Lanfran-

860 2549 957 2588 cus
987 2534 1273 2602 explorans
1319 2538 1649 2607 singulorum
1698 2546 2089 2599 transeuntium
2119 2548 2319 2611 vultus,
2348 2564 2443 2604 Cll-

858 2627 1014 2694 piens
1040 2626 1186 2680 illum
1210 2644 1319 2697 prae
1347 2632 1558 2685 ueteris
1580 2648 1894 2701 agnoscere,
1920 2652 1947 2690 a
1970 2651 2076 2706 quo
2097 2654 2207 2708 pra:
2233 2641 2443 2695 caneris

860 2716 1099 2768 remedia
1129 2720 1381 2785 sperabat
1408 2720 1599 2775 salutis
1629 2724 1908 2793 accipere;
1941 2737 1991 2781 et
2029 2742 2155 2783 ecce
2195 2730 2445 2784 beatissi-

860 2818 981 2856 mus
1019 2803 1181 2859 Pater
1214 2808 1520 2864 Duustauus
1546 2815 1934 2869 venerabilium
1963 2818 2234 2871 seniorum
2258 2821 2443 2875 cuneis

860 2894 986 2947 hinc
1016 2895 1138 2949 inde
1160 2897 1389 2964 stipatus
1417 2901 1685 2965 veniebat,
1713 2903 1945 2958 similem
1971 2922 2067 2974 per
2085 2909 2263 2961 omnia
2289 2917 2445 2964 crete-

860 2984 938 3035 ris
964 2983 1206 3037 habitum
1232 3003 1448 3053 gerens,
1476 2991 1577 3044 nisi
1605 2994 1747 3061 quod
1777 2994 1844 3045 ab
1866 2996 2105 3051 humeris
2130 3007 2183 3051 et
2207 3014 2441 3063 sursum,

859 3075 1055 3127 celsior
1097 3079 1308 3133 cunctis
1337 3082 1629 3135 eminebat.
1680 3084 1733 3136 In
1776 3084 1931 3152 cujus
1970 3101 2253 3141 occursum
2301 3087 2443 3141 Lau-

861 3167 1081 3222 francus
1114 3168 1393 3225 humiliter
1418 3174 1767 3243 progrediens
1788 3214 1802 3235 ,
1825 3175 2163 3245 jungensque
2188 3194 2244 3231 se
2271 3179 2336 3232 ad
2370 3178 2443 3230 la-

860 3271 945 3313 tus
971 3261 1279 3328 equitantis,
1307 3262 1447 3316 illius
1472 3265 1806 3333 amplexatus
1821 3276 1902 3321 est
1919 3268 2105 3336 pedem
2135 3268 2295 3321 simul
2318 3284 2440 3322 cum

858 3354 1191 3413 ascensorio,
1222 3356 1307 3407 cui
1345 3356 1629 3409 videbatur
1654 3357 1831 3420 inniti,
1873 3368 2035 3427 atque
2075 3360 2140 3413 ad
2182 3376 2241 3415 se
2286 3376 2445 3415 oscu-

860 3444 999 3496 lamli
1034 3447 1206 3514 gratia
1242 3448 1459 3501 trahere
1489 3458 1715 3503 conatus
1742 3462 1841 3504 est.
1867 3453 1933 3504 At
1962 3452 2265 3507 Dunstanus
2288 3455 2441 3523 quasi

859 3536 923 3587 ad
957 3536 1155 3589 facutm
1187 3553 1570 3606 expavescens,
1604 3540 1716 3594 sive
1744 3540 2049 3596 Lanfranco
2080 3545 2299 3597 honoris
2323 3560 2443 3613 gra-

861 3629 987 3682 tiam
1021 3630 1285 3684 exhibeus
1311 3672 1323 3692 ,
1374 3632 1671 3685 constricto
1704 3647 1843 3701 genu
1884 3643 2113 3703 utraque
2158 3651 2317 3687 manu
2352 3650 2442 3702 pe-

859 3722 977 3774 dem
1019 3722 1084 3774 ad
1117 3737 1174 3775 se
1204 3722 1489 3775 videbatur
1519 3724 1815 3777 retrahere.
1845 3725 1901 3777 In
1947 3725 2047 3779 hac
2076 3726 2227 3779 beata
2264 3737 2442 3781 certa-

862 3813 1024 3865 minis
1049 3812 1189 3865 lucta
1222 3813 1555 3867 Lanfrancus
1580 3814 1643 3867 ad
1669 3814 1717 3875 id
1740 3815 1885 3883 quod
1912 3815 2088 3869 fuerat
2112 3817 2267 3880 redit,
2294 3827 2345 3871 ct
2372 3820 2441 3871 ita

858 3918 915 3956 se
938 3918 1126 3955 sanum
1156 3905 1374 3972 reperit,
1406 3913 1463 3956 ut
1490 3904 1693 3957 nullttm
1728 3904 2055 3959 infirmitatis
2084 3908 2365 3977 vestigium
2391 3908 2442 3961 iu

860 4004 969 4045 toto
996 4009 1221 4062 corpore
1249 3995 1613 4049 remansisset.
1640 3996 1760 4065 Agit
1782 3997 1959 4065 itaque
1982 3998 2185 4066 gratias
2202 3998 2330 4061 Deo,
2348 4015 2442 4053 cu-

849 4083 939 4148 jus
962 4083 1101 4136 dono
1127 4092 1180 4136 et
1208 4083 1541 4138 Dunstauum
1561 4086 1761 4147 videre,
1782 4088 2085 4155 etcnpitam
2108 4088 2333 4142 salutem
2354 4090 2444 4142 illo

856 4172 1028 4239 potuit
1059 4172 1294 4225 donante
1320 4175 1615 4243 suscipere.
1675 4174 1892 4230 Vocatis
1921 4192 2050 4245 ergo
2077 4177 2158 4229 his
2194 4177 2284 4245 qui
2312 4193 2439 4245 pro-

857 4263 975 4329 pius
1032 4264 1443 4328 accumbebant,
1498 4274 1686 4318 narrat
1735 4281 1798 4319 ex
1830 4267 2020 4319 ordine
2050 4282 2168 4335 qua:
2214 4267 2440 4328 viderat,

857 4352 1015 4405 simul
1066 4369 1123 4407 se
1166 4355 1507 4408 convaluisse
1559 4366 1853 4410 asseverat.
1919 4358 2027 4410 Illis
2088 4373 2215 4409 vero
2258 4358 2445 4409 existi-

857 4444 1129 4497 mantibus
1158 4445 1298 4513 quod
1337 4445 1571 4499 alienata
1613 4456 1792 4501 mente
1838 4447 2190 4517 loqueretur:
2232 4447 2443 4514 l’rmpa-

1858 434 1913 487 S.
1957 429 2367 489 DLNa'TANL'S
2406 434 2720 491 ARCIilEP.
2762 439 3109 498 CANTUAR.

862 546 1108 607 sentiam,
1144 556 1403 613 quatenus
1440 549 1482 601 si
1521 550 1569 600 in
1604 562 1825 616 corpore
1856 550 2057 603 diutius
2097 550 2279 602 vivere
2327 562 2429 599 non
2466 549 2510 606 Λ

4000 454 4102 511 668

2990 553 3056 606 [ξι
3090 556 3141 607 in
3166 556 3343 609 morbo
3371 559 3645 617 caneiluni.

2610 677 2691 731 l9.
2734 678 2961 745 Quidam
3016 684 3323 752 capellanus
3376 689 3659 757 presbyter
3714 692 4101 761 archiepiscopi

2536 764 2669 819 adeo
2717 769 2862 835 gravi
2908 771 3137 824 febrium
3180 775 3463 829 vexatione
3503 791 3596 844 per
3628 788 3853 833 octonos
3889 796 4104 834 menses

2536 861 2805 917 cruciatus
2829 862 3023 929 fuerat,
3049 876 3107 920 ut
3137 870 3473 936 consumptis
3497 871 3751 923 carnibus
3773 871 3857 922 vix
3880 870 4106 924 infirmis

2535 952 2744 1005 ossibus
2772 954 2922 1020 pellis
2952 956 3197 1010 hmreret.
3232 957 3327 1011 llic
3380 975 3443 1012 eo
3478 969 3747 1014 momento
3784 976 3891 1028 quo
3931 962 4108 1013 archi-

2535 1042 2814 1111 cpiscopus
2841 1045 3018 1099 salvus
3045 1046 3266 1101 effectus
3293 1059 3395 1111 est,
3414 1059 3647 1118 optatam
3667 1066 3693 1102 a
3719 1052 3826 1104 Deo
3857 1050 4106 1113 salutem,

2538 1143 2590 1187 et
2616 1136 2725 1203 ipse
2755 1146 3075 1192 consecutus
3115 1148 3217 1203 est,
3244 1148 3298 1193 et
3336 1155 3491 1193 mane
3545 1142 3609 1193 ad
3646 1142 4107 1210 archiepiscopum

2540 1225 2876 1280 lmtabnndus
2899 1228 3203 1297 ingrediens
3248 1230 3529 1298 (didicerat
3554 1247 3783 1300 namque
3814 1231 3959 1284 illum
3981 1247 4111 1285 cen-

2541 1317 2814 1385 valnisse),
2848 1319 3158 1385 requirebat
3205 1321 3418 1373 modmn
3465 1330 3693 1391 recepta:
3739 1320 4003 1384 sanitatis,
4056 1329 4111 1374 et

2541 1408 2810 1461 audiebat.
2849 1408 3086 1475 Rogatus
3116 1410 3276 1462 etiam
3306 1409 3437 1478 ipse.
3466 1418 3522 1462 ut
3547 1410 3996 1478 quemadmodum
4026 1425 4113 1462 se—

2542 1513 2600 1551 se
2634 1499 2857 1552 haberet
2902 1500 3157 1552 ediceret.
3222 1498 3403 1563 Plane,
3442 1501 3635 1569 inquit,
3684 1502 3884 1569 optime
3937 1500 4111 1564 valeo,

2541 1591 2793 1658 quoniam
2827 1591 2871 1644 is
2902 1592 2991 1660 qui
3024 1601 3076 1645 te
3105 1592 3157 1645 in
3191 1593 3381 1646 mortis
3426 1594 3663 1662 periculo
3691 1592 3994 1649 miserando
4023 1610 4111 1649 re-

2543 1684 2737 1751 spexit,
2772 1685 2901 1737 mihi
2933 1699 3144 1753 quoque
3179 1687 3247 1739 ob
3268 1687 3493 1755 gratiam
3521 1689 3593 1740 tui
3636 1689 3686 1740 in
3715 1689 3815 1744 hac
3851 1698 4006 1742 nocte
4029 1705 4115 1743 sa-

2544 1774 2705 1825 lutem
2764 1774 3010 1827 conferre
3058 1776 3306 1844 dignatus
3348 1786 3448 1829 est.
3492 1776 3744 1831 Jacebam
3784 1794 4013 1845 namque
4060 1778 4111 1830 in

2474 1877 2517 1934 ῃ
2545 1871 2713 1915 διεσθίει
2739 1878 2879 1925 meo,
2902 1864 3041 1932 quod
3067 1864 3275 1934 ligneus
3293 1866 3625 1919 solummodo
3654 1882 3682 1919 a
3709 1876 3879 1920 stratn
3906 1877 3996 1920 tuo
4018 1883 4112 1935 pa-

2545 1954 2649 2009 ries
2678 1954 2901 2015 dirimit,
2936 1955 3289 2023 videbamque
3331 1957 3381 2009 itt
3418 1958 3622 2010 visione
3645 1958 3860 2010 beatum
3889 1957 4117 2009 Dunsta-

2544 2057 2669 2094 num
2692 2042 2958 2097 Solemnes
2984 2043 3033 2095 in
3055 2045 3282 2097 ecclesia
3311 2043 3606 2097 Salvatoris
3634 2045 3826 2099 missas
3846 2056 4115 2113 agentem,

2544 2146 2733 2199 meque
2762 2132 2834 2184 illi
2865 2132 2916 2184 in
2956 2133 3255 2185 ministerio
3300 2134 3718 2187 subdiaconatus
3768 2134 4115 2187 servientem.

2542 2220 2783 2288 Cumque
2812 2220 3045 2287 perlecta
3079 2237 3106 2273 a
3136 2236 3221 2275 me
3246 2221 3431 2275 fuisset
3459 2223 3707 2289 epistola,
3740 2224 3807 2276 ad
3850 2224 4012 2291 pedes
4055 2223 4119 2276 il-

2544 2312 2647 2366 lius
2688 2329 2755 2366 ex
2800 2328 2948 2367 more
2991 2313 3377 2367 deosculandos
3420 2315 3644 2375 accessi,
3690 2315 4117 2368 benedictionem

2543 2403 2693 2470 petii,
2719 2412 2773 2457 et
2800 2402 2869 2455 ita
2891 2418 3011 2457 cum
3032 2404 3147 2472 ejus
3176 2404 3549 2457 benedictione
3572 2405 3827 2459 recedens
3850 2405 4113 2459 convalui.

2542 2491 2777 2545 Audiens
2821 2492 2934 2543 hmc
2964 2491 3288 2544 venerabilis
3336 2490 3496 2545 Pater
3543 2492 3895 2555 Lanfrancus,
3932 2507 4118 2545 erum-

2542 2597 2674 2651 pens
2705 2582 2756 2635 iu
2790 2583 3039 2653 gaudium
3067 2583 3145 2637 sic
3172 2584 3278 2636 ait:
3307 2581 3418 2636 Non
3452 2584 3623 2653 potuit
3651 2586 3939 2653 quidquam
3970 2586 4121 2638 iutlr-

2546 2672 2750 2726 mitatis
2785 2674 2836 2726 itt
2867 2674 2982 2727 loco
3014 2689 3317 2737 remanere,
3362 2689 3520 2743 quem
3561 2686 3778 2729 sanctus
3810 2676 3903 2731 Dei
3934 2676 4123 2731 visita-

2546 2764 2765 2817 talionis
2788 2780 2897 2818 suae
2927 2766 3099 2833 gratia
3127 2765 3375 2834 dignatus
3402 2775 3485 2820 est
3514 2766 3808 2821 illustrare.

2711 2875 2960 2929 Catcnato
2986 2878 3108 2930 nodi
3132 2878 3310 2931 soluti.
3344 2876 3569 2931 Factum
3601 2881 3941 2935 contrarium.

2614 2990 2699 3044 20.
2741 2990 2816 3043 Ea
2846 3004 3057 3059 quoque
3090 2998 3407 3060 tempestate
3433 2991 3551 3045 dum
3586 2992 3829 3060 qumdam
3867 3007 3954 3046 res
3976 2994 4118 3063 apud

2546 3096 2645 3134 nos
2688 3082 3051 3148 contigerunt,
3090 3096 3223 3149 quas
3263 3096 3368 3133 non
3420 3081 3589 3149 magis
3619 3082 3777 3135 beato
3819 3082 4118 3143 Dunstano,

2546 3183 2705 3236 quam
2749 3168 2959 3223 caneris
3017 3168 3211 3221 ibidem
3258 3168 3661 3237 quiescentibus
3699 3173 3900 3225 sanctis
3946 3172 4119 3226 ascri-

2546 3260 2748 3313 bendas
2789 3261 3115 3328 putavimus.
3159 3261 3235 3314 Ex
3274 3270 3543 3329 prteccpto
3573 3263 3837 3330 siquidem
3863 3263 4123 3331 Bajocen-

2545 3349 2621 3403 sis
2652 3349 2886 3417 episc0pi
2928 3350 3143 3417 quidam
3174 3350 3256 3401 vir
3286 3350 3339 3402 in
3370 3350 3583 3403 vincula
3622 3350 3897 3418 conjectus
3923 3351 4114 3412 fuerat,

2544 3450 2825 3510 propterea
2858 3442 2999 3509 quod
3036 3456 3251 3494 cervum
3278 3442 3329 3495 in
3370 3441 3501 3495 silva
3536 3442 3675 3496 illius
3706 3459 3735 3495 a
3768 3443 3991 3497 canibus
4036 3444 4121 3497 in-

2545 3534 2819 3595 scitatum,
2845 3548 3072 3601 seseque
3100 3534 3150 3586 ir.
3172 3547 3457 3586 occursum
3485 3534 3599 3601 ejus
3630 3533 3961 3603 praecipitem
3991 3535 4124 3587 dan-

2547 3634 2678 3686 tem,
2710 3624 2905 3677 emissa
2936 3625 3132 3694 sagitta
3157 3624 3463 3697 occidisset;
3499 3623 3723 3679 Habitus
3752 3641 3882 3695 ergo
3920 3627 3971 3679 in
4000 3626 4121 3679 vin-

2546 3714 2681 3767 culis
2712 3714 2762 3766 in
2790 3715 3007 3767 civitate
3035 3715 3343 3776 Cautuaria,
3377 3716 3568 3768 diebus
3592 3731 3655 3769 ac
3684 3718 3929 3770 noctibus
3951 3717 4123 3771 eccle-

2547 3805 2682 3859 siam
2728 3804 3089 3874 frequentare,
3136 3807 3404 3876 lacrymas
3447 3822 3542 3874 pro
3582 3808 3816 3876 peccatis
3848 3807 4123 3863 effundere

2546 3898 2679 3958 suis,
2714 3912 3069 3966 magnumque
3099 3899 3275 3966 populi
3306 3897 3553 3951 allectum
3584 3914 3649 3951 ex
3680 3899 3854 3951 sonitu
3886 3899 4121 3952 striden-

2549 3992 2679 4043 tium
2710 4001 3021 4044 catenarum
3044 3993 3183 4043 circa
3216 4006 3273 4044 se
3294 3991 3552 4044 excitare.
3587 3990 3828 4059 Cumque
3872 3992 3973 4045 hoc
4023 4002 4124 4059 per

2546 4081 2677 4133 duos
2705 4096 2876 4135 annos
2904 4082 3265 4137 indesinenter
3304 4083 3541 4147 fecisset,
3583 4083 3813 4152 quadam
3843 4083 3953 4145 die,
3996 4100 4119 4137 cum

2548 4178 2670 4221 ante
2727 4168 2895 4223 altare
2960 4172 3248 4225 Dominicm
3306 4173 3485 4226 crucis
3540 4182 3846 4241 prostratus
3889 4173 4120 4241 jacerct,

2546 4262 2848 4317 videntibus
2870 4263 3077 4316 cunctis
3103 4262 3191 4331 qui
3216 4264 3643 4316 circumstabant
3667 4274 3868 4317 catena'
3890 4263 4121 4331 dirupta:

2544 4365 2686 4417 sunt,
2718 4355 2852 4407 bo‘a:
2902 4355 2953 4407 in
2997 4363 3223 4422 quatuor
3250 4363 3428 4423 partes
3472 4355 3834 4419 comtuinutze,
3881 4354 4017 4409 clavi
4066 4356 4120 4408 in

2545 4431 2782 4499 minutas
2824 4453 3003 4514 partes
3050 4444 3332 4498 cmnfracti.
3380 4446 3496 4514 Ipse
3528 4462 3653 4500 vero
3691 4447 3817 4515 quid
3850 4447 3914 4501 de
3948 4461 4011 4501 eo
4037 4448 4121 4501 di-

856 4543 1022 4597 retur,
1072 4536 1265 4603 inquit,
1307 4536 1438 4589 mihi
1472 4536 1676 4601 altare;
1717 4538 1969 4591 videbitis
2007 4552 2237 4604 namque
2292 4536 2438 4588 illmn
2473 4554 2518 4610 ι)
2549 4536 2746 4589 vinitus
2770 4537 3029 4605 agebatur
3055 4537 3270 4603 penitus
3307 4536 3607 4607 ignorabat.
3639 4537 3904 4607 Surgente
3937 4549 4118 4592 autem

854 4628 1179 4681 sacrificium
1209 4628 1319 4682 Deo
1342 4627 1681 4691 ollerentctn,
1708 4646 1868 4698 quem
1895 4629 2054 4699 paulo
2074 4638 2198 4682 ante
2227 4627 2441 4681 videba-

854 4724 924 4775 tis
959 4724 1047 4776 vix
1088 4724 1229 4779 labia
1278 4737 1606 4779 moventem.
1662 4726 1865 4780 Deinde
1918 4726 2108 4779 accitis
2140 4725 2228 4793 qui
2268 4740 2441 4794 nuper

852 4816 1182 4870 advenerant
1204 4818 1534 4872 senioribus.
1574 4818 1673 4872 llic
1701 4818 1841 4881 dies,
1874 4819 1968 4877 ait,
2004 4818 2281 4871 eritvobis
2311 4817 2435 4871 boni

854 4910 1025 4961 nuntii
1055 4911 1189 4963 dies.
1229 4911 1516 4965 Dominum
1560 4920 1613 4964 et
1657 4910 1871 4965 Patrem
1919 4919 2159 4963 nostrum
2202 4910 2437 4963 Dunsta-

852 5017 978 5053 num
1036 5002 1124 5055 hic
1172 5002 1356 5064 fuisse,
1386 5012 1440 5055 et
1472 5018 1559 5056 me
1598 5003 1667 5056 ab
1696 5002 1843 5055 omni
1891 5001 2137 5070 corporis
2190 5000 2433 5053 molestia

853 5108 1075 5149 sanasse
1130 5097 1340 5149 scitote.
1407 5095 1773 5167 Regredimini
1818 5110 1947 5164 ergo
1999 5094 2064 5148 ad
2121 5094 2433 5159 ecclesiam,

852 5197 1035 5255 portas
1060 5188 1177 5254 ejus
1216 5204 1376 5258 super
1404 5204 1501 5241 vos
1536 5188 1808 5251 obserate,
1856 5188 1921 5239 ad
1956 5187 2271 5240 memoriam
2309 5201 2435 5239 san-

850 5277 919 5329 cti
972 5279 1229 5341 accedite,
1287 5294 1459 5349 genua
1512 5278 1731 5340 ﬂectite,
1779 5292 1842 5330 ac
1890 5292 1989 5343 pro
2040 5276 2249 5330 reddita
2300 5277 2432 5331 mihi

850 5369 1081 5402 εηηῖιιιιη
1117 5371 1309 5404 "Iunt-nu
1342 5370 1543 5406 ηνιιιῖιια
1576 5367 1791 5408 rnfnvln,
1834 5367 1965 5408 ann
1996 5368 2195 5410 ntnnim
2230 5382 2324 5412 ηριο
2350 5383 2433 5412 mn

2547 4626 2635 4679 illo
2662 4628 2731 4681 ab
2759 4628 3025 4690 oratione,
3051 4626 3361 4681 ceciderunt
3393 4628 3603 4683 vincula
3633 4628 3699 4682 de
3727 4630 3949 4697 pedibus
3974 4630 4117 4693 suis;

2544 4734 2663 4787 quae
2706 4719 2897 4773 tollens
2946 4720 2998 4772 in
3034 4722 3281 4774 manibus
3316 4720 3448 4783 suis,
3483 4735 3577 4789 per
3615 4722 3849 4774 medium
3891 4721 4119 4776 fratrum

2542 4811 2967 4877 etttnipoteutent
3010 4809 3280 4864 Christum
3328 4824 3426 4879 pro
3478 4811 3737 4865 miraculo
3784 4811 4119 4867 laudantium

2541 4903 2801 4972 perrexit,
2836 4918 3005 4971 eaque
3033 4918 3196 4971 super
3229 4904 3398 4956 altare
3428 4902 3624 4957 Christi
3655 4905 3849 4972 posuit,
3883 4904 4119 4960 offerens

2543 4995 2653 5047 Deo
2682 5010 2776 5062 pro
2827 5008 3051 5047 munere
3087 4994 3228 5061 quod
3281 4993 3380 5047 sibi
3422 4994 3594 5048 fuerat
3637 5010 3733 5062 pro
3769 5010 3951 5048 onere.
3992 4995 4121 5049 Post

2540 5099 2742 5153 paucos
2768 5085 2898 5143 dies.
2952 5084 3079 5136 dum
3130 5099 3245 5137 rem
3295 5086 3447 5138 istam
3481 5082 3818 5138 Lanfrancus
3853 5085 4121 5153 archiepi-

2542 5190 2736 5245 scopus
2764 5176 2972 5229 cuidam
2998 5178 3311 5245 prmpotenti
3335 5178 3449 5230 viro
3473 5186 3770 5241 narrasset,
3803 5176 3887 5229 ille
3915 5177 4116 5231 vicaria

2543 5266 2821 5327 relatione,
2856 5266 2921 5319 Et
2946 5280 3067 5333 ego,
3110 5266 3300 5334 inquit,
3336 5267 3440 5319 tale
3474 5267 3674 5335 aliquid
3711 5277 3905 5322 vestrae
3941 5268 4120 5322 excel-

2540 5359 2719 5412 lentiae
2748 5375 2971 5412 narrare
3008 5360 3179 5412 valeo.
3200 5360 3339 5412 quod
3364 5376 3467 5412 non
3497 5362 3721 5412 minoris
3746 5362 4116 5412 admirationis
