4516 5500
438 372 541 427 469

1897 379 2266 437 λιιιιλεῐω.

3587 393 3688 445 1·ῑο

440 486 616 548 hensi,
643 499 764 538 cum
801 486 1041 553 principe
1072 501 1168 540 suo
1198 488 1415 541 nomine
1438 489 1641 544 Baraba
1674 490 2021 558 compedibus
2054 499 2092 552 Α
2125 494 2385 546 dantium.
2442 494 2618 548 Victus
2672 498 2884 551 tandem
2935 498 3336 565 importunitate
3389 506 3685 561 tentatoris,

441 575 647 628 astricti
683 584 837 638 sunt;
870 577 957 643 qui
986 577 1184 631 idcirco
1222 578 1481 633 Barabun
1528 597 1585 633 se
1630 582 1887 649 appellari
1921 599 2007 633 \o-

442 665 560 729 luit,
606 666 858 733 quoniam
916 667 1094 720 nimia:
1142 683 1354 737 semper
1410 670 1744 724 crudelitatis
1807 670 2013 732 fuisset,

442 753 774 823 multamque
806 757 1080 808 bonnnum
1132 758 1342 810 turbam
1395 773 1554 809 manu
1586 774 1679 811 sua
1710 759 2014 813 occidisset.

443 843 691 898 Evadens
744 855 923 899 autem
982 847 1046 898 de
1107 846 1452 914 compedibus
1497 848 1638 900 viam
1700 863 1816 917 qua:
1875 850 2021 901 ducit

443 933 793 987 (Iautuariam
843 936 1091 1004 arripuit,
1125 936 1302 989 sciens
1348 952 1404 989 se
1447 952 1621 1004 neque
1669 938 1799 1000 vita,
1846 954 2018 1005 neque

443 1023 701 1077 membris
731 1025 1050 1089 cariturum,
1082 1026 1123 1079 si
1157 1027 1437 1079 ecclesiam
1468 1027 1667 1080 Christi
1710 1029 2019 1096 contingere

440 1120 623 1178 posset
656 1112 885 1182 asylum.
926 1113 1031 1168 Sed
1074 1131 1193 1169 cum
1222 1115 1334 1182 jam
1367 1133 1530 1186 prope
1570 1119 1845 1173 civitatem
1890 1120 2020 1173 fuis-

442 1210 547 1261 set,
578 1218 698 1255 mox
728 1213 785 1256 ut
815 1204 1034 1272 pinnam
1078 1206 1349 1267 Ecclesim,
1396 1217 1449 1260 et
1484 1209 1758 1263 Cherubin
1799 1225 2019 1263 aureum

440 1294 599 1359 vidit,
625 1295 776 1361 quasi
807 1294 1044 1348 ctelestis
1071 1295 1339 1368 Cherubin
1373 1299 1566 1352 \irlute
1597 1300 1841 1364 repulsus
1883 1301 2020 1353 ultra

439 1384 689 1449 progredi
746 1398 848 1436 non
902 1385 1097 1452 potuit.
1150 1382 1351 1439 Nititur
1399 1389 1578 1455 itaque
1646 1390 1771 1441 lotis
1818 1389 2023 1443 vitibus

440 1483 631 1527 contra
658 1490 885 1527 VilCllllﬂl
918 1492 1121 1539 DCI'Clll,
1157 1487 1209 1531 Ci
1239 1494 1450 1547 SClllpf‘l‘
1477 1494 1596 1532 CIIII]
1626 1481 1775 1547 quasi
1811 1496 2020 1533 η111Γ11111

438 1563 674 1617 ferreum
725 1566 1011 1620 sentiebat.
1085 1568 1246 1621 ll:esit
1276 1585 1402 1623 vero
1450 1581 1693 1639 stupens,
1722 1582 1774 1624 et
1820 1574 2017 1626 iterum

436 1660 735 1727 resumptis
764 1661 970 1715 viribus
994 1664 1189 1730 prioris
1222 1664 1376 1719 lucta:
1398 1676 1672 1720 certamen
1698 1670 2018 1737 assumpsit;

438 1750 533 1801 sed
557 1764 619 1801 ea
654 1766 756 1818 qua
789 1761 911 1805 ante
944 1754 1145 1806 virtute
1176 1756 1441 1823 repulsus,
1472 1756 1677 1825 majore
1705 1774 1863 1826 quam
1897 1768 2021 1812 ante

2119 591 2320 641 exitum
2354 588 2418 642 de
2460 589 2685 643 ecclesia
2719 590 3055 650 moliebatur.
3103 602 3156 645 ct
3192 593 3391 661 paratis
3441 594 3689 645 omnibus

2120 695 2237 747 qua:
2269 680 2332 732 ad
2367 680 2467 733 hoc
2503 681 2840 750 sacrilegium
2871 683 3189 750 explendum
3225 684 3413 736 idonea
3439 682 3691 735 videban-

2122 778 2228 834 tur,
2264 770 2558 840 ingrcditur
2607 772 2889 825 ccclesiam
2924 772 3058 839 (63),
3112 788 3138 824 a
3191 780 3377 825 sancto
3415 770 3690 823 Dunstauo

2124 859 2394 911 licentiam
2427 862 2652 913 exeundi
2682 873 2732 913 et
2767 862 2829 911 ad
2863 862 3113 913 sreenlum
3161 861 3460 913 revertendi
3493 861 3689 929 petitu-

2124 963 2232 1012 rus,
2266 949 2440 1001 sciens
2474 948 2657 1017 procul
2684 949 2845 1001 dubio
2871 951 3011 1017 quod
3042 950 3170 1003 nihil
3217 950 3263 1002 ei
3295 965 3546 1018 prospere
3572 964 3693 1017 pro-

2121 1040 2355 1103 cederet,
2390 1039 2431 1093 si
2484 1041 2571 1092 illo
2624 1040 2825 1094 offenso
2869 1044 3144 1097 discedere
3192 1058 3297 1095 non
3352 1044 3581 1095 timeret.
3629 1042 3695 1096 Et

2122 1142 2347 1196 surgens
2378 1128 2444 1181 ab
2477 1129 2719 1181 oratione
2749 1139 2807 1182 ιιι
2833 1131 3031 1183 ostium
3052 1130 3295 1184 ecclesize
3322 1131 3694 1199 egrederetur,

2124 1219 2325 1285 reperit
2354 1218 2404 1270 in
2438 1220 2576 1270 ostio
2605 1218 2934 1272 Dunstanum
2964 1235 3084 1273 cum
3115 1221 3258 1288 virga
3288 1228 3541 1281 stantem,
3590 1234 3694 1271 non

2124 1310 2283 1361 talem
2314 1319 2435 1363 tunc
2476 1311 2685 1378 qualem
2743 1310 2888 1362 illum
2940 1313 3146 1365 viderat
3195 1310 3549 1373 Laufraucus,
3604 1311 3695 1364 sed

2123 1401 2419 1454 terribilem
2472 1402 2642 1463 vttltu,
2703 1402 2871 1455 oculis
2919 1404 3207 1464 minacem,
3262 1411 3315 1455 et
3354 1404 3697 1455 mordacibus

2123 1491 2279 1544 labiis
2310 1491 2422 1545 lucc
2472 1490 2845 1544 infremeutem
2881 1509 2893 1543 :
2926 1491 3229 1561 “egredere
3282 1493 3465 1555 miser,
3513 1504 3695 1560 rcgrc-

2122 1579 2265 1640 dere,
2302 1580 2656 1648 omnipotenti
2690 1580 2916 1633 Domino
2949 1592 2997 1631 te
3026 1591 3326 1649 prosterne,
3347 1588 3694 1648 conceptum—

2122 1682 2225 1735 que
2257 1668 2451 1721 diaboli
2485 1684 2747 1722 venenum
2779 1668 2844 1721 de
2874 1669 3034 1720 corde
3082 1679 3171 1721 tuo
3199 1682 3405 1721 cvomc.
3457 1668 3699 1733 Cumque

2123 1756 2210 1808 ille
2253 1770 2453 1824 pavens
2494 1772 2556 1810 ae
2605 1767 2837 1810 tremens
2865 1758 3109 1819 haereret,
3146 1759 3452 1811 Dunstanus
3492 1757 3697 1810 elevata

437 1840 616 1908 spatio
669 1841 879 1895 resiliit.
934 1842 1198 1897 Tentabat
1246 1848 1288 1897 si
1342 1847 1480 1901 unde
1529 1858 1751 1903 venerat
1806 1851 2014 1918 regredi
2047 1832 2091 1890 Β
2120 1855 2305 1899 contra
2343 1846 2488 1898 illum
2520 1847 2686 1914 virga,
2717 1850 2831 1899 ait:
2877 1846 2990 1899 Non
3026 1847 3219 1907 exibis,
3249 1845 3341 1899 sed
3379 1846 3465 1899 hic
3496 1845 3697 1898 morie-

438 1940 622 1998 posset
652 1951 664 1985 :
698 1949 919 1988 currere
968 1945 1177 2003 poterat
1212 1948 1472 2005 quantum
1504 1940 1734 1993 volebat.
1788 1942 1842 1993 Si
1889 1957 2018 1997 vero

434 2034 544 2085 quo
583 2019 921 2087 disponebat,
971 2026 1222 2093 progchi
1256 2028 1435 2090 vellet,
1468 2043 1588 2080 mox
1643 2036 1698 2080 ut
1730 2030 2015 2083 ecclesiam

433 2110 668 2175 videbat,
695 2114 881 2179 pedem
914 2130 1132 2167 movere
1165 2131 1269 2167 non
1296 2126 1524 2185 poterat.
1570 2117 1869 2187 Desperans
1890 2136 2018 2189 ergo

433 2197 501 2251 de
541 2199 710 2253 salute
742 2217 835 2254 sua
889 2212 942 2255 et
999 2204 1065 2257 de
1114 2205 1479 2259 misericordia
1516 2206 1631 2261 Dei.
1679 2208 2015 2262 Manifestum

436 2298 546 2349 est,
576 2288 767 2357 inquit,
791 2306 912 2344 cum
942 2292 1209 2347 damnatis
1237 2310 1321 2348 me
1352 2306 1551 2350 sortem
1585 2297 1782 2351 habere
1815 2300 1898 2351 cui
1930 2314 2019 2352 ec-

440 2376 659 2430 clesiam
688 2378 887 2433 Christi
918 2398 1021 2435 non
1065 2382 1187 2437 licet
1216 2384 1417 2439 videre.
1463 2386 1600 2453 Quid
1626 2402 1755 2457 ergo
1800 2390 2019 2456 prodest

433 2468 706 2521 crudelem
739 2468 1012 2525 Christum
1048 2474 1317 2539 invocare,
1352 2493 1379 2529 a
1409 2493 1514 2545 quo
1541 2494 1644 2531 non
1693 2480 1763 2532 sit
1811 2480 2019 2534 miseri-

436 2557 675 2610 cordiam
708 2559 1035 2627 impetrare?
1060 2562 1127 2616 Ut
1163 2562 1373 2617 fortuna
1403 2566 1560 2626 volet,
1586 2576 1704 2633 eat;
1736 2583 1836 2636 ego
1864 2569 2011 2622 dein-

430 2664 561 2717 ceps
592 2649 772 2717 fugam
807 2668 910 2706 non
945 2653 1111 2717 inibo,
1139 2657 1231 2710 sed
1261 2657 1400 2711 unde
1430 2660 1550 2711 veni
1605 2660 1899 2713 moriturus
1940 2676 2017 2714 re-

431 2738 577 2792 dibo.
624 2738 749 2793 [Lee
799 2740 1006 2809 dicens,
1062 2746 1321 2815 ρι’ωείρίιί
1358 2762 1515 2801 cursu
1558 2750 1714 2812 redit,
1746 2765 1863 2817 qua:
1914 2752 2014 2804 sibi

430 2831 770 2901 contigerant
800 2835 983 2889 multis
1013 2836 1250 2891 millibus
1280 2840 1559 2893 hominum
1590 2843 1853 2894 narravit.
1890 2840 2017 2896 Post

435 2921 552 2975 hare
597 2922 890 2993 condignas
946 2925 1101 2980 factis
1163 2942 1351 2996 pmnas
1398 2930 1575 2983 solvit.
1639 2930 1732 2983 His
1780 2933 2017 3001 acceptis

429 3009 765 3065 Lanfrancus
801 3022 994 3066 vocato
1028 3030 1113 3068 me
1145 3019 1398 3087 praecepit
1429 3022 1526 3072 ista
1559 3020 1608 3071 in
1642 3020 1836 3089 populo
1872 3038 2013 3089 prm-

430 3101 620 3159 ditari.
653 3104 950 3173 adjungens
1001 3105 1122 3160 ideo
1169 3109 1312 3163 lmuc
1348 3109 1416 3162 ab
1444 3110 1671 3164 ecclesia
1700 3112 2014 3166 terribiliter

436 3192 733 3260 repulsum,
760 3197 901 3264 quod
928 3198 1058 3252 ficto
1088 3200 1250 3255 corde
1279 3202 1343 3254 ad
1370 3217 1489 3255 eam
1517 3204 1834 3267 accesserit;
1867 3204 2013 3257 illum

428 3294 560 3332 vero
591 3280 750 3333 alium
782 3298 843 3335 ea
878 3298 936 3337 re
984 3284 1036 3338 in
1076 3286 1303 3340 ecclesia
1338 3288 1658 3343 mirabiliter
1704 3290 2011 3354 liberatum,

427 3368 572 3437 quod
603 3371 668 3421 ad
699 3372 943 3425 eamdem
984 3374 1224 3441 quotidie
1262 3376 1456 3430 devoto
1487 3377 1669 3430 animo
1703 3380 2011 3433 tetenderit.

674 3460 968 3517 Monac/tus
997 3466 1232 3519 recedere
1263 3466 1433 3519 volens
1460 3467 1757 3536 impeditur.

497 3547 589 3602 2|.
624 3549 727 3604 Sed
744 3561 796 3605 et
822 3553 948 3606 illud
976 3564 1235 3623 perpetua
1254 3555 1469 3625 dignum
1497 3566 1575 3611 est
1602 3560 1859 3613 memoria
1880 3560 2011 3625 (67),

430 3640 578 3708 quod
612 3642 755 3695 circa
790 3644 1111 3697 Edwardum
1154 3646 1304 3699 urbis
1342 3645 1637 3701 Lundonize
1681 3649 2015 3703 archidiaco-

428 3747 557 3784 num
592 3730 713 3797 ejus
737 3733 1019 3787 clementia
1060 3736 1288 3789 mirabili
1322 3739 1480 3791 modo
1516 3750 1737 3805 operata
1764 3751 1865 3793 est.
1911 3740 2011 3806 Qui

427 3836 554 3876 cum
604 3832 747 3877 esset
795 3825 847 3877 in
886 3826 1081 3881 sarculo
1132 3826 1340 3882 deliciis
1392 3828 1617 3897 pollens,
1676 3832 2015 3899 conspiciens

427 3914 610 3967 omnia
634 3916 813 3969 sarculi
843 3917 979 3971 bona
1008 3934 1126 3972 esse
1153 3930 1399 3988 angusta,
1424 3922 1647 3991 contulit
1677 3937 1733 3977 se
1762 3924 1827 3975 ad
1852 3940 2012 3976 unum

431 4008 873 4063 incommutabile
921 4025 1208 4065 commune
1246 4011 1516 4067 suﬂiciens
1572 4015 1769 4067 bonum
1824 4016 2010 4077 Deum,

433 4107 687 4165 suscepta
713 4108 915 4153 sanctae
960 4099 1236 4168 religionis
1260 4111 1409 4156 veste
1442 4102 1493 4154 in
1526 4103 1749 4157 ecclesia
1780 4104 2015 4159 Cantua-

426 4188 617 4250 riensi,
650 4188 748 4241 sub
778 4190 1037 4259 regimine
1066 4192 1269 4260 prmfati
1324 4192 1545 4261 gloriosi
1591 4194 1689 4245 viri
1722 4194 2011 4249 Laufranci

425 4277 847 4347 archiepiscopi;
901 4280 989 4333 ubi
1032 4295 1128 4349 per
1163 4281 1368 4349 aliquot
1415 4297 1585 4335 annos
1626 4284 1847 4337 honeste
1881 4300 2010 4337 con-

424 4376 698 4430 versatus,
728 4383 975 4437 magnam
1004 4371 1140 4437 apud
1166 4385 1353 4424 omnes
1379 4373 1753 4426 cohabitantes
1784 4375 2007 4443 gratiam

422 4454 679 4509 obtinuit.
726 4455 830 4510 Sed
861 4467 980 4526 post
1010 4459 1125 4512 haec
1154 4460 1417 4529 malignus
1449 4462 1670 4528 spiritus
1716 4463 1831 4531 ejus
1874 4478 2006 4517 con-

421 4546 660 4600 versioni
716 4548 875 4601 simul
930 4559 985 4604 et
1028 4553 1423 4607 conversationi
1470 4554 1734 4619 invidens,
1783 4557 2009 4611 occultis

420 4636 743 4705 quibusdam
771 4648 825 4692 et
852 4640 1172 4707 importunis
1196 4644 1629 4713 suggestionibus
1655 4646 1836 4700 animo
1870 4648 2007 4703 illius

424 4728 640 4781 aedium
669 4728 945 4799 religionis
978 4731 1272 4800 ingerebat,
1323 4734 1544 4802 cupiens
1587 4734 1733 4789 illum
1771 4737 1837 4791 ad
1868 4737 2009 4791 hanc

423 4818 624 4872 mentis
673 4820 937 4874 insaniam
986 4824 1300 4890 perducere,
1331 4834 1389 4879 ut
1433 4826 1501 4879 ad
1545 4827 1821 4891 smeulum,
1867 4829 2006 4883 unde

420 4916 667 4968 venerat,
697 4911 925 4979 repetito
950 4913 1152 4966 vomitu
1177 4915 1415 4968 sordium
1440 4915 1656 4969 rediret.
1682 4916 2007 4971 lmmittcbat

423 5011 660 5065 namque
687 4999 932 5055 diabolus
962 5002 1013 5054 in
1044 5018 1138 5057 cor
1178 5004 1294 5072 ejus
1326 5005 1505 5059 sazculi
1546 5006 1865 5076 voluptates,
1895 5024 2009 5062 am-

417 5087 615 5169 plexus
639 5086 978 5148 feminarum.
1010 5093 1216 5161 amplas
1240 5095 1447 5158 domos,
1464 5096 1758 5153 amicorum
1775 5099 2004 5154 societa-

423 5184 547 5240 tes;
580 5192 677 5229 nec
703 5182 1051 5246 permittebat
1084 5182 1229 5236 illum
1258 5186 1515 5255 cogitare,
1547 5202 1708 5255 quam
1732 5188 1902 5244 dulcis
1925 5198 2006 5242 est

417 5266 683 5319 Dominus
709 5270 1054 5338 gustantibus
1073 5288 1218 5339 eum,
1246 5290 1409 5345 quam
1440 5291 1633 5346 magna
1662 5279 1849 5335 domus
1883 5278 2000 5342 Dei,

409 5366 473 5411 et
535 5356 715 5426 ingens
746 5363 903 5419 locus
955 5361 1302 5421 habitationis
1335 5365 1469 5434 ejus,
1520 5382 1682 5435 quam
1726 5374 1881 5427 beata
1913 5384 2001 5423 so-

408 5446 595 5500 cietas
619 5453 932 5500 anlelnrnm
979 5450 1143 5500 Deum
1167 5454 1217 5500 in
1243 5456 1496 5500 gzpmilnm
1532 5461 1852 5500 cmpulnmm
1880 5458 1995 5500 lan-

2041 4508 2087 4565 D

2122 1936 2216 1989 ris.
2280 1935 2391 1989 Hoc
2418 1936 2560 1989 dicto
2587 1936 2676 2003 qui
2720 1936 3038 2003 loquebatur
3069 1935 3356 2003 disparuit,
3404 1943 3459 1987 et
3496 1935 3581 1989 cui
3624 1934 3700 1986 lo-

2120 2023 2385 2090 quebatur
2438 2024 2676 2092 graviter
2719 2026 3019 2091 a‘grotavit.
3084 2023 3202 2075 Mox
3268 2024 3445 2091 itaque
3502 2022 3695 2074 lectulo

2120 2122 2390 2181 receptus,
2460 2113 2666 2167 duobus
2722 2112 2999 2165 mensibus
3056 2112 3107 2165 in
3167 2113 3373 2181 magnis
3436 2112 3697 2180 angustiis

2119 2203 2271 2264 vixit,
2326 2211 2381 2255 et
2435 2210 2552 2271 post
2585 2202 2697 2254 haec
2742 2202 2903 2253 vitam
2939 2203 3352 2254 consummavit.
3421 2199 3525 2254 Sed
3577 2215 3697 2253 cum

2120 2292 2187 2343 ad
2266 2291 2367 2344 hoc
2446 2298 2663 2343 ventum
2747 2289 2939 2342 fuisset
3016 2298 3074 2342 ut
3164 2290 3396 2343 animam
3472 2289 3699 2342 reddere

2119 2383 2358 2443 deberet,
2393 2381 2667 2436 accersitis
2701 2381 2784 2435 bis
2811 2396 2947 2451 quos
2970 2383 3174 2451 primos
3209 2383 3261 2436 in
3300 2396 3483 2435 amore
3506 2380 3701 2435 frater-

2121 2474 2306 2528 nitatis
2352 2474 2635 2537 habuerat,
2695 2473 2943 2527 universa
2989 2488 3086 2543 per
3141 2474 3385 2527 ordinem
3439 2488 3557 2542 quae
3614 2473 3698 2525 vel

2120 2563 2259 2616 male
2298 2563 2659 2632 disposuerat,
2704 2561 2786 2615 vel
2816 2562 2957 2615 bono
3012 2577 3110 2617 suo
3146 2563 3371 2626 viderat,
3420 2561 3472 2614 in
3505 2574 3698 2630 magna

2123 2656 2304 2709 cordis
2344 2655 2666 2709 contritione
2712 2655 2989 2707 narrabat.
3031 2653 3156 2707 lla:c
3196 2654 3381 2707 eadem
3412 2652 3547 2705 alius
3581 2650 3701 2720 qui-

2120 2746 2239 2799 dam
2267 2746 2433 2798 frater
2456 2746 2607 2798 home
2635 2745 2828 2798 indolis
2880 2744 3209 2807 adolescens,
3262 2742 3478 2795 nomine
3501 2740 3699 2794 Adria-

2119 2851 2241 2899 nus,
2287 2851 2468 2890 coram
2520 2836 2769 2889 omnibus
2818 2834 3100 2889 confessus
3143 2841 3245 2896 est,
3320 2832 3503 2886 dicens
3560 2845 3617 2884 se
3645 2838 3700 2883 et

2118 2928 2395 2982 conscium
2433 2926 2640 2981 consilii
2669 2937 2723 2981 ct
2756 2936 3177 2981 consentaneum
3207 2925 3377 2993 operi.

2452 3016 2760 3070 Dunstauus
2799 3018 3059 3069 invocanti
3081 3017 3354 3083 propitius.

2187 3108 2276 3160 22.
2308 3109 2446 3161 Ante
2472 3107 2570 3161 bos
2614 3108 2728 3161 dies
2764 3124 2884 3161 cum
2916 3108 2966 3160 in
3016 3107 3188 3161 insula
3222 3106 3455 3161 Tanatos
3494 3120 3692 3166 essem,

2121 3197 2579 3267 gradiebarjuxta
2602 3196 2754 3250 littus
2793 3197 2957 3250 maris
2987 3212 3108 3250 cum
3136 3196 3322 3259 milite,
3348 3196 3436 3264 qui
3469 3211 3553 3249 me
3600 3209 3697 3263 pro

2120 3286 2430 3338 defensione
2461 3286 2543 3338 sui
2592 3286 2935 3346 invitaverat,
2974 3286 3328 3339 considerans
3356 3300 3417 3337 ea
3468 3299 3587 3352 qua:
3627 3283 3701 3337 ibi

2119 3384 2245 3426 sunt
2270 3373 2533 3426 mirabilia
2564 3374 2680 3435 Dei,
2708 3382 2761 3424 et
2793 3374 3070 3425 materiem
3100 3374 3221 3425 boni
3255 3372 3518 3425 sermonis
3545 3370 3700 3424 exin-

2118 3464 2184 3517 de
2217 3462 2460 3518 elicicns.
2493 3463 2620 3517 Inde
2654 3478 2831 3516 sermo
2863 3464 2929 3515 ad
2957 3462 3167 3515 Patrem
3213 3463 3544 3515 Dunstanum
3572 3474 3694 3528 pro-

2119 3563 2321 3608 tractus
2349 3562 2451 3616 est,
2500 3553 2755 3622 quoniam
2800 3552 3091 3605 maximum
3134 3567 3346 3619 semper
3377 3550 3579 3603 lucrum
3613 3563 3699 3601 re-

2118 3652 2246 3711 puto
2298 3642 2509 3709 quoties
2554 3639 2803 3707 loquendi
2851 3641 2915 3693 de
2942 3640 3030 3692 illo
3069 3641 3410 3692 occasionem
3462 3638 3691 3707 reperio.

2118 3731 2251 3783 Tum
2278 3731 2429 3783 miles
2460 3729 2597 3782 idem
2628 3738 2927 3782 memorato
2968 3729 3068 3782 hoc
3110 3728 3326 3781 nomine
3359 3735 3500 3780 totus
3519 3726 3695 3795 expal-

2118 3823 2233 3883 luit,
2264 3837 2326 3875 ac
2353 3821 2515 3873 veluti
2544 3819 2784 3873 dolorem
2818 3834 2880 3871 ex
2912 3820 3098 3872 intimo
3125 3819 3421 3886 suspirans,
3459 3816 3571 3879 Vm,
3595 3816 3692 3878 ait,

2118 3912 2247 3964 tnihi
2279 3912 2508 3980 ingrato,
2536 3909 2624 3976 qui
2659 3917 2927 3961 tantorum
2977 3908 3358 3960 beneficiorum
3395 3907 3498 3959 huc
3524 3919 3693 3972 usque

2117 4000 2399 4052 immernor
2442 3999 2651 4051 cxislo!
2695 3996 2829 4049 Tum
2870 4012 3006 4065 ego:
3041 3997 3106 4049 Et
3141 3998 3290 4065 quid,
3337 3997 3575 4063 inquam,
3636 3996 3689 4047 hi

2117 4100 2223 4143 tam
2259 4088 2464 4141 molesti
2519 4087 2807 4140 anhelitus.
2864 4086 3035 4148 Nosti,
3092 4088 3188 4149 ait,
3248 4096 3505 4154 quantum
3563 4084 3690 4138 mihi

2116 4181 2341 4234 infestus
2392 4181 2557 4232 abbas
2603 4180 2774 4231 sancti
2806 4178 3110 4248 Augustini,
3157 4179 3279 4231 dum
3306 4178 3579 4231 adviveret
3599 4192 3691 4231 cx-

2114 4270 2334 4331 stiterit,
2365 4268 2490 4321 dum
2528 4268 2759 4336 diripere
2792 4276 3013 4335 cuperet
3037 4282 3156 4335 qua:
3185 4266 3250 4319 ad
3276 4282 3357 4319 me
3384 4266 3694 4320 hmreditatc

2114 4361 2407 4415 venissent.
2436 4359 2591 4422 Novi,
2635 4359 2870 4426 inquam.
2927 4356 3061 4409 Num
3111 4364 3166 4409 et
3203 4356 3331 4409 illud
3364 4356 3500 4409 nosti
3548 4354 3695 4423 quod

2116 4469 2221 4507 non
2272 4454 2430 4506 modo
2485 4451 2617 4505 nihil
2668 4452 2783 4518 ejus
2840 4451 3214 4503 immoderatio
3255 4448 3444 4510 obfuit,
3504 4463 3692 4504 verum

2116 4546 2277 4599 etiam
2323 4546 2389 4599 ad
2419 4544 2637 4612 majoris
2681 4543 2809 4595 milti
2861 4542 3043 4611 gloria:
3088 4542 3359 4595 cumulum
3410 4541 3692 4594 excrevit?

2116 4635 2224 4688 Nec
2257 4635 2379 4696 hoc,
2414 4634 2657 4701 inquam,
2708 4632 2865 4694 latet;
2890 4632 2983 4684 sed
3014 4646 3269 4699 quorsum
3319 4631 3419 4683 ista
3458 4645 3693 4684 commc-

2116 4739 2313 4787 mores,
2354 4723 2558 4793 ignoro.
2613 4721 2786 4785 Scies,
2836 4721 3027 4789 inquit,
3064 4732 3219 4775 nocte
3264 4721 3692 4790 siquidem,qu:n

2113 4816 2254 4869 diem
2299 4815 2489 4867 statuti
2529 4815 2670 4867 inter
2717 4830 2801 4867 me
2842 4822 2894 4864 et
2931 4812 3078 4865 illum
3112 4814 3292 4881 placiti
3334 4813 3692 4880 praecedebat,

2115 4920 2422 4960 memorans
2448 4919 2569 4957 eum
2601 4920 2776 4960 essem
2810 4904 2861 4956 in
2893 4904 3052 4956 domo
3076 4918 3195 4958 mea
3251 4918 3369 4972 quae
3394 4918 3561 4971 prope
3589 4912 3694 4967 est,

2113 5001 2254 5069 quod
2292 4999 2598 5067 frequenter
2635 4997 2852 5053 Patrem
2889 4995 3221 5049 Dunstanum
3262 4995 3370 5048 tuis
3399 4994 3700 5047 rationibus

2111 5092 2371 5146 extollere
2415 5093 2789 5153 consueveris,
2819 5103 2979 5151 nunc,
3011 5089 3119 5152 aio,
3167 5085 3398 5156 experiri
3428 5087 3619 5147 habeo,
3649 5086 3699 5138 si

2112 5183 2390 5253 utaccepi,
2420 5183 2491 5235 ila
2522 5180 2611 5236 ille
2657 5181 2939 5242 laudabilis
2988 5182 3204 5235 cxistat.
3246 5180 3443 5234 Flexus
3477 5190 3604 5246 ergo
3633 5177 3692 5229 in

2106 5273 2377 5335 oratione,
2411 5272 2572 5332 Deus,
2600 5272 2821 5349 inqnio,
2859 5268 3031 5324 Patris
3070 5272 3347 5331 Dunstani,
3387 5268 3507 5322 fave
3538 5265 3701 5319 hodie

2107 5374 2308 5419 nostra:
2329 5362 2489 5432 parti.
2506 5361 2650 5424 Inde
2677 5361 3043 5438 corpusculum
3073 5363 3275 5434 requiei
3298 5360 3519 5422 dedens,
3538 5358 3704 5410 video

2109 5454 2161 5500 in
2195 5455 2401 5500 cnmnis
2431 5452 2627 5500 urbem
2666 5453 3029 5500 (Mummiam-
3056 5455 3330 5500 lmeilieam
3376 5448 3698 5500 Salvatoris-
