4516 5500
869 436 963 488 Nl

1891 428 1948 484 8.
1995 428 2336 484 DUNSTALVI
2373 421 2688 478 ARClliEP.
2731 423 3078 480 CANIUAR.

4003 425 4108 479 472

869 545 1182 597 tuomet-iam
1227 541 1440 605 Patris;
1499 541 1584 593 cui
1638 542 1788 608 quasi
1833 541 2163 599 incumbens,
2233 538 2432 605 aspicio
2464 543 2503 594 Α
2536 535 2785 596 adfuisse,
2821 536 2999 588 divina
3051 544 3387 589 sacramenta
3417 534 3734 600 celebrasse,
3779 545 3835 591 et
3878 539 4104 592 necdum

867 633 1040 687 virum
1060 631 1212 700 juxta
1241 641 1491 694 stantem,
1524 633 1772 684 decorum
1815 631 2008 692 forma,
2043 638 2186 682 veste
2231 628 2435 696 specio-

867 736 1011 782 sum,
1050 719 1347 788 lampadem
1391 719 1525 774 lucis
1580 734 1736 772 manu
1788 729 2096 782 tenentem;
2163 719 2228 770 ad
2287 716 2436 782 cujus

869 809 1155 879 imaginem
1187 808 1620 878 pcrterrefaetus,
1675 807 1954 873 Quisnam,
2006 808 2242 876 inquam,
2266 822 2323 859 es
2358 817 2434 868 tu,

868 898 1143 950 hominum
1195 897 1599 967 pulcherrime?
1637 898 1802 960 Idem,
1849 897 2038 966 inquit,
2091 896 2175 950 ille
2204 895 2353 963 Cujus
2382 906 2434 948 tu

866 985 1026 1052 paulo
1052 994 1176 1040 ante
1203 987 1457 1039 auxilium
1484 986 1792 1055 precabare.
1822 985 1982 1055 Pape,
2013 987 2252 1054 inquam,
2277 1002 2435 1054 quam

866 1076 1007 1130 citus
1029 1089 1087 1130 es
1123 1075 1188 1129 ad
1238 1076 1575 1130 miserandos
1606 1077 1864 1130 miseros!
1916 1075 2065 1130 Nosti
2092 1076 2216 1144 quid
2252 1077 2434 1129 Domi-

866 1179 968 1219 nus
1017 1166 1287 1220 minatur?
1330 1166 1491 1233 Nihil,
1522 1168 1614 1230 ait,
1665 1165 1780 1234 ejus
1835 1167 2008 1220 minas
2061 1167 2433 1234 pertimescas,

866 1270 966 1311 nec
989 1257 1164 1325 magni
1192 1272 1283 1311 eas
1311 1259 1530 1312 omnino
1570 1258 1792 1328 pendas.
1823 1257 1896 1310 lta
1946 1257 2098 1310 miles
2135 1256 2220 1310 ille
2242 1256 2434 1321 oravit,

865 1355 989 1414 post
1021 1347 1121 1401 hoc
1166 1362 1356 1401 versus
1387 1347 1452 1401 ad
1485 1364 1571 1404 me
1610 1349 1723 1403 ait:
1755 1347 1872 1402 .lam
1922 1357 2116 1404 etetera
2172 1358 2226 1402 tu
2275 1350 2434 1412 nosti,

866 1436 1313 1504 quemadmodum
1349 1453 1447 1506 ego
1483 1447 1533 1492 et
1575 1447 1628 1490 tu
1672 1439 2103 1502 convenerimus,
2150 1440 2437 1493 contende-

868 1524 1057 1586 rimus,
1107 1525 1519 1582 convicerimus.
1556 1526 1800 1596 Signum,
1855 1528 2095 1597 inquam,
2139 1529 2340 1598 grande
2383 1530 2435 1582 in

866 1610 955 1663 illa
986 1612 1071 1664 die
1102 1611 1243 1665 dedit
1267 1623 1504 1677 sanctus,
1538 1623 1821 1683 propterea
1873 1615 2019 1684 quod
2064 1618 2188 1669 dum
2222 1617 2294 1670 illi
2324 1617 2439 1685 plu-

864 1714 973 1764 res,
1003 1710 1059 1753 et
1098 1701 1315 1756 elimato
1346 1705 1592 1759 acumine
1621 1707 1836 1770 fuerint,
1877 1723 1905 1760 a
1940 1710 2122 1776 paucis
2157 1719 2211 1763 et
2263 1711 2439 1765 minus

866 1790 1041 1843 aeutis
1082 1791 1206 1844 victi
1265 1793 1512 1847 abierint.
1568 1795 1701 1848 Tum
1757 1813 1857 1866 ego
1892 1799 2183 1867 respiciens
2227 1801 2291 1854 ad
2347 1817 2440 1855 eos

2538 625 2929 678 communionis
2957 625 3248 693 antiphona
3283 626 3565 679 decantata
3608 627 3913 686 recessisse,
3948 638 4107 696 atque

2539 724 2596 767 ut
2623 716 2764 769 illum
2797 725 3103 784 expectaret
3131 717 3226 785 qui
3252 716 3316 769 ad
3369 718 3610 785 requiem
3656 716 3797 770 illius
3818 715 4098 771 decumbe-

2537 804 2982 871 batprtecepisse.
3031 803 3338 872 Cogitabam
3371 805 3551 873 itaque
3601 819 3667 859 ne
3723 803 3861 858 forte
3895 819 3993 874 ego
4019 805 4102 857 ille

2537 904 2728 944 essem.
2764 890 3004 960 Cumque
3034 890 3134 945 hoc
3160 891 3210 944 in
3236 892 3415 945 animo
3457 891 3748 956 volverem,
3783 907 4109 960 consurgen-

2539 990 2617 1034 tes
2657 982 2752 1035 viri
2793 981 2866 1034 illi
2907 982 3301 1050 apprehensum
3352 997 3437 1036 me
3474 991 3777 1036 statuerunt
3827 982 3879 1035 in
3931 982 4106 1036 medio

2537 1071 2642 1134 sui,
2698 1070 2971 1126 alterutris
3015 1071 3234 1127 vocibus
3267 1085 3384 1125 sese
3429 1071 3809 1125 cohortantes:
3846 1069 3958 1133 Eia,
3992 1067 4103 1121 fra-

2538 1167 2670 1224 tres,
2702 1161 2893 1214 missas
2941 1162 3312 1226 terminemus,
3359 1160 3611 1229 quoniam
3660 1160 3704 1214 is
3745 1158 3915 1223 adest,
3953 1155 4107 1226 cujus

2537 1251 2708 1318 gratia
2751 1252 2853 1305 ista
2904 1251 3085 1306 dilatio
3121 1251 3259 1305 facta
3318 1261 3418 1306 est.
3452 1250 3745 1320 Coeperunt
3780 1251 3956 1318 itaque
3992 1248 4109 1302 dul-

2538 1340 2770 1394 cissimis
2814 1355 2875 1395 ac
2918 1341 3356 1396 modulatissimis
3386 1342 3605 1397 vocibus
3651 1340 3901 1412 psallere,
3942 1349 3994 1394 et
4021 1355 4109 1396 me

2539 1432 2604 1484 ad
2633 1431 3055 1501 organizandum
3088 1434 3228 1502 quod
3258 1432 3824 1502 psallebantinvitare.
3857 1429 3979 1483 Dico
4012 1447 4109 1482 au-

2539 1528 2636 1571 tent
2676 1520 2813 1572 vobis
2862 1521 3043 1574 amicis
3074 1524 3220 1587 meis,
3256 1537 3318 1575 ne
3349 1521 3646 1575 terreamini
3682 1520 3745 1573 ab
3792 1521 3871 1573 Itis
3905 1519 3992 1588 qui
4021 1536 4106 1572 eos

2538 1617 2935 1676 persequuntur.
2976 1608 3058 1662 Ad
3085 1625 3218 1678 quas
3241 1625 3400 1665 voces
3431 1617 3775 1679 experrectus
3804 1608 4106 1671 confestim,

2540 1695 2606 1748 ad
2634 1695 2935 1764 sepulcrum
2965 1699 3137 1752 sancti
3170 1698 3408 1763 cucurri,
3440 1698 3673 1753 medium
3715 1696 3842 1750 illud
3869 1699 4111 1764 utrisque

2542 1783 2778 1837 brachiis
2812 1785 3145 1854 amplexatus
3183 1802 3322 1852 sum,
3354 1787 3655 1841 vociferans
3690 1801 3753 1840 ac
3797 1786 3960 1839 nimia
3987 1800 4108 1838 cor-

866 1881 958 1949 qui
993 1892 1282 1949 prazsentes
1306 1893 1461 1938 erant
1479 1886 1685 1940 ostendi
1712 1862 1909 1954 verbis,
1938 1862 2078 1958 quod
2106 1877 2246 1945 nunc
2270 1893 2438 1961 prodo
2472 1862 2515 1920 Β
2544 1871 2624 1924 dis

2328 1893 2438 1947 .odo
2472 1862 2515 1920 Β
2544 1871 2624 1924 dis
2649 1871 3003 1927 exsultatione
3029 1873 3385 1942 proloquens:
3407 1873 3834 1937 Adfuisti,Pater
3860 1871 4111 1926 charissi-

865 1970 1082 2026 litteris.

1271 2065 1467 2118 Auctor
1494 2067 1557 2119 d'e
1578 2083 1630 2119 se
1659 2078 1839 2120 narrat
1868 2071 2056 2123 visum.

935 2151 1025 2206 23.
1051 2150 1202 2205 Nunc
1231 2153 1296 2206 ad
1322 2168 1382 2206 ea
1412 2169 1531 2222 qua:
1557 2170 1732 2208 meam
1757 2159 1972 2226 praprie
2007 2160 2276 2228 attingunt
2320 2176 2440 2231 per-

866 2256 1078 2304 sonam,
1126 2253 1185 2294 ut
1222 2243 1400 2297 minus
1429 2243 1654 2299 fortasse
1702 2247 1936 2314 sapiens,
1974 2251 2229 2313 transibo,
2284 2264 2337 2304 et
2365 2252 2443 2306 sic

864 2330 946 2382 ori
980 2328 1250 2383 silentium
1290 2345 1507 2399 ponam,
1569 2333 1816 2387 manibus
1855 2350 2066 2403 quoque
2102 2339 2272 2390 otium
2304 2339 2442 2392 indi-

867 2433 1008 2473 eam.
1034 2419 1274 2486 Quodam
1326 2431 1567 2490 tempore
1608 2424 1823 2491 quidam
1877 2427 2122 2482 homines
2157 2431 2306 2499 gravi
2359 2445 2443 2486 me

866 2510 994 2565 odio
1020 2511 1368 2576 infestabant,
1402 2529 1500 2568 nec
1525 2515 1674 2582 prius
1705 2516 1772 2569 ab
1829 2517 2134 2573 infestando
2165 2522 2443 2590 quiescere

866 2601 1138 2666 volebant,
1167 2618 1327 2670 quam
1361 2605 1570 2674 magnis
1604 2605 1813 2673 injuriis
1835 2607 2084 2663 affectum
2113 2614 2445 2681 gravioribus

867 2691 1205 2744 minarentur
1253 2691 1614 2746 afﬁciendum.
1668 2694 1866 2749 Eorum
1916 2713 2043 2752 vero
2094 2702 2182 2768 qui
2227 2705 2445 2773 agenda:

869 2801 1049 2840 causa:
1090 2795 1289 2860 nostra:
1327 2786 1534 2855 judices
1581 2788 1690 2843 dati
1722 2788 1941 2845 fuerunt
1984 2793 2056 2846 ita
2092 2796 2302 2851 animus
2333 2799 2446 2854 sive

867 2876 1062 2947 gratia,
1090 2876 1202 2931 sive
1228 2878 1631 2946 importunitate
1675 2881 2104 2937 adversariorum
2153 2901 2182 2938 a
2211 2902 2294 2941 me
2320 2889 2447 2941 alie-

868 2979 1030 3022 natus
1071 2977 1174 3034 est,
1228 2977 1286 3022 ut
1332 2983 1505 3038 neque
1552 2971 1796 3025 oratione
1843 2972 2076 3040 inflecti,
2128 2992 2299 3046 neque
2340 2978 2444 3032 ulla

865 3066 1086 3126 possent
1118 3059 1324 3112 ratione
1356 3059 1577 3112 moveri.
1629 3060 1928 3128 Desperans
1963 3078 2091 3130 ergo
2122 3065 2187 3118 de
2215 3067 2446 3121 subveno

868 3150 1017 3203 tione
1054 3149 1351 3213 hominum,
1395 3149 1560 3203 solius
1594 3149 1684 3202 Dei
1714 3166 1778 3205 ac
1822 3151 1964 3205 beati
1997 3153 2151 3208 istius
2188 3156 2442 3209 auxilium

2542 1977 2650 2024 mc,
2685 1961 2905 2015 adfuisti
2933 1978 2946 2025 ;
2973 1962 3189 2015 adfuisti
3220 1964 3272 2015 in
3302 1963 3560 2032 angustiis
3600 1961 3885 2026 laboranti,
3914 1969 3965 2014 et
3985 1975 4110 2028 gra-

2542 2051 2670 2104 tiam
2703 2052 2777 2104 tui
2826 2051 3100 2105 humiliter
3138 2051 3448 2121 postulanti.
3495 2051 3634 2106 Vere
3661 2061 3878 2106 sanctus
3911 2049 4001 2103 Dei
4031 2065 4109 2109 es,

2542 2151 2598 2195 et
2641 2142 2996 2211 quodcunque
3050 2143 3129 2197 vis
3175 2143 3241 2196 ab
3292 2142 3382 2196 illo
3430 2143 3717 2212 impetrare
3761 2152 3930 2212 potes.
3994 2140 4111 2193 Jam

2544 2247 2766 2286 securus
2807 2231 3017 2300 judices
3065 2233 3244 2299 adibo,
3276 2247 3375 2288 nec
3417 2234 3589 2286 minas
3635 2231 3928 2301 cujuspiam
3959 2231 4115 2284 hodie

2544 2321 2862 2375 formidabo.
2910 2320 3256 2376 Venientibus
3294 2337 3422 2391 ergo
3447 2321 3736 2391 judicibus,
3769 2335 3994 2390 quorum
4033 2319 4113 2372 in-

2547 2411 2730 2464 terl‘uit
2779 2424 2996 2464 causam
3023 2411 3334 2476 terminare,
3384 2419 3728 2465 accesserunt
3774 2410 3809 2463 ii
3869 2410 3960 2478 qui
4027 2425 4114 2463 me

2548 2500 2763 2552 turbare
2782 2498 2972 2564 moliti,
3003 2498 3204 2553 accessi
3246 2507 3300 2553 et
3336 2512 3432 2565 ego
3482 2498 3800 2552 calumniam
3831 2499 3895 2552 de
3923 2499 4114 2552 adver-

2545 2587 2704 2640 sariis
2727 2586 2887 2640 movi.
2917 2585 3122 2656 Itaque,
3171 2587 3279 2640 Deo
3308 2587 3592 2655 adjuvantc
3637 2594 3689 2640 et
3721 2586 3994 2640 Dunstano
4022 2602 4114 2655 pa-

2547 2677 2869 2739 trocinante,
2918 2691 3105 2730 omnes
3153 2675 3281 2729 mihi
3321 2676 3667 2729 adversantes
3717 2674 3908 2737 devici,
3956 2684 4012 2727 ut
4059 2684 4115 2728 et

2548 2766 2649 2834 ipsi
2679 2766 2891 2835 propria
2918 2780 3012 2819 sua
3062 2765 3270 2819 ratione
3299 2763 3574 2828 caderent,
3611 2773 3664 2817 et
3688 2778 3789 2832 ego
3811 2778 3914 2816 non
3943 2762 4114 2817 solum

2550 2856 2744 2909 factam
2776 2856 2907 2910 mihi
2936 2854 3186 2924 injuriam
3241 2869 3346 2908 non
3377 2853 3685 2924 effugerent,
3736 2868 3921 2906 verum
3949 2853 4113 2906 etiam

2549 2947 2602 3000 in
2631 2960 2747 3000 mea
2775 2944 3082 2999 defensione
3127 2943 3286 2997 simul
3319 2951 3373 2997 et
3421 2943 3777 2998 exsultatione
3826 2941 4111 3012 plurimum

2549 3035 2751 3091 exsulta
2761 3049 2892 3089 rem.

2936 3127 3130 3179 Auctor
3151 3126 3314 3179 multa
3343 3128 3708 3196 prcetcrmittit.

867 3239 994 3291 duxi
1019 3241 1366 3305 qumrendum
1393 3253 1531 3293 esse.
1564 3240 1748 3308 ltaque
1778 3251 2042 3295 nocturno
2092 3253 2328 3312 tempore
2358 3262 2446 3300 so-
2473 3194 2521 3254 ϐ
2581 3305 2594 3312 _
2619 3214 2706 3312 μ’
2761 3213 2906 3312 ξθξίδ
2959 3229 3080 3312 θῗδθ
3117 3216 3226 3312 is!“
3268 3217 3550 3312 _e"isu‘_"°'
3589 3217 3791 3271 domm
3825 3226 3889 3312 _°l
3927 3217 4118 3312 Palre5_

865 3330 1070 3399 poratis
1096 3329 1367 3393 omnibus,
1397 3328 1510 3397 ejus
1530 3331 1844 3384 memoriam
1874 3332 1926 3384 in
1954 3347 2145 3403 magna
2173 3337 2448 3390 confiden-

867 3421 945 3474 tia
973 3421 1102 3484 adii,
1139 3429 1192 3474 et
1223 3420 1618 3475 multitudinem
1666 3422 2071 3476 miserationum
2103 3426 2242 3480 illius
2269 3443 2446 3495 geme-

867 3513 1062 3566 bundis
1112 3513 1352 3575 vocibus,
1410 3527 1473 3566 ac
1521 3512 1956 3582 lacrymabilibus
1994 3516 2161 3570 oculis
2215 3519 2443 3587 pnlsavi.

867 3600 1092 3656 Demu-m
1123 3610 1301 3655 mente
1332 3602 1529 3666 fessus,
1556 3601 1700 3655 luctu
1721 3603 1912 3656 anxius
1934 3606 2154 3670 recessi,
2181 3619 2444 3661 secretum

866 3691 1020 3758 petii,
1049 3690 1284 3745 dolorem
1325 3692 1503 3746 cordis
1535 3693 1721 3760 requie
1764 3694 2028 3761 corporis,
2071 3705 2128 3748 nt
2176 3697 2445 3752 interdum

869 3777 950 3841 fit,
982 3777 1150 3831 lenire
1186 3778 1516 3833 desiderans.
1571 3779 1808 3834 Necdum
1858 3782 1989 3835 satis
2021 3784 2084 3836 ad
2113 3786 2446 3851 pausandum

868 3882 1276 3936 composueram
1309 3884 1501 3939 corpus
1527 3869 1652 3922 dum
1703 3871 1882 3924 animo
1929 3879 2118 3926 cuncta
2161 3875 2445 3940 excedens,

867 3960 1082 4012 viderer
1109 3960 1240 4013 mihi
1294 3959 1347 4012 in
1395 3961 1534 4014 atrio
1575 3959 1755 4030 templi
1795 3962 2010 4015 domum
2055 3963 2253 4029 videre,
2296 3967 2447 4034 cujus

868 4052 1184 4121 magnitudo
1234 4052 1512 4118 mirabilis,
1565 4052 1906 4121 pulchritudo
1951 4054 2358 4118 intestimabilis,
2382 4058 2449 4110 ad

866 4156 1029 4210 quam
1068 4158 1226 4196 nemo
1253 4143 1354 4195 nisi
1396 4160 1491 4212 per
1545 4145 1831 4212 quamdam
1882 4161 2142 4214 aquarum
2189 4147 2445 4199 colluvio-

869 4249 992 4288 nem
1019 4244 1231 4304 poterat
1269 4236 1516 4289 transire.
1552 4234 1750 4289 Verum
1782 4237 1882 4289 ista
1933 4237 2330 4290 transeuntibus
2364 4237 2447 4290 lex

868 4336 1002 4389 erat,
1038 4335 1096 4380 ut
1132 4337 1332 4395 quanto
1382 4326 1552 4396 magis
1576 4327 1642 4380 ad
1697 4327 1974 4380 introitum
2021 4327 2210 4380 domus
2257 4343 2449 4395 appro-

867 4419 1212 4487 pinquarent,
1271 4427 1417 4473 tanto
1459 4419 1634 4472 minus
1680 4419 1896 4473 easdem
1946 4418 2210 4472 sentirent
2257 4433 2444 4486 aquas.

867 4508 1192 4563 'l‘ransibam
1223 4525 1320 4578 ego
1352 4524 1473 4562 cum
1503 4507 1923 4567 transeuntibus,
1959 4524 2020 4561 ac
2051 4509 2448 4562 rarescentibus
2475 4516 2526 4575 D

871 4601 1028 4670 aquis
1046 4601 1112 4654 ad
1141 4600 1393 4654 ulteriora
1422 4600 1559 4655 alvei
1578 4601 1755 4654 littora
1773 4599 2184 4668 perveniebam;
2217 4614 2443 4667 moxque

868 4692 1085 4746 domum
1108 4690 1429 4761 ingrediens,
1453 4690 1696 4745 videbam
1717 4698 1881 4744 totam
1909 4688 2053 4742 illam
2078 4687 2265 4754 majori
2283 4703 2440 4756 quam

869 4781 1029 4835 solari
1055 4781 1298 4836 claritate
1337 4779 1654 4849 fulgentem,
1691 4787 1891 4832 cretum
1942 4776 2096 4845 quasi
2133 4784 2442 4830 sanctorum

871 4872 1125 4927 ineffabili
1154 4872 1381 4942 quadam
1408 4871 1675 4925 suavitate
1704 4867 1995 4922 laatantium
2048 4866 2445 4919 circumseden-

871 4975 976 5017 tem
1005 4981 1019 5030 ;
1049 4972 1102 5018 et
1141 4964 1434 5033 quamdam
1481 4960 1692 5016 decoris
1725 4958 2101 5020 subtilitatem,
2131 4971 2249 5024 quae
2287 4955 2444 5009 modo

869 5056 1107 5126 crystalli
1134 5055 1400 5125 pervideri
1447 5061 1629 5122 posset
1674 5050 1842 5104 oculis
1874 5049 2194 5102 intuentium
2220 5054 2449 5115 prteten-

869 5149 1101 5203 dentem.
1129 5145 1548 5202 Considerabam
1578 5139 1917 5211 diligentius,
1937 5137 2120 5191 volens
2146 5137 2448 5204 deprehen-

868 5241 1014 5303 dere,
1047 5239 1189 5294 unde
1210 5237 1372 5292 etiam
1400 5235 1676 5289 immensa:
1708 5231 1841 5285 lucis
1871 5230 2087 5284 claritas
2116 5234 2444 5289 coruscaret,

868 5337 924 5383 et
952 5329 1233 5383 videbatur
1257 5326 1390 5380 mihi
1421 5325 1564 5393 quod
1591 5337 1695 5376 non
1726 5321 1940 5374 aliunde
1977 5333 2136 5385 quam
2167 5318 2231 5371 de
2257 5331 2450 5384 corpo-

869 5422 1016 5449 ..ηυιη
1047 5429 1357 5449 ...ηιηιη-...η
1409 5417 1547 5449 ςιιηηη
1578 5411 1830 5449 εηιοιυὶηιο
1866 5411 2035 5449 prim!
2093 5407 2446 5449 Pnlnrrnmuili

2549 3304 2871 3368 charissimi,
2923 3304 3005 3357 vel
3062 3304 3130 3356 ad
3179 3304 3527 3360 insinuandos
3580 3306 3898 3374 temporales
3947 3307 4117 3360 sancti

2547 3393 2646 3445 viri
2677 3393 2904 3453 labores,
2928 3392 3009 3445 vel
3024 3393 3090 3445 ad
3119 3391 3233 3460 ejus
3260 3394 3643 3461 sempiternam
3675 3395 3898 3464 gloriam
3927 3394 4116 3447 catho-

2547 3481 2662 3535 lica:
2704 3481 2959 3535 Ecclesiae
3011 3481 3258 3536 fidelibus
3309 3483 3826 3549 commendandam;
3877 3500 3979 3536 non
4010 3498 4119 3551 quo

2547 3571 2698 3640 plura
2721 3586 2824 3624 non
2856 3571 2981 3635 sint,
3012 3582 3065 3625 et
3117 3570 3346 3626 fortasse
3378 3573 3462 3626 his
3504 3575 3729 3642 majora,
3761 3590 3880 3642 quae
3910 3575 3974 3626 ad
4004 3573 4122 3626 haec

2549 3659 2758 3712 narrari
2787 3658 3027 3712 valeant:
3070 3658 3163 3713 sed
3209 3662 3353 3728 quod
3379 3645 3813 3716 ea'solummodo
3858 3661 4118 3714 voluerim

2548 3763 2793 3813 narrare,
2818 3763 2936 3818 qua:
2981 3747 3139 3803 fidem
3184 3749 3345 3812 (sicut
3375 3750 3638 3819 prommio
3669 3751 3802 3818 dixi)
3839 3766 3944 3804 non
3973 3750 4121 3803 vide-

2549 3847 2737 3891 rentur
2765 3838 3044 3892 excedere.
3087 3836 3218 3903 Quis
3247 3853 3478 3905 namque
3503 3838 3681 3891 statim
3711 3838 3842 3891 mihi
3891 3835 4125 3891 creduli-

2550 3940 2713 3984 tatem
2740 3932 3135 3993 accomodaret,
3164 3929 3208 3983 si
3247 3930 3481 3983 dicerem
3522 3938 3614 3982 aut
3657 3938 3860 3983 vestem
3893 3930 4123 3983 illumin

2550 4021 2797 4075 columna
2846 4019 2980 4075 lucis
3020 4020 3382 4088 suspendisse,
3437 4028 3530 4072 aut
3565 4029 3865 4072 extremam
3907 4020 4124 4089 cognati

2550 4110 2787 4178 parentis
2814 4117 3107 4176 egestatem
3143 4107 3208 4160 ad
3233 4123 3470 4162 summas
3500 4107 3716 4161 divitias
3743 4108 3942 4160 nummi
3971 4108 4125 4160 dimi-

2550 4201 2638 4254 dio
2673 4199 3024 4267 perduxisse?
3065 4197 3227 4265 Cujus
3256 4198 3492 4250 animum
3523 4197 3704 4250 horror
3768 4213 3872 4251 non
3915 4198 4124 4266 percel-

2551 4290 2703 4354 leret,
2730 4290 2775 4345 si
2813 4290 3024 4344 audiret
3058 4289 3380 4342 monachum
3420 4286 3811 4358 Jerosolymam
3861 4287 3968 4356 (69)
3998 4303 4125 4356 pro-

2551 4391 2846 4451 perantem,
2878 4379 2945 4432 ab
2969 4379 3206 4432 exercitu
3236 4379 3576 4448 imperatoris
3603 4377 4121 4446 Constantinopolim

2553 4474 3000 4535 circmnventum,
3027 4471 3093 4524 ad
3119 4469 3287 4524 solam
3336 4470 3510 4524 sancti
3559 4470 3702 4523 illius
3730 4469 4124 4522 invocationem

2553 4564 2620 4617 ab
2646 4579 2829 4616 corum
2861 4561 3238 4615 molestissima
3257 4560 3550 4628 irruptione
3579 4558 3858 4612 liberatum
3883 4557 3905 4609 ?
3927 4558 4122 4623 Quem,

2551 4655 2793 4723 inquam,
2838 4661 3023 4722 stupor
3056 4667 3160 4705 non
3199 4651 3624 4720 apprehenderet
3667 4649 4121 4714 considerantem,

2551 4744 2636 4799 vel
2684 4745 2856 4798 furem
2916 4761 2945 4798 a
2994 4755 3179 4798 sancto
3238 4741 3684 4812 perterrefactum
3730 4755 3817 4794 res
3849 4755 3879 4792 a
3939 4754 4124 4808 requie

2546 4839 2696 4894 illius
2725 4845 3034 4910 exportatas
3070 4841 3122 4892 in
3157 4841 3297 4893 atrio
3330 4838 3508 4908 templi
3539 4838 3772 4893 illibatas
3799 4837 4116 4905 reliquisse;

2551 4931 2635 4984 vel
2671 4931 2841 4985 civem
2872 4931 3177 4985 Cantuaria:
3203 4940 3388 4984 contra
3418 4929 3716 4998 oppositam
3740 4928 3910 4982 sancti
3938 4938 4124 4980 aucto-

2553 5025 2767 5078 ritatem
2796 5021 3150 5078 substantiam
3200 5021 3441 5075 ecclesiae
3480 5018 3680 5074 Christi
3712 5018 4118 5087 subripientem,

2553 5124 2670 5188 post
2702 5128 2898 5184 paucos
2936 5113 3050 5167 dies
3096 5126 3309 5181 pmnam
3353 5125 3463 5164 sua:
3509 5109 3826 5163 temeritatis
3852 5107 4122 5162 solvisse?

2556 5207 2758 5263 Videtis
2795 5205 2989 5275 quibus
3014 5205 3274 5266 abstineo,
3306 5211 3591 5272 propterea
3631 5199 3772 5269 quod
3813 5198 4122 5253 testimatio-

2553 5319 2677 5358 nem
2727 5300 3057 5354 audientium
3103 5295 3414 5366 supergredi
3470 5293 3632 5358 nolo;
3695 5307 3814 5361 qua:
3859 5301 4030 5344 tamen
4072 5289 4127 5346 si

2552 5407 3062 5449 commemorarem.
3110 5389 3437 5443 incredibilis
3488 5401 3606 5441 esse
3674 5401 3776 5438 non
3844 5384 4118 5444 deberem,
