4516 5500
382 408 486 462 473

1855 416 2208 473 ΕΗΞΤΟΙΑ.

3538 432 3642 488 4η

381 522 437 573 in
468 519 728 575 conviviis
764 522 1035 591 agentium
1095 524 1338 591 fecimus,
1378 527 1467 596 qui
1499 527 1625 581 dum
1670 526 1968 597 pulcherri—
1996 533 2043 589 Α
2075 530 2385 585 beatificarc
2417 530 2602 588 voluit.
2638 535 2968 593 Veneremur
2996 555 3208 610 quoque
3240 541 3387 596 illum
3422 544 3474 597 in
3508 547 3638 609 Deo,

382 620 531 663 tuum
563 620 662 674 est,
692 612 925 667 medium
966 628 1185 669 carmen
1217 617 1456 671 recidere
1478 617 1734 681 assolent,
1780 634 1886 687 quo
1910 628 1964 673 et

385 699 601 754 tmdium
651 702 993 760 audientibus
1051 704 1286 771 tollatur,
1348 724 1673 779 rursumque
1713 711 1963 765 audiendi

382 791 672 846 oblectatio
723 794 895 863 major
945 796 1226 851 excitetur.
1259 799 1337 853 Ad
1378 810 1705 869 postremum
1731 817 1859 856 vero
1886 802 1965 855 di-

384 885 537 937 ccndi
578 887 857 954 prmceptis
909 887 989 940 vel
1032 889 1083 942 in
1130 890 1235 945 fine
1277 891 1433 960 hujus
1475 893 1734 946 orationis
1777 907 1965 963 parere

386 973 670 1036 voluimus,
718 975 807 1043 qui
862 978 1146 1033 commotis
1196 981 1393 1035 animis
1446 982 1749 1036 auditorum
1803 982 1961 1036 finem

380 1073 590 1133 ponunt
634 1064 825 1121 ollieiis
870 1078 1167 1122 oratorum.
1205 1068 1337 1124 Nam
1380 1071 1641 1141 lacryma,
1690 1081 1746 1126 ut
1776 1071 1963 1126 Tullus

382 1156 483 1217 ait,
515 1157 586 1209 nil
636 1158 798 1213 citius
837 1160 1055 1214 arescit.
1091 1161 1242 1227 Quod
1295 1161 1337 1216 si
1371 1178 1487 1233 ego,
1529 1164 1669 1218 sicut
1708 1165 1965 1233 oportuit,

380 1247 618 1302 ollicium
702 1252 882 1323 peregi
925 1292 940 1317 ,
1020 1263 1201 1322 grates
1282 1254 1510 1311 obsecro
1613 1257 1967 1327 omnipotenti

383 1339 497 1393 Deo
558 1356 767 1395 mecum
824 1344 1084 1398 exsolvite
1116 1386 1130 1410 ,
1194 1344 1348 1413 cujus
1414 1356 1473 1401 ut
1534 1350 1714 1416 peragi
1787 1357 1967 1417 posset

383 1441 569 1483 actum
610 1441 692 1485 est
762 1434 1128 1500 miseratione,
1179 1437 1260 1490 sin
1325 1452 1453 1491 vero
1507 1438 1684 1491 minus
1726 1437 1968 1507 apposite

385 1520 523 1583 dixi,
565 1538 671 1577 non
714 1524 831 1578 ideo
881 1525 1060 1580 minus
1100 1528 1146 1580 is
1184 1527 1250 1580 de
1295 1544 1402 1598 quo
1454 1528 1563 1582 dixi
1595 1529 1755 1583 debet
1785 1544 1969 1599 appre-

389 1611 547 1673 tiari.
600 1627 882 1683 propterea
937 1618 1079 1685 quod
1131 1619 1265 1673 nihil
1317 1629 1399 1674 cst
1456 1620 1757 1691 indignius,
1803 1635 1965 1689 quant

387 1712 609 1770 propter
652 1705 841 1757 vitium
892 1708 1182 1761 scribentis
1226 1709 1482 1763 virtutem
1537 1709 1781 1762 minuere
1830 1708 1970 1762 bene

387 1792 767 1858 promcrentis.
825 1792 1007 1849 Potius
1054 1796 1105 1849 in
1152 1796 1247 1849 illo
1302 1797 1469 1849 Deum
1522 1797 1964 1866 magnificemus,

2068 617 2292 689 ejusque
2323 624 2513 677 merita
2547 628 2771 681 summis
2811 628 3103 685 honoribus
3131 633 3440 689 attollamus
3461 676 3475 700 ,
3507 640 3641 693 certi

2067 712 2209 779 quod
2258 710 2325 764 ad
2373 710 2467 765 Dei
2518 712 2743 783 gloriam
2794 718 3092 785 pertineat,
3129 721 3389 791 quidquid
3429 726 3480 777 iu
3528 726 3644 793 ejus

2067 801 2414 855 veneratione
2440 810 2622 856 nostra
2654 804 2868 859 devotio
2897 806 3169 861 informat.
3207 809 3464 864 Amemus
3496 810 3641 865 illum

2066 904 2131 942 ex
2179 889 2429 945 omnibus
2476 892 2718 947 cordium
2770 904 3075 950 nostrorum
3123 897 3410 961 medullis,
3450 913 3515 951 ac
3551 915 3646 968 per

2069 980 2218 1035 illum
2251 982 2511 1053 quidquid
2550 999 2579 1037 a
2621 984 2733 1039 Deo
2770 986 3000 1042 fideliter
3038 989 3387 1058 petierimus,
3429 1006 3527 1045 nos
3565 1008 3648 1046 re-

2067 1080 2327 1139 cepturos
2360 1086 2639 1141 speremus
2668 1092 2680 1125 :
2714 1086 3000 1144 propterea
3034 1079 3177 1147 quod
3204 1079 3338 1133 nihil
3367 1080 3520 1135 nobis
3552 1081 3645 1136 Dei

2067 1160 2354 1216 clementia
2384 1164 2583 1231 poterit
2613 1164 2881 1236 denegare
2901 1207 2915 1231 ,
2941 1168 2983 1222 si
3015 1184 3173 1237 quem
3204 1170 3289 1224 ille
3318 1170 3519 1242 diligit,
3547 1188 3647 1227 nos

2070 1252 2439 1309 studuerimus
2474 1264 2530 1308 et
2564 1255 2746 1310 animo
2782 1257 3038 1327 diligere,
3074 1267 3126 1313 et
3176 1260 3435 1329 obsequio
3481 1276 3647 1316 vene-
3728 1276 3733 1293 τ

2070 1344 2201 1397 rari.
2256 1343 2498 1398 Gloriam
2555 1346 2910 1415 omnipotenti
2966 1348 3075 1402 Deo
3120 1347 3301 1413 Patri,
3356 1350 3445 1419 qui
3500 1350 3647 1405 illum

2067 1432 2233 1497 fecit;
2274 1434 2441 1504 gloria
2485 1436 2761 1505 unigenito
2792 1436 2884 1490 Dei
2914 1437 3051 1492 Filio
3076 1438 3166 1506 qui
3202 1438 3347 1492 illum
3384 1440 3647 1509 redemit;

2069 1522 2242 1591 gloria
2284 1520 2510 1590 Spiritui
2551 1533 2741 1577 sancto
2777 1524 2869 1592 qui
2908 1523 3052 1577 illiilli
3093 1540 3188 1578 sua
3233 1526 3406 1595 gratia
3456 1527 3651 1582 illumi-

2069 1612 2262 1677 navit;
2297 1611 2387 1665 uni
2429 1612 2526 1665 soli
2563 1612 2686 1665 vivo
2720 1621 2774 1666 et
2807 1628 2936 1667 vero
2968 1612 3077 1668 Deo
3115 1614 3231 1669 laus
3268 1624 3322 1670 et
3356 1617 3652 1686 gratiarum

2069 1704 2216 1757 actio
2243 1717 2343 1772 per
2370 1702 2579 1756 intlnita
2610 1702 2806 1757 smcula
2840 1703 3196 1771 saeculorum,
3229 1722 3409 1762 amen.

388 1893 694 1948 nomenque
725 1880 868 1935 illius
899 1884 1148 1938 certatim
1176 1884 1405 1940 invicem
1434 1886 1737 1940 exaltemus
1757 1925 1772 1949 ,
1801 1900 1966 1955 agen-
2000 1870 2046 1929 Β
2146 1874 2171 1939 ί

1727 1902 1772 1949 ς,
1801 1900 1966 1955 age“-
2000 1870 2046 1929 B
2146 1874 2317 1941 Quem
2350 1889 2521 1943 genus
2549 1874 2804 1943 insignit,
2836 1876 3010 1931 virtus
3034 1876 3280 1931 attollere
3309 1886 3510 1943 certat,

390 1973 471 2019 tes
500 1966 549 2020 ei
581 1968 782 2035 gratias
807 2008 820 2032 ,
853 1971 943 2039 qui
977 1970 1123 2024 illum
1154 1982 1278 2025 ante
1309 1972 1494 2026 mundi
1526 1973 1967 2026 constitutionem

387 2053 443 2106 in
482 2066 687 2110 acterna
722 2073 817 2112 sua
858 2060 1123 2128 sapientia
1174 2062 1367 2130 elegit,
1407 2071 1461 2116 et
1495 2062 1789 2132 Anglorum
1832 2071 1969 2116 tem-

386 2162 523 2217 pora
570 2163 667 2219 per
713 2151 1080 2207 ostensionem
1130 2154 1430 2223 corporalis
1479 2154 1780 2224 praesentiae
1824 2151 1968 2207 illius

2217 1964 2355 2019 lluic
2384 1965 2512 2019 dare
2541 1974 2726 2020 nostra
2756 1966 2952 2021 cohors
2976 1981 3201 2021 munera
3234 1966 3407 2021 laudis
3434 1967 3616 2024 habet.

2144 2054 2454 2109 Dunstanus
2484 2054 2645 2108 Pater
2669 2055 2902 2109 eximius
2927 2055 3268 2110 venerandus
3293 2056 3344 2109 in
3376 2057 3526 2111 orbe.

2212 2145 2344 2199 Post
2374 2144 2604 2199 hiemem
2623 2183 2637 2210 ,
2671 2145 2814 2199 veris
2846 2153 3085 2216 tempora
3114 2144 3235 2199 laeta
3266 2145 3427 2199 subit.

393 2354 3644 2383 mm

1443 2504 1583 2617 ε.
1657 2505 2594 2620 DUNSTANI

1716 2734 2292 2825 EPISTOLA

1140 2923 1230 2978 AD
1270 2921 1692 2980 WULFSINUM
1734 2920 2405 2977 SCHIREBURNENSEM
2446 2921 2855 2979 EPISCOPUM.

1393 3074 1639 3145 (Mabill.,
1674 3074 1802 3126 Acta
1830 3070 1961 3136 $8.,
1990 3069 2185 3127 Szeculi
2227 3069 2295 3139 ν,
2334 3086 2460 3143 pag.
2504 3073 2653 3143 239.)

472 3342 535 3395 ι).
571 3340 661 3395 Dei
696 3336 916 3410 [gratia]
948 3334 1386 3403 archiepiseOpus
1414 3331 1555 3385 ﬁdeli
1582 3330 1757 3384 amico
1786 3328 1981 3383 “'eLr-
2009 3328 2055 3389 C
2089 3330 2381 3385 habitator.
2417 3328 2599 3387 Mitem
2630 3340 2682 3387 te
2712 3341 2768 3386 et
2797 3332 3053 3386 humilem
3094 3332 3159 3387 ad
3200 3334 3451 3391 meliores
3476 3344 3663 3391 osten-

396 3448 522 3486 ειμι)
546 3432 798 3500 episcopo
832 3437 1048 3482 aeterna:
1069 3423 1350 3493 sospitatis
1385 3430 1440 3475 et
1477 3420 1626 3489 pacis
1662 3421 1715 3473 in
1754 3418 1980 3473 Domino

400 3526 497 3578 Dei
530 3522 778 3577 salutem.

474 3614 687 3669 Gratias
716 3622 939 3681 agamus
974 3608 1119 3670 Deo,
1152 3604 1241 3673 qui
1275 3618 1371 3657 nos
1404 3601 1650 3673 indignos
1682 3607 1735 3653 et
1763 3598 1982 3652 ultimos

399 3717 683 3758 servorum
739 3712 959 3754 suorum
1016 3692 1399 3764 praeordinavit
1458 3692 1525 3745 ad
1581 3690 1818 3758 regimen
1872 3702 1983 3742 suae

401 3776 608 3847 sanctae
635 3788 889 3843 Ecclesiae
916 3786 967 3839 in
995 3795 1102 3837 tam
1126 3780 1443 3852 periculosis
1470 3790 1524 3835 et
1548 3777 1985 3833 laboriosissimis

400 3882 757 3951 temporibus.
797 3880 862 3933 Et
899 3894 1041 3933 nunc
1078 3876 1131 3930 in
1171 3889 1457 3929 commune
1494 3875 1847 3943 deprecemur
1870 3885 1986 3924 om-

400 3971 699 4042 nipotentis
753 3970 844 4023 Dei
901 3964 1244 4021 clementiam
1293 3972 1351 4016 ut
1399 3962 1488 4016 ille
1540 3976 1639 4015 nos
1667 3958 1879 4025 adjuvet
1930 3958 1985 4012 in

399 4062 557 4116 omni
582 4074 745 4129 opere
775 4062 933 4112 bono.
965 4056 1031 4110 Et
1060 4064 1113 4109 tu
1139 4096 1153 4118 ,
1183 4052 1502 4107 charissime
1536 4050 1724 4116 frater,
1760 4048 1989 4103 viriliter

404 4152 493 4206 fac
518 4194 531 4217 ,
573 4161 627 4206 et
661 4150 876 4203 fortiter
910 4162 1047 4217 opus
1083 4145 1294 4199 Domini
1334 4144 1476 4213 quod
1512 4142 1678 4196 habes
1718 4142 1770 4195 in
1808 4140 1988 4194 mani-

399 4247 541 4307 lllIS,
574 4243 770 4312 perliee
809 4241 875 4293 ad
915 4239 1218 4293 mercedem
1260 4236 1454 4289 anima:
1490 4242 1690 4287 nostra:
1720 4242 1774 4286 et
1809 4232 1875 4285 ad
1899 4246 1986 4285 sa-

412 4336 585 4390 lutem
625 4333 914 4387 multarum
946 4329 1273 4383 animarum.
1320 4325 1437 4378 Non
1473 4332 1649 4378 cesset
1685 4322 1865 4391 lingua
1900 4330 1991 4374 tua

404 4429 462 4482 in
496 4425 872 4496 praedicando,
909 4437 1014 4476 non
1057 4435 1153 4489 pes
1192 4428 1313 4472 tuus
1350 4414 1738 4471 circumeundo
1778 4429 1992 4484 gregem

405 4516 505 4570 tibi
534 4515 912 4576 commissum;
942 4526 1046 4565 non
1075 4523 1262 4562 manus
1280 4516 1369 4560 tua
1392 4521 1422 4559 a
1448 4505 1762 4567 laborando,
1781 4502 1994 4556 utelee-

403 4620 649 4674 mosynaa
701 4606 829 4657 liaut
858 4617 954 4671 per
985 4611 1036 4655 te
1062 4641 1077 4663 ,
1117 4608 1175 4653 ut
1206 4606 1406 4652 sancta:
1434 4596 1527 4649 Dei
1564 4594 1761 4663 ubique
1793 4592 1998 4647 exalte-

2083 3420 2182 3484 de,
2214 3421 2409 3476 durum
2440 3432 2496 3476 et
2523 3423 2755 3493 rigidum
2783 3423 2848 3477 ad
2875 3424 3171 3491 superbos,
3202 3426 3383 3479 omnia
3415 3426 3666 3482 omnibus

2082 3509 2259 3565 factus
2279 3550 2294 3575 ,
2325 3519 2385 3565 ut
2414 3526 2602 3567 omnes
2629 3512 2829 3567 lucrari
2859 3515 3036 3583 possis
3061 3532 3075 3578 ;
3106 3514 3306 3570 habeas
3336 3516 3387 3569 in
3420 3516 3673 3571 manibus

2083 3600 2195 3653 tuis
2224 3598 2329 3652 mel
2362 3609 2417 3654 et
2457 3601 2827 3667 absinthium,
2870 3602 3134 3672 quidquid
3174 3604 3262 3658 cui
3300 3603 3509 3673 placeat
3544 3605 3669 3659 edat

2083 3702 2149 3742 ex
2182 3687 2327 3742 illis:
2361 3689 2450 3743 cui
2478 3688 2545 3744 de
2578 3690 2667 3759 pia
2706 3690 3089 3759 praedicatione
3119 3694 3267 3747 vesci
3299 3693 3495 3759 libeat,
3529 3695 3672 3751 acci-

2083 3779 2197 3848 piat
2241 3778 2389 3845 mel;
2447 3779 2539 3849 qui
2592 3781 2726 3836 dura
2760 3782 3068 3837 invectione
3103 3782 3378 3854 indigeat,
3414 3784 3565 3839 bibat
3602 3800 3670 3839 ex

2086 3868 2380 3934 absinthio,
2410 3870 2486 3923 ita
2520 3878 2699 3925 tamen
2730 3880 2788 3925 ut
2816 3870 2979 3928 liceat
3007 3872 3057 3926 ei
3090 3871 3194 3926 mel
3219 3872 3391 3927 venia:
3422 3886 3666 3942 sperare,

2088 3958 2133 4013 si
2172 3973 2329 4013 rosea
2356 3959 2633 4016 confessio
2660 3962 2994 4031 pmnitentize
3023 3963 3293 4031 praecedat
3320 3982 3331 4017 :
3366 3965 3544 4019 omnia
3575 3980 3671 4019 ve-

2088 4057 2201 4103 stra
2245 4050 2473 4105 honesta
2518 4066 2640 4105 cum
2688 4052 2877 4107 ordine
2922 4054 3075 4107 ﬁant.
3121 4053 3357 4124 Tempus
3403 4064 3675 4109 statuatur

2088 4141 2342 4207 lectioni,
2377 4152 2433 4197 et
2460 4144 2639 4197 oratio
2668 4158 2794 4199 suas
2823 4145 3021 4200 haheat
3056 4146 3254 4211 horas,
3294 4154 3349 4201 et
3384 4147 3674 4201 missarum

2090 4234 2352 4288 solemnia
2409 4236 2630 4304 proprio
2686 4243 2927 4305 tempore
2977 4238 3320 4292 conveniant.
3377 4237 3479 4303 Qui
3532 4238 3675 4292 diem

2094 4323 2266 4392 sapit,
2309 4323 2539 4379 Domino
2574 4325 2769 4395 sapiat.
2801 4323 2885 4379 Sit
2919 4326 3162 4380 modesta
3201 4326 3254 4380 in
3291 4326 3557 4380 conviviis
3585 4326 3675 4380 ἰω-

2095 4415 2243 4478 titia,
2273 4414 2344 4469 sit
2371 4423 2521 4469 casta
2558 4414 2614 4468 in
2643 4412 2865 4483 jejuniis
2900 4416 3215 4485 perceptio:
3252 4415 3465 4470 lavetur
3497 4417 3677 4485 poeni-

2095 4506 2260 4560 tentia
2295 4504 2495 4571 facies,
2533 4514 2773 4575 ungatur
2806 4504 2927 4559 oleo
2958 4504 3347 4559 misericordiae
3379 4514 3541 4573 caput
3564 4543 3577 4567 ,
3621 4513 3681 4558 ut

2096 4596 2277 4650 omnia
2309 4594 2661 4665 acceptabilia
2693 4595 2826 4650 flant
2855 4594 3085 4649 Domino
3116 4594 3258 4661 Deo,
3298 4595 3389 4664 qui
3430 4604 3483 4649 te
3516 4594 3681 4665 elegit

404 4703 501 4749 tur
534 4694 795 4749 Ecclesia.
838 4694 967 4747 Esto
1004 4690 1176 4745 forma
1214 4689 1403 4745 salutis
1436 4687 1707 4751 omnium,
1746 4686 1798 4739 in
1837 4693 1889 4737 te
1924 4683 1995 4736 sit
2022 4678 2067 4736 D
2096 4685 2198 4741 sibi
2250 4684 2611 4739 sacerdotem.
2664 4683 2865 4739 Ducem
2894 4684 3126 4739 admone
3176 4692 3230 4737 et
3269 4698 3457 4738 omnes
3510 4698 3681 4738 saecu-

405 4784 721 4853 exemplum
777 4782 1207 4837 conversationis
1260 4779 1654 4843 sanctissimaz,
1714 4775 1767 4829 in
1821 4782 1872 4828 le
1920 4773 1995 4827 sit

407 4874 664 4930 solatium
696 4874 1023 4927 miserorum
1042 4913 1057 4936 ,
1086 4873 1138 4926 in
1168 4883 1220 4926 te
1246 4868 1567 4925 confortatio
1593 4864 1953 4921 dubitantium
1974 4903 1989 4929 ,

406 4969 464 5024 in
506 4976 556 5022 te
591 4967 890 5037 disciplina:
930 4967 1094 5037 rigor,
1137 4967 1190 5020 in
1229 4976 1280 5020 te
1314 4964 1559 5018 veritatis
1590 4962 1814 5027 fiducia,
1850 4962 1904 5015 in
1943 4969 1992 5015 te

410 5061 579 5115 totius
609 5060 871 5115 bonitatis
903 5073 1046 5127 spes.
1087 5057 1204 5112 Non
1239 5067 1289 5113 te
1321 5056 1501 5112 smculi
1532 5070 1727 5126 pompa
1754 5054 1990 5120 exaltet,

412 5168 518 5208 non
569 5152 815 5207 ciborum
870 5150 1031 5204 luxus
1082 5159 1337 5213 enervet,
1391 5162 1496 5201 non
1546 5150 1991 5204 vestimentorum

409 5242 627 5297 vanitas
676 5240 956 5303 emolliat,
995 5254 1098 5293 non
1139 5238 1472 5293 adulantium
1509 5237 1687 5307 lingua
1722 5236 1988 5305 decipiat,

410 5346 518 5386 non
550 5329 960 5385 detrahentium
992 5328 1289 5383 adversitas
1321 5327 1635 5393 conturbet,
1672 5347 1775 5385 non
1814 5326 1988 5380 tristia

2096 4773 2243 4828 lares
2292 4773 2602 4843 principes,
2653 4783 2713 4828 ut
2757 4774 3012 4843 pietatem
3053 4781 3109 4827 et
3161 4772 3588 4827 misericordiam
3622 4772 3680 4825 in

2091 4863 2318 4936 judieiis
2368 4873 2731 4930 conservent,
2776 4864 3096 4919 munditiam
3128 4862 3309 4919 cordis
3347 4872 3402 4917 et
3437 4862 3684 4932 corporis

2097 4971 2313 5027 semper
2348 4955 2611 5027 diligant,
2650 4955 2776 5027 quia
2815 4954 2951 5009 beati
2985 4956 3183 5008 mundo
3215 4955 3402 5019 corde,
3435 4954 3686 5024 quoniam

2098 5055 2199 5125 ipsi
2249 5051 2417 5107 Deum
2447 5050 2721 5110 videbunt.
2749 5048 3054 5106 Ecclesiam
3108 5049 3311 5105 Christi
3363 5045 3688 5112 defendant,

2099 5156 2161 5201 ut
2189 5160 2376 5202 eorum
2409 5142 2634 5212 adiutor
2668 5160 2733 5204 ac
2768 5141 3021 5198 defensor
3060 5144 3157 5198 flat
3189 5141 3456 5197 Dominus
3494 5137 3692 5192 Eccle-

2104 5244 2221 5298 siae.
2278 5239 2470 5296 Viduis
2522 5249 2579 5294 et
2648 5236 2865 5325 pupillis
2912 5235 3324 5325 misericordes,
3374 5241 3435 5287 ut
3483 5230 3701 5325 illorum

2104 5335 2430 5389 misereatur
2472 5326 2635 5395 Deus
2659 5321 2690 5414 ξ
2742 5340 2796 5389 et
2836 5326 2891 5381 in
2930 5340 3121 5385 omnes
3162 5322 3408 5380 homines
3453 5321 3608 5428 mites
3646 5330 3707 5373 et

3619 5420 3676 5428 --
