4516 5500
808 379 908 433 475

1844 376 1900 430 s.
1946 375 2287 430 DUNSTANI
2327 376 2640 431 anczuep.
2675 352 3043 430 canum;

3955 368 4054 421 476

811 487 987 542 Patris
1026 486 1115 541 ubi
1160 486 1250 540 Dei
1293 496 1561 541 rectorum
1600 484 2066 553 subiectorumque
2112 488 2220 539 vita
2258 486 2375 537 dili-
2410 493 2451 546 Α
2484 495 2698 538 nostrae.
2741 487 2804 539 Et
2843 483 3167 553 superfluum
3206 497 3309 535 non
3345 481 3612 541 testimes,
3656 494 3754 533 nec
3794 494 4053 547 arrogan-

810 581 1023 647 gentius
1047 579 1392 644 discernitur,
1423 580 1616 647 smpius
1642 589 1764 631 ante
1795 589 1843 631 te
1872 577 2101 645 legatur,
2130 586 2183 629 et
2212 577 2378 629 nostri

809 670 1129 723 memoriam
1163 671 1398 723 nominis
1426 670 1624 723 habeto
1655 669 1705 721 in
1739 669 1845 721 tuis
1883 667 2084 720 sanctis
2122 666 2379 719 orationi—

806 762 926 826 bus,
956 770 1015 814 ut
1042 762 1134 816 Dei
1162 763 1544 831 omnipotentis
1570 762 1938 816 misericordia
1968 776 2066 814 nos
2091 758 2375 820 defendat,

809 860 959 919 tegat
990 859 1152 919 atque
1187 853 1485 914 custodiat,
1526 853 1663 905 sicut
1701 867 1796 905 vos
1829 852 1965 905 velle
2000 851 2196 913 credo,
2230 857 2288 902 ut
2324 850 2374 901 in

805 940 1091 996 dilectione
1143 942 1236 996 Dei
1290 952 1344 997 et
1388 943 1663 997 voluntate
1713 957 1929 995 cursum
1982 956 2202 1008 agamus
2255 940 2374 993 vice

2489 578 2605 639 tiae,
2639 585 2698 628 ut
2728 592 2822 630 vos
2851 577 3195 629 admonerem
3220 589 3234 635 ;
3269 572 3361 626 sed
3396 570 3584 623 intimo
3612 568 3891 622 charitatis
3918 566 4050 619 affe-

2486 676 2573 720 ctu
2626 666 2918 734 suscipite,
2971 664 3095 732 quia
3142 663 3270 716 urbs
3319 660 3471 713 ﬁrma
3509 660 3675 711 frater
3702 657 3852 725 quia
3885 655 4053 707 fratre

2478 756 2715 824 juvatur.
2755 754 2829 808 Te
2866 755 3005 807 Deus
3035 751 3373 820 omnipotens
3419 747 3623 802 salvum
3673 752 3954 798 conservet
3996 743 4052 795 in

2480 864 2670 902 ιενιιιη.

2705 1105 4047 1137 ———_—_—————II“

1565 1260 2231 1372 SANCTI
2310 1255 3253 1368 DUNSTANI

1802 1477 2371 1556 REGULARIS
2447 1474 3019 1552 CONCORDIA

1392 1651 1714 1708 ANGLICJE
1754 1651 2074 1706 NATIONIS
2113 1647 2596 1704 MONACHORUM
2639 1644 3435 1711 SANCTIMONIALIUMQUE.

1506 1804 1680 1874 (Apud
1711 1803 2030 1865 Reincrum,
2059 1800 2351 1871 Apostalat.
2387 1802 2503 1853 ard.
2538 1798 2599 1853 S.
2626 1799 2821 1852 Bcned.
2852 1799 2905 1850 in
2937 1796 3113 1866 Angl.,
3136 1812 3189 1864 p.
3225 1795 3312 1847 77.

1361 2062 1793 2130 zruoomnmt.

854 2156 1135 2212 Gloriosus
1170 2153 1368 2206 ctenim
1416 2153 1622 2218 Edgar,
1669 2152 1869 2206 Christi
1914 2151 2215 2222 opitulante
2244 2166 2362 2221 gra-

787 2249 882 2310 tia,
912 2243 1207 2314 Anglorum
1230 2251 1661 2310 ceterarumque
1686 2242 1922 2310 gentium
1944 2242 2086 2294 intra
2102 2241 2363 2294 ambitum

784 2334 1080 2390 Britannia:
1104 2331 1293 2386 insula:
1316 2331 1623 2401 degentium
1648 2346 1742 2383 rex
1765 2331 2034 2399 egregius,
2059 2331 2126 2383 ab
2150 2330 2365 2383 ineunte

785 2442 898 2482 sua:
928 2424 1173 2494 pueritiae
1199 2430 1380 2486 aetate,
1414 2421 1561 2486 licet,
1590 2422 1665 2474 uti
1700 2421 1813 2490 ipsa
1836 2420 1973 2474 solet
2002 2429 2157 2484 mtas,
2181 2420 2361 2475 diver-

783 2517 858 2571 sis
886 2522 1129 2569 uteretur
1155 2513 1415 2578 moribus,
1443 2520 1678 2565 attamen
1710 2519 1957 2580 respectu
1987 2510 2171 2564 divino
2194 2518 2363 2563 attra-

782 2617 925 2671 ctus,
971 2605 1168 2659 abbate
1209 2604 1439 2672 quodam
1470 2603 1689 2657 assiduo
1717 2609 1971 2655 monente
1997 2641 2011 2664 ,
2044 2616 2108 2655 ac
2158 2602 2362 2669 regiam

782 2696 1061 2753 catholica:
1086 2694 1209 2749 ﬁdei
1234 2695 1372 2747 viam
1401 2694 1827 2755 demonstrante,
1853 2692 2015 2759 carpit
2040 2705 2363 2761 magnopere

782 2787 951 2842 Deum
982 2786 1174 2839 timere
1197 2825 1211 2847 ,
1243 2784 1468 2854 diligere
1515 2797 1579 2837 ac
1610 2784 1880 2837 venerari.
1926 2782 2190 2837 Radiante
2227 2798 2363 2852 pau-

780 2877 937 2931 latim
976 2875 1099 2930 ﬁdei
1132 2874 1367 2929 scintilla
1398 2913 1412 2937 ,
1458 2887 1525 2927 ne
1552 2873 1841 2927 otiositatis
1878 2882 2095 2941 torpore
2139 2872 2361 2940 explosa

781 2966 1124 3029 deteseeret,
1177 2964 1372 3032 quibus
1406 2973 1719 3017 sanctormn
1767 2979 1990 3032 operum
2041 2964 2251 3017 meritis
2307 2964 2361 3017 iu

779 3056 1048 3111 fervidum
1078 3055 1428 3124 perfectionis
1456 3056 1703 3110 ardorem
1735 3056 1953 3110 accendi
1984 3056 2223 3122 valeret,
2250 3066 2363 3111 stu-

779 3147 929 3202 diose
974 3148 1314 3215 percunctari
1346 3146 1609 3201 sollicitus
1637 3147 1818 3215 cmpit.
1853 3147 2140 3215 Comperto
2161 3149 2359 3202 etenim

778 3237 921 3307 quod
947 3252 1099 3290 sacra
1134 3237 1383 3291 camobia
1414 3236 1643 3290 diversis
1668 3237 1750 3289 sui
1778 3236 2056 3306 regiminis
2093 3238 2225 3292 locis
2266 3239 2358 3292 di-

781 3338 930 3384 recta
956 3368 971 3394 ,
1023 3343 1087 3381 ac
1110 3343 1247 3397 pene
1279 3328 1485 3381 Domini
1534 3329 1701 3383 nostri
1733 3328 1857 3383 Jesu
1890 3328 2093 3383 Christi
2138 3330 2359 3385 servitio

2401 2068 2448 2125 B
2476 2060 2702 2129 paciﬁca
2732 2060 2931 2131 pitacio
2981 2059 3408 2115 luculentissime
3446 2066 3669 2113 exarata
3717 2058 4047 2115 humillimus

2468 2153 2797 2217 destinavit,
2852 2159 3182 2220 cunctosque
3222 2150 3424 2205 Christi
3472 2159 3825 2219 compunctus
3872 2151 4047 2221 gratia

2465 2248 2709 2313 monuit,
2757 2257 2818 2301 ut
2858 2247 3155 2301 concordes
3203 2245 3397 2315 aequali
3445 2245 3857 2299 consuetudinis
3902 2260 4041 2307 usu,

2464 2347 2680 2394 sanctos
2717 2338 3078 2407 probatosque
3104 2334 3365 2389 imitando
3388 2333 3583 2388 Patres
3612 2333 3876 2403 regularia
3908 2348 4033 2401 pra:-

2464 2439 2620 2499 cepta
2650 2428 2826 2482 tenaci
2858 2425 3056 2480 mentis
3086 2425 3323 2478 anchora
3365 2432 3678 2486 servantes,
3707 2422 3851 2477 nullo
3883 2422 4043 2476 modo

2466 2516 2837 2572 dissentiendo
2903 2515 3307 2576 discordarent;
3361 2530 3430 2567 ne
3476 2514 3701 2583 impar,
3749 2528 3811 2567 ac
3860 2512 4043 2565 varius

2465 2609 2624 2661 unius
2655 2605 2873 2676 regulae,
2898 2619 2960 2659 ac
2989 2603 3149 2657 unius
3176 2604 3367 2672 patriae
3390 2618 3521 2657 usus
3548 2604 3807 2672 probrose
3835 2602 4043 2670 vitupe-

2466 2699 2605 2753 rium
2654 2706 2853 2752 sancta:
2891 2695 3288 2750 conversationi
3337 2695 3624 2763 irrogaret.
3686 2693 3855 2763 llujus
3900 2708 4041 2762 pra:-

2470 2789 2840 2845 cellentissimi
2877 2788 3020 2858 regis
3050 2788 3229 2857 sagaci
3275 2788 3485 2841 monitu
3536 2788 3856 2856 spiritaliter
3892 2802 4033 2842 com-

2464 2879 2674 2951 puncli,
2714 2894 2822 2933 non
2848 2885 3057 2931 tantum
3088 2876 3322 2945 episcopi
3349 2916 3363 2939 ,
3405 2892 3595 2931 verum
3626 2878 3789 2931 etiam
3817 2877 4041 2931 abbates

2463 2986 2527 3025 ac
2550 2970 2856 3031 abbatissm,
2883 2968 3024 3037 quod
3046 2967 3212 3020 talem
3245 2981 3309 3020 ac
3339 2975 3543 3020 tantum
3577 2966 3776 3020 habere
3817 2982 4035 3020 merue-

2465 3070 2593 3113 ruut
2620 3060 2924 3121 doctorem,
2956 3056 3154 3111 erectis
3184 3056 3250 3110 ad
3289 3057 3493 3110 :ethera
3522 3055 3714 3124 palmis
3748 3056 4038 3109 immensas

2462 3148 2805 3203 Cclsithrouo
2848 3154 3049 3216 grates,
3084 3145 3195 3199 voti
3224 3153 3503 3213 compotes
3546 3143 3751 3198 referre
3779 3159 3882 3198 non
3922 3143 4037 3197 dis-

2465 3240 2722 3293 tulerunt.

2532 3328 2665 3382 Nam
2697 3328 2837 3381 illico
2863 3325 2978 3395 ejus
3006 3326 3245 3396 imperiis
3258 3334 3370 3380 toto
3396 3326 3594 3379 mentis
3620 3325 3897 3379 conamine
3925 3322 4040 3377 ala-

784 3417 1040 3471 destitula
1092 3415 1427 3484 negligenter
1455 3415 1792 3470 tabescerent
1816 3457 1829 3475 .
1864 3416 2073 3470 Domini
2106 3432 2361 3487 eompun-
2389 3407 2433 3468 C
2465 3420 2631 3472 critcr
2651 3416 3406 3486 obtemperantes,sanctique
3425 3414 4041 3483 patroninostriGrego-

779 3522 899 3567 ctus
918 3511 1086 3581 gratia
1111 3526 1231 3564 cum
1263 3525 1452 3577 magna
1482 3510 1647 3563 animi
1704 3510 1987 3565 alacritate
2015 3510 2317 3565 festinando
2342 3551 2357 3575 ,

777 3600 1084 3666 ubicunque
1125 3598 1363 3652 locorum
1394 3599 1775 3653 decentissime
1814 3600 2111 3660 decoravit;
2142 3597 2359 3665 ejectis-

778 3705 884 3759 que
916 3688 1299 3757 negligentium
1352 3688 1673 3742 clericorum
1720 3689 2016 3757 spurciliis,
2059 3704 2163 3742 non
2189 3688 2359 3742 solum

776 3777 1072 3831 monachos
1098 3816 1113 3839 ,
1171 3792 1355 3829 verum
1388 3777 1826 3830 sanctimoniales
1869 3778 2029 3830 etiam
2056 3817 2069 3839 ,
2111 3776 2362 3830 Patribus

776 3867 1144 3935 Matribusque
1190 3867 1499 3920 constitutis
1557 3867 1621 3919 ad
1669 3868 1761 3921 Dei
1803 3867 2118 3920 famulatum
2163 3869 2361 3936 ubique

774 3972 872 4027 per
912 3964 1115 4009 tantam
1179 3956 1259 4009 sui
1323 3955 1472 4025 regni
1538 3955 1941 4024 amplitudinem
2015 3957 2361 4011 devotissime

775 4046 1095 4107 constituit,
1145 4045 1407 4111 bonisque
1458 4047 1707 4099 omnibus
1759 4046 2088 4113 locupletans
2117 4048 2358 4115 gratula-

774 4135 984 4188 bundus
1014 4134 1221 4188 ditavit.
1277 4133 1462 4202 Regali
1493 4136 1671 4202 itaque
1717 4136 1933 4189 functus
1985 4136 2166 4191 ofﬁcio
2198 4138 2357 4191 veluti

779 4232 1055 4291 pastorum
1091 4234 1279 4293 pastor
1303 4224 1565 4277 sollicitus
1585 4266 1598 4288 ,
1631 4240 1659 4277 a
1690 4226 1891 4278 rabidis
1928 4226 2254 4293 perﬁdorum
2281 4243 2362 4281 re-

780 4313 924 4365 tibus
949 4352 963 4373 ,
1003 4313 1080 4366 uti
1133 4314 1411 4367 hiantibus
1456 4314 1701 4383 luporum
1748 4315 1994 4369 faucibus
2027 4331 2155 4371 oves
2184 4357 2198 4381 ,
2227 4332 2361 4385 quas

779 4400 987 4452 Domini
1039 4400 1308 4469 largiente
1354 4403 1522 4471 gratia
1555 4403 1828 4457 studiosus
1875 4403 2202 4473 collegerat,
2247 4423 2362 4459 mu-

785 4489 984 4541 niendo
1012 4492 1229 4558 eripuit,
1260 4492 1583 4561 conjugique
1610 4506 1721 4546 sum
1758 4493 2035 4562 Alphridac
2065 4494 2354 4547 sanctimo-

773 4578 975 4632 nialum
1006 4581 1257 4634 mandras
1286 4621 1299 4643 ,
1342 4591 1395 4634 ut
1431 4582 1680 4649 impavidi
1717 4598 1866 4636 more
1895 4584 2136 4637 custodis
2179 4583 2360 4639 defen-

771 4670 929 4722 deret
952 4671 1264 4723 cautissime
1290 4672 1565 4739 prtecepit,
1595 4681 1653 4725 nt
1685 4673 1935 4728 videlicet
1966 4690 2083 4729 mas
2121 4676 2359 4730 maribus

771 4758 971 4812 femina
1044 4758 1296 4827 feminis,
1352 4763 1468 4816 sine
1526 4763 1635 4817 ullo
1722 4766 2046 4834 suspicionis
2109 4746 2435 4836 scrupuloD

779 4848 1113 4903 subveniret.

842 4940 1095 5008 Regulari
1135 4943 1315 5013 itaque
1340 4945 1511 5000 sancti
1549 4945 1826 5002 Benedicti
1857 4963 2048 5003 norma
2079 4950 2353 5004 honestis-

771 5032 909 5087 sime
948 5045 1195 5104 suscepta
1233 5078 1247 5102 ,
1300 5046 1406 5091 tam
1433 5039 1658 5093 abhates
1688 5056 1847 5110 quam
1880 5029 2095 5111 plurimi
2130 5082 2145 5107 ,
2192 5056 2354 5112 quam

772 5125 1057 5180 abbatissa:
1107 5143 1229 5183 cum
1261 5130 1365 5185 sibi
1410 5132 1671 5200 subjectis
1715 5134 1944 5190 fratrum
1998 5151 2357 5205 sororumque

768 5214 1009 5270 collegiis
1060 5230 1372 5270 sanctorum
1427 5226 1580 5270 somni
1627 5227 1851 5270 vnetin'n
1900 5242 2004 5270 una
2056 5226 2198 5270 ﬁiln_
2244 5244 2351 5270 nnn

2464 3510 2528 3563 rii
2571 3510 2915 3568 documenta,
2952 3506 3147 3576 quibus
3183 3505 3401 3560 beatum
3433 3505 3792 3573 Augustinum
3815 3516 4038 3557 monere

2463 3600 2684 3663 studuit,
2734 3607 2920 3651 utnon
2972 3597 3144 3651 solum
3199 3576 3474 3660 Romanae,
3498 3610 3685 3649 verum
3725 3594 3887 3649 etiam
3913 3592 4041 3647 Gal-

2463 3689 2678 3752 liarum,
2733 3688 2987 3742 honestos
3030 3686 3391 3741 Ecclesiarum
3431 3700 3560 3739 usus
3586 3684 3704 3737 rudi
3742 3681 4069 3752 Anglorum:

2463 3780 2716 3834 Ecclesia:
2761 3778 3063 3833 decorando
3110 3777 3464 3830 constitueret
3516 3774 3818 3828 recolentes
3853 3790 3867 3825 :
3897 3770 4042 3824 acci-

2466 3871 2530 3924 tis
2557 3869 2830 3923 Florensis
2858 3868 2999 3923 beati
3022 3866 3294 3921 Benedicti
3325 3880 3532 3919 necnon
3563 3862 3817 3932 prazcipui
3853 3874 4043 3915 emno-

2464 3961 2559 4025 bii,
2607 3960 2747 4028 quod
2800 3958 2997 4012 celebri
3052 3956 3229 4011 Ghent
3266 3956 3629 4027 (Gandonum)
3697 3961 4042 4022 nuncupatur

2462 4051 2723 4107 vocabulo
2762 4050 3061 4112 monachis,
3093 4062 3321 4116 qumque
3366 4062 3433 4101 ex
3458 4046 3634 4115 dignis
3661 4059 3847 4099 eorum
3879 4041 4045 4096 mori-

2463 4142 2563 4195 bus
2602 4143 2830 4195 honesta
2878 4137 3209 4207 colligentes,
3256 4137 3333 4188 uti
3390 4149 3518 4204 apes
3569 4134 3747 4188 favum
3800 4131 4043 4185 nectaris

2461 4242 2491 4282 e
2515 4228 2743 4282 diversis
2771 4222 3287 4296 pratorum'ﬁoribus
3318 4222 3369 4275 in
3403 4237 3510 4275 uno
3542 4220 3797 4284 alvcario,
3836 4220 3905 4272 ita
3940 4219 4043 4271 has

2463 4331 2671 4370 morum
2704 4314 3123 4369 consuetudines
3152 4312 3219 4366 ad
3240 4312 3364 4366 vitae
3395 4311 3757 4373 honestatem,
3799 4318 3847 4362 et
3881 4323 4043 4376 regu-

2464 4409 2589 4462 laris
2611 4406 2969 4462 observantia:
2998 4404 3360 4468 dulcedinem,
3412 4410 3471 4456 ut
3508 4403 3575 4457 ab
3617 4402 3720 4465 his,
3759 4401 3852 4471 qui
3890 4401 4039 4454 viam

2463 4500 2683 4569 regione
2703 4497 3079 4551 mandatorum
3124 4494 3333 4547 Domini
3362 4494 3564 4562 absque
3587 4491 3864 4559 iactantia:
3906 4492 4043 4544 vitio

2462 4591 2617 4645 lactei
2653 4590 2825 4644 adhuc
2849 4587 3126 4643 humiliter
3149 4588 3427 4651 incedunt,
3454 4585 3675 4654 depulso
3700 4599 3914 4639 nausea:
3940 4592 4040 4637 ta:—

2464 4683 2552 4735 dio
2583 4676 2697 4735 sine
2742 4678 2962 4749 querela
2991 4678 3228 4748 legitime
3258 4677 3455 4731 haustu
3480 4676 3752 4742 degustari
3793 4674 4042 4729 libentis-

2462 4774 2618 4836 simo,
2668 4786 2731 4825 ac
2772 4770 2925 4824 avide
2954 4768 3171 4823 amabili
3216 4774 3439 4836 possent
3489 4764 3697 4835 impleri
3729 4763 4038 4828 devotione,

2462 4871 2759 4934 temperata
2793 4876 2913 4915 cum
2939 4874 3131 4929 magna
3164 4867 3328 4928 atque
3357 4856 3539 4911 subtili
3582 4855 3808 4909 rationis
3835 4854 4042 4908 discre-

2462 4954 2627 5017 tione,
2676 4951 2877 5005 Christi
2931 4950 3115 5003 mundi
3160 4946 3457 5001 Salvatoris
3507 4945 3805 5014 opitulante
3838 4942 4041 5012 gratia,

2461 5045 2565 5097 hoc
2602 5042 2797 5110 exiguo
2822 5046 3190 5108 apposuerunt
3231 5035 3504 5091 carticello
3527 5031 3860 5106 [codicello].

2530 5132 2609 5187 Ne
2647 5132 2808 5201 igitur
2839 5129 3031 5200 singuli
3082 5129 3127 5183 si
3172 5142 3348 5191 suam,
3380 5126 3523 5195 quod
3577 5124 3739 5188 absit,
3774 5123 4041 5178 adiuven-

2462 5226 2664 5270 tinnem
2691 5232 2883 5270 suante
2908 5218 3324 5270 nrmsumotuosi
3350 5217 3610 5270 elicerent
3651 5215 4040 5270 excellentissi-
