4516 5500
418 390 518 443 477

413 602 511 654 bas
536 598 819 650 adnotatas
858 610 1063 648 merum
1096 596 1516 647 consuetudines
1566 598 1837 648 communi
1884 613 1981 665 pa-

414 691 516 744 lam
545 688 812 742 custodire
848 686 1277 740 conversatione.
1308 686 1572 739 Castorum
1613 690 1982 757 unusquisque

411 780 637 833 secretis
688 776 921 831 Oratorii
972 778 1120 838 locis,
1154 777 1203 828 in
1239 787 1499 844 quantum
1528 779 1698 832 sancti
1750 779 1983 847 Spiritus

411 869 583 937 gratia
611 867 904 919 clementer
932 866 1267 934 iustigaverit
1320 868 1677 935 peculiaribus
1708 879 1844 924 teste
1873 870 1981 923 Deo

417 974 531 1008 .r-um
576 956 835 1009 bonorum
885 974 1105 1025 operum
1156 958 1431 1025 vigilantia
1491 960 1734 1014 consulte
1801 972 1983 1016 utatur

410 1044 767 1097 orationibus.
820 1044 929 1096 lloc
976 1046 1117 1098 enim
1176 1045 1483 1097 Duustanus
1528 1050 1773 1117 egregius
1825 1052 1981 1118 hujus

409 1137 599 1203 patria:
656 1135 1092 1201 archiepiscopus
1142 1150 1382 1201 pra'sago
1432 1134 1623 1189 allatus
1678 1139 1868 1206 spiritu
1914 1143 1980 1193 ad

407 1228 866 1281 corroborandum
900 1227 1104 1294 praefati
1124 1228 1397 1295 synodalis
1421 1238 1716 1280 conventus
1732 1231 1984 1282 concilim

410 1318 592 1371 bulum
633 1319 854 1387 provide
906 1334 967 1369 ac
1024 1318 1552 1383 sapienter.addidit
1589 1337 1599 1370 :
1635 1329 1692 1371 ut
1734 1321 1982 1373 videlicet

407 1410 587 1462 nullus
612 1410 1019 1470 monachorum,
1058 1409 1138 1462 vel
1172 1408 1399 1475 alicujus
1424 1410 1631 1464 altioris
1658 1413 1855 1481 gradus
1882 1414 1979 1476 vir,

406 1501 493 1553 vel
525 1502 795 1554 inferioris
824 1512 1029 1554 secreta
1054 1502 1543 1555 sanctimonialium
1578 1506 1749 1556 audax
1777 1506 1979 1574 ingredi

407 1590 685 1643 lustramlo
722 1601 1071 1658 pratsumeret
1101 1610 1112 1643 :
1143 1604 1195 1645 et
1225 1593 1298 1653 hi,
1331 1594 1421 1660 qui
1476 1595 1769 1662 spiritualis
1820 1599 1983 1665 impe-

406 1683 472 1736 rii
500 1685 823 1751 prioratum,
854 1686 919 1737 ad
951 1686 1248 1752 disciplina:
1285 1686 1571 1738 utilitatem
1595 1702 1700 1739 non
1724 1689 1789 1740 ad
1814 1704 1983 1740 steeu-

404 1773 540 1828 laris
588 1776 923 1844 tyrannidem
976 1786 1304 1844 potentatus,
1358 1792 1522 1845 soper
1571 1793 1665 1831 eas
1695 1789 1979 1840 exercent,

404 1865 480 1917 ita
517 1880 693 1926 suum,
726 1874 782 1917 ut
834 1866 1022 1918 beatus
1056 1866 1304 1917 hortatur
1336 1865 1591 1929 Isidorus,
1647 1878 1980 1920 secretorum
2018 1859 2058 1916 Β
2091 1882 2283 1949 mng
2303 1859 2646 1941 οι)ερ,.νξι,ηίη
2684 1859 2961 1945 Minime].
2988 1859 3252 1951 παςώᾖῇ

406 1964 708 2022 temperate
766 1954 1095 2019 praevideant
1142 1970 1442 2019 accessum,
1486 1966 1545 2008 nt
1592 1971 1778 2008 earum
1827 1973 1982 2026 regu-

404 2043 506 2096 lari
529 2045 887 2097 observautia:
915 2046 1137 2097 minime
1158 2048 1550 2099 contradicunt.

476 2133 531 2185 Id
561 2134 897 2186 solummodo
956 2135 1240 2187 catholicis
1312 2136 1541 2204 regulari
1596 2136 1725 2203 jugo
1787 2138 1983 2191 deditis

401 2224 790 2275 attendendum
817 2225 1145 2285 censuimus,
1172 2240 1239 2277 ne
1260 2241 1321 2277 ea
1346 2240 1463 2294 qua:
1492 2242 1584 2277 usu
1616 2226 1855 2288 Patrum,
1887 2243 1984 2294 pro

402 2328 553 2383 rege,
597 2329 660 2367 ac
706 2314 1160 2376 benefactorihus,
1193 2331 1418 2383 quorum
1464 2317 1744 2371 beueticiis
1770 2319 1984 2371 Christo

400 2403 664 2475 largiente
688 2405 982 2473 pascintur,
1008 2407 1410 2459 intercessionis
1439 2409 1681 2461 oratnina
1716 2420 1976 2463 consuete

398 2496 669 2556 canimus,
727 2494 889 2546 nimia
924 2494 1206 2547 velocitate
1259 2496 1564 2563 psalleudo,
1602 2499 1767 2552 Deum
1802 2501 1984 2566 potius

402 2586 473 2639 ad
500 2585 831 2639 iracundiam
862 2586 1281 2649 inconsiderate,
1310 2590 1449 2654 quod
1476 2590 1638 2648 absit,
1664 2599 1981 2658 provocent,

401 2692 562 2745 quam
591 2676 811 2743 provide
841 2677 905 2729 ad
948 2678 1320 2745 peccaminum
1364 2679 1574 2730 veniam
1622 2680 1869 2733 invitent.
1906 2680 1982 2733 lta

402 2765 571 2833 igitur
621 2766 868 2818 hortante
918 2764 1080 2818 Patre
1124 2774 1310 2819 nostro
1369 2765 1738 2830 Benedictino,
1799 2770 1981 2823 onmia

401 2856 657 2910 distincte
702 2855 981 2924 psallendo
1042 2856 1439 2917 moditiceutur,
1498 2866 1555 2909 ut
1609 2873 1762 2911 mens
1796 2870 1979 2912 nostra

400 2948 693 2999 concordet
736 2946 853 2999 voci
910 2956 1109 2999 nostra!
1140 2956 1193 2999 et
1241 2946 1527 3015 impleatur
1572 2947 1699 2999 illud
1730 2949 1984 3017 3p05llll-

400 3052 528 3090 cum
584 3055 595 3089 :
632 3036 865 3090 Psallam
896 3039 1105 3104 spiritu,
1154 3039 1377 3106 psallam
1422 3050 1466 3090 et
1491 3049 1679 3091 mente.
1714 3040 1768 3092 Si
1801 3052 1981 3094 autent

401 3140 504 3195 pro
565 3126 803 3196 qualibet
864 3128 1211 3189 necessitate,
1271 3129 1397 3196 quid
1435 3138 1585 3189 extra
1639 3144 1979 3183 communem

1564 392 1648 445 Di;
1694 395 2019 450 RECllllNE
2063 400 2562 461 MONACliOlllIll.

413 511 891 567 contirinavermtt,
934 519 991 558 sc
1019 505 1123 558 \ita
1154 506 1349 558 comite
1373 505 1499 573 jugo
1531 508 1726 575 regula:
1753 509 1981 572 deditos,
2014 520 2060 574 Α
2090 528 2239 577 cura,
2270 526 2322 570 et
2355 536 2674 591 magnopere
2700 529 2882 581 excoli.

3558 438 3659 494 478

2124 533 2239 577 ura,
2270 533 2322 570 et
2355 536 2674 591 magnopere
2700 533 2981 583 excellenti
3011 535 3211 605 jugitcr
3241 541 3354 595 sine
3394 544 3661 601 intermis-

2087 618 2235 658 suone
2284 612 2568 672 custodiat,
2625 631 2722 669 nec
2754 619 3091 689 episcopatus
3121 630 3405 683 occasione
3466 638 3660 702 regula:

2086 708 2348 764 prmcepta
2386 703 2636 765 tumidus,
2670 708 2749 759 vel
2782 709 3070 767 obliviosos
3095 724 3295 771 temere
3322 720 3657 785 intermittat.

2086 785 2176 836 sed
2200 798 2456 854 quantum
2479 796 2688 847 excellit
2728 798 2947 865 honore,
2986 813 3187 858 tantum
3216 818 3269 862 et
3296 824 3459 879 Opere
3494 830 3664 869 srecu-

2086 879 2275 933 larium
2308 899 2433 937 vero
2476 889 2789 955 prioratum,
2841 910 2906 948 ne
2954 898 3017 949 ad
3052 903 3224 969 magni
3258 905 3464 958 ruinam
3493 909 3660 962 detri-

2086 972 2272 1033 menti,
2312 976 2385 1026 uti
2438 976 2563 1029 olim
2604 980 2888 1043 acciderat,
2945 989 3327 1046 miserabiliter
3367 996 3658 1057 deveniret.

2086 1078 2278 1132 magna
2323 1067 2809 1137 animadversione,
2858 1086 3019 1144 atque
3072 1084 3416 1139 anathemate
3464 1091 3664 1157 suscipi

2086 1158 2344 1211 coenobiis
2390 1162 2560 1214 sacris
2603 1166 2875 1232 sapienter
2921 1173 3309 1239 prohibentes,
3358 1181 3499 1247 regis
3551 1190 3665 1234 tan-

2086 1250 2381 1314 tummodo,
2413 1261 2465 1303 et
2500 1255 2696 1322 regium
2736 1258 3031 1315 dominium
3067 1266 3132 1317 ad
3188 1270 3329 1321 sacri
3360 1269 3458 1323 loci
3494 1274 3668 1325 muni—

2087 1351 2225 1396 men,
2277 1347 2329 1391 et
2380 1341 2444 1391 ad
2484 1344 2859 1402 ecclesiastica:
2922 1356 3277 1419 possessionis
3322 1372 3666 1429 augmentum

2085 1438 2210 1479 voto
2239 1445 2450 1500 semper
2478 1434 2811 1505 efflagitante
2854 1444 3074 1510 Optabili
3106 1448 3521 1514 prudentissime
3553 1451 3670 1521 jus—

2086 1536 2242 1571 St‘l'llll
2256 1532 2289 1573 ι.

2155 1612 2231 1662 Ad
2267 1615 2407 1681 regis
2435 1632 2560 1667 vero
2604 1620 2943 1688 obsequium,
2980 1634 3031 1678 et
3074 1629 3289 1698 regium,
3334 1631 3522 1687 Patres
3556 1650 3669 1687 mo-

2085 1705 2441 1756 nasteriorum
2479 1706 2798 1778 Matrcsque,
2829 1716 3041 1780 quoties
3080 1721 3377 1787 expedierit
3418 1723 3482 1774 ad
3526 1726 3666 1778 sacri

2087 1794 2341 1855 curuobii,
2376 1797 2460 1848 cui
2502 1812 2755 1865 prmsuut,
2792 1804 3075 1858 utilitatem
3106 1825 3225 1861 cum
3261 1812 3349 1864 Dei
3383 1815 3591 1878 timore,
3615 1828 3671 1868 et

3297 1919 3307 1951 :
3355 1900 3670 1957 Potentibus

2088 1984 2213 2019 vero
2243 1987 2344 2023 non
2377 1988 2536 2026 causa
2578 1979 2918 2043 convivandi,
2947 1983 3038 2035 sed
3088 1999 3182 2051 pro
3224 1992 3533 2044 monasterii
3566 1995 3671 2045 uti-

2087 2058 2233 2111 litate
2263 2070 2423 2129 atque
2451 2066 2614 2118 etiam
2656 2068 2965 2126 defensione
3012 2078 3222 2142 quoties
3252 2082 3551 2147 expedierit
3576 2086 3671 2137 ob-

2086 2150 2305 2212 viandi,
2358 2152 2500 2206 intra
2553 2156 2759 2213 infrave
2812 2166 3195 2219 monasterium
3247 2168 3522 2223 licentiam
3567 2174 3665 2227 ha-

2085 2238 2266 2291 beant.

2157 2330 2460 2399 Equitantlo
2509 2344 2713 2398 autem,
2765 2339 2849 2391 vel
2893 2341 3099 2409 pedites
3149 2345 3250 2399 iter
3299 2349 3506 2416 agendo
3564 2365 3669 2405 non

2085 2421 2273 2473 otiosis
2306 2422 2500 2477 fabulis
2531 2437 2741 2491 vacent,
2774 2431 2865 2483 sed
2895 2432 2975 2485 vel
3007 2434 3318 2500 pmlmodiis
3350 2440 3670 2507 inserviant,

2088 2510 2166 2563 vel
2200 2511 2266 2564 de
2299 2528 2354 2566 re
2378 2518 2685 2569 necessaria
2710 2530 3015 2587 opportuno
3065 2533 3309 2595 tempore
3356 2528 3669 2597 loquantur.

2091 2598 2203 2654 lloc
2235 2604 2644 2660 considerantes
2672 2616 2727 2660 ut
2752 2609 2914 2663 horas
2941 2612 3213 2676 regulares
3236 2632 3339 2670 non
3360 2620 3670 2686 equitando,

2085 2692 2177 2743 sed
2213 2693 2277 2746 de
2322 2696 2477 2761 equis
2508 2696 2809 2753 desiliendo
2839 2702 3289 2770 genuflectentes,
3321 2709 3421 2762 nisi
3450 2711 3564 2763 dies
3596 2710 3675 2765 fe-

2086 2782 2223 2834 stiva
2255 2781 2436 2845 fuerit,
2492 2790 2878 2845 convenienter
2913 2801 2970 2844 ut
3000 2796 3275 2861 potuerint
3322 2813 3443 2851 cum
3491 2801 3677 2862 divina

2085 2876 2501 2941 compunctione
2543 2880 2866 2948 compleant.
2918 2881 3241 2939 ltinerantes
3286 2901 3415 2941 vero
3447 2904 3552 2942 non
3586 2889 3671 2956 ju-

2089 2964 2367 3025 veuculos,
2413 2969 2505 3019 sed
2552 2968 2785 3032 adultos,
2831 2986 3061 3038 quorum
3090 2974 3458 3032 admonitione
3488 2980 3670 3033 melio-

2087 3061 2290 3115 rentur,
2325 3068 2506 3107 secum
2556 3058 2606 3110 in
2652 3060 2910 3114 comitatu
2941 3062 3181 3128 ducant;
3209 3066 3352 3119 domi
3393 3082 3521 3123 vero
3570 3071 3669 3125 de-

2090 3148 2299 3207 gentes,
2337 3157 2443 3196 non
2476 3145 2646 3199 solum
2678 3148 2892 3213 fratres,
2924 3154 3016 3205 sed
3042 3154 3205 3205 etiam
3251 3155 3493 3221 abbates,
3542 3160 3674 3214 ado-

402 3217 664 3286 regnlaris
722 3218 1131 3272 consuetudinis
1186 3232 1339 3271 usum
1394 3220 1700 3273 addemlum
1757 3220 1918 3273 fuerit
1964 3204 2051 3273 :C
2086 3228 2369 3294 lescentes,
2418 3234 2502 3287 vel
2546 3236 2799 3302 puerulos
2841 3255 2946 3294 non
2998 3241 3237 3296 brachiis
3290 3204 3668 3314 ampleitando,

402 3311 586 3363 taudiu
640 3320 869 3379 agatur,
927 3310 1105 3377 quoad
1165 3326 1335 3380 usque
1383 3313 1679 3381 negotium,
1734 3327 1831 3379 pro
1876 3328 1981 3379 quo

400 3399 600 3467 agitur,
650 3399 851 3452 Christi
884 3401 1185 3467 epitulante
1238 3402 1411 3468 gratia
1466 3399 1797 3460 melioretur,
1846 3408 1983 3452 etut

397 3498 710 3558 co:;tentpto
741 3490 1067 3556 arrogantia:
1098 3488 1236 3541 fastu
1279 3490 1622 3557 gratissiums
1663 3491 1980 3545 ohedientia:

397 3581 714 3649 acquiratur
760 3580 987 3642 fructus,
1022 3588 1075 3632 et
1102 3580 1300 3647 gradus
1342 3580 1429 3632 ille
1469 3580 1749 3648 regularis,
1792 3581 1843 3632 ui
1873 3596 1979 3649 quo

396 3672 731 3741 prcecipitur,
758 3680 815 3723 ut
850 3670 981 3723 nihil
1012 3678 1137 3737 agat
1178 3670 1494 3730 monachus,
1527 3669 1629 3722 nisi
1659 3670 1800 3737 quod
1828 3684 1976 3723 com-

399 3762 582 3814 munis
612 3762 926 3814 monasterii
959 3759 1165 3827 regula,
1217 3759 1297 3812 vel
1332 3758 1593 3825 majorum
1626 3760 1979 3813 cohortantur

396 3852 665 3920 exempla,
714 3852 1124 3921 diligentissime
1174 3852 1511 3904 custodiatur
1560 3870 1573 3903 :
1634 3867 1976 3920 nequaquam

394 3940 625 3993 ulterius
657 3949 1085 4009 prmsutnptuose
1117 3954 1213 3992 usu
1253 3947 1499 3991 teneatur
1529 3942 1841 4002 temerario,
1870 3942 1976 3993 nisi

395 4033 634 4086 concilio
662 4031 905 4100 synodali
950 4031 1216 4093 electum,
1244 4032 1606 4099 traditumque
1630 4049 1751 4085 cum
1779 4034 1981 4087 discre-

396 4126 543 4179 tione
583 4124 842 4177 virtutum
873 4124 1114 4177 omnium
1178 4132 1352 4176 matre
1393 4123 1461 4174 ab
1504 4124 1769 4177 universis
1805 4123 1972 4178 fuerit

393 4215 697 4269 catholicis.

468 4304 698 4358 Prtefato
722 4305 970 4373 equidem
1002 4302 1244 4373 synodali
1277 4303 1633 4357 conciliabulo
1672 4304 1774 4357 hoc
1795 4314 1975 4358 atten-

392 4398 627 4451 dendum
653 4411 977 4465 magnopere
997 4396 1177 4449 cuncti
1204 4395 1582 4457 decreverunt,
1611 4406 1668 4448 ut
1696 4397 1970 4457 abbatum,

387 4489 783 4543 abbatissarum
812 4488 1005 4541 electio
1024 4501 1145 4540 cum
1176 4487 1317 4555 regis
1339 4502 1629 4549 consensu,
1658 4496 1711 4540 et
1741 4489 1967 4541 consilio

388 4588 594 4634 sanctae
650 4577 843 4647 regul:e
882 4586 1134 4644 ageretur
1182 4577 1507 4630 docmnento
1538 4617 1551 4638 ,
1600 4578 1973 4648 episcoporum

386 4681 604 4737 quoque
658 4666 868 4729 electio,
916 4666 991 4717 ttti
1035 4665 1331 4727 abbatum,
1384 4665 1691 4735 ubicunque
1743 4668 1794 4720 in
1848 4669 1974 4721 sede

384 4758 676 4827 episcopali
718 4756 967 4811 monachi
1007 4756 1283 4826 regulares
1314 4766 1728 4818 conversautur,
1778 4758 1819 4811 si
1873 4758 1975 4811 Do-

385 4852 519 4906 mini
560 4852 819 4921 largiente
846 4850 1013 4917 gratia
1042 4850 1173 4901 tanti
1205 4848 1480 4917 profectus
1511 4849 1638 4902 inibi
1676 4858 1971 4905 monachus

384 4943 614 5012 reperiri
661 4941 894 5009 potuerit
924 4940 1112 4992 eodem
1146 4941 1305 4993 modo
1336 4949 1544 5009 agatur,
1578 4955 1675 4993 nec
1701 4941 1807 4994 alio
1833 4956 1967 5007 qus-

380 5034 518 5088 libet
545 5034 704 5086 modo
732 5033 856 5084 dum
886 5031 1120 5099 ejusdem
1152 5040 1277 5084 sunt
1303 5032 1747 5097 cooversationis,
1776 5049 1803 5085 a
1831 5048 1965 5100 quo-

379 5139 549 5194 quam
600 5129 979 5189 pratsumatur.
1030 5119 1085 5173 Si
1125 5130 1303 5174 autem
1354 5121 1623 5188 imperitia
1674 5124 1967 5192 impedien-

379 5225 457 5275 te,
496 5212 577 5266 vel
606 5212 838 5281 peccatis
875 5212 1325 5278 promerentibus,
1362 5211 1507 5273 talis,
1536 5215 1626 5281 qui
1672 5217 1802 5271 tanti
1846 5230 1965 5283 gra-

373 5308 485 5360 dus
512 5305 715 5356 honore
741 5302 936 5372 dignus
982 5300 1073 5363 sit,
1120 5302 1170 5354 in
1203 5304 1389 5357 eodem
1431 5310 1848 5376 congregatione
1882 5321 1963 5360 re-

368 5398 547 5452 neriri
590 5412 690 5449 non
716 5394 974 5452 potuerit.
1022 5409 1086 5448 ex
1128 5395 1233 5451 alio
1276 5406 1403 5452 noto
1430 5403 1819 5452 monachorum
1852 5414 1961 5451 mo-

2002 4546 2051 4604 D

2082 3321 2165 3372 vel
2198 3321 2360 3377 labris
2392 3323 2585 3379 leniter
2617 3327 2998 3396 deosculaudo,
3026 3334 3120 3387 sed
3152 3335 3477 3393 charitativo
3503 3340 3671 3395 animi

2081 3410 2274 3465 affectu
2307 3415 2423 3468 sine
2449 3420 2629 3473 verbis
2658 3421 2975 3478 adulatoriis
3024 3438 3337 3481 reverenter
3375 3446 3496 3484 eum
3550 3448 3669 3486 ma-

2081 3516 2183 3567 gna
2210 3503 2417 3555 cautela
2443 3506 2692 3576 diligant.
2720 3509 2830 3564 Nec
2852 3513 3171 3583 obsequium
3197 3519 3465 3586 privatum
3489 3537 3672 3590 quem-

2082 3591 2227 3658 piam
2260 3592 2498 3657 illorum,
2532 3614 2631 3651 nec
2654 3599 2871 3664 saltem,
2897 3604 2996 3657 sub
3017 3606 3311 3674 spiritualis
3340 3611 3417 3662 rei
3448 3610 3671 3665 obtenttt

2081 3682 2251 3734 solum
2295 3684 2563 3741 deducere
2606 3702 2968 3757 przesumant;
3004 3696 3096 3749 sed
3133 3698 3208 3749 uti
3258 3699 3436 3768 regula
3481 3704 3674 3768 prmci-

2079 3773 2172 3839 pit,
2206 3774 2304 3827 sub
2349 3777 2427 3828 sui
2456 3781 2694 3834 custodis
2740 3783 3013 3851 vigilantia
3049 3784 3251 3857 jugiter
3279 3800 3513 3856 maneat,
3562 3807 3663 3847 nec

2080 3862 2194 3930 ipse
2220 3872 2405 3919 custos
2432 3882 2553 3919 cmn
2602 3869 2816 3939 singulo
2864 3873 3044 3941 aliquo
3083 3876 3303 3944 puerulo
3330 3878 3451 3931 sine
3486 3882 3671 3945 tertio,

2080 3952 2171 4017 qui
2222 3954 2378 4005 testis
2424 3955 2666 4014 assistat.
2721 3959 2987 4027 migrandi
3021 3962 3291 4017 licentiam
3321 3965 3533 4031 habeat,
3573 3969 3669 4021 sed

2079 4055 2175 4106 pro
2210 4056 2358 4095 more
2393 4043 2552 4096 solito
2579 4061 2702 4099 cum
2748 4057 2857 4100 tota
2887 4051 3092 4114 schola,
3120 4052 3163 4105 si
3205 4068 3291 4107 res
3324 4056 3663 4110 rationabilis

2080 4131 2153 4183 ita
2178 4134 2432 4200 exegerit,
2467 4150 2572 4202 quo
2600 4152 2824 4192 necesse
2857 4150 2963 4205 est,
3002 4143 3100 4196 sub
3145 4143 3384 4208 silentio,
3413 4146 3495 4199 vel
3523 4150 3667 4215 psal-

2080 4223 2274 4277 modiis
2307 4224 2649 4281 inservieudo
2674 4244 2797 4282 cum
2828 4232 3205 4288 benedictione
3228 4243 3335 4289 eat.

2152 4315 2409 4369 Villarum
2452 4328 2631 4372 autem
2661 4322 2943 4385 circuitus,
2991 4324 3093 4377 nisi
3127 4326 3469 4383 necessitatis
3495 4345 3660 4385 causa

2078 4422 2269 4475 magna
2298 4410 2641 4476 compulerit,
2684 4421 2738 4465 et
2769 4414 3091 4469 necessaria:
3146 4419 3373 4473 rationis
3407 4421 3666 4477 discretio

2078 4498 2179 4552 hoc
2228 4500 2531 4563 dictaverit,
2590 4504 2832 4572 vagando
2883 4520 3224 4575 nequaquam
3282 4509 3656 4581 frequentem.

2081 4587 2431 4643 Smcularium
2457 4607 2586 4645 vero
2621 4594 2867 4647 convivia
2893 4596 2997 4649 nisi
3025 4596 3164 4651 forte
3189 4598 3399 4655 itineris
3423 4602 3664 4671 hostiita-

2080 4677 2205 4731 litas
2236 4679 2516 4749 inopinate
2544 4686 2933 4751 supervenerit,
2962 4686 3107 4741 nullo
3131 4690 3287 4743 modo
3318 4705 3450 4745 ausu
3494 4702 3663 4747 teme-

2077 4768 2224 4821 rario
2252 4784 2350 4823 nec
2372 4772 2601 4838 praelati,
2628 4789 2730 4828 nec
2756 4774 2984 4843 subjecti
3008 4777 3159 4831 adire
3184 4791 3535 4848 prmsumaut.
3572 4781 3663 4835 Li-

2076 4860 2243 4913 citum
2277 4876 2397 4916 cum
2424 4864 2686 4932 pondere,
2711 4881 2986 4931 mensura,
3014 4878 3069 4924 et
3101 4886 3350 4935 numero,
3384 4875 3663 4937 vestitum,

2069 4951 2354 5019 jrjunium,
2379 4954 3042 5023 abstinentiam,vigiliam
3070 4962 3518 5028 taciturnitatem,
3541 4964 3665 5017 obe-

2070 5040 2281 5095 dientiae
2360 5042 2595 5107 bonum,
2667 5056 2721 5105 et
2766 5054 2959 5100 ctetera
3004 5062 3230 5117 qumque
3282 5064 3402 5118 qum
3451 5052 3663 5120 patroni

2069 5131 2239 5184 nostri
2272 5131 2547 5189 Benedicti
2600 5137 2896 5199 traditione
2947 5137 3248 5192 voluntarie
3318 5140 3659 5207 suscepimus

2069 5221 2281 5279 Domini
2334 5224 2503 5280 nostri
2555 5224 2706 5295 Jegu
2760 5227 2956 5285 Christi
3010 5237 3295 5290 annuente,
3356 5231 3527 5296 gratia
3586 5239 3671 5281 to-

2065 5314 2136 5369 tis
2182 5314 2395 5372 viribus
2442 5328 2877 5392 custodientes,
2921 5318 2986 5371 de
3030 5319 3297 5375 consuetis
3341 5330 3540 5373 sanetae
3587 5332 3675 5370 re-

2072 5406 2208 5452 anlm
2255 5409 2501 5452 mni-ilius
2569 5422 2642 5452 ί..
2688 5445 2718 5452 ν-
2786 5430 2812 5452 σι
2870 5408 3124 5452 nrmdintn
3150 5412 3305 5452 Dnlrn
3345 5408 3670 5452 Rmmdietn-
