4516 5500
851 472 954 526 £79

1899 467 1955 519 S.
1999 465 2343 521 DUNSTANI
2383 462 2698 518 ARClllEP.
2740 462 3085 518 CAN'fUAR.

4002 458 4104 513 £80

849 592 1109 653 quantum
1153 581 1296 636 vires
1340 588 1645 650 suppetent,
1688 588 1743 633 et
1780 578 2013 647 Spiritus
2050 580 2217 633 sancti
2251 578 2419 649 gratia
2452 582 2495 639 Α
2526 576 2607 644 gis
2656 577 2816 628 corde
2855 591 3012 643 quam
3055 589 3169 637 ore,
3223 574 3296 627 ita
3335 581 3392 627 ut
3434 573 3573 627 illius
3603 588 3701 627 vox
3729 584 3823 641 per
3852 587 4101 640 magnam

848 671 1166 726 instruxerit
1208 670 1274 724 ad
1318 670 1640 723 charitatem
1683 668 1938 722 fraterna:
1980 668 2201 721 unitatis
2242 676 2421 721 custo-

846 762 993 817 diam
1016 760 1303 815 scribendo
1329 758 1705 821 dilucidemus,
1733 766 1793 810 ut
1820 758 1887 810 ab
1917 758 2033 824 ipso
2061 766 2275 811 aeternae
2300 757 2421 810 vita:

847 852 1338 909 remunerationem
1367 890 1380 914 ,
1432 859 1623 904 cuncta
1665 850 2026 911 concorditer,
2073 857 2129 903 et
2178 849 2418 913 gratula-

845 942 1027 997 bunde
1064 948 1471 1004 conservantes,
1521 940 1865 1008 recipiamus,
1910 941 2003 1007 qui
2051 938 2181 993 faett
2226 940 2419 993 unani-

846 1044 983 1094 mes,
1026 1030 1079 1083 id
1119 1038 1220 1091 est,
1249 1029 1409 1083 unius
1436 1028 1602 1081 moris
1632 1028 1876 1081 habitare
1921 1028 1973 1081 in
2016 1029 2196 1092 domo,
2227 1029 2313 1081 ubi
2339 1039 2421 1083 est

846 1134 940 1173 rex
967 1120 1214 1173 Christus
1244 1119 1499 1172 Dominus
1529 1118 1753 1187 virginis
1780 1117 1941 1182 tilius,
1974 1119 2063 1186 qui
2088 1134 2209 1171 cum
2238 1117 2417 1183 Patre,

844 1219 898 1264 et
941 1208 1146 1279 Spiritu
1188 1221 1375 1265 sancto
1421 1211 1571 1273 vivit,
1620 1219 1675 1264 et
1714 1219 1905 1278 regnat
1944 1210 2083 1265 Deus
2128 1210 2183 1262 in
2224 1209 2419 1263 saecula

843 1300 1184 1356 saeculorum.
1234 1301 1426 1354 Amen.

1262 1409 1603 1465 INCIPIUNT
1640 1409 1998 1465 CAPITULA.

881 1521 933 1574 1.
974 1520 1216 1588 Qualiter
1248 1522 1477 1586 diurnis,
1522 1522 1632 1575 sive
1676 1522 1953 1574 nocturnis
1980 1520 2127 1574 horis
2165 1522 2420 1590 regularis

1053 1606 1171 1644 mos
1199 1608 1227 1644 a
1257 1592 1535 1645 monachis
1572 1608 1669 1659 per
1698 1592 1824 1643 anni
1853 1591 2113 1644 circulum
2140 1592 2419 1646 observari

1054 1662 1361 1713 Conveniat.

878 1728 932 1781 ἐ.
974 1728 1216 1794 Qualiter
1254 1731 1384 1781 ordo
1425 1729 1745 1797 hymnorum
1789 1737 2028 1796 tempore
2069 1729 2285 1782 hiemali
2326 1745 2423 1783 cu-

1052 1799 1338 1859 sxotliatur,
1377 1810 1428 1851 et
1469 1809 1660 1850 czctcra
1702 1815 1820 1866 qum
1862 1799 2181 1867 regulariter
2214 1800 2418 1868 agenda

1054 1878 1201 1929 sunt,
1243 1867 1473 1935 qualiter
1507 1875 1755 1933 agantur.

2522 666 2685 719 animi
2710 666 3193 735 compunctionem,
3240 675 3293 718 et
3340 665 3707 733 peccaminum
3750 678 3969 717 suorum
4022 679 4104 716 rc-

2521 756 2881 809 cordationem
2928 771 3085 810 aures
3128 755 3494 809 misericordis
3537 754 3765 817 Domini,
3812 753 4109 807 efﬁcaciter

2520 856 2778 915 penetret,
2810 863 2872 901 ac
2901 848 3163 901 scelerum
3188 848 3448 915 omnium,
3468 847 3665 902 Christi
3690 856 3959 901 annuente
3987 860 4105 914 gra-

2522 937 2613 1001 tia,
2640 939 2848 992 veniam
2874 939 3130 992 obtineat.

2588 1028 2644 1081 ln
2686 1031 2858 1097 prima
2902 1030 3082 1098 itaque
3123 1030 3394 1093 oratione,
3446 1030 3694 1083 decantet
3742 1037 3850 1082 tres
3900 1029 4102 1097 primos

2519 1121 2849 1187 paenitentiae
2875 1120 3126 1190 psalmos,
3169 1136 3289 1174 cum
3317 1120 3561 1175 oratione
3607 1120 3904 1179 Dominica,
3937 1120 4012 1171 uti
4047 1120 4101 1171 111

2520 1210 2887 1277 sequentibus,
2917 1226 3014 1279 pro
3051 1210 3227 1278 seipso
3256 1210 3486 1279 primum
3530 1209 3936 1271 intercedendo;
3981 1218 4104 1276 post

2520 1297 2618 1351 hos
2642 1300 2941 1353 orationem
2974 1300 3129 1353 istam
3166 1316 3179 1353 :
3225 1318 3242 1351 1
3273 1299 3487 1354 Gratias
3524 1299 3615 1351 tibi
3646 1314 3745 1369 ago
3766 1299 4104 1365 onmipotens

2523 1386 2701 1451 Pater,
2732 1389 2820 1457 qui
2861 1404 2945 1443 me
2976 1390 3230 1459 dignatus
3259 1405 3317 1443 es
3358 1390 3410 1442 in
3457 1390 3557 1443 hac
3588 1399 3743 1442 nocte
3784 1389 4051 1444 custodire
4086 1407 4099 1441 :

2520 1480 2783 1550 deprecor
2825 1482 3164 1537 clementiam
3207 1492 3375 1547 tnam,
3424 1482 3731 1536 misericors
3765 1481 4003 1544 Domine,
4044 1491 4107 1535 ut

2519 1574 2779 1627 concedat
2826 1575 2955 1627 mihi
3009 1575 3151 1628 diem
3209 1584 3517 1638 venturum,
3568 1574 3645 1628 sic
3688 1574 3740 1627 in
3784 1584 3873 1627 11111
3917 1581 4107 1627 sancto

2519 1663 2739 1717 servitio
2771 1678 3046 1733 peragere,
3073 1680 3193 1719 cum
3226 1666 3547 1728 lmmilitate,
3574 1674 3629 1717 et
3652 1666 3971 1719 discretione
4006 1665 4105 1718 tibi

2519 1753 2849 1820 complaceat
2877 1754 3108 1807 servitus
3137 1763 3342 1807 nostra.
3388 1753 3489 1806 Per
3528 1753 3832 1814 Dominum,
3867 1770 3885 1803 1
3925 1762 4030 1806 etc.

2588 1844 2715 1898 lude.
2756 1846 3023 1899 veniatad
3054 1845 3342 1899 secundani
3388 1845 3708 1907 orationem,
3740 1844 3827 1896 ubi
3868 1858 4105 1912 sequen-

875 1936 930 1988 3.
972 1922 1214 2000 Qualiter
1256 1922 1433 2004 vigilia
1480 1922 1673 1987 naialis
1718 1936 1962 1997 Domini,
2015 1944 2069 1988 et
2113 1936 2179 1987 ab
2228 1936 2413 1988 eadem
2447 1922 2493 1981 Β
2524 1942 2603 1988 les
2636 1934 2771 1987 duos
2796 1935 2937 1988 dicat
2962 1935 3195 2003 psalmos
3224 1952 3319 2003 pro
3348 1950 3473 2003 rege
3512 1944 3565 1987 et
3594 1935 3803 2003 regina,
3834 1943 3993 2002 atque
4021 1932 4101 1986 fa-

1052 2006 1391 2086 solemnitate
1414 2020 1583 2072 usque
1608 2005 1658 2056 in
1683 2005 2149 2073 Septuagesimam
2176 2006 2259 2073 agi
2285 2022 2413 2058 cott-

1052 2084 1252 2127 veniat.

916 2180 929 2193 .
968 2141 1068 2208 Qui
1116 2142 1374 2211 regularis
1401 2141 1534 2193 ordo
1575 2156 1603 2193 a
1650 2141 2091 2209 Septuagesima,
2134 2150 2242 2195 tota
2272 2142 2415 2207 Qua-

1050 2213 1349 2280 dragcsima
1392 2211 1743 2263 custodiatur.

916 2319 930 2333 .
973 2279 1213 2346 Qualiter
1257 2282 1487 2340 diurna,
1543 2280 1657 2334 sive
1710 2289 1974 2334 nocturna
2017 2280 2134 2333 laus
2174 2280 2415 2348 paschali

1052 2348 1341 2401 festivitate
1380 2357 1590 2418 agatur.

874 2142 909 2195 4

876 2280 910 2333 5

875 2417 933 2472 6.
971 2417 1213 2485 Qualiter
1248 2417 1484 2471 Sabba’to
1529 2426 1842 2471 octavarum
1885 2418 2109 2472 Pascha:
2134 2457 2148 2481 ,
2199 2425 2418 2487 totoque

1051 2488 1254 2541 1115111115
1284 2498 1524 2554 tempore
1556 2498 1769 2554 agatur.

876 2556 928 2608 7.
972 2556 1216 2677 Qualiter
1243 2557 1410 2610 frater
1431 2557 1523 2624 qui
1550 2556 1704 2609 Circa
1730 2564 1955 2611 vocatur
1987 2572 2143 2611 suum
2180 2555 2413 2610 ollicium

1050 2642 1158 2677 uno
1181 2636 1287 2677 eat.

1050 2628 1287 2694 impleat.

873 2694 925 2749 8.
966 2693 1209 2763 Qualiter
1231 2694 1496 2759 diurnale,
1524 2695 1639 2748 sive
1662 2694 1977 2749 nocturnale
2012 2693 2245 2750 ofﬁcium
2282 2695 2412 2749 heb-

818 2770 828 2773 ’
1050 2765 1278 2818 domada
1310 2764 1655 2819 Pentecostes
1684 2774 1896 2819 agatur.

872 2833 925 2903 9.
967 2833 1209 2901 Qualiter
1226 2843 1467 2903 quatuor
1494 2833 1822 2901 temporibus
1849 2842 2059 2903 agatur.

836 2902 925 2956 10.
965 2904 1209 2969 Qualiter
1256 2902 1569 2956 mandatum
1616 2902 1944 2971 quotidianis
1994 2903 2181 2957 diebus
2229 2918 2258 2955 a
2301 2903 2411 2956 fra-

1051 2972 1221 3041 tribus
1259 2972 1578 3025 exhibeatur
1616 2975 1961 3041 pauperibus,
2000 2983 2053 3026 et
2084 2989 2190 3041 quo
2228 2974 2415 3027 ordine

1042 3040 1224 3112 abbas
1238 3056 1365 3112 erga
1384 3040 1707 3112 peregrinos
1728 3040 1880 3112 agat.

835 3110 923 3165 11.
962 3110 1081 3176 Quo
1131 3111 1321 3163 ordine
1377 3110 1615 3164 Sabhato
1669 3110 1865 3166 fratres
1917 3112 2208 3165 munditias
2257 3128 2413 3167 exer-

1046 3188 1205 3301 ceiant
1228 3195 1455 3248 quaeque
1493 3178 1665 3234 ofﬁcia
1706 3182 1776 3235 ob
1812 3182 2004 3235 anima:
2040 3182 2264 3236 salutem
2294 3198 2413 3251 per-

1046 3264 1105 3301 SO
1133 3260 1279 3301 vant.

1046 3260 1279 3302 501111111.

833 3317 921 3371 12.
962 3317 1243 3383 Quomodo
1276 3318 1420 3389 circa
1444 3326 1702 3389 aegrotum
1729 3316 1952 3373 fratrem
1980 3328 2195 3387 agatur,
2240 3321 2414 3389 quali-

1045 3397 1234 3455 terque
1264 3386 1575 3440 defunctUm
1617 3388 1779 3440 humo
1812 3386 2100 3441 conveniat
2130 3386 2303 3444 reddi.

828 3496 1022 3564 Incipit
1056 3497 1217 3558 Ordo,
1246 3497 1472 3567 qualiter
1501 3498 1728 3561 diurnis,
1768 3499 1870 3551 sive
1902 3499 2129 3551 nocturis
2160 3500 2303 3552 horis
2338 3516 2417 3553 re-

897 3568 1097 3647 gularis
1129 3566 1271 3647 mosi
1301 3585 1333 3619 α
1362 3567 1627 3620 monac/tis
1651 3584 1745 3637 per
1790 3569 1913 3621 anni
1955 3566 2211 3620 circulum
2239 3570 2415 3622 obser-

900 3646 1015 3690 vari
1060 3646 1349 3689 conveniat.

900 3728 945 3782 A
976 3726 1234 3782 Kalendis
1265 3730 1407 3783 enim
1440 3729 1693 3785 Octobris
1717 3771 1731 3795 ,
1785 3732 2157 3801 religiosorum
2205 3751 2417 3790 morum

828 3816 1041 3873 Domini
1064 3820 1362 3889 opitulante
1383 3822 1577 3890 gratia,
1602 3824 1880 3895 exordium
1907 3826 2202 3890 sumendo;
2236 3827 2417 3880 omnia

828 3921 949 3974 quae
980 3922 1078 3960 usu
1110 3908 1364 3977 regulari,
1396 3920 1449 3964 et
1470 3920 1779 3965 sanctorum
1826 3912 2047 3967 Patrum
2091 3915 2415 3981 imitatione,

827 4000 1128 4069 spiritualia
1183 4003 1297 4056 sive
1348 4004 1689 4072 corporalia,
1754 4006 1939 4059 humili
1995 4022 2058 4061 ac
2114 4011 2418 4064 necessario

826 4091 1033 4159 agemla
1066 4100 1191 4145 sunt
1215 4092 1408 4153 officio,
1442 4110 1562 4147 cum
1596 4096 1972 4151 benedictione
1999 4098 2342 4153 inchoentur.

897 4177 995 4231 Hic
1028 4180 1187 4248 igitur
1211 4182 1428 4235 maximi
1459 4184 1772 4239 muniminis
1805 4201 1920 4239 mos
1956 4189 2413 4254 pernecessarius,

824 4276 935 4323 tam
975 4271 1029 4323 in
1084 4272 1305 4326 modicis
1359 4274 1544 4334 rebus,
1598 4290 1759 4342 quam
1809 4278 2048 4346 magnis,
2104 4278 2335 4345 legitime
2386 4296 2415 4333 a

824 4361 1056 4423 cunctis,
1082 4362 1212 4432 jugo
1238 4364 1432 4432 regulae
1461 4365 1676 4429 deditis,
1709 4366 1824 4435 jugi
1864 4378 2107 4423 teneatur
2150 4372 2411 4435 custodia,

823 4448 1036 4501 etiamsi
1065 4450 1256 4518 singuli
1288 4452 1559 4519 quippiam
1601 4454 1969 4509 inchoaverint
2009 4458 2227 4511 minime
2252 4459 2414 4513 inter-

824 4539 1070 4592 mittatur
1099 4557 1113 4593 :
1149 4541 1280 4593 nihil
1314 4542 1495 4610 procul
1524 4543 1683 4596 dubio
1712 4545 1923 4597 firmum
1967 4546 2264 4602 validumve
2294 4564 2411 4616 per-

825 4628 1065 4682 manebit
1110 4630 1250 4697 quod
1295 4631 1474 4684 cuncti
1503 4634 1757 4694 creantis,
1789 4650 1852 4687 ac
1877 4634 2021 4701 justo
2049 4636 2413 4691 moderamine

824 4719 1193 4788 gubernantis,
1240 4720 1437 4775 Christi
1490 4722 1864 4779 benedictione
1913 4726 2141 4788 carebit,
2192 4728 2417 4797 ideoque

824 4810 970 4862 omni
1004 4820 1241 4878 tempore
1266 4815 1540 4866 nocturnis
1563 4814 1731 4877 horis,
1763 4830 1883 4867 cum
1920 4816 1985 4869 ad
2013 4833 2148 4886 opus
2178 4817 2415 4872 divinum

824 4898 892 4952 de
939 4898 1134 4955 lectulo
1182 4903 1481 4955 surrexerit
1520 4902 1728 4966 frater,
1774 4905 2003 4973 primum
2049 4905 2150 4959 sibi
2205 4907 2416 4975 signum

821 4991 1002 5045 crucis
1032 4991 1299 5061 imprimat
1337 5006 1429 5063 per
1460 5004 1658 5049 sanctae
1687 4994 1969 5050 Trinitatis
1997 4997 2415 5052 invocationem.

821 5080 1026 5135 Deinde
1066 5084 1211 5137 dicat
1253 5100 1461 5138 versum
1494 5103 1506 5138 :
1546 5086 1786 5151 Domine,
1840 5088 1978 5142 labia
2027 5106 2139 5142 mea
2180 5092 2414 5159 aperias;

824 5170 1019 5227 dehinc
1056 5174 1318 5241 psalmum
1354 5196 1366 5230 :
1403 5178 1540 5230 Dens
1571 5220 1584 5243 ,
1638 5180 1692 5231 in
1740 5181 2065 5248 adjutorinm
2114 5198 2281 5235 meum
2328 5184 2413 5235 in—

822 5266 992 5327 tende,
1029 5275 1200 5320 lotum
1247 5284 1366 5321 cum
1410 5269 1597 5338 gloria.
1642 5272 1791 5325 Tunc
1832 5274 2111 5340 provideat
2150 5274 2249 5327 sibi
2297 5291 2415 5327 cor-

824 5371 1039 5424 poream
1074 5370 1279 5413 natura:
1310 5363 1711 5423 necessitatem.
1738 5365 1781 5417 si
1809 5364 1917 5432 ipsa
1945 5364 2073 5417 hora
2098 5364 2410 5432 indigucrit,

822 5455 879 5498 ct
905 5446 984 5500 Sic
1011 5449 1076 5500 ad
1102 5450 1395 5500 oratorium
1437 5450 1743 5500 festinando
1780 5452 1972 5500 nsallat
2000 5452 2260 5500 nsalmnm
2293 5471 2304 5500 :
2335 5453 2413 5500 Ad

2441 3252 2485 3312 C

2444 4592 2489 4648 D

2519 2022 2839 2087 miliaribus,
2870 2037 2990 2075 cum
3013 2024 3256 2076 oratione
3286 2041 3299 2075 :
3341 2042 3359 2073 1
3391 2025 3530 2077 Deus
3551 2024 3640 2091 qui
3665 2024 3944 2077 cbaritatis
3966 2024 4107 2077 dona

2517 2127 2614 2179 per
2638 2112 2863 2181 gratiam
2896 2114 3066 2167 sancti
3111 2112 3365 2180 Spiritus,
3409 2123 3623 2166 tuorum
3667 2114 3921 2167 cordibus
3969 2113 4107 2167 fide-

2519 2203 2669 2264 lium,
2715 2201 2984 2265 infttdisti;
3035 2202 3099 2254 (la
3146 2200 3359 2253 famulis
3398 2202 3521 2262 tuis,
3550 2211 3602 2254 et
3634 2200 3934 2255 famulabus
3976 2202 4107 2265 tuis,

2519 2308 2615 2360 pro
2653 2291 2849 2359 quibus
2895 2300 3037 2343 tuam
3085 2292 3435 2359 deprecamur
3474 2291 3835 2353 clementiam,
3882 2291 4107 2345 salutem

2519 2380 2735 2442 mentis,
2758 2388 2812 2433 et
2837 2379 3095 2448 corporis,
3123 2388 3179 2432 ut
3202 2388 3253 2432 te
3283 2388 3392 2432 tota
3414 2377 3613 2430 virtute
3635 2377 3876 2447 diligant,
3906 2386 3960 2431 et
3987 2393 4111 2445 qua:

2520 2468 2613 2521 tibi
2660 2468 2851 2536 placita
2882 2478 3025 2531 sunt,
3060 2478 3165 2521 tota
3196 2468 3478 2522 dilectione
3506 2468 3810 2537 perficiant.
3857 2468 3959 2523 Per
3997 2468 4110 2523 Do-

2520 2558 2724 2611 11111111111
2762 2569 3028 2621 nostrum,
3058 2577 3077 2609 1
3112 2567 3217 2612 etc.

2593 2647 2720 2700 Inde
2768 2647 2833 2699 ad
2884 2648 3094 2700 tertiam
3134 2648 3433 2701 orationem
3480 2649 3717 2711 veniens,
3760 2648 3894 2703 duos
3921 2658 4105 2719 poste—

2519 2737 2692 2790 riores
2722 2735 2955 2804 psalmos
2984 2751 3079 2803 pro
3109 2735 3355 2791 fidelibus
3385 2736 3650 2791 defunctis
3674 2738 3952 2802 decantet,
3982 2753 4107 2792 cum

2518 2823 2763 2877 oratione
2794 2839 2807 2875 :
2847 2840 2865 2872 1
2896 2822 3192 2887 lnveniant,
3224 2838 3532 2890 qumsumus
3556 2863 3571 2887 ,
3616 2824 3867 2889 Domine,
3911 2825 4105 2880 anima:

2519 2910 2841 2963 famulorum
2872 2909 3299 2978 famularumque
3330 2920 3538 2964 tuarqu
3562 2911 3695 2966 lucis
3723 2921 3939 2965 aeterna:
3972 2928 4107 2966 con-

2518 2999 2770 3062 sortium,
2801 3000 2891 3066 qui
2915 2999 2966 3051 in
2996 2999 3096 3052 hac
3125 2998 3239 3051 luce
3265 3000 3423 3067 positi
3464 3008 3611 3054 tuum
3657 3003 3932 3056 consecuti
3977 3013 4110 3057 sunt

2519 3098 2936 3143 sacramentum.
2984 3087 3087 3141 Per
3132 3088 3435 3153 Dominum,
3467 3107 3486 3141 1
3532 3098 3637 3143 etc.
3685 3091 3751 3144 Et
3792 3091 3963 3145 donec
3990 3093 4114 3161 qui-

2518 3179 2636 3232 dem
2670 3178 2822 3246 pueri
2866 3179 3137 3231 introeant
3182 3177 3488 3243 ecclesiam,
3546 3195 3707 3233 unum
3755 3182 4109 3235 continuatim

2521 3271 2764 3339 pulsetur
2803 3269 3244 3333 tintinnabulum,
3273 3269 3371 3338 ipsi
3400 3285 3614 3340 quoque
3652 3272 3803 3339 pueri
3856 3272 4110 3342 ingrcssi,

2522 3369 2580 3414 ut
2611 3361 2893 3414 Trinitatis
2934 3363 3231 3415 reverentia
3278 3362 3345 3417 ab
3372 3364 3621 3419 omnibus
3649 3364 3885 3436 legitime
3930 3374 4110 3421 tenea-

2520 3462 2626 3515 tur,
2656 3452 2795 3505 trina
2820 3461 3037 3505 utantur
3058 3455 3321 3507 oratione.

2590 3543 2783 3597 Finitis
2816 3558 2945 3596 vero
2971 3544 3127 3596 trinis
3148 3545 3484 3600 orationibus
3506 3561 3535 3599 a
3556 3546 3756 3615 pueris,
3782 3556 4001 3601 sonetur
4023 3562 4110 3602 511-

2518 3633 2753 3689 cundum
2778 3632 3008 3701 signum,
3036 3634 3395 3689 residentibus
3416 3638 3625 3696 cunctis
3647 3636 3863 3691 sedibus
3882 3639 3993 3691 suis
4014 3653 4110 3692 or-

2518 3722 2765 3787 dinatim,
2806 3734 2966 3792 atque
3004 3724 3324 3779 canentibus
3362 3726 3666 3794 quindecim
3706 3727 3941 3795 psalmos
3981 3744 4111 3798 gra-

2519 3816 2702 3879 dttum,
2725 3817 3053 3885 singillatim,
3078 3819 3213 3871 trina
3238 3818 3547 3885 partitione,
3565 3818 3643 3871 uti
3660 3820 3967 3888 superiores
3983 3835 4109 3889 sep-

2520 3915 2626 3960 tem
2650 3907 2837 3961 flecten
2848 3917 2926 3962 tes
2942 3925 3109 3977 genua
3127 3917 3245 3978 post
3282 3908 3519 3977 quinque
3547 3910 3782 3979 psalmos
3798 3910 3939 3965 facto
3953 3912 4111 3981 signo

2519 4010 2547 4047 a
2563 3996 2761 4062 priore.
2782 3995 2979 4049 lterum
2996 4004 3175 4049 autem
3196 3994 3417 4065 pulsatis
3434 3996 3654 4065 reliquis
3667 3998 3857 4068 signis,
3870 4008 4029 4067 atque
4045 3999 4113 4052 ﬁ-

2518 4087 2647 4140 nitis
2663 4088 2862 4141 eisdem
2880 4088 3096 4157 psalmis
3112 4088 3365 4155 incipiant
3383 4086 3552 4142 Noctu
3562 4105 3733 4143 rnam.
3758 4089 3996 4143 Peractis
4010 4105 4113 4143 no-

2518 4179 2745 4242 cturnis,
2764 4166 2945 4232 dicant
2963 4180 3095 4232 duos
3109 4178 3371 4247 psalmos:
3394 4179 3633 4244 Domine,
3651 4181 3778 4234 nein
3796 4180 3971 4248 furore
3984 4191 4111 4243 tuo;

2516 4280 2570 4323 et
2590 4291 2601 4323 :
2620 4269 2887 4321 Exaudiat
2903 4280 2969 4332 te,
2992 4270 3147 4332 Deus,
3167 4285 3330 4322 unum
3348 4270 3593 4324 videlicet
3606 4286 3703 4338 pro
3719 4286 3840 4341 rege
3855 4269 4108 4339 speciali-

2519 4370 2619 4421 ter,
2644 4359 2870 4412 alterum
2901 4374 3026 4411 vero
3056 4373 3151 4426 pro
3190 4373 3312 4426 rege
3345 4370 3399 4411 et
3427 4360 3632 4428 regina,
3664 4374 3725 4412 ac
3756 4360 4111 4413 familiaribus

2514 4462 2635 4499 cum
2663 4448 2746 4499 his
2776 4448 3013 4501 collectis
3046 4466 3058 4499 :
3097 4466 3113 4496 1
3144 4447 3461 4512 011111511111115
3488 4448 3826 4519 omnipotens
3853 4447 4011 4513 Deus,
4048 4459 4113 4503 ut

2515 4528 2747 4590 Ι’11111111115
2778 4547 2899 4588 111115
2930 4550 3022 4589 rex
3055 4534 3463 4606 noster,N.,qui
3496 4546 3581 4589 tua
3605 4537 3949 4593 miseratione
3983 4555 4109 4594 sus-

2525 4628 2669 4695 cepit
2714 4627 2860 4695 regni
2905 4627 3260 4695 gnbernacula
3290 4668 3303 4690 ,
3355 4630 3609 4682 virtutum
3658 4631 3819 4684 etiam
3865 4634 4110 4686 omnium

2521 4716 2784 4787 percipiat
2835 4715 3184 4778 incrementa,
3231 4716 3426 4784 quibus
3469 4716 3724 4771 decenter
3769 4730 4013 4783 ornatus,
4051 4730 4110 4774 et

2520 4808 2771 4862 vitiorum
2800 4814 3037 4860 monstra
3068 4806 3309 4860 devitarc
3349 4816 3399 4860 et
3432 4808 3641 4863 hostem
3674 4825 3950 4879 superare,
3979 4813 4107 4880 quia

2520 4888 2623 4960 via,
2657 4897 2856 4949 veritas
2901 4905 2951 4949 et
3002 4896 3109 4948 vita
3157 4912 3235 4958 es,
3286 4898 3552 4965 gratiosus
3598 4899 3772 4953 valeat
3800 4902 4104 4969 pervenire,

2519 5005 2617 5058 per
2647 4989 2927 5042 Domimnn
2958 4997 3223 5051 nostrum,
3254 5008 3273 5038 1
3308 4999 3413 5041 etc.

2600 5098 2617 5129 1
2665 5078 2808 5147 Rege
2853 5094 3177 5146 quaesumus,
3207 5078 3448 5142 Domine,
3476 5079 3727 5136 famulam
3760 5091 3923 5145 tuam,
3955 5084 4020 5138 N.
4050 5096 4107 5141 et

2524 5171 2711 5240 gratia:
2740 5180 2841 5221 tua:
2871 5169 2920 5221 in
2948 5184 3011 5221 ea
3047 5168 3187 5221 dona
3218 5168 3531 5237 multiplica,
3566 5179 3623 5223 ut
3652 5172 3721 5225 ab
3757 5175 4006 5229 omnibus
4038 5175 4106 5230 li-

2524 5264 2648 5317 bera
2677 5262 2924 5327 offensis,
2973 5273 3027 5317 et
3060 5265 3439 5333 temporalibus
3471 5281 3575 5319 non
3607 5266 3927 5321 destituatur
3953 5270 4109 5321 anxi-

2526 5356 2630 5418 liis,
2663 5364 2717 5410 et
2742 5356 3086 5423 sempiternis
3111 5358 3337 5423 gaudeat
3364 5356 3652 5420 institutis,
3691 5374 3787 5427 per
3816 5357 4106 5412 Dominum

2525 5454 2763 5500 nostrum
2776 5484 2789 5500 .
2823 5465 2840 5496 1
2878 5456 2983 5500 etc.
