4516 5500
395 398 495 455 ιει

1551 397 1635 449 ΠΕ
1674 396 2001 450 ΒΕωΜΙλΕ
2042 400 2415 455 λιυλλαηυιι
2430 404 2519 457 LM
2538 442 2549 454 .

3565 424 3668 478 482

396 513 665 575 convenit,
698 511 789 565 fiat
825 510 1184 565 Intervallum.
1237 508 1468 577 Egressa
1500 506 1683 559 schola
1716 521 1837 559 cum
1871 521 1986 557 ma-
2016 512 2059 567 Λ
2091 509 2264 562 nalcm
2290 551 2304 572 ,
2339 512 2531 566 dexter
2560 515 2625 567 ad
2657 518 3006 587 principalem
3036 563 3050 584 ,
3085 524 3269 593 sicque
3306 527 3581 595 alternati,
3617 537 3666 588 in

399 605 571 673 gistro
602 602 667 656 ad
699 601 1116 656 necessitudinis
1156 616 1331 663 usum,
1364 598 1566 659 cmteri,
1601 598 1701 650 nisi
1731 599 1821 666 qui
1856 598 1989 651 imii-

396 704 540 762 gent,
565 695 616 748 in
644 693 890 761 ecclesia,
924 693 1259 747 orationibus
1279 690 1442 745 dediti
1477 691 1769 744 resideant.

468 783 593 837 Post
636 784 777 847 hoc,
834 792 1127 853 sequantur
1173 783 1275 836 diei
1325 782 1529 836 laudes.
1582 782 1707 835 Post
1740 782 1986 835 Miserere

394 874 513 937 mei,
546 874 708 935 Deus,
744 884 870 937 etc.,
910 873 1104 927 addant
1130 874 1264 926 duos
1304 872 1538 943 psalmos
1567 889 1665 942 pro
1698 888 1818 943 rege
1850 874 1988 941 regi-

394 982 568 1035 naque
606 977 661 1021 et
690 966 1045 1021 familiaribus
1068 1008 1082 1029 ,
1116 966 1264 1019 Beati
1290 982 1512 1035 quorum
1542 1006 1555 1029 ,
1594 975 1721 1027 etc.,
1758 964 1984 1027 Inclina,

393 1056 633 1119 Domine,
666 1066 770 1111 etc.
804 1056 1009 1123 Quibus
1039 1056 1227 1119 ﬁnitis,
1258 1067 1480 1111 cantent
1527 1057 1876 1124 antipbonam
1921 1056 1987 1108 dc

395 1160 579 1206 cruce,
611 1144 733 1199 inde
763 1146 1113 1214 antiphonam
1159 1146 1225 1199 de
1257 1156 1441 1199 sancta
1491 1144 1654 1198 Maria
1684 1154 1739 1198 et
1767 1145 1832 1198 de
1862 1160 1987 1198 san-

395 1242 482 1285 cto
509 1232 661 1299 cujus
693 1236 970 1289 veneratio
999 1236 1050 1288 in
1096 1235 1349 1304 prresenti
1378 1234 1577 1289 colitur
1626 1235 1890 1295 ecclesia,
1920 1252 1985 1287 an

394 1326 436 1378 si
468 1326 645 1379 minus
682 1326 875 1389 fuerit,
908 1328 973 1381 de
1017 1328 1183 1396 ipsius
1231 1327 1331 1388 loci
1379 1327 1804 1380 consecratione.
1859 1326 1987 1380 Post

393 1433 551 1485 quos,
580 1418 827 1472 emndem
856 1428 938 1473 est
968 1421 1032 1472 ad
1062 1418 1402 1473 matutinales
1433 1418 1617 1472 laudes
1640 1419 1704 1471 de
1734 1418 1984 1473 omnibus

394 1508 623 1573 sanctis;
664 1509 1003 1563 decantando
1040 1509 1415 1576 antiphonam,
1464 1508 1531 1560 ad
1577 1508 1982 1561 venerationem

392 1599 587 1661 sancti,
615 1600 703 1667 qui
732 1599 970 1668 porticus
1000 1599 1065 1652 ad
1104 1614 1263 1667 quam
1295 1600 1424 1660 itur,
1455 1598 1699 1651 dedicata
1730 1606 1835 1650 est.

372 1738 375 1739 ν
462 1688 590 1742 Post
623 1704 759 1757 quos
790 1689 971 1743 laudes
1000 1705 1097 1757 pro
1122 1688 1408 1742 defunctis.
1440 1687 1591 1753 Quod
1620 1688 1663 1742 si
1697 1688 1814 1741 luce
1854 1688 1979 1749 diei,

391 1788 453 1834 ut
491 1789 742 1849 Oportet,
798 1780 1004 1833 finitum
1036 1780 1197 1833 fuerit
1226 1779 1458 1832 ofhcium
1485 1819 1499 1844 ,
1553 1779 1811 1850 incipiant
1860 1777 1982 1831 Pri-

2092 614 2155 651 en
2186 602 2572 658 hebdomadam
2597 620 2945 673 percurrent;
2975 613 3161 667 eadem
3183 631 3313 670 vero
3337 623 3671 678 matutinalis

2091 692 2275 755 missa,
2301 708 2398 761 pro
2432 711 2576 765 rege,
2604 698 2683 750 vel
2720 716 3043 772 quacunque
3090 707 3401 765 imminente
3443 716 3672 769 necessi-

2092 788 2200 834 tate
2231 783 2554 837 celebretur.
2607 786 2717 841 lloc
2756 790 3003 858 expleto,
3038 792 3181 849 facto
3225 797 3377 866 signo
3405 814 3433 852 a
3466 803 3666 869 priore,

2090 874 2475 927 convenientes
2524 876 2589 928 ad
2636 878 2929 946 capitulum
2967 881 3081 949 ipso
3112 887 3469 953 przeeedente,
3518 906 3670 945 versa

2091 963 2228 1018 facie
2284 966 2351 1019 ad
2419 966 2681 1021 orientem
2753 971 2988 1025 salutent
3045 990 3282 1041 crucem,
3334 989 3389 1034 et
3459 985 3670 1038 cmteris

2090 1055 2324 1124 undique
2397 1056 2655 1111 fratribus
2710 1074 2769 1112 se
2826 1062 2973 1114 vultu
3028 1066 3281 1122 inclinato
3352 1072 3667 1139 humilient;

2089 1142 2240 1210 cujus
2296 1146 2685 1202 humiliationis
2737 1152 2911 1213 ratio,
2969 1163 3023 1207 et
3082 1156 3134 1209 in
3193 1160 3338 1211 omni
3401 1174 3668 1217 convvntu

2089 1236 2439 1289 custodienda
2479 1248 2599 1291 est:
2635 1239 2783 1293 Tunc
2812 1244 3172 1299 residentibus
3196 1252 3423 1310 cunctis,
3464 1252 3672 1323 legatur

2090 1324 2547 1397 Martyrologium.
2596 1330 2710 1395 Quo
2756 1332 2899 1385 dicto
2933 1347 3213 1406 surgentes
3252 1354 3440 1395 omnes
3488 1344 3673 1396 dicant

2089 1431 2325 1481 versum,
2379 1416 2618 1472 Pretiosa
2668 1423 2721 1473 in
2767 1438 3041 1491 conspectu
3092 1428 3320 1492 Domini,
3363 1442 3495 1495 elc.,
3544 1450 3666 1488 cum

2086 1510 2332 1564 oratione
2359 1526 2421 1563 ac
2452 1526 2606 1565 versu
2636 1531 2647 1564 :
2686 1514 2819 1567 Deus
2860 1518 2912 1569 in
2944 1519 3265 1586 ailjutorium
3296 1540 3463 1577 meum
3504 1529 3673 1579 inten-

2086 1602 2189 1664 de;
2218 1601 2308 1669 qui
2342 1617 2530 1655 versus
2555 1604 2715 1656 tertio
2762 1616 3037 1675 repetatur
3076 1612 3143 1663 ab
3174 1614 3443 1677 amnibus,
3489 1620 3669 1683 priore

2090 1692 2398 1760 incipiente,
2432 1693 2837 1765 subjungentcs,
2872 1698 3073 1763 Gloria,
3096 1714 3147 1755 et
3175 1704 3450 1759 flectentes
3472 1724 3667 1776 genua,

2087 1783 2131 1836 si
2163 1792 2371 1853 tempus
2400 1786 2471 1839 ita
2504 1786 2790 1843 dictaverit
2818 1808 2830 1843 :
2866 1788 3077 1847 dicente
3120 1810 3247 1849 vero
3280 1798 3500 1863 priore;
3532 1812 3575 1852 et
3608 1817 3668 1853 ne

390 1886 551 1931 mam.
580 1868 783 1937 absque
821 1869 1163 1921 lintinnabuli
1204 1869 1394 1938 signo:
1440 1868 1522 1921 sin
1553 1877 1751 1927 autem.
1783 1882 1977 1935 exspe-
2015 1857 2057 1915 Β
2088 1889 2179 1925 nos
2212 1875 2453 1939 inducas,
2486 1890 2710 1947 surgant
2734 1894 2921 1934 omnes
2951 1892 3236 1951 erectaque
3266 1857 3414 1940 vultu
3463 1857 3666 1951 dicant,

391 1968 540 2012 ctent
570 1958 767 2021 lucem,
792 1967 845 2011 et
889 1958 1099 2027 pulsato
1137 1959 1291 2027 signo
1320 1966 1718 2027 congregemur
1758 1958 1823 2010 ad
1859 1955 1983 2009 Pri-

392 2067 552 2103 mam.
573 2050 773 2103 Deinde
806 2051 952 2103 finita
977 2049 1183 2115 Prima,
1204 2050 1338 2104 duos
1367 2050 1623 2119 psalmos,
1650 2049 1891 2112 Domine,
1922 2066 1983 2103 ne

391 2146 445 2196 in
464 2144 769 2211 furoretno,
788 2150 919 2205 elc.,
944 2150 999 2195 et
1019 2141 1266 2194 Miserere
1292 2142 1411 2204 mei,
1440 2141 1979 2202 Deus,etc.,canant,

391 2233 623 2301 primum
657 2247 754 2301 pro
790 2232 971 2285 carnis
1002 2232 1318 2293 tentatione,
1350 2246 1472 2284 cum
1502 2229 1773 2299 precibus,
1808 2227 1982 2282 l’roba

392 2338 505 2385 nos,
541 2322 776 2384 Domine,
802 2332 847 2374 et
880 2338 981 2374 non
1006 2321 1228 2373 inveniat
1261 2337 1351 2373 nos
1374 2338 1461 2389 pes
1487 2320 1758 2387 superbire,
1776 2330 1907 2383 elc.,
1930 2329 1982 2373 et

392 2412 611 2466 collecta
649 2410 755 2465 Ure
801 2413 937 2481 igne.
984 2410 1309 2479 Sequentem
1353 2426 1481 2464 vero
1511 2451 1523 2475 ,
1568 2425 1665 2478 pro
1713 2410 1982 2464 defunctis

392 2504 670 2566 fratribus,
716 2518 839 2556 cum
886 2502 1133 2565 collecta,
1180 2500 1478 2563 Invenient,
1518 2517 1841 2570 quwsumus,
1874 2500 1984 2554 Do-

390 2594 547 2655 mine,
574 2603 711 2656 ctc.;
757 2603 811 2645 et
841 2606 1000 2659 prece
1030 2590 1233 2642 Anima:
1263 2590 1490 2658 fratrum
1513 2599 1833 2651 nostrorum,
1864 2600 1973 2643 etc.

390 2681 458 2735 Et
501 2682 580 2735 sic
630 2696 779 2734 more
818 2680 995 2743 solito,
1029 2679 1361 2749 pmnilenlia)
1401 2678 1634 2748 psalmos
1661 2689 1983 2749 percurrant

388 2774 579 2827 devote
607 2772 924 2841 interposito
952 2770 1178 2840 psalmo,
1213 2768 1241 2822 1
1250 2769 1443 2834 nclina,
1476 2772 1714 2834 Domine,
1743 2779 1850 2825 etc.
1883 2771 1981 2825 His

386 2876 519 2915 vero
543 2861 708 2915 finitis
738 2863 1101 2929 subsequatur
1128 2860 1337 2923 litania,
1367 2875 1528 2928 quam
1556 2861 1790 2915 universi
1828 2878 1978 2917 more

387 2952 567 3016 solito,
605 2952 861 3020 prostrati
906 2950 1204 3012 humiliter,
1236 2950 1383 3003 nullo
1412 2960 1657 3019 excepto,
1686 2950 1841 3021 signo
1866 2951 1980 3020 pulo

384 3053 505 3097 sato
532 3042 853 3111 compleant.
902 3041 1015 3108 Qua
1047 3041 1281 3110 expleta,
1313 3048 1434 3109 post
1465 3041 1767 3095 orationem
1800 3041 1978 3095 Domi-

385 3134 561 3187 nicam
601 3134 958 3187 intereanitur
1005 3131 1275 3200 psalmus,
1320 3130 1388 3184 In
1439 3140 1519 3195 te,
1576 3130 1822 3195 Domine,
1865 3148 1980 3201 spe-

383 3226 517 3287 rari,
563 3234 668 3278 etc.
716 3223 1189 3291 Consequentibus
1228 3220 1479 3291 precibus
1525 3230 1579 3275 et
1623 3222 1977 3275 orationibus.

383 3314 590 3380 Quibus
635 3314 805 3367 finitis
835 3322 1027 3367 vocent
1074 3312 1271 3365 fratres
1300 3311 1541 3373 lcetioni,
1572 3325 1744 3379 usque
1775 3310 1841 3363 ad
1879 3312 1980 3363 ho-

381 3420 500 3458 ram
527 3405 839 3468 secundam,
875 3402 1170 3457 secundum
1216 3401 1411 3471 regulae
1443 3411 1793 3471 prmceptum.
1827 3398 1977 3453 Tunc

381 3494 528 3547 facto
559 3493 735 3562 signo,
762 3500 907 3555 eant,
946 3498 1001 3545 et
1028 3506 1085 3543 se
1125 3490 1463 3542 diurnalibus
1514 3489 1740 3541 induant
1768 3487 1979 3541 calcea-

380 3584 602 3647 mentis,
628 3582 809 3637 nullus
833 3582 976 3636 enim
998 3582 1103 3635 hoc
1124 3579 1283 3634 debet
1309 3595 1657 3649 praesumere,
1687 3587 1975 3647 antequam

382 3675 515 3730 illud
554 3676 805 3729 audiatur
855 3674 1107 3743 signum,
1155 3672 1398 3740 exceptis
1447 3670 1755 3733 ministris,
1805 3682 1977 3737 neque

383 3778 543 3830 tunc,
571 3768 657 3820 -ab
687 3764 865 3834 aliquo
895 3765 1284 3819 intermittatur
1310 3763 1428 3817 sine
1456 3761 1669 3815 licentia
1688 3802 1703 3825 ,
1772 3775 1840 3814 ne
1870 3774 1979 3829 pra:

380 3859 691 3927 sumptione
723 3856 1011 3910 temeraria
1035 3855 1359 3910 obedientite
1399 3854 1648 3907 meritum
1680 3851 1978 3920 lugubriter

378 3950 728 4013 obnubilent;
781 3948 974 4002 dehinc
1020 3946 1334 4017 psalmodiis
1376 3944 1574 4008 dediti,
1618 3941 1784 3997 facies
1829 3955 1974 4005 suas,

379 4040 462 4095 uti
506 4055 621 4093 mos
674 4045 796 4100 est,
849 4037 991 4091 lavet
1037 4035 1222 4090 schola
1268 4035 1519 4089 universa
1565 4048 1687 4087 eum
1720 4034 1976 4101 magistro

381 4144 439 4188 et
489 4134 705 4187 abbate.
752 4130 1007 4185 Seniores
1047 4143 1179 4183 vero
1207 4169 1221 4191 ,
1274 4136 1435 4197 prout
1494 4125 1637 4179 Deus
1685 4126 1977 4195 unicuique

383 4228 440 4280 in
484 4224 643 4280 corda
690 4237 874 4277 eorum
913 4221 1094 4274 divino
1134 4219 1423 4272 immiserit
1467 4217 1722 4271 instinctu
1749 4257 1764 4281 ,
1813 4217 1977 4273 silen-

381 4328 491 4381 ter,
531 4332 592 4370 ac
638 4323 745 4370 tota
788 4314 985 4368 mentis
1034 4311 1335 4366 intentione
1362 4350 1375 4372 ,
1426 4324 1560 4378 opus
1590 4323 1746 4362 suum
1789 4309 1843 4362 in
1890 4310 1975 4364 bis

381 4406 691 4476 obsequiis,
739 4405 880 4459 sicut
925 4403 978 4456 in
1023 4402 1275 4456 omnibus
1323 4399 1577 4454 convenit
1619 4399 1972 4465 orationibus,

381 4497 688 4553 decorando
739 4495 1039 4559 celebrent,
1066 4493 1227 4546 horas
1273 4489 1586 4553 canonicas,
1633 4488 1714 4544 vel
1762 4500 1969 4559 septem

378 4588 716 4659 ptenitentia:
761 4586 1021 4657 psalmos,
1068 4584 1151 4638 vel
1180 4583 1326 4637 aliud
1373 4583 1649 4652 quidpiam
1699 4583 1964 4653 spiritale,

380 4678 453 4733 ad
479 4678 829 4731 tentationem
871 4676 1196 4730 diabolicam
1224 4674 1610 4727 devincendam
1650 4674 1964 4742 psallendo:

379 4769 573 4839 sicque
622 4768 718 4823 toti
756 4767 976 4821 veniant
1016 4768 1082 4820 ad
1116 4763 1426 4819 ecclesiam.
1458 4762 1759 4818 lnfantibus
1789 4774 1968 4818 autem

379 4861 451 4916 ad
495 4859 785 4915 ecclesiam
837 4855 1189 4919 intrantibus,
1245 4855 1476 4909 mdituus
1523 4853 1759 4922 primum
1814 4864 1969 4909 sonet

378 4954 650 5024 signum:
710 4950 948 5021 peractis
1018 4949 1193 5003 tribus
1254 4962 1283 4999 a
1351 4945 1530 5016 pueris
1591 4946 1968 5010 orationibus,

376 5043 460 5097 uti
508 5041 658 5111 prius
712 5055 743 5094 a
800 5038 1105 5092 senioribus
1184 5044 1396 5104 gestum
1468 5032 1650 5088 fuerat
1721 5035 1968 5104 dispositi

377 5132 581 5202 singuli
638 5132 689 5185 in
738 5130 871 5185 locis
918 5129 1048 5195 suis,
1114 5142 1374 5197 campana
1428 5124 1662 5194 pulsata,
1710 5126 1970 5195 incipiant

365 5233 575 5284 noram
626 5220 879 5283 Tertiam,
924 5228 1043 5288 post
1095 5217 1249 5285 cujus
1304 5217 1595 5275 terminum
1644 5220 1827 5276 dicant
1874 5232 1970 5288 pro

395 5330 512 5362 mae.
544 5324 700 5362 atnne.
722 5313 911 5362 regina
942 5319 997 5362 et
1043 5309 1481 5362 benefactoribus
1512 5310 1627 5362 suis
1662 5310 1927 5362 nsalmum
1953 5326 1965 5361 :

2088 1962 2303 2033 Respice
2346 1967 2399 2019 in
2448 1984 2639 2031 servos,
2684 1972 3099 2039 subjungentcs,
3138 1971 3340 2039 Gloria,
3389 1977 3668 2032 humiliato

2084 2057 2281 2124 capite.
2320 2055 2581 2126 Sequitur
2614 2062 2807 2115 oratio.
2860 2062 3096 2131 Dirigere
3119 2074 3166 2117 et
3195 2068 3526 2135 sanctiﬁcarc
3560 2088 3572 2121 :
3616 2080 3669 2125 et

2084 2149 2423 2218 Adjutorinm
2469 2162 2701 2203 nostrum
2750 2155 2803 2204 in
2852 2156 3057 2207 nomine
3114 2155 3358 2219 Domini,
3410 2161 3499 2229 qui
3548 2162 3669 2228 fecit

2084 2242 2266 2293 corium
2297 2252 2344 2294 et
2373 2252 2585 2295 terram.
2621 2244 2820 2297 lterum
2857 2256 3038 2299 autem
3072 2246 3428 2303 residentibus
3458 2252 3668 2319 legatur

2086 2334 2290 2402 regula,
2337 2334 2421 2387 vel
2470 2334 2511 2386 si
2545 2334 2658 2388 dies
2708 2336 2875 2389 festus
2924 2335 3085 2390 fuerit
3113 2338 3448 2407 evangelium
3501 2341 3667 2409 ipsius

2083 2422 2207 2483 diei,
2235 2424 2299 2477 de
2329 2439 2433 2492 qua
2461 2424 2688 2479 lectione
2712 2441 2740 2477 a
2769 2428 2949 2495 priore
2971 2438 3131 2497 prout
3157 2429 3415 2485 Dominus
3439 2432 3665 2495 dederit,

2083 2512 2310 2566 dicatur.
2345 2513 2471 2568 Post
2502 2514 2600 2568 hoc
2623 2516 2932 2586 quicunque
2961 2533 3019 2571 se
3063 2534 3211 2572 reum
3248 2519 3475 2587 alicujus
3500 2521 3666 2589 culpze

2084 2606 2346 2672 agnoscit,
2376 2608 2587 2660 veniam
2633 2608 2905 2663 humiliter
2949 2610 3256 2679 postulans,
3304 2621 3453 2681 petat
3493 2613 3669 2667 indul-

2084 2697 2342 2759 gentiam.
2374 2697 2561 2751 Omnis
2605 2708 2783 2752 autem
2820 2701 3009 2764 frater,
3036 2716 3132 2769 pro
3160 2717 3482 2772 quacunque
3505 2720 3663 2758 causa

2084 2789 2396 2856 increpatns
2425 2787 2493 2840 ab
2518 2786 2737 2853 abbate,
2770 2790 2850 2843 vel
2883 2805 2910 2842 a
2945 2791 3183 2858 quolibet
3203 2802 3256 2845 et
3285 2795 3483 2862 priore,
3515 2812 3665 2850 ante-

2082 2892 2243 2946 quam
2270 2877 2489 2930 verbnm
2514 2877 2729 2946 aliquod
2751 2878 3011 2947 proferat,
3037 2882 3247 2935 veniam
3272 2884 3517 2952 petat.Et
3538 2885 3665 2939 dum

2083 2985 2112 3022 a
2145 2970 2323 3039 priore
2355 2970 2717 3040 interrogatus
2745 2970 2942 3033 fuerit,
2970 2989 3090 3043 qua:
3119 2974 3190 3028 sit
3224 2990 3384 3029 causa
3425 2991 3521 3045 pro
3559 2992 3662 3045 qua

2085 3062 2295 3115 veniam
2352 3067 2546 3131 poscit,
2607 3064 2928 3131 respondeat
2985 3075 3147 3133 atque
3214 3081 3366 3120 suam
3431 3067 3665 3122 fateatur

2086 3150 2297 3220 culpam
2326 3151 2511 3205 dicens
2539 3168 2551 3205 :
2585 3168 2698 3204 mea
2725 3151 2898 3220 culpa,
2942 3152 3192 3217 Domine;
3246 3153 3441 3209 dehinc
3482 3156 3665 3225 jussus

2086 3243 2261 3312 erigat
2289 3258 2347 3296 se
2376 3260 2386 3295 :
2420 3259 2545 3296 nam
2570 3244 2612 3296 si
2639 3244 2795 3297 aliter
2815 3244 2987 3312 egerit
3012 3244 3294 3312 culpabilis
3319 3246 3663 3301 indicabitur.

2084 3328 2403 3399 Quicunque
2429 3331 2574 3383 enim
2606 3331 2937 3398 increpatus,
2966 3347 2995 3385 a
3033 3332 3269 3400 quolibet
3296 3334 3475 3402 priore
3505 3334 3668 3390 fuerit

2082 3435 2179 3489 pro
2231 3420 2412 3488 aliquo
2447 3429 2620 3483 reatu,
2656 3420 2736 3472 vel
2775 3422 2818 3474 si
2850 3422 3123 3491 quippiam
3156 3423 3207 3475 in
3241 3422 3431 3478 ciliciis
3477 3440 3667 3479 exces-

2081 3510 2233 3573 serit,
2295 3520 2349 3564 et
2404 3526 2509 3564 non
2569 3512 2752 3564 statim
2814 3512 3025 3566 veniam
3061 3514 3137 3566 uti
3184 3514 3364 3583 regula
3397 3517 3662 3586 praecipit,

2079 3600 2473 3671 postulaverit,
2542 3600 2731 3669 majori
2794 3602 3071 3669 subjaccat
3132 3606 3403 3662 vindictte.
3449 3607 3663 3675 Quanto

2078 3692 2221 3745 enim
2288 3692 2411 3760 quis
2501 3707 2559 3746 se
2620 3692 2963 3757 humiliavit,
3028 3710 3257 3765 seseque
3344 3697 3660 3768 culpabilem

2080 3780 2419 3845 reddiderit,
2447 3789 2595 3835 tanto
2647 3781 3078 3849 misericordius,
3120 3800 3184 3839 ac
3226 3786 3397 3842 levius
3423 3804 3452 3842 a
3480 3791 3661 3859 priore

2078 3870 2234 3926 debet
2258 3870 2511 3939 judicari;
2545 3886 2765 3925 necesse
2788 3882 2872 3927 est
2906 3874 3070 3935 enim,
3107 3885 3165 3928 ut
3194 3877 3246 3930 in
3276 3879 3526 3934 omnibus
3570 3895 3663 3935 ne-

2078 3960 2347 4030 gligentiis
2392 3960 2611 4023 ltOSlris,
2647 3960 2698 4014 id
2740 3971 2844 4026 est,
2875 3964 3293 4032 cogitationum,
3338 3967 3549 4039 linguas,
3578 3972 3661 4026 vel

2077 4066 2320 4120 operum,
2371 4052 2422 4104 in
2470 4051 2719 4119 praesenti
2779 4054 2928 4117 vita,
2973 4069 3069 4123 per
3117 4070 3302 4110 veram
3366 4059 3663 4115 confessio-

2076 4160 2225 4209 nem,
2288 4151 2344 4197 et
2403 4142 2661 4197 humilem
2736 4144 3127 4211 paenitudinem
3187 4145 3526 4214 judicemur,
3590 4166 3660 4206 ne

2075 4244 2197 4304 post
2242 4233 2399 4286 istius
2445 4232 2569 4285 vita:
2612 4232 2897 4286 decursum
2924 4272 2938 4293 ,
3002 4248 3123 4288 reos
3174 4250 3271 4289 nos
3316 4246 3442 4291 ante
3490 4240 3661 4293 tribu-

2076 4323 2165 4378 nal
2252 4321 2456 4377 Christi
2553 4328 2812 4375 statuant.
2894 4321 3076 4377 Finito
3159 4325 3260 4379 hoc
3362 4327 3659 4396 spiritualis

2076 4412 2412 4484 purgaminis
2476 4412 2733 4482 negotio,
2792 4413 3029 4483 quinque
3082 4416 3318 4484 psalmos
3386 4418 3477 4487 qui
3536 4428 3657 4488 post

2078 4514 2334 4559 notantur
2419 4518 2517 4573 pro
2622 4504 2894 4558 defunctis
2980 4503 3238 4561 fratribus
3327 4509 3656 4573 decantent,

2083 4610 2166 4657 sta
2249 4615 2378 4655 vero
2466 4600 2647 4655 omnia
2716 4615 2835 4669 quas
2928 4600 3163 4657 diximus
3227 4610 3347 4671 post
3429 4603 3656 4657 Tertiam

2072 4695 2156 4749 his
2181 4692 2511 4761 temporibus
2538 4692 2777 4762 agenda;
2810 4692 3101 4746 Dominicis
3128 4695 3317 4749 diebus
3348 4698 3494 4749 omni
3525 4706 3659 4751 tem-

2069 4796 2200 4851 pore
2236 4790 2361 4835 ante
2400 4779 2629 4834 Tertiam
2665 4790 2926 4851 agantur,
2978 4782 3046 4834 ita
3095 4794 3295 4847 tamen,
3332 4796 3392 4838 ut
3430 4785 3654 4839 fratrum

2069 4870 2442 4941 unusquisque
2462 4886 2573 4925 sua:
2595 4872 2938 4926 conscientia:
2954 4882 3162 4928 reatum
3193 4874 3339 4928 Patri
3369 4875 3655 4946 spirituali,

2068 4964 2155 5019 vel
2193 4963 2328 5032 ejus,
2360 4965 2405 5019 si
2448 4964 2645 5020 absens
2678 4966 2861 5029 fuerit,
2891 4966 3119 5033 vicario,
3149 4984 3246 5038 per
3274 4970 3534 5025 humilem
3567 4983 3660 5023 rc-

2070 5055 2214 5111 velet
2242 5053 2662 5111 confessionem.
2695 5055 2752 5111 Si
2781 5065 2960 5110 autem
2982 5066 3131 5114 tanta
3155 5060 3320 5115 fuerit
3350 5060 3657 5121 multitudo,

2068 5144 2123 5194 tn
2148 5157 2209 5197 ea
2237 5141 2324 5195 die.
2366 5157 2553 5196 omnes
2589 5147 2655 5199 ad
2700 5143 3091 5204 confessionem
3138 5152 3324 5207 venire
3363 5163 3651 5225 nequeant,

2068 5230 2313 5301 sequenti
2360 5232 2464 5293 die,
2505 5236 2740 5291 secunda
2774 5234 3023 5293 videlicet
3063 5242 3216 5304 feria,
3247 5242 3352 5297 hoc
3382 5245 3519 5300 idem
3547 5243 3653 5297 im-

2064 5319 2263 5362 “Inani-
2300 5318 2492 5362 gnltnln
2521 5338 2656 5362 νην-Λ
2695 5326 2836 5362 nnnn
2864 5328 3023 5362 mnlln
3053 5333 3156 5362 ιυυι
3184 5347 3490 5362 nonanno.-.“
3522 5347 3621 5362 nun
