4516 5500
878 329 982 389 486

1924 326 1978 376 S.
2026 326 2369 380 DlINSTANl
2409 326 2726 382 Alltlilllil‘.
2768 333 3115 387 UANTUML

4023 347 4127 402 ω

938 438 993 489 ltt
1025 434 1212 488 diebus
1243 442 1423 487 autem
1452 432 1622 495 festis,
1658 433 1727 485 0h
1755 434 2136 485 taciturnitatis
2181 435 2446 502 studiique
2477 442 2521 497 Α
2554 447 2655 499 ter,
2686 449 2738 491 et
2760 438 2962 506 Gloria,
3002 441 3162 495 Pater
3190 457 3380 510 noster,
3414 461 3457 500 et
3490 451 3842 519 ilzljutorium,
3866 462 3910 507 e’.
3948 458 4132 524 Prop;-

864 524 1288 588 observantiam,
1341 524 1412 576 ita
1466 523 1813 590 protendatur
1855 520 2061 584 Prima,
2107 532 2167 575 ut
2214 525 2447 590 capitulo

863 615 1027 677 facto,
1056 614 1468 682 ntatutinalique
1498 614 1657 665 missa
1681 612 1973 675 celebrata,
2001 628 2120 680 qua:
2151 613 2237 665 die
2268 613 2448 665 Domi-

863 704 1004 767 nica,
1027 704 1093 757 de
1115 703 1380 756 Trinitate
1411 701 1733 755 celebranda
1766 710 1845 754 est
1872 701 1971 753 nisi
1998 702 2099 753 alia
2132 701 2245 754 dies
2275 701 2444 754 festus

862 796 1047 860 fuerit,
1095 795 1139 849 si
1185 794 1299 847 dies
1347 792 1623 846 Dominica
1676 791 1852 853 fuerit,
1906 807 2026 845 mox
2077 793 2334 845 accedant
2379 792 2443 844 ad

860 887 1324 943 consecrationem
1375 883 1758 951 conspersinis,
1806 883 1848 936 si
1913 881 2015 934 alia
2072 882 2317 950 qmelibet
2350 896 2441 934 so-

860 979 1144 1040 lemnitas,
1191 992 1314 1029 mox
1362 974 1427 1027 ad
1478 974 1739 1037 Tertiam;
1774 974 1988 1025 interim
2040 974 2181 1026 enim
2214 989 2334 1026 cum
2381 988 2442 1026 ca

859 1071 1027 1123 missa
1060 1070 1258 1139 agitur,
1296 1066 1573 1136 sequentis
1613 1067 1791 1120 missa:
1824 1066 2052 1118 ministri
2098 1080 2156 1117 se
2196 1066 2439 1125 induant,

855 1172 913 1217 et
942 1161 1115 1215 Tertia
1156 1170 1371 1230 peracta
1393 1201 1406 1224 ,
1454 1176 1576 1212 mox
1623 1160 1900 1228 signorum
1932 1168 2075 1211 motu
2111 1158 2318 1211 fidelem
2350 1159 2442 1211 ad-

855 1261 1111 1305 vocantes
1138 1251 1369 1319 plebem,
1399 1250 1615 1303 missam
1648 1250 1918 1301 inchoent.
1945 1248 2071 1302 Post
2097 1264 2301 1317 pacem,
2335 1247 2440 1299 fra-

856 1350 988 1402 tres,
1026 1340 1265 1409 quotidie
1294 1339 1419 1407 (nisi
1447 1340 1537 1406 qui
1567 1338 1797 1392 crimine
1827 1353 1884 1391 se
1915 1338 2112 1407 aliquo,
2143 1338 2225 1391 vel
2258 1337 2439 1390 carnis

854 1430 1161 1499 fragilitate,
1214 1444 1336 1483 reos
1378 1429 1766 1499 cognoverunt)
1809 1429 2038 1499 regulari
2074 1428 2252 1483 studio
2284 1444 2439 1497 pror-

852 1540 946 1577 sus
974 1525 1186 1587 intenti,
1232 1525 1616 1578 eucharistiam
1649 1524 1895 1592 accipere
1925 1538 2030 1577 non
2074 1534 2323 1587 renuant,
2357 1532 2437 1575 at-

852 1614 1135 1667 tendentes
1160 1614 1285 1666 illud
1321 1614 1462 1681 quod
1492 1614 1566 1666 ait
1596 1614 1788 1666 beatus
1815 1614 2183 1683 Augustinus;
2216 1614 2267 1667 in
2298 1614 2434 1668 libro

849 1705 926 1760 De
972 1705 1149 1758 verbis
1182 1703 1436 1756 Domini:
1471 1705 1615 1771 quod
1657 1704 1926 1767 videlicet,
1958 1706 2010 1756 in
2047 1706 2283 1757 oratione
2326 1705 2434 1757 Do-

2552 528 2652 578 tius
2678 530 2743 580 sit
2787 529 2932 583 nobis
2979 534 3301 602 omnipotens
3343 536 3615 592 Dominus.
3648 541 4015 611 lagredientcs
4043 566 4133 600 au-

2553 628 2656 670 tem
2702 621 2987 675 ecclesiam
3031 636 3193 693 agant
3235 629 3533 683 orationem
3589 649 3602 661 ·
3651 634 3845 687 dehinc
3887 648 4013 689 cant
4063 640 4131 691 ad

2550 709 2878 764 induendum
2907 727 2965 766 se
2993 714 3222 768 ministri
3256 734 3267 768 :
3297 718 3464 772 ittdttti
3514 736 3639 774 vero
3683 722 3955 777 introeant
4004 730 4136 780 (διευ-

2550 815 2690 863 rttm,
2736 810 2789 853 et
2823 802 3049 869 pulsatis
3095 806 3303 873 signis,
3355 809 3626 864 celebrent
3676 812 3929 877 Sextum;
3982 817 4132 871 finita

2548 888 2711 943 Sexta
2740 931 2751 954 ,
2788 903 2983 945 canant
3022 895 3316 963 psalmum,
3351 898 3489 952 Deus
3515 904 3822 956 misereatur
3865 908 4047 967 nostri,
4080 917 4135 963 et

2548 980 2766 1035 Domine
2788 987 3002 1047 exaudi,
3036 1002 3133 1055 pro
3158 1005 3283 1056 rege
3319 993 3629 1061 reginaque,
3660 1009 3713 1049 et
3745 997 4129 1064 fatniliarilms,

2545 1088 2665 1125 cum
2691 1076 3002 1144 prescriptis
3017 1078 3285 1135 collectis:
3313 1086 3555 1150 sequitur
3580 1086 3782 1151 litania,
3822 1106 3925 1158 qua
3951 1092 4127 1155 finita,

2548 1172 2736 1215 cantor
2766 1166 2830 1217 ad
2858 1166 2977 1229 hoc,
3007 1184 3156 1222 more
3186 1171 3362 1229 solito.
3398 1173 3635 1237 indutus,
3671 1179 3847 1231 missae
3888 1178 4122 1233 cilicium

2546 1252 2791 1317 inchoet;
2830 1256 2974 1309 [inita
2994 1259 3155 1312 missa
3180 1261 3420 1329 pulsetur
3439 1265 3669 1332 primum
3694 1268 3904 1337 signum
3929 1269 4126 1332 Νίκην,

2543 1354 2598 1394 et
2626 1354 2817 1412 agatur
2846 1347 3042 1400 oratio.
3075 1348 3205 1404 Post
3229 1355 3531 1407 orationem
3556 1366 3681 1409 eaut
3706 1356 3897 1411 fratres
3925 1360 4127 1413 hebdo-

2542 1433 2768 1487 madarii
2801 1437 3047 1505 accipere
3072 1440 3312 1505 mistum,
3339 1444 3646 1498 sedentibus
3676 1446 3885 1500 interim
3909 1452 4121 1503 caeteris

2540 1521 2818 1589 fratribus,
2853 1528 2903 1579 in
2935 1529 3162 1583 ecclesia
3210 1534 3522 1600 psalmodiae
3555 1536 3750 1591 deditis
3772 1579 3785 1601 ,
3828 1540 3995 1593 donec
4027 1542 4127 1595 itc-

2539 1628 2656 1666 rum
2679 1615 2802 1670 dato
2829 1618 3000 1687 signo,
3032 1618 3240 1673 Nonum
3267 1632 3447 1692 agant.
3485 1624 3705 1679 Peracta
3737 1626 3913 1689 Nona,
3940 1630 4125 1682 dicant

2538 1718 2635 1769 pro
2665 1719 2788 1771 rege
2820 1707 3107 1775 reginaque
3133 1749 3147 1770 ,
3196 1720 3250 1761 et
3281 1710 3638 1766 familiaribus
3662 1754 3675 1777 ,
3707 1715 3938 1779 psalmos
3968 1733 3978 1766 :
4016 1718 4123 1780 Qui

847 1796 1040 1847 mittica
1090 1811 1193 1847 non
1242 1810 1512 1856 annuum,
1562 1794 1651 1845 sed
1695 1794 2060 1862 quotidianum
2109 1794 2433 1862 deposcimus
2468 1808 2511 1865 Β
2540 1794 2672 1860 regis
2709 1794 2912 1859 Israel,
2964 1811 3016 1850 et
3059 1798 3134 1851 De
3179 1802 3504 1868 profundis;
3552 1814 3605 1857 et
3642 1820 3762 1857 cum
3807 1810 4124 1873 prieuotatis

844 1901 1053 1954 panem.
1089 1884 1152 1937 Et
1183 1894 1241 1937 ut
1264 1886 1376 1953 ipse
1404 1884 1531 1937 inibi
1567 1893 1817 1947 teStatur,
1854 1893 1959 1935 tam
1984 1883 2140 1936 facile
2172 1883 2432 1936 Christia-

845 1991 973 2028 num
1004 1990 1160 2044 posse
1200 1989 1412 2037 carere,
1445 1990 1512 2027 ne
1541 1988 1779 2041 unquam
1810 1974 1932 2025 vita:
1958 1972 2210 2040 pabulum
2238 1988 2431 2040 corpus

842 2065 1112 2126 videlicet,
1145 2078 1210 2117 ac
1234 2064 1549 2132 sanguinem
1575 2063 1777 2117 Christi
1809 2063 2100 2131 accipiant,
2134 2078 2295 2131 quam
2325 2079 2428 2115 non

841 2157 1114 2220 crebrius,
1160 2171 1323 2225 quam
1372 2154 1541 2208 semel
1582 2154 1634 2207 in
1683 2168 1825 2207 anno
1872 2154 2142 2223 degustet.
2192 2150 2279 2205 Sic
2310 2153 2431 2223 (in-

858 2250 1081 2319 quiens)
1110 2250 1236 2313 rire,
1270 2260 1324 2300 ut
1358 2248 1589 2317 quotidie
1612 2248 1862 2300 merearis
1886 2249 2119 2315 accipere
2141 2262 2159 2299 .'
2187 2248 2275 2316 qui
2303 2264 2429 2315 quo~

848 2340 996 2403 tidie,
1024 2356 1126 2391 non
1159 2348 1385 2391 meretur
1416 2338 1669 2405 accipere,
1704 2354 1805 2391 non
1836 2349 2065 2390 meretur
2089 2348 2202 2407 post
2230 2354 2427 2390 annum

838 2446 1091 2499 acetpere.
1123 2430 1351 2483 Videant
1378 2438 1556 2482 tamen
1588 2430 1654 2482 ad
1684 2444 1899 2483 caenam
1941 2430 2150 2483 invitati
2184 2430 2427 2484 Domini-

839 2537 980 2584 catn,
1012 2536 1079 2574 ne
1114 2521 1342 2574 crimine
1365 2519 1544 2589 aliquo
1575 2524 1804 2590 turpiter
1835 2522 2017 2575 infecti
2059 2524 2176 2576 sine
2217 2524 2427 2577 coales-

837 2613 989 2666 sione
1034 2619 1088 2665 ct
1129 2610 1445 2679 pmnitentia
1492 2621 1825 2679 prtesumant
1876 2612 2160 2675 accedere,
2202 2623 2256 2665 et
2304 2614 2426 2666 vitae

835 2704 1089 2758 alimenta
1141 2703 1243 2757 sibi
1295 2703 1348 2755 in
1396 2703 1797 2756 danunttioncm
1851 2713 2204 2769 convertant,
2245 2714 2304 2759 ut
2351 2707 2425 2758 ait

834 2793 1026 2846 beatus
1060 2790 1370 2859 Apostolus,
1414 2808 1515 2843 non
1564 2791 1914 2859 dijudicantes
1955 2808 2144 2862 corpus
2189 2793 2420 2848 Domini.

831 2883 1009 2937 Finita
1056 2883 1219 2936 missa
1264 2880 1424 2935 detur
1471 2882 1740 2951 spatium,
1786 2896 1894 2950 quo
1947 2884 2177 2937 ministri
2226 2882 2422 2939 fratres

830 2985 1054 3045 propter
1095 2975 1532 3029 communionem
1571 2984 1815 3029 sanctam
1862 2975 2131 3044 accipiant
2176 2977 2417 3040 mistum,

828 3066 1041 3120 caneris
1069 3066 1321 3119 omnibus
1350 3066 1566 3119 interim
1607 3065 1658 3118 in
1694 3066 1924 3119 ecclesia
1951 3067 2334 3129 residentibus,
2365 3077 2417 3122 et

2536 1883 2774 1937 collectis
2819 1902 2830 1936 :
2867 1885 3073 1939 Dehinc
3101 1927 3114 1951 ,
3146 1899 3377 1957 pergant
3422 1892 3489 1945 ad
3523 1910 3786 1946 mensam.
3821 1894 4121 1961 Surgentes

2535 1987 2743 2038 mensa,
2760 1986 2946 2028 vacent
2970 1977 3210 2041 lectioni,
3235 1988 3326 2031 aut
3348 1981 3590 2046 psalmis,
3613 1982 3763 2048 juxta
3787 1995 4117 2052 priet-cptum

2534 2064 2760 2131 regulze;
2806 2076 2898 2119 aut
2928 2068 2971 2120 si
3006 2068 3209 2135 aliquid
3254 2071 3416 2123 fuerit
3460 2076 3723 2141 agendum
3760 2076 4002 2142 pulsetur
4030 2087 4117 2131 ta-

2532 2155 2677 2217 bula,
2711 2166 2911 2211 etcum
2949 2160 3348 2225 benedictione,
3396 2164 3539 2230 quod
3580 2168 3847 2235 agendum
3892 2178 4002 2230 est,
4033 2170 4120 2221 itt-

2532 2248 2755 2315 tipiattt.

2601 2336 2915 2405 'fempezius
2947 2350 3140 2407 agatur
3185 2356 3431 2410 vespera,
3464 2344 3619 2412 cujus
3661 2345 3815 2415 signa
3847 2347 3972 2399 dunt
4018 2363 4111 2403 so-

2532 2435 2661 2477 nant
2678 2424 2873 2479 fratres
2896 2436 3013 2495 post
3035 2430 3334 2483 orationem
3352 2433 3402 2484 iu
3425 2433 3865 2501 choro,juniores
3891 2439 4111 2504 quidem

2527 2517 2822 2584 spiritualis
2867 2517 3112 2574 lectionis
3148 2524 3327 2575 studio
3370 2525 3567 2593 singuli
3619 2527 3764 2579 serio
3812 2531 4107 2597 occupati,

2526 2608 2768 2662 seniores
2799 2624 2949 2673 vero,
2980 2611 3317 2666 orationibus
3346 2614 3544 2668 divinis
3575 2616 3787 2679 intenti,
3830 2632 3952 2669 cum
4004 2619 4113 2670 lto-

2526 2699 2656 2752 mini
2690 2701 2862 2769 gratia
2892 2717 3157 2771 nusquam
3204 2714 3462 2773 vagantes
3495 2707 3758 2759 sedeant:
3814 2704 4107 2775 Vesperam

2523 2804 2654 2845 vero
2684 2801 2940 2847 canentes
2965 2832 2979 2857 ,
3024 2794 3157 2847 duos
3188 2806 3308 2863 post
3329 2795 3577 2850 Miserere
3608 2799 3729 2861 mei,
3778 2795 3919 2850 Deus
3947 2838 3961 2861 ,
4009 2814 4110 2866 pro

2524 2898 2650 2951 rege
2680 2884 2991 2953 reginaque,
3017 2894 3072 2939 et
3100 2884 3476 2952 familiaribus,
3521 2888 3724 2941 addant
3760 2888 4018 2956 psalmos.
4053 2890 4107 2941 id

2521 2982 2621 3034 est,
2639 2971 2984 3037 Beuedixisti,
3007 2973 3251 3040 Domine,
3267 2985 3340 3040 et,
3360 2975 3596 3041 Domine,
3619 2978 3833 3033 exaudi.
3852 2976 4110 3047 Vesperis

2519 3062 2678 3116 dictis
2700 3063 2839 3117 sicut
2864 3064 3099 3119 diximus
3119 3066 3365 3135 superius
3388 3068 3654 3136 agendum
3678 3069 3743 3121 de
3764 3068 4102 3137 antipltonis,

828 3158 975 3209 facto
1019 3156 1192 3226 signo,
1222 3165 1384 3224 agant
1428 3155 1730 3208 orationem
1775 3155 1968 3209 deinde
2000 3154 2235 3209 Sextum.
2290 3157 2418 3210 l’ost
2446 3147 2491 3209 C
2524 3151 2969 3220 postMatutiuas,
2994 3155 3065 3207 ita
3092 3164 3285 3225 agatur
3299 3166 3420 3225 post
3451 3155 3736 3226 Vesperas,
3767 3170 3820 3212 et
3850 3159 4108 3229 Vespera:

828 3246 1066 3310 Sextum,
1092 3255 1219 3300 eant
1252 3246 1321 3299 ad
1357 3260 1621 3309 mensam,
1659 3247 1759 3298 hoc
1794 3260 2007 3314 semper
2032 3248 2417 3301 attendendum

826 3349 911 3395 est
938 3349 1090 3392 sexta
1130 3337 1265 3392 feria
1297 3336 1363 3390 de
1410 3352 1590 3399 cruce,
1633 3335 1871 3390 Sabbato
1898 3338 1963 3391 de
1994 3347 2182 3391 sancta
2222 3338 2413 3405 Maria,

825 3430 931 3485 nisi
964 3429 1153 3483 festiva
1183 3427 1364 3498 aliqua
1396 3428 1511 3481 dies
1541 3427 1881 3491 convenerit,
1909 3427 2075 3481 missa
2106 3428 2415 3484 celebretur

823 3520 1155 3592 principalis.

896 3612 1161 3667 Omnibus
1184 3624 1417 3679 namque
1444 3610 1634 3664 diebus
1658 3609 1887 3674 festivis,
1919 3613 2034 3665 sive
2063 3612 2412 3681 quotidianis,

823 3708 989 3763 missa
1033 3707 1182 3759 finita
1214 3706 1426 3760 dicatur
1462 3720 1559 3775 pro
1598 3720 1723 3775 rege
1755 3706 2022 3774 psalmum
2055 3707 2328 3760 Exaudiat
2366 3720 2413 3760 te

820 3796 1065 3861 Domine,
1097 3806 1151 3850 et
1182 3811 1279 3866 pro
1306 3795 1508 3865 regina,
1544 3795 1626 3847 Ad
1653 3806 1701 3848 te
1731 3794 1917 3859 levavi,
1944 3804 2046 3849 etc.
2072 3798 2415 3866 Consequen-

822 3889 967 3942 tibus
992 3889 1265 3957 precibus,
1299 3897 1354 3941 et
1383 3888 1629 3941 oratione
1664 3903 1901 3956 congrua
1934 3889 2178 3943 videlicet
2208 3900 2264 3943 ut
2294 3901 2414 3958 post

819 3979 1064 4044 missam,
1100 3995 1288 4033 eorum
1331 3988 1523 4048 agatur
1560 3980 1819 4033 memoria
1853 3981 2002 4034 utin
2048 3982 2232 4047 missa,
2265 3992 2320 4038 et
2359 3985 2409 4037 in

819 4072 1071 4125 omnibus
1101 4069 1222 4123 aliis
1253 4070 1431 4138 agitur
1462 4070 1628 4122 horis.
1656 4068 1791 4123 Tota
1818 4078 1999 4124 autem
2032 4072 2138 4135 die,
2170 4073 2412 4129 solemne

818 4160 1093 4216 silentium
1124 4169 1368 4212 teneatur
1404 4159 1455 4211 in
1485 4158 1741 4211 claustro.

892 4251 1191 4318 Surgentes
1242 4266 1271 4302 a
1327 4250 1597 4317 capitulo,
1637 4257 1838 4302 canant
1885 4250 2124 4319 quinque
2176 4252 2410 4320 psalmos

815 4357 917 4412 pro
939 4340 1206 4394 defettctis
1238 4358 1250 4391 :
1310 4338 1478 4393 Verba
1525 4356 1675 4403 mea,
1712 4338 1955 4404 Domine,
1998 4340 2082 4395 Ne
2112 4326 2165 4393 iu
2207 4343 2405 4409 furore,

816 4433 993 4488 Dilexi
1041 4434 1315 4503 quoniam,
1359 4432 1593 4491 Credidi.
1655 4431 1729 4484 De
1771 4433 2072 4501 profundis.
2115 4432 2243 4488 Post
2274 4452 2407 4503 quos

814 4526 1056 4597 pulsetur
1080 4524 1277 4587 tabula,
1296 4524 1413 4578 etsi
1441 4524 1570 4591 quid
1596 4539 1701 4577 non
1726 4523 2018 4578 habuerint
2044 4525 2111 4578 ad
2140 4528 2404 4594 agendum

814 4620 1025 4673 dicatur
1049 4624 1255 4670 tantunt
1285 4631 1313 4668 a
1344 4616 1523 4684 priore
1542 4656 1555 4679 ,
1583 4613 1906 4677 Bcuedicite,
1937 4616 2150 4669 caeteris
2180 4631 2403 4684 respon-

813 4709 1083 4772 dentibus,
1119 4706 1395 4759 Dominus.
1429 4706 1485 4759 Si
1513 4720 1640 4759 vero
1675 4722 1812 4775 Opus
1844 4706 2160 4770 habuerint,
2191 4707 2401 4777 pulsata

814 4799 1013 4861 tabula,
1040 4798 1186 4868 prior
1214 4797 1471 4850 auxilium
1503 4797 1654 4866 prius
1683 4797 1898 4851 invocet
1920 4798 2180 4861 divinum,
2215 4799 2401 4853 dicens

814 4891 991 4953 tertio,
1028 4888 1169 4942 Deus
1198 4890 1251 4941 iu
1280 4887 1606 4956 atljutort'um
1648 4904 1819 4940 meum
1858 4889 2070 4941 intende
2094 4929 2107 4953 ,
2140 4888 2401 4944 fratribus

809 4982 912 5038 hoc
936 4981 1075 5035 idem
1102 4979 1575 5048 respondentibus,
1606 4989 1661 5031 et
1687 4978 1893 5041 Gloria,
1928 4977 2093 5034 Pater
2120 4992 2317 5043 uoster,
2344 4991 2398 5034 et

809 5071 1146 5142 Adjutorium
1179 5081 1433 5124 nostrum.
1476 5070 1628 5123 Tunc
1655 5086 1777 5123 eum
1829 5071 2208 5126 decantatione
2234 5088 2397 5125 cauo-

808 5162 915 5216 nici
946 5176 1159 5225 cursus,
1191 5170 1243 5213 et
1280 5159 1517 5227 psalterii
1561 5169 1875 5228 operentur,
1921 5161 2063 5228 quod
2095 5160 2174 5214 eis
2218 5161 2394 5230 injun-

795 5252 951 5323 ‘gitur
997 5265 1166 5321 usque
1200 5250 1342 5317 .dum
1387 5250 1611 5303 audiant
1661 5250 1873 5318 signum
1922 5250 1987 5302 ad
2040 5248 2388 5305 induendum.

805 5340 959 5409 Quod
991 5356 1113 5395 cum
1157 5339 1450 5403 audierint,
1497 5337 1807 5409 disjungant
1836 5354 1892 5391 se
1937 5340 2133 5409 singuli
2166 5343 2231 5395 ab
2259 5358 2389 5412 ope-

804 5436 954 5488 ribus
981 5434 1113 5497 suis,
1158 5431 1481 5487 festinantes
1526 5432 1593 5485 ad
1637 5446 1771 5500 Opus
1816 5431 2049 5494 Domini,
2103 5434 2391 5491 devenien-

2520 3242 2586 3297 de
2616 3243 2866 3297 onmibus
2888 3247 3111 3305 sanctis,
3148 3256 3201 3299 et
3232 3259 3587 3313 mortuorum,
3614 3259 3669 3303 et
3704 3250 3906 3319 vigilia,
3932 3267 4108 3323 usque

2521 3333 2586 3384 ad
2618 3332 2885 3387 Kalendas
2916 3332 3257 3388 Novembris.

2590 3423 2795 3488 Quibus
2830 3425 3067 3491 peractis
3120 3435 3248 3478 eant
3293 3424 3489 3481 fratres
3522 3428 3590 3482 ad
3631 3430 3905 3485 exuendos
3950 3431 4107 3486 diur—

2520 3511 2670 3565 nales
2701 3514 2932 3578 calceos,
2987 3514 3270 3569 induentes
3300 3518 3643 3580 nocturnales
3671 3536 3684 3570 :
3720 3521 3763 3573 si
3799 3520 4103 3576 Sabbatum

2518 3599 2701 3667 fuerit,
2737 3604 2931 3670 singuli
2963 3605 3128 3671 pedes
3155 3620 3280 3660 suos
3312 3605 3513 3672 lavent,
3546 3610 3760 3678 sintque
3814 3627 3941 3665 vasa
3972 3612 4103 3666 huic

2519 3697 2667 3763 operi
2700 3712 2939 3765 congrua
2970 3698 3197 3767 singulis
3223 3700 3537 3770 designata;
3586 3713 3705 3769 post
3735 3703 3929 3770 pedum
3958 3704 4103 3757 lava-

2517 3788 2738 3849 tionem,
2766 3788 2947 3841 lavent
2968 3790 3129 3841 etiam
3153 3789 3385 3853 calceos,
3405 3792 3597 3860 quibus
3619 3794 3919 3862 expedierit
3937 3811 3949 3846 :
3966 3807 4091 3865 post

2519 3885 2662 3939 haec,
2695 3878 3057 3932 tintinnabulo
3085 3896 3113 3932 a
3140 3882 3319 3947 priore
3352 3897 3609 3950 percusso
3636 3923 3652 3947 ,
3688 3887 3949 3940 accedant
3975 3892 4104 3941 cum

2517 3968 2815 4037 gratiarum
2852 3968 3097 4047 actione,
3130 3971 3196 4023 ad
3224 3971 3521 4025 haurienda
3555 3973 3765 4041 pocula.
3804 3976 4105 4043 Snrgentes

2514 4074 2643 4110 vero
2671 4098 2685 4121 ,
2742 4058 2891 4127 prior
2940 4059 3081 4112 hunc
3121 4075 3333 4115 versum
3376 4064 3519 4117 dicat
3562 4082 3575 4116 :
3627 4064 3965 4133 Adjuturium
4012 4085 4106 4122 no~

2512 4162 2697 4211 atrum,
2726 4149 2903 4202 caeteri
2933 4153 3321 4219 respondeant:
3350 4157 3437 4223 qui
3460 4158 3582 4225 [erit
3606 4158 3846 4211 cazlumet
3871 4169 4101 4213 terram:

2512 4242 2638 4295 Inde
2680 4240 2887 4310 pulsata
2919 4238 3130 4307 tabula;
3164 4253 3293 4298 eant
3324 4249 3391 4299 ad
3437 4250 3752 4302 mandatunt
3795 4252 4096 4305 secundum

2515 4333 2712 4404 regula:
2736 4334 2995 4398 edictum,
3023 4350 3127 4403 quo
3142 4347 3359 4404 peracto
3380 4337 3523 4393 facto
3563 4341 3716 4410 signo
3735 4342 3785 4393 in
3811 4343 4096 4398 ecclesiam

2514 4428 2756 4480 initietur
2789 4426 3007 4480 collatio
3027 4466 3042 4489 ,
3075 4443 3397 4495 rursumque
3424 4432 3549 4484 dato
3567 4432 3909 4487 tintittnabuli
3939 4435 4096 4501 signo

2515 4520 2858 4574 refectorium
2897 4522 3162 4575 introeant
3198 4523 3481 4576 eltaritatis
3506 4525 3709 4591 gratia,
3740 4525 4094 4592 quotiescun-

2511 4630 2614 4682 que
2648 4614 2908 4667 fratribus
2933 4617 3171 4669 cltaritas
3207 4616 3420 4669 interitu
3462 4616 3586 4669 dum
3618 4616 3834 4670 collatio
3874 4616 4091 4685 legitur,

2509 4707 2799 4774 prabctur,
2850 4704 3079 4759 lectione
3121 4706 3295 4767 linita,
3326 4707 3685 4777 omnibusque
3722 4709 4091 4777 surgentibus,

2507 4797 2654 4850 dicat
2674 4797 2822 4865 prior
2848 4813 2859 4849 :
2893 4794 2972 4850 Sit
3001 4813 3185 4850 nomen
3230 4796 3438 4849 Domini
3466 4798 3811 4862 benedictum,
3833 4806 3886 4851 et
3916 4796 4089 4851 Bene-

2506 4889 2742 4939 dicamus
2768 4886 2989 4938 Domino
3012 4902 3030 4939 :
3052 4886 3293 4953 Ctetcris,
3326 4896 3384 4940 ut
3414 4902 3529 4940 mos
3565 4898 3667 4953 est,
3718 4889 4093 4958 respondenti-

2505 4979 2623 5033 bus.
2657 4977 2897 5046 llcliquis
2934 4992 3064 5031 vero
3106 4978 3293 5032 diebus
3331 4987 3452 5047 post
3487 4981 3838 5035 mutationem
3880 4980 4090 5035 calcea-

2504 5079 2829 5131 mentorum,
2863 5083 2984 5121 cum
3040 5069 3192 5138 signo
3242 5069 3586 5123 refcetorium
3632 5079 3835 5139 petant.
3876 5070 4087 5125 Exhinc

2501 5157 2752 5210 similiter
2778 5172 2899 5210 eum
2940 5156 3095 5224 signo
3136 5157 3477 5211 collationem
3510 5161 3724 5221 adeant,
3760 5176 3879 5228 qua:
3922 5171 4088 5230 prout

2500 5260 2711 5317 tempus
2768 5248 3094 5316 permiserit,
3134 5261 3296 5317 utque
3346 5250 3513 5319 priori
3566 5253 3738 5306 visunt
3766 5253 3997 5324 legatur,
4030 5266 4084 5309 et

2500 5342 2579 5395 sic
2604 5340 2861 5393 accedant
2883 5341 2950 5395 ad
2973 5341 3401 5408 cetnpletorium.

2573 5434 2739 5500 Signo
2765 5448 2996 5500 namque
3020 5433 3364 5500 Completorii
3398 5436 3631 5500 pulsato,
3662 5448 3851 5500 agatur
3877 5441 4075 5500 oratio,
