4516 5500
378 404 477 461 εδδ

1507 400 1590 451 Dii
1628 398 1954 451 liEGIMlNE
1995 397 2474 452 MONACIIORUM

3513 402 3613 455 ιευ

374 524 609 579 cantato,
639 516 905 570 addantur
943 514 1048 568 duo
1087 511 1296 582 psalmi,
1328 508 1464 561 Deus
1504 510 1556 559 iu
1598 507 1939 575 aitjutorium,
1976 516 2016 567 Α
2050 506 2428 559 festivitatibus
2458 516 2785 567 sanctorum,
2815 507 3023 559 feriales
3048 521 3191 559 more
3224 507 3379 560 solito
3403 516 3620 563 tenean—

372 614 428 657 et
479 602 695 666 Levavi;
746 618 842 672 pro
890 617 1012 671 rege
1052 617 1114 655 ac
1160 600 1339 667 regina
1382 606 1435 649 ct
1483 596 1934 649 benel'actnrihns.

373 691 550 747 Finito
597 693 980 761 completorio,
1027 700 1086 744 ut
1140 690 1191 742 in
1235 688 1416 741 ultima
1466 686 1595 738 hora
1647 686 1938 747 canonica,

375 783 451 837 uti
495 783 545 835 in
580 784 800 836 exordio
837 791 1037 836 sancta:
1077 780 1358 834 Trinitatis
1402 793 1465 831 ac
1496 778 1779 830 individua:
1824 779 1941 829 uni-

378 872 499 924 tatis
543 872 838 926 reverentia
888 872 1123 940 legitime
1152 887 1181 922 a
1233 867 1459 923 servulis
1509 868 1825 920 exhibentur
1855 882 1941 918 ca-

379 964 609 1027 tholicis,
661 975 819 1032 agant
849 966 1079 1031 primum
1131 962 1281 1032 pueri
1328 970 1437 1015 tres
1481 961 1771 1023 orationes,
1826 968 1945 1027 post

376 1068 590 1122 pueros,
620 1063 782 1122 agant
808 1052 1022 1106 fratres.

446 1141 505 1196 ln
536 1144 705 1211 prima
734 1144 996 1206 oratione,
1025 1150 1222 1197 canant
1247 1142 1502 1211 psalmos,
1530 1137 1800 1209 Usquequo
1839 1138 1945 1190 Do-

379 1232 536 1294 mine,
560 1240 693 1294 etc.,
714 1230 907 1283 Judica
937 1249 1017 1285 me
1047 1232 1214 1293 Deus;
1248 1230 1410 1299 Κίρ-ὗε
1437 1230 1649 1293 eleison,
1675 1227 1829 1281 I’uler
1855 1244 1945 1279 uo-

377 1331 502 1383 ster,
543 1330 595 1373 et
631 1335 841 1387 preces,
882 1322 1063 1373 Arcrle
1094 1322 1279 1389 faciem
1308 1331 1448 1373 luant
1467 1337 1486 1385 ;
1514 1320 1617 1374 Cor
1662 1320 1943 1381 mimdum;

378 1411 462 1466 Ne
501 1412 780 1480 proﬁcias,
838 1410 1015 1465 Redde
1061 1412 1186 1463 milii
1236 1406 1505 1475 lretitiam;
1539 1429 1557 1460 ι
1590 1410 1804 1466 Gratias
1853 1410 1944 1461 tibi

377 1517 478 1569 ago
524 1502 749 1555 Domine
787 1514 971 1555 sancte
1001 1501 1158 1554 Pater
1187 1502 1527 1568 omnipotens
1556 1510 1753 1554 mternc
1786 1500 1944 1561 Deus,

376 1593 468 1661 qui
517 1608 601 1646 me
646 1594 896 1662 dignatus
922 1608 981 1646 es
1009 1594 1061 1645 in
1094 1594 1193 1647 bac
1224 1593 1309 1646 die
1336 1594 1607 1647 custodire
1658 1606 1755 1659 per
1804 1601 1947 1644 tuam

375 1692 618 1736 sanctam
668 1682 1031 1745 clementiam,
1084 1681 1316 1736 concede
1370 1682 1521 1745 mihi,
1564 1682 1701 1735 hanc
1738 1690 1947 1733 noctem

376 1772 579 1825 mundo
602 1772 779 1832 corde,
812 1781 865 1823 et
890 1781 1037 1823 casto
1065 1785 1310 1839 corpore,
1338 1772 1414 1824 sic
1441 1784 1697 1838 peragere
1717 1769 1949 1836 qualiter

2048 607 2152 649 tur.
2191 594 2471 648 Prmclaris
2498 611 2627 649 vero
2652 605 2706 649 et
2730 596 2939 649 festivis
2964 595 3406 659 solemnitatibus,
3434 599 3615 668 hymni

2041 696 2427 753 competentes,
2474 700 2569 739 usu
2626 687 2963 741 celebrentur
3007 697 3280 740 consueto.
3338 689 3614 745 Adventus

2042 785 2217 827 autem
2254 774 2485 837 Domini,
2514 774 2968 846 Qumlragcsiiine,
2995 792 3057 828 ac
3084 774 3353 831 Passionis
3380 788 3617 849 tempore

2044 868 2226 937 hymni
2257 869 2498 936 ejusdem
2557 870 2731 923 cultus
2760 871 2995 939 legitime
3027 874 3401 938 dccantentur,
3431 876 3501 929 ita
3537 886 3617 928 ta-

2044 972 2164 1008 men
2212 966 2269 1009 nt
2310 973 2413 1010 non
2445 958 2627 1026 hymni
2660 958 2724 1011 de
2746 958 2969 1024 jejunio,
2996 962 3087 1013 sed
3116 962 3166 1014 hi
3199 961 3285 1029 qui
3315 975 3411 1029 per
3451 972 3617 1016 totum

2044 1062 2240 1097 annum
2270 1056 2515 1109 currunt,
2547 1045 2842 1101 Dominicis
2872 1049 3064 1102 diebus
3088 1049 3197 1103 sive
3219 1051 3464 1104 noctibus
3489 1058 3619 1105 lClll-

2045 1152 2172 1203 pore
2205 1137 2652 1205 quadragesima“
2694 1138 3051 1192 celebrentur.

2116 1228 2195 1278 Ab
2222 1227 2421 1279 eisdem
2454 1226 2707 1280 Kalendis
2735 1230 3062 1283 concedatur
3086 1230 3345 1285 fratribus
3370 1247 3621 1287 accessus

2048 1316 2204 1386 ignis,
2222 1317 2345 1369 dum
2372 1318 2667 1372 necessitas
2688 1320 3027 1386 compulerit,
3056 1332 3111 1375 et
3138 1321 3354 1390 frigoris
3377 1325 3624 1378 nimietas

2049 1405 2365 1458 incubuerit.
2398 1406 2547 1471 Quod
2584 1415 2760 1460 tamen
2799 1409 2897 1461 sub
2915 1408 3133 1463 silentio
3165 1410 3276 1475 fiat,
3307 1413 3357 1464 in
3389 1413 3617 1468 refecto-

2050 1496 2129 1549 rio
2153 1512 2277 1549 vero
2305 1498 2405 1550 hoc
2433 1498 2651 1551 minime
2683 1509 2891 1567 agatur.
2922 1500 2978 1552 In
3012 1500 3167 1567 hujus
3193 1518 3405 1571 quoque
3432 1506 3623 1558 hiemis

2050 1595 2312 1652 tempore,
2354 1596 2571 1653 propter
2620 1589 2839 1640 nimiam
2880 1589 3131 1643 imbrium
3164 1596 3528 1661 asperitatem,
3555 1596 3625 1649 lo-

2049 1688 2143 1726 cus
2169 1684 2323 1742 aptus
2346 1676 2601 1728 fratribus
2634 1676 2963 1743 designetur,
2992 1677 3354 1744 cujus.........
3390 1682 3619 1749 refugio,

2054 1770 2346 1823 hibernalis
2378 1771 2681 1839 argoris,et
2711 1771 3045 1838 inteinperiei
3078 1774 3397 1837 adversitas,
3429 1774 3626 1843 levigc-

378 1874 538 1914 mane
565 1874 791 1928 surgens
817 1870 1029 1929 gratum
1063 1861 1156 1912 tibi
1190 1859 1796 1927 servitiumpersolvere
1822 1874 1947 1927 pos-
1982 1857 2023 1914 B
2055 1871 2173 1924 tur;
2214 1862 2258 1914 si
2303 1870 2480 1914 autem
2520 1863 2803 1931 temperies
2851 1865 3133 1931 tranquilla
3171 1866 3352 1930 fuerit,
3396 1866 3627 1922 claustro

375 1951 499 2005 sim.
529 1950 631 2005 Per
661 1950 945 2004 Dominum
978 1960 1241 2013 nostrum,
1279 1969 1296 2000 ι
1328 1959 1435 2003 etc.

448 2041 505 2095 In
539 2040 778 2095 secunda
826 2040 1069 2093 oratione
1098 2058 1109 2091 :
1159 2038 1294 2092 Deus
1335 2040 1643 2091 misereatur
1674 2039 1869 2101 nostri;
1899 2047 1953 2091 et

391 2127 512 2182 Nisi
550 2127 828 2190 Dominus,
865 2126 1023 2196 Hyrie
1059 2127 1273 2190 eleison,
1315 2126 1476 2180 Pater
1507 2138 1695 2189 uoster,
1737 2128 1951 2181 easdem

382 2228 572 2283 preces
606 2229 739 2282 quas
761 2229 943 2282 supra,
974 2214 1252 2269 collectam
1282 2232 1293 2265 :
1332 2232 1349 2263 ι
1379 2214 1516 2267 Deus
1541 2215 1625 2267 cui
1658 2230 1816 2268 omne
1862 2230 1955 2267 cor

379 2313 554 2374 patet,
582 2314 637 2358 et
684 2306 857 2359 omnis
903 2306 1148 2359 voluntas
1188 2304 1445 2374 loquitur,
1484 2315 1538 2358 et
1561 2320 1719 2374 quem
1752 2306 1951 2358 nullum

377 2394 513 2448 latet
539 2406 805 2449 secretum
844 2396 1066 2464 purilica
1115 2410 1208 2464 per
1237 2394 1557 2449 infusionem
1586 2396 1753 2449 sancti
1782 2395 1951 2463 Spiri-

378 2493 492 2548 tus,
522 2484 876 2554 cogitationes
916 2486 1095 2539 oordis
1127 2486 1317 2550 nostri,
1364 2493 1422 2537 ut
1463 2485 1699 2554 perfecte
1740 2493 1791 2538 te
1836 2486 1953 2539 dili-

374 2588 528 2640 gere,
566 2583 621 2627 et
648 2574 804 2642 digne
835 2573 1042 2628 laudari
1076 2589 1397 2628 mereamur.
1423 2573 1524 2628 Per
1551 2573 1837 2628 Dominum
1862 2590 1954 2628 no-

382 2674 576 2726 strum,
613 2682 631 2715 ι
666 2673 769 2717 etc.

466 2757 525 2811 ln
573 2754 733 2809 tertia
778 2755 1038 2817 oratione,
1074 2753 1150 2808 De
1176 2754 1484 2824 profundis,
1534 2753 1696 2823 Hyrie
1740 2756 1950 2817 eleisou,

380 2851 548 2908 Pater
584 2864 775 2918 noster,
819 2854 1035 2908 easdem
1082 2867 1269 2921 preces
1313 2852 1521 2906 collect.
1555 2869 1572 2901 ι
1603 2848 1954 2919 Omnipotens

381 2944 668 2999 mitissime
693 2944 834 2998 Deus
872 2943 961 3013 qui
990 2942 1192 2996 sitienti
1234 2941 1451 3011 populo,
1497 2943 1698 2995 fontem
1727 2940 1953 2995 viventis

380 3048 536 3102 aqua:
582 3034 649 3088 de
693 3042 847 3103 petra
899 3032 1219 3103 produxisti,
1265 3032 1401 3086 educ
1437 3032 1503 3085 de
1552 3032 1731 3086 cordis
1782 3034 1953 3086 nostri

382 3125 605 3189 duritia,
633 3123 1064 3191 compunctionis
1095 3120 1383 3191 lacrymas,
1428 3130 1486 3173 ut
1522 3130 1741 3191 peccata
1772 3130 1951 3175 nostra

2055 1951 2127 2001 uti
2172 1950 2390 2003 libuerit
2432 1965 2553 2002 cum
2580 1950 2780 2005 Christi
2813 1953 3183 2007 benedictione
3208 1963 3449 2020 utantur,
3478 1958 3621 2024 quod

2053 2039 2096 2090 si
2147 2053 2243 2105 pro
2291 2039 2631 2103 necessitate,
2664 2040 2899 2094 claustro
2931 2045 3269 2111 egredientes
3304 2046 3518 2099 donmm
3550 2048 3627 2101 uti

2054 2130 2286 2183 diximus
2309 2130 2640 2199 designatum
2668 2131 2892 2199 ingrcssi
2923 2132 3143 2196 fuerint,
3173 2133 3311 2187 idem
3338 2135 3409 2188 ibi
3437 2150 3551 2190 mos
3574 2137 3626 2189 in

2059 2221 2307 2273 omnibus
2355 2230 2616 2283 teneatur,
2669 2224 2761 2290 qui
2801 2223 2851 2275 in
2898 2223 3133 2278 claustro
3173 2224 3335 2279 solito
3377 2236 3625 2281 tenetur:

2056 2322 2154 2361 nec
2186 2309 2456 2377 quispiam
2486 2308 2593 2362 ullo
2619 2324 2852 2377 unquam
2888 2320 3125 2380 tempore
3162 2312 3452 2368 claustrum
3477 2316 3629 2369 dese-

2058 2413 2179 2453 rens
2209 2400 2425 2453 domum
2463 2400 2774 2468 praedictam
2805 2401 2870 2452 ad
2905 2404 3343 2457 commorandum
3374 2420 3629 2473 pra-sum-

2055 2500 2278 2559 ptuosus
2314 2489 2492 2554 adeat,
2526 2490 2611 2543 vel
2652 2491 2867 2543 domum
2907 2491 3283 2560 derelinquens
3335 2493 3624 2549 claustrum

2057 2582 2172 2636 sine
2192 2582 2387 2651 prioris
2414 2581 2627 2636 licentia
2651 2599 2667 2647 ;
2691 2583 2983 2637 secundum
3003 2600 3129 2640 vero
3156 2588 3350 2656 regula:
3371 2589 3625 2651 edictum,

2060 2673 2351 2740 temperius
2380 2673 2447 2727 ad
2473 2672 2708 2743 v'giliam
2734 2684 2986 2743 snrgatur
3006 2684 3064 2730 ut
3091 2679 3391 2732 nocturnali
3414 2691 3631 2749 peracto

2056 2762 2247 2828 ofﬁcio,
2277 2771 2331 2817 et
2355 2762 2575 2830 psalmis
2622 2766 2967 2832 supradictis,
3010 2783 3075 2822 ac
3099 2769 3277 2838 vigilia
3320 2786 3417 2839 pro
3446 2771 3631 2825 defun-

2054 2851 2159 2905 clis
2194 2866 2317 2905 cum
2344 2852 2590 2907 laudibus
2619 2854 2728 2907 suis
2748 2895 2762 2919 ,
2793 2863 2953 2925 atque
2984 2858 3261 2912 matutinis
3288 2859 3354 2913 de
3382 2859 3632 2913 omnibus

2057 2944 2258 2997 sanctis
2282 2944 2509 3012 expletis
2529 2983 2543 3007 ,
2577 2945 2833 2999 fratribus
2876 2946 3184 3016 psalmodize
3207 2949 3420 3014 deditis,
3448 2950 3531 3003 vel
3562 2949 3634 3003 le-

2057 3036 2219 3090 ctioni
2247 3037 2538 3089 secundum
2566 3036 2760 3105 regulae
2784 3046 3133 3105 praceptum,
3176 3039 3221 3093 si
3253 3041 3343 3110 qui
3386 3040 3615 3109 indigue-
3641 3033 3646 3081 ἱ

2061 3128 2169 3181 rint
2203 3127 2653 3190 inservientibus,
2706 3126 3045 3181 intervallum
3075 3144 3352 3199 usquequo
3376 3129 3631 3193 lucescat,

378 3214 633 3285 plangere
676 3212 967 3276 valeamus.
1013 3212 1517 3280 remissionemque.
1562 3219 1613 3265 te
1663 3212 1954 3265 miserante
1982 3187 2026 3248 C
2058 3232 2395 3284 cummagna
2427 3216 2696 3284 vigilantia
2719 3218 3053 3271 custodiatur
3080 3234 3110 3271 a
3136 3218 3269 3273 lucis
3296 3220 3631 3289 crepusculo,

381 3318 690 3359 mereamur
721 3302 984 3370 accipere.
1014 3300 1119 3355 Per
1147 3301 1433 3353 Dominum
1463 3310 1728 3364 nostrum,
1760 3318 1779 3351 ι
1810 3309 1916 3354 etc.

464 3412 480 3443 ι
520 3394 872 3462 Omnipotens
919 3391 1203 3445 mitissime
1232 3390 1395 3454 Deus,
1437 3392 1645 3461 respice
1670 3391 1955 3460 propitius,

384 3490 454 3539 ad
486 3499 673 3553 preces
713 3492 947 3547 nostras,
979 3492 1032 3535 et
1063 3482 1227 3535 libera
1274 3497 1370 3536 cor
1397 3491 1663 3546 nostrum,
1698 3481 1764 3535 de
1792 3482 1957 3534 mala-

386 3590 508 3629 rum
571 3572 863 3626 tentatione
913 3572 1328 3641 cogitationum,
1388 3580 1445 3625 ut
1501 3571 1733 3640 Spiritus
1786 3571 1957 3625 sancti

376 3648 608 3733 “dignum
658 3662 777 3715 tieri
822 3661 1187 3716 habitaculum
1228 3675 1533 3715 mereamur
1578 3662 1827 3727 inveniri,
1857 3662 1960 3716 Per

387 3754 675 3827 Dominum
706 3764 969 3818 nostrum,
996 3772 1013 3804 ι
1050 3763 1155 3807 etc.

460 3842 661 3910 Quibus
687 3842 943 3911 peractis,
992 3852 1420 3914 conspergantur
1465 3858 1494 3896 a
1527 3843 1803 3897 sacerdote
1832 3843 1961 3899 heb-

387 3934 723 3997 domadario,
766 3932 1053 3987 benedicta
1092 3922 1275 4004 aqua,
1305 3946 1361 3991 et
1407 3937 1484 3991 sic
1514 3946 1737 4007 pergant
1767 3937 1833 3991 ad
1878 3953 1963 3991 re-

387 4024 571 4093 quiem
619 4038 793 4087 suam,
838 4039 958 4077 cum
1006 4040 1232 4080 summas
1281 4028 1685 4097 tranquillitatis
1716 4044 1867 4092 voce,
1909 4036 1963 4081 et

388 4114 724 4177 reverentia;
771 4113 817 4167 si
848 4114 968 4183 quis
996 4129 1155 4179 vero,
1184 4124 1306 4184 post
1347 4118 1479 4181 haac,
1509 4117 1808 4172 devotionis
1853 4132 1964 4171 suae

388 4200 531 4256 forte
560 4200 792 4265 fervore,
826 4202 910 4257 bis
954 4202 1156 4257 diutius
1199 4205 1510 4259 incumbere
1547 4206 1795 4271 voluerit,
1841 4216 1966 4277 agat

389 4294 609 4364 quidem
639 4295 776 4359 inec,
809 4295 904 4349 sed
949 4296 1132 4350 audito
1172 4297 1325 4365 signo
1368 4298 1571 4362 aeditui,
1611 4315 1718 4368 quo
1762 4301 1967 4355 resides

386 4386 462 4441 ad
507 4385 891 4457 egrediendum
928 4396 1103 4452 vocat,
1156 4388 1233 4441 nil
1282 4400 1542 4443 moretur.
1596 4390 1752 4446 Omni
1800 4392 1966 4446 etiam

388 4484 572 4539 nocte,
614 4484 738 4545 post
784 4477 1229 4545 completorium,
1284 4488 1599 4550 aspergatur
1639 4481 1830 4536 domus
1887 4497 1969 4537 re-

389 4566 682 4635 quietionis
707 4580 898 4622 eorum
926 4569 1365 4623 recumbentibus
1390 4570 1489 4635 eis,
1522 4580 1743 4640 propter
1769 4571 1971 4626 illusio-

385 4670 491 4713 nes
517 4654 829 4710 diabolicas.

388 4762 636 4836 Qualiter
699 4766 829 4818 ordo
883 4765 1193 4834 hymnorum
1249 4777 1472 4836 tempore
1526 4769 1741 4823 hiemali
1803 4781 1970 4825 custo-

469 4835 651 4909 diatur
672 4844 719 4889 et
748 4844 934 4888 uetera
958 4852 1073 4906 qua:
1100 4836 1408 4905 regulariter
1445 4839 1645 4908 agenda
1684 4851 1802 4893 sum
1834 4856 1967 4909 qua-

463 4904 582 4955 liter
605 4914 851 4974 agantur.

462 5015 509 5070 A
536 5014 789 5070 Kalendis
811 5015 1148 5081 Novembris,
1182 5032 1350 5087 usque
1395 5034 1448 5072 ιη
1476 5028 1638 5089 caput
1660 5020 1970 5092 Quadrage-

387 5106 570 5171 sinite,
594 5120 731 5159 unus
761 5114 1010 5161 teneatur
1037 5106 1171 5159 ordo
1197 5106 1541 5177 hymnorum,
1568 5110 1795 5177 scilicet,
1830 5119 1889 5164 ut
1917 5112 1968 5165 in

387 5195 588 5252 diebus
625 5195 963 5251 brevioribus
995 5195 1272 5252 breviores
1300 5198 1546 5253 dicantur
1588 5200 1793 5274 hymni,
1825 5212 1879 5257 et
1918 5204 1971 5259 in

386 5286 729 5357 longioribus
778 5286 1156 5356 productiores
1200 5288 1362 5343 etiam
1408 5288 1589 5358 hymni
1630 5293 1969 5363 psallantur:

376 5377 447 5408 διδ
471 5384 554 5408 οε.
586 5385 643 5408 ΙΙΙ
691 5375 963 5408 Πηηιῖηἶηη
994 5376 1223 5408 νενικήκοι
1290 5377 1333 5408 Π
1375 5379 1463 5408 lum
1493 5378 1640 5408 [ιλ-ιιι-
1661 5402 1673 5408 -
1698 5384 1762 5408 ..Δ
1805 5381 1936 5408 1‘--.

2061 3308 2186 3360 dum
2230 3306 2460 3359 mdituus
2495 3309 2704 3374 signum
2736 3305 3031 3374 pulsaverit
3074 3308 3142 3361 ad
3194 3308 3480 3361 ecclesiam
3513 3310 3631 3361 uni-

2059 3396 2200 3450 versi
2224 3397 2561 3458 conveniant,
2603 3395 2851 3464 factaque
2873 3397 3117 3450 oratione
3148 3396 3350 3450 Laudes
3400 3398 3633 3466 psallunt

2060 3484 2421 3539 matutinales.
2450 3483 2653 3549 Quibus
2675 3484 2859 3548 finitis,
2886 3486 3066 3538 dicant
3093 3487 3413 3553 antiphonas
3442 3502 3633 3556 supra-

2061 3576 2233 3630 dictas
2269 3590 2441 3644 usque
2492 3575 2557 3628 ad
2610 3575 2899 3629 adventum
2934 3574 3166 3642 Domini,
3210 3592 3345 3646 quas
3381 3588 3637 3646 sequatur

2063 3667 2283 3730 Prima,
2334 3674 2389 3719 et
2433 3664 2692 3735 speciales
2736 3666 2948 3735 psalmi,
3000 3678 3055 3719 et
3102 3666 3309 3733 litania,
3355 3676 3476 3737 post
3522 3668 3636 3724 haec

2062 3755 2408 3825 egrediantur
2448 3755 2768 3819 ecclesiam,
2814 3766 2977 3823 atque
3015 3756 3065 3808 in
3098 3756 3382 3811 lectionem
3412 3797 3425 3821 ,
3468 3772 3638 3812 sacra:

2065 3846 2260 3899 anima:
2300 3845 2600 3915 profectum
2629 3845 2974 3911 meditentur,
3014 3862 3182 3916 usque
3211 3848 3279 3900 ad
3306 3856 3514 3916 tempus
3540 3861 3634 3902 su-

2064 3937 2385 4005 pradictum.

2135 4027 2180 4079 A
2234 4026 2528 4080 festivitate
2573 4025 2746 4080 sancti
2790 4024 3028 4089 Martini,
3087 4024 3306 4081 refectis
3361 4026 3639 4093 fratribus,

2066 4114 2348 4170 ecclesiam
2395 4113 2740 4177 intrantibus,
2793 4121 2983 4182 agatur
3020 4112 3233 4183 signum
3282 4112 3471 4179 Name,
3500 4115 3643 4184 quod

2067 4213 2321 4273 sequatur
2345 4204 2456 4272 ipsa
2490 4204 2623 4267 laus,
2658 4219 2821 4273 quam
2846 4204 3057 4256 Nonum
3088 4220 3195 4257 non
3224 4205 3465 4273 sequitur
3485 4216 3642 4274 potus

2069 4310 2237 4363 usque
2284 4295 2350 4349 ad
2395 4294 2830 4349 Purificationem
2876 4304 3075 4348 sancta:
3107 4294 3311 4361 Maria},
3349 4296 3427 4349 sic
3466 4296 3641 4364 agitur

2069 4385 2318 4439 omnibus
2347 4384 2671 4438 solemnibus
2715 4384 2926 4438 diebus.
2956 4383 3092 4436 Aliis
3118 4399 3248 4439 vero
3282 4383 3642 4450 diebusjuxta

2071 4474 2439 4543 supradictum
2463 4474 2704 4529 ordinem
2722 4474 2943 4538 faciant,
2968 4483 3025 4527 ut
3054 4475 3304 4529 videlicet
3332 4473 3474 4528 facto
3496 4475 3650 4543 signo

2073 4568 2299 4622 calcient
2328 4581 2408 4631 se,
2449 4574 2504 4621 et
2552 4566 2759 4636 reliqua
2797 4567 2999 4630 omnia,
3032 4567 3169 4621 sicut
3198 4567 3401 4621 dictum
3438 4576 3520 4620 est
3551 4566 3650 4618 im—

2072 4657 2269 4724 pleant,
2313 4655 2368 4709 in
2407 4654 2642 4722 adventu
2690 4654 2920 4719 Domini,
2974 4655 3240 4724 pinguedo
3288 4655 3649 4716 interdicitur,

2072 4748 2276 4802 scilicet
2320 4746 2479 4813 lardi,
2513 4746 2617 4801 nisi
2648 4744 2854 4801 festivis
2884 4745 3088 4799 diebus.
3132 4746 3370 4817 Vespera
3413 4745 3656 4816 quotidie

2072 4854 2251 4893 mores
2298 4837 2455 4893 solito
2503 4848 2713 4907 agatur,
2748 4846 2808 4891 ut
2856 4836 3063 4891 scilicet
3102 4853 3201 4893 suo
3245 4848 3485 4907 tempore
3531 4849 3652 4906 post

2072 4944 2313 4986 mensam
2340 4929 2665 4984 celebretur.

2075 5036 2311 5104 Qualiter
2340 5036 2518 5109 vigilia
2547 5035 2758 5117 Natalis
2786 5037 3017 5117 Domini,
3040 5048 3086 5091 et
3115 5038 3191 5117 ab_
3206 5039 3388 5093 eadem
3411 5038 3661 5117 solemni-

2220 5120 2325 5163 tate
2368 5123 2528 5179 usque
2554 5110 2606 5160 in
2643 5110 3081 5178 septuagesimum
3109 5112 3192 5180 agi
3224 5110 3517 5163 conveniat.

2150 5200 2206 5255 ιιι
2245 5198 2432 5268 vigilia
2480 5196 2686 5253 Natalis
2741 5197 2974 5261 Domini,
3022 5199 3151 5255 dum
3182 5198 3424 5271 ejusdem
3472 5207 3667 5251 natans

2079 5290 2283 5345 mentio
2303 5305 2332 5342 a
2385 5294 2589 5349 lectore
2620 5288 2883 5343 recitatur
2919 5285 2972 5339 in
3005 5290 3269 5359 capitulo,
3309 5300 3497 5341 omnes
3527 5286 3669 5353 pari-

2074 5388 2169 5408 4η.-
2197 5395 2487 5408 -.--~A-,a-u
2517 5392 2649 5408 anno.
2692 5380 2899 5408 “nali-nul
2960 5382 3168 5408 ηκηιῖσι..
3202 5384 3419 5408 αηηοιθοέ
3454 5381 3675 5408 nrnnlnn
