4516 5500
893 439 994 497 687

1956 438 2012 493 S.
2056 436 2397 493 DL'NSTANI
2441 439 2760 494 ARCillEl‘.
2801 439 3153 496 CANTUAH.

4048 455 4147 508 ‘88

893 571 997 609 non
1046 555 1294 613 habetur,
1344 558 1563 621 propter
1615 551 1730 620 ejus
1773 550 2149 619 gloriosissimi
2184 551 2463 604 victoriam
2498 561 2540 614 Α
2572 559 2756 617 petant
2788 550 3093 603 luminaria.
3151 551 3351 605 Euntcs
3408 562 3586 605 autezu
3638 554 3860 608 silcnter
3904 555 4161 612 incedant

893 644 1170 713 triumphi,
1226 656 1388 711 quam
1438 640 1729 694 destructis
1777 640 1933 693 Erebi
1972 638 2248 701 claustris,
2283 653 2467 694 sccmn

889 732 1075 787 fideles
1112 745 1357 801 quosque
1391 730 1441 782 in
1473 729 1638 783 caelos
1671 728 1915 790 adduxit,
1950 728 2105 781 nobis
2132 729 2294 781 etiam
2328 728 2467 783 redi-

889 824 1045 886 vivis,
1094 838 1243 891 spem
1293 820 1617 874 ascendendi
1667 820 1931 872 concessit
1967 818 2313 872 tmiformiter
2348 835 2469 888 aga-

889 922 996 975 tur,
1047 927 1270 981 vespere
1314 919 1581 965 conantur
1629 908 1952 977 Antiphonre
1988 924 2239 978 congrua:
2266 910 2331 962 de
2358 910 2468 976 ipsa

887 1004 1247 1073 completione
1295 1000 1572 1071 temporis.
1612 1000 1677 1054 ad
1717 1000 1969 1068 psalmos,
2005 1002 2056 1053 in
2100 1000 2251 1069 Cttjlls
2299 1001 2471 1054 noctis

890 1095 1107 1161 Vigilia,
1159 1093 1210 1145 in
1260 1102 1455 1161 quarto
1510 1091 1874 1159 responsorio,
1918 1098 1978 1143 ut
2024 1090 2471 1144 honorificentius

888 1193 1100 1252 agatur,
1132 1184 1239 1236 duo
1268 1182 1427 1237 simul
1464 1191 1683 1236 cantent
1714 1181 1864 1244 illttd,
1896 1191 1947 1234 et
1971 1183 2305 1249 evangelium
2346 1190 2467 1251 post

890 1275 960 1329 Te
981 1275 1150 1329 Deum
1193 1276 1475 1328 laudamus
1499 1276 1567 1327 ab
1598 1274 1794 1327 abbate
1840 1288 1992 1327 more
2040 1274 2200 1327 solito
2237 1275 2465 1344 legatur,

887 1368 1031 1422 dicta
1063 1368 1329 1427 oratione,
1371 1367 1471 1420 sub
1500 1366 1716 1420 silentio
1746 1366 2095 1436 egrediantur
2116 1368 2377 1431 ministri,
2412 1377 2468 1421 ut

885 1457 1209 1518 calcientse,
1242 1456 1418 1509 lavent
1447 1464 1502 1509 et
1533 1456 1757 1509 induant
1782 1454 1883 1508 sub
1907 1454 2272 1518 festinatione,
2302 1458 2471 1511 omni-

883 1550 1093 1617 busque
1124 1548 1289 1617 signis
1318 1546 1499 1607 motis,
1536 1556 1729 1616 agatur
1762 1546 1926 1599 missa
1955 1563 1968 1609 ;
2014 1556 2135 1615 post
2179 1547 2311 1611 hare,
2356 1548 2467 1601 latt-

884 1638 981 1690 des
1026 1635 1409 1698 matutinales,
1461 1635 1546 1687 his
1598 1634 1788 1697 finitis,
1846 1634 2108 1702 incipiant
2164 1634 2349 1689 laudes
2401 1638 2466 1690 de

883 1727 1132 1780 omnibus
1184 1725 1421 1788 sanctis,
1473 1738 1626 1778 more
1677 1724 1857 1790 solito,
1917 1725 1961 1778 si
2014 1734 2193 1779 autem
2251 1727 2465 1780 duxerit

882 1820 1104 1872 missam
1137 1816 1410 1870 celebrent
1452 1814 1849 1879 matutinalem,
1897 1830 2017 1884 qua:
2069 1816 2121 1869 itt
2172 1816 2306 1871 lucis
2345 1832 2464 1871 cre-

2577 644 2886 713 psalmodice
2935 643 3137 708 dediti,
3174 654 3227 698 et
3264 660 3452 700 omnes
3502 646 3638 700 albis
3693 646 3901 709 induti,
3948 650 3995 703 si
4041 651 4157 704 fieri

2573 742 2749 801 potest
2801 733 2882 787 vel
2934 736 3075 789 aeris
3103 736 3411 802 permiserit
3460 738 3846 806 temperies,et
3896 739 4163 795 intrantes

2573 821 2857 875 ecclesiam
2889 833 3051 891 agant
3096 825 3395 877 orationem
3429 840 3550 878 cum
3601 827 3895 895 antiphona
3916 867 3930 889 ,
3960 838 4015 881 et
4045 830 4157 882 col-

2574 912 2708 967 lecta
2744 916 2809 966 ad
2849 914 3247 967 venerationem
3278 915 3444 983 ipsius
3479 918 3647 969 sancti
3675 917 3759 969 cui
3787 917 4009 971 ecclesia
4042 918 4156 986 ipsa

2573 1004 2825 1071 adquam
2876 1004 2985 1056 itur
3014 1004 3256 1057 dedicata
3291 1016 3391 1058 est.
3428 1006 3629 1059 Deinde
3677 1007 3844 1061 abbas
3868 1048 3882 1071 ,
3938 1008 4068 1060 stola
4106 1017 4157 1060 et

2571 1108 2740 1161 cappa
2798 1092 3016 1146 indutus
3070 1095 3351 1148 benedicat
3405 1095 3675 1160 candelas,
3733 1105 3786 1150 et
3833 1106 4158 1166 conspergat

2572 1197 2711 1249 aqua
2743 1183 3047 1244 benedicta,
3071 1191 3125 1235 et
3158 1184 3443 1247 Ihurificet,
3476 1194 3530 1238 et
3551 1185 3628 1237 sic
3652 1193 3872 1252 accepto
3901 1200 4059 1238 cereo
4088 1183 4157 1236 ab

2570 1274 2769 1325 :edituo
2801 1272 3152 1340 psallentibus
3181 1275 3413 1339 cunctis,
3445 1275 3712 1342 accipiant
3748 1275 3941 1343 singuli
3974 1276 4156 1342 singu-

2572 1363 2671 1428 los,
2699 1375 3053 1433 acceptosque
3080 1366 3397 1419 accendant.
3445 1366 3571 1419 lude
3597 1375 3928 1419 revertentes
3953 1374 4157 1419 canant

2570 1462 2921 1528 antiphonas,
2952 1477 3072 1530 qua:
3100 1462 3297 1515 adsunt
3323 1475 3600 1530 usquequo
3630 1461 3850 1513 veniant
3876 1469 3999 1514 ante
4030 1475 4155 1529 por-

2573 1556 2710 1613 tam,
2746 1550 2837 1603 ubi
2883 1550 3167 1603 decantata
3214 1550 3544 1619 antiphona,
3598 1549 3917 1615 Responsum
3958 1550 4154 1615 accepit

2571 1638 2809 1701 Simeon,
2854 1638 3067 1692 dicatur
3094 1638 3267 1690 oratio
3296 1636 3507 1689 Exaudi
3558 1652 3857 1705 quwsumus
3902 1636 4150 1696 Domine,

2567 1738 2853 1797 postquam
2892 1729 3264 1796 ingrediantur
3305 1729 3591 1783 ecclesiam
3632 1736 3889 1782 canentes
3930 1742 4150 1795 respon-

2570 1818 2771 1870 sorinm
2790 1816 2921 1869 Cum
2936 1817 3489 1885 inducerentpuerum,
3511 1818 3610 1871 hoc
3625 1818 3947 1870 decantanto
3969 1816 4154 1869 dicant

881 1910 1106 1979 puscnlo
1134 1907 1453 1963 celebranda
1481 1915 1583 1959 est.
1618 1906 1821 1959 Dehinc
1858 1914 2100 1974 tempore
2133 1916 2455 1977 opportuno,
2495 1896 2535 1953 Β
2565 1908 2864 1960 orationem
2897 1906 3227 1960 Dominicam
3254 1947 3268 1970 ,
3292 1907 3489 1960 dehinc
3541 1916 3800 1975 sequatur
3844 1907 4017 1968 tertia,
4042 1922 4149 1974 qua

880 2002 1037 2069 signo
1067 1998 1278 2068 pulsato
1303 2005 1519 2051 canant.
1554 1994 1791 2049 Primam
1820 1996 1967 2049 finita
1998 1997 2203 2061 Prima,
2242 1999 2461 2051 venien-

881 2099 961 2143 tes
989 2087 1053 2141 ad
1087 2086 1406 2156 capitulum,
1451 2094 1572 2155 post
1602 2094 1799 2140 cmtera
1828 2086 2123 2154 spiritualis
2148 2087 2460 2140 aedificatio-

877 2180 963 2233 nis
1014 2178 1281 2246 colloquia
1337 2186 1528 2245 petunt
1574 2176 1763 2231 humili
1811 2176 2097 2231 devotione
2148 2176 2344 2232 fratres
2393 2181 2459 2233 ab

878 2272 1095 2334 abbate,
1142 2272 1232 2341 qui
1275 2271 1424 2325 vices
1467 2270 1666 2324 Christi
1696 2271 1805 2340 agit
1828 2270 2165 2339 postulantes
2198 2271 2458 2341 multipli-

875 2365 1017 2417 cium
1083 2361 1468 2430 indulgentiam
1531 2361 1772 2415 dicentcs
1831 2359 2126 2428 Conﬁteor,
2187 2371 2243 2415 et
2293 2362 2459 2416 abbas

875 2453 1197 2523 respondeat
1227 2452 1560 2506 Misereatnr.
1590 2451 1815 2505 Demum
1845 2453 1961 2521 ipse
1990 2452 2155 2507 abbas
2181 2454 2459 2508 solotenus

875 2560 932 2599 se
961 2552 1311 2614 prosternens
1346 2543 1533 2597 eadem
1560 2557 1589 2595 a
1614 2543 1873 2597 fratribus
1900 2551 2065 2612 petat.
2097 2544 2236 2596 idem
2268 2547 2458 2599 modus

873 2634 1230 2689 confessionis
1278 2633 1452 2704 prima
1509 2633 1786 2688 Paschalis
1833 2634 2195 2689 solemnitatis
2248 2636 2333 2690 die
2380 2638 2451 2692 ita

872 2732 1083 2792 agatur.
1125 2719 1375 2789 Capitulo
1424 2718 1586 2785 facto,
1629 2729 1681 2773 et
1711 2720 1933 2790 psalmis
1956 2722 2117 2776 dictis
2146 2723 2369 2777 induant
2400 2740 2459 2778 se

872 2820 1132 2865 omnesut
1148 2811 1257 2866 sint
1280 2810 1455 2864 ornati
1478 2823 1667 2863 omnes
1690 2812 1758 2864 ad
1783 2810 2040 2865 Tertiam.
2058 2811 2139 2865 Ad
2166 2812 2455 2881 Vesperam

871 2903 1044 2972 ipsius
1069 2903 1175 2957 diei
1197 2904 1447 2957 dicantur
1474 2903 1803 2972 antiphonae,
1824 2903 2014 2958 Tecum
2038 2906 2374 2975 principium,
2403 2916 2458 2960 et

870 2996 1122 3065 reliquae;
1173 2995 1395 3064 reliquis
1443 3009 1571 3049 vero
1614 2997 1787 3051 tribus
1826 2997 2016 3053 diebus
2043 2998 2289 3052 dicantur
2318 2999 2457 3051 anti-

870 3087 1065 3155 phonce
1095 3087 1160 3141 de
1192 3087 1323 3156 ipsis
1344 3087 1549 3142 sanctis
1578 3103 1701 3141 cum
1733 3089 1955 3157 psalmis
1988 3090 2089 3159 ipsi
2121 3089 2455 3143 solezunitati

870 3178 1323 3246 competentibus.
1363 3175 1458 3231 llis
1484 3179 1719 3246 peractis
1762 3193 1979 3232 rursum
2025 3187 2300 3247 repetatur
2350 3177 2449 3231 Te-

868 3283 986 3319 cum
1021 3268 1359 3336 principium,
1408 3283 1576 3337 usque
1603 3269 1669 3322 ad
1698 3269 1928 3323 Octavas
1959 3269 2194 3334 Domini,
2235 3269 2319 3322 his
2349 3283 2449 3322 au-

869 3366 977 3410 tem
1016 3358 1204 3411 diebus
1242 3359 1380 3411 inter
1404 3359 1776 3414 Innocentium
1805 3359 2179 3427 festivitatem,
2208 3371 2263 3415 et
2290 3362 2452 3416 Octa-

868 3461 966 3501 vas
1012 3448 1249 3514 Domini,
1289 3451 1414 3519 quia
1456 3450 1639 3505 Gloria
1680 3454 1734 3506 in
1779 3454 1997 3507 excelsis
2033 3455 2142 3509 Deo
2184 3457 2253 3509 ob
2286 3464 2450 3510 tanta:

866 3538 1181 3593 festivitatis
1220 3542 1689 3595 honorificentiam
1734 3544 1801 3597 ad
1851 3544 2073 3598 missam
2117 3545 2447 3610 celebratur,

865 3634 933 3688 ad
984 3634 1340 3700 Nocturnam,
1389 3647 1444 3690 et
1490 3637 1559 3690 ad
1603 3638 1917 3707 Vesperam,
1968 3640 2045 3693 uti
2092 3639 2158 3693 ad
2202 3640 2448 3705 missam,

866 3730 1008 3781 sicut
1035 3730 1086 3781 in
1124 3744 1281 3783 usum
1321 3728 1480 3797 hujus
1512 3730 1700 3799 patriae
1735 3732 2000 3801 indigena:
2032 3739 2234 3797 tenent,
2266 3733 2449 3785 omnia

866 3818 1021 3887 signa
1050 3818 1337 3886 pulsentur
1369 3859 1383 3884 ,
1412 3834 1540 3872 nam
1572 3821 1828 3875 honestas
1859 3820 2017 3888 hujus
2048 3822 2238 3889 patriae
2270 3837 2451 3875 mores

863 3911 932 3963 ad
963 3910 1249 3964 Dominum
1278 3911 1635 3979 pertinentes,
1677 3926 1815 3980 quos
1852 3922 2095 3966 veterum
2129 3928 2227 3967 usu
2255 3913 2447 3967 didici-

864 4016 985 4055 mus
1037 4001 1184 4054 nullo
1228 4002 1387 4056 modo
1436 4001 1675 4070 abjicere
1724 4003 1818 4057 sed
1847 4004 2082 4073 undique
2108 4005 2183 4057 uti
2214 4004 2450 4057 diximus

863 4094 1222 4147 corroborare
1244 4093 1610 4156 decrevimus,
1650 4094 1718 4147 ad
1750 4096 2047 4149 matutinas
2077 4110 2205 4149 vero
2235 4096 2305 4151 ob
2333 4110 2446 4148 rem

862 4182 1176 4251 praedictam
1229 4182 1360 4236 licet
1422 4182 1493 4236 Te
1550 4182 1720 4236 Deum
1778 4184 2061 4237 laudamus
2120 4197 2231 4239 non
2286 4200 2451 4240 cana-

863 4284 971 4339 tur,
1035 4282 1090 4326 et
1154 4273 1491 4344 evangelium
1557 4275 1781 4328 minime
1852 4274 2046 4330 festivo
2097 4291 2248 4332 more
2298 4277 2449 4346 lega-

862 4374 972 4433 tur,
1026 4382 1219 4421 cereus
1268 4374 1447 4421 tamen
1491 4368 1839 4435 accendatur,
1890 4378 1945 4423 et
1972 4370 2123 4441 signa
2157 4372 2446 4441 pulsentur

859 4458 1064 4523 omnia,
1092 4468 1147 4511 et
1180 4459 1512 4513 lhuribulum
1541 4459 1899 4515 thurificando
1927 4461 2266 4532 deportetur,
2311 4466 2440 4520 hinc

860 4563 1031 4618 usque
1061 4548 1172 4619 (ad)
1206 4548 1563 4618 Epiphaniam
1601 4550 1809 4604 Domini
1838 4553 2029 4621 psalmi
2076 4554 2143 4607 ad
2193 4569 2448 4625 vesperas

860 4640 929 4693 ad
981 4638 1171 4693 feriam
1227 4640 1561 4709 pertinentes
1590 4658 1712 4696 cum
1754 4643 2048 4713 antiphona
2093 4644 2360 4700 dicantur.
2393 4648 2446 4702 In

858 4732 1041 4802 vigilia
1074 4731 1387 4801 Epiphania:
1416 4732 1625 4787 Domini
1649 4734 1914 4805 jejunium
1944 4737 2165 4791 minime
2193 4741 2445 4809 exsequi-

859 4832 965 4877 tur.
996 4822 1076 4877 Ad
1100 4823 1338 4892 psalmos
1379 4824 1546 4893 ipsius
1578 4840 1817 4895 vesperae
1860 4826 2169 4895 antiphona:
2199 4830 2447 4883 dicantur

858 4916 925 4969 de
954 4916 1144 4970 eadem
1175 4917 1541 4971 solemnitate.
1569 4916 1793 4973 Ceteris
1820 4919 2009 4974 diebus
2054 4930 2176 4989 post
2214 4920 2445 4977 Octavas

858 5006 1095 5073 Domini,
1129 5017 1186 5062 et
1240 5008 1662 5079 Epiphaniarum
1722 5010 1955 5078 primum
2008 5011 2172 5076 diem,
2226 5021 2281 5067 et
2326 5024 2448 5083 post

808 5101 820 5111 '
858 5098 1087 5166 primam
1140 5108 1333 5168 agatur
1371 5099 1535 5152 missa
1586 5099 1955 5165 matutinalis,
1988 5110 2042 5155 et
2095 5102 2275 5156 tabula
2330 5113 2451 5172 post

858 5190 1154 5260 capitulum
1198 5190 1463 5258 pulsatur,
1493 5198 1548 5243 et
1595 5190 1899 5245 obedientia
1944 5192 2143 5258 agitur,
2193 5203 2247 5248 et
2295 5196 2446 5265 signa

859 5277 1017 5331 simul
1052 5294 1156 5331 non
1181 5277 1485 5347 pulsantur,
1517 5293 1615 5332 nec
1638 5277 1821 5333 Gloria
1845 5281 1897 5332 in
1925 5281 2140 5335 excelsis
2170 5282 2278 5336 Deo
2303 5285 2448 5338 cani-

861 5377 969 5432 tur,
998 5367 1099 5421 nisi
1130 5367 1232 5420 alia
1263 5366 1529 5423 festivitas
1566 5370 1952 5435 intervenerit,
1999 5388 2166 5441 usque
2197 5382 2443 5428 octavam

858 5457 1017 5500 lliPlll.
1045 5458 1134 5500 mli
1164 5458 1481 5500 cnlomnilnr
1503 5476 1623 5500 mum
1660 5476 1732 5500 vn
1773 5461 2089 5500 Ipnlinnilmc
2114 5466 2422 5500 ηοιοιιι-σιίιιη

2565 1996 2713 2049 finita
2767 1996 2811 2049 si
2861 1998 3260 2063 processionem
3311 1997 3483 2048 induti
3515 2011 3618 2047 non
3650 2004 3876 2064 egerunt
3926 1995 4155 2047 induant

2562 2100 2643 2147 se,
2676 2094 2731 2137 et
2759 2086 2976 2139 missam
3006 2085 3345 2139 celebrantes
3377 2095 3595 2140 teneant
3625 2087 3907 2139 luminaria
3938 2087 3988 2138 in
4037 2102 4152 2139 ma-

2561 2177 2719 2230 nibus
2740 2178 2910 2231 donec
2960 2187 3079 2246 post
3110 2178 3436 2231 oblationem
3488 2192 3550 2231 ea
3594 2178 3857 2231 sacerdoti
3889 2177 4149 2242 offerant,

2561 2269 2649 2336 qui
2683 2268 2941 2337 regularis
2987 2269 3116 2321 ordo
3147 2284 3176 2320 a
3240 2268 3649 2336 Septuagesima
3702 2277 3812 2321 tota
3841 2267 4149 2337 Quadrage-

2561 2360 2693 2411 siina
2737 2359 3095 2412 custodiatur.

2630 2448 2687 2501 In
2742 2447 3147 2518 Septuagesima
3199 2462 3328 2502 vero
3398 2448 3666 2519 pinguedo
3735 2446 4145 2512 intermittatur,

2561 2554 2732 2607 usque
2792 2540 2845 2592 in
2879 2538 3427 2608 Quinquagesimam;
3459 2554 3487 2591 a
3518 2538 3973 2608 Quinquagesima
4020 2552 4147 2589 vero

2559 2630 3095 2699 Quadragesimalem
3124 2637 3348 2683 teneant
3376 2630 3759 2682 abstinentiam
3788 2644 3938 2682 more
3964 2628 4141 2682 solito.

2557 2724 2603 2777 Α
2638 2722 3043 2790 Septuagesima
3075 2731 3253 2774 autem
3284 2720 3450 2773 finitis
3481 2720 3655 2773 tribus
3685 2717 4003 2771 lectionibus
4048 2734 4161 2771 sex.

2558 2824 2835 2868 nocturnae
2865 2811 3183 2882 posterioris
3208 2810 3399 2879 psalmi
3433 2810 3509 2862 uti
3542 2810 3750 2878 priores
3798 2823 3921 2862 cum
3974 2808 4146 2861 tribus

2559 2905 2871 2975 antiphonis
2900 2920 2968 2958 ex
3000 2903 3241 2974 ipsorum
3287 2902 3615 2973 psalmorum
3669 2910 3934 2955 concentu
3986 2901 4146 2954 editis

2558 3016 2728 3069 usque
2753 3000 2821 3054 ad
2847 2999 3069 3054 Coenam
3101 2998 3314 3053 Domini
3354 3013 3478 3052 cum
3506 3012 3715 3051 smnma
3745 2995 4020 3065 diligentia
4050 2996 4146 3049 de-

2556 3098 2863 3145 cantentur.
2897 3091 2941 3143 A
2981 3090 3157 3159 capite
3190 3087 3413 3158 jejunii,
3455 3097 3650 3155 quarta
3679 3126 3693 3150 ,
3725 3096 3779 3139 et
3818 3095 3968 3138 sexta
4008 3083 4143 3137 feria

2559 3183 2958 3253 processionem
2994 3182 3302 3235 custodiant
3328 3194 3497 3248 usque
3525 3180 3576 3232 in
3605 3179 3773 3233 (Stena
3814 3176 4054 3238 Domini,
4089 3186 4146 3229 et

2556 3276 2624 3328 ab
2653 3275 2856 3328 octavis
2894 3273 3240 3327 Pentecostcs
3269 3285 3437 3341 usque
3468 3271 3534 3324 ad
3565 3270 3833 3324 Calendas
3859 3268 4141 3323 Octobris:

2553 3367 2710 3436 cujus
2733 3367 2865 3421 ordo
2888 3366 3249 3436 proccssionis
3274 3365 3350 3418 ita
3382 3374 3578 3435 agatur
3612 3379 3626 3416 :
3658 3362 3857 3429 Quarta
3886 3360 4019 3415 feria
4050 3376 4146 3413 ca-

2551 3458 2677 3527 pitis
2716 3456 2906 3526 jejunii
2958 3455 3119 3509 Nona
3153 3457 3479 3509 decantanta
3527 3455 3693 3507 abbas
3736 3452 3872 3507 stola
3920 3460 4145 3504 ornatus

2552 3550 2833 3604 benedicat
2868 3549 3078 3602 cineres
3108 3566 3121 3601 ε
3147 3548 3343 3616 quibus
3366 3547 3662 3601 benedictus
3691 3556 3778 3599 eat
3812 3546 3923 3614 ipse
3953 3544 4144 3609 abbas,

2552 3649 2607 3693 et
2632 3640 3160 3708 imponatcapttibus
3192 3638 3555 3708 singulorum,
3590 3637 3713 3707 quia
3746 3634 3863 3702 ejus
3902 3644 3982 3689 cst
4019 3649 4139 3704 pm-

2554 3732 2836 3785 nitentiam
2888 3731 2993 3785 illis
3021 3732 3318 3800 imponere,
3359 3739 3617 3785 canentes
3644 3730 3859 3782 interim
3891 3726 4146 3795 antipho-

2554 3839 2677 3876 nam
2710 3838 2724 3875 :
2762 3824 2974 3876 Exaudi
3022 3840 3135 3885 nos,
3168 3823 3431 3886 Domine;
3471 3822 3690 3877 Salvum
3720 3837 3799 3873 me
3822 3820 3928 3890 fac,
3973 3818 4145 3882 Deus,

2552 3924 2607 3967 et
2636 3913 2818 3967 Gloria
2847 3930 2864 3977 ;
2898 3912 3063 3981 Kyrie
3118 3902 3309 3967 eleison
3341 3930 3359 3977 ,'
3398 3912 3560 3966 Pater
3605 3923 3820 3975 noster;
3856 3911 3995 3965 Deus
4043 3911 4148 3979 mi-

2551 4013 2788 4056 sereatur
2811 4004 2990 4065 nostri,
3025 4012 3080 4057 et
3109 4018 3331 4070 preces,
3363 4012 3417 4055 et
3451 4004 3727 4057 collectas.
3761 4003 3914 4055 Tunc
3943 3999 4147 4055 vadunt

2552 4109 2660 4162 quo
2706 4094 2782 4146 ire
2813 4094 3013 4147 habent
3042 4105 3303 4146 canentes
3330 4094 3687 4160 antiphonas,
3716 4107 3836 4160 qua:
3879 4092 3931 4144 in
3982 4090 4146 4143 Anti-

2552 4184 2815 4251 phonario
2861 4184 3210 4236 continentur
3235 4201 3246 4235 :
3275 4183 3552 4236 venientes
3582 4182 3647 4235 ad
3691 4181 3973 4235 ecclesiam
3994 4218 4008 4241 ,
4031 4194 4145 4248 quo

2551 4286 2702 4337 eunt,
2753 4276 2945 4329 iterum
2978 4283 3142 4344 agant
3174 4277 3473 4329 orationem
3497 4315 3511 4337 ,
3538 4283 3594 4327 et
3638 4282 3760 4344 post
3789 4272 4143 4341 antiphonam

2553 4366 2617 4419 de
2647 4376 2835 4420 sancto
2858 4406 2873 4432 ,
2907 4378 2961 4421 et
2986 4369 3251 4436 psalmum
3272 4408 3287 4432 ,
3319 4368 3398 4421 Ad
3429 4378 3478 4420 te
3516 4367 3679 4420 levari
3709 4364 3905 4427 oculos,
3938 4375 3991 4418 et
4018 4378 4143 4433 prc-

2551 4472 2666 4521 ces,
2691 4466 2745 4509 et
2766 4458 3066 4512 orationem
3092 4459 3163 4512 ibi
3189 4459 3507 4527 incipientes
3531 4456 3770 4510 litaniam
3798 4460 4145 4508 revertantur

2553 4550 2617 4602 ad
2650 4561 2877 4603 matrem
2908 4551 3214 4615 ecclesiam,
3245 4566 3309 4604 ac
3339 4550 3534 4604 dehinc
3564 4563 3715 4602 more
3762 4546 3919 4601 solito
3948 4553 4144 4611 agatur

2555 4642 2739 4695 missa.
2776 4643 2881 4697 lste
2911 4645 3044 4697 ordo
3087 4642 3452 4713 processionis
3493 4654 3706 4708 semper
3738 4646 3981 4692 teneatur
4007 4651 4144 4703 quo.

2555 4733 2652 4786 ties
2677 4732 2953 4801 processio
3001 4733 3194 4802 agitur.
3248 4732 3353 4785 Sed
3394 4731 3513 4783 aliis
3541 4728 3876 4796 temporibus
3923 4740 4142 4793 semper

2551 4824 2844 4892 antiphona
2882 4822 3151 4891 Exsurge,
3198 4821 3441 4883 Domine,
3505 4819 3714 4873 dicatur
3776 4816 3949 4885 prima
4011 4830 4138 4867 cum

2549 4914 2755 4984 psalmo
2781 4923 2835 4967 ct
2860 4911 3061 4967 Gloria.
3145 4972 3158 4984 η

2620 5009 2715 5063 llis
2740 5009 2980 5077 peractis
3016 5008 3239 5061 induant
3270 5022 3327 5062 se
3350 5006 3583 5061 ministri
3614 5005 3821 5069 altaris,
3850 5013 4136 5074 postquam

2551 5102 2777 5172 ingressi
2812 5100 3012 5154 fuerint
3039 5100 3322 5154 ecclesiam
3354 5114 3477 5152 cum
3524 5096 3889 5167 processione,
3918 5093 4137 5164 prolon-

2550 5202 2671 5263 gata
2702 5192 2906 5255 litania,
2950 5201 3209 5260 quantum
3233 5192 3299 5246 ad
3350 5191 3453 5245 hoc
3498 5188 3744 5244 sulliciat.
3779 5187 3929 5241 Tunc
3957 5185 4134 5240 induti

2551 5282 2750 5337 casulis
2797 5283 3075 5345 sacerdos,
3121 5282 3405 5345 diaconus,
3463 5282 3827 5335 subdiaconus
3874 5286 4138 5347 peragant

2549 5373 2850 5427 ministeria
2902 5388 3018 5427 sua.
3048 5372 3148 5427 Hic
3196 5384 3376 5427 autem
3435 5388 3553 5427 mos
3596 5369 3869 5434 casularii,
3896 5377 4133 5421 tantum-

2556 5467 2713 5500 mn.ln
2760 5464 3206 5500 nllndrunmcinsqli
3264 5474 3313 5500 nl
3371 5475 3605 5500 nusqlnnr
3652 5461 3985 5500 lnmnnrihllc
4028 5473 4131 5500 ιιςιι
