4516 5500
461 368 567 427 ιδθ

1558 372 1645 425 DE
1686 370 2008 424 liEGlMlNE
2050 371 2544 427 MUNACIIORLM.

3596 378 3698 434 ‘90

459 481 739 549 duplicans
786 495 902 535 eam
956 480 1324 551 circumponat
1350 482 1450 536 sibi
1485 483 1536 535 in
1572 483 1788 536 sinislra
1817 482 2032 551 scopula
2064 488 2107 543 Α
2140 482 2477 549 passionibns
2497 492 2712 550 excepta
2741 500 3043 552 parasrevze
3074 488 3317 556 passione
3338 488 3422 542 ubi
3449 500 3697 545 neutrum

460 580 751 624 auneclens
796 569 1018 624 alteram
1067 572 1431 625 summitatem
1477 572 1593 641 ejus
1636 573 1847 641 cingulo
1877 572 2028 624 albau

459 657 684 713 Peracto
704 660 1099 713 communionis
1119 668 1479 723 sacramento,
1515 661 1699 714 induat
1741 676 1861 713 eam
1881 670 2031 713 ante-

455 766 619 820 quam
650 750 872 805 collecta
900 751 1135 804 ﬁniatur.
1166 751 1219 805 In
1243 752 1566 821 supradictis
1594 752 1779 805 diebus
1796 751 2033 817 Quadra-

456 842 675 911 gesiinze
716 842 993 912 completas
1032 843 1271 911 pulsetur
1301 844 1510 912 signum
1557 843 1623 896 ad
1668 858 1942 911 vesperas,
1979 845 2033 895 et

456 940 646 999 agatur
670 932 880 994 oratio;
930 930 1125 984 dehinc
1172 930 1223 984 in
1267 931 1546 985 intervallo
1598 946 1703 1000 quo
1737 931 1887 1000 signa
1916 929 2030 998 pul-

455 1031 667 1085 santur,
709 1030 836 1075 eant
882 1021 1115 1075 ministri
1148 1022 1393 1089 accipere
1438 1022 1685 1084 mixtum,
1720 1024 1811 1087 qui
1844 1021 2030 1075 volue-

455 1109 583 1173 rint,
607 1112 699 1178 qui
717 1126 842 1164 vero
861 1110 1131 1164 noluerint
1153 1110 1421 1164 licentiam
1452 1112 1681 1165 habeant
1706 1111 2029 1176 dimittendi,

452 1209 510 1251 et
537 1201 663 1267 quia
705 1200 901 1269 regulae
934 1210 1178 1255 tenemus
1214 1212 1587 1256 ornamentum
1628 1203 1678 1256 in
1712 1202 1796 1256 his
1834 1202 2031 1255 sanctis

455 1289 644 1342 diebus
674 1292 1118 1359 Quadragesimm
1161 1291 1360 1360 aliquid
1394 1293 1547 1345 nobis
1572 1292 1799 1360 augendi
1838 1290 2031 1345 divina:

449 1378 696 1431 servituti
726 1379 791 1431 ad
828 1380 1043 1434 solitum
1079 1395 1303 1449 pensum
1349 1376 1541 1433 nostra:
1570 1382 1867 1444 servitutis,
1904 1394 2028 1434 cen-

449 1468 659 1521 suimus
688 1478 744 1522 ut
772 1485 801 1523 a
848 1472 1023 1539 capite
1058 1470 1491 1540 Quadragesimae
1536 1484 1704 1539 usque
1727 1472 1792 1524 ad
1821 1484 2027 1523 caenam

448 1554 687 1622 Domini,
715 1558 921 1613 festivis
944 1561 1186 1629 exceptis
1211 1561 1418 1623 diebus,
1447 1560 1682 1628 quotidie
1708 1568 1829 1629 post
1849 1558 2030 1629 exple-

445 1644 647 1699 tionem
684 1648 1101 1718 uniuscujusque
1148 1650 1295 1703 hora:
1322 1649 1457 1703 duos
1501 1650 1735 1719 psalmos
1774 1648 2026 1719 prostrati

443 1735 560 1788 solo
589 1738 811 1790 oratorii
843 1753 1161 1806 peroremus
1190 1740 1388 1804 devoti,
1414 1754 1478 1794 eo
1506 1741 1709 1795 scilicet
1735 1739 1921 1794 ordine
1948 1748 2023 1800 ιιι,

2136 571 2345 625 dicatur
2375 586 2473 625 nec
2503 572 2755 627 Dominus
2780 575 3070 637 vobiscum,
3105 592 3202 631 nec
3245 575 3424 629 Gloria
3475 579 3568 631 tibi
3599 578 3699 631 Do—

2134 662 2291 714 mine.
2322 661 2522 728 Quinta
2571 661 2705 717 feria
2753 679 2871 733 qua:
2924 675 2978 718 et
3015 665 3178 719 Coena
3219 664 3428 719 Domini
3482 668 3697 727 dicitur,

2134 754 2451 806 nocturnale
2532 752 2766 809 oliicium
2832 767 3022 825 agatur
3082 756 3374 811 secundum
3433 758 3573 824 quod
3647 759 3699 810 in

2133 841 2446 910 antiplionio
2475 842 2721 897 habetur.
2745 844 3115 914 Comperimus
3139 846 3299 899 etiam
3346 847 3397 899 in
3437 861 3698 915 quorum-

2132 930 2253 984 dam
2284 931 2656 1001 religiosorum
2702 933 2949 988 ecclesiis
2991 934 3245 1003 quiddam
3271 935 3417 990 ﬁeri.
3464 936 3605 1005 quod
3631 937 3697 989 ad

2133 1020 2434 1074 animarum
2482 1024 2945 1091 compunctionem
2975 1026 3270 1095 spiritualis
3319 1027 3393 1081 rei
3444 1027 3699 1081 imlicimn

2130 1118 2376 1165 exortum
2415 1120 2521 1175 est,
2541 1112 2785 1167 videlicet
2816 1123 2869 1167 ut
2896 1124 3114 1183 peracto
3137 1116 3396 1185 quidquid
3431 1119 3494 1169 ad
3525 1118 3695 1170 canti-

2131 1201 2306 1256 lenam
2340 1202 2481 1256 illius
2506 1204 2681 1257 noctis
2708 1205 2957 1273 pertinet,
2993 1206 3374 1277 Evangeliique
3403 1210 3697 1277 antiphona

2132 1288 2280 1343 ﬁnita
2303 1330 2319 1355 ,
2351 1290 2591 1360 nihilque
2618 1290 2730 1359 jam
2768 1307 3049 1346 CCI‘OOI‘IIII)
3095 1295 3312 1349 luminis
3362 1306 3697 1360 remanente,

2130 1380 2237 1433 sint
2262 1379 2367 1434 duo
2396 1381 2461 1433 ad
2492 1382 2593 1434 hoc
2628 1381 2768 1435 idem
2799 1382 3052 1436 destinati
3080 1385 3229 1452 pueri
3261 1386 3313 1437 in
3337 1386 3520 1439 dextra
3548 1398 3700 1454 parte

2128 1470 2302 1532 ebori,
2331 1470 2420 1537 qui
2452 1485 2645 1524 sonora
2672 1470 2903 1539 psallant
2924 1487 3053 1526 voce
3069 1471 3115 1524 Κ
3120 1475 3230 1542 yrie
3258 1474 3471 1539 eleison,
3490 1476 3699 1545 duoque

2130 1557 2180 1611 in
2214 1558 2431 1611 sinistra
2480 1569 2633 1627 parte
2663 1559 2933 1623 similiter,
2966 1561 3057 1629 qui
3092 1563 3453 1631 respondeant
3497 1563 3699 1618 Christe

2128 1645 2342 1709 eleisan,
2392 1662 2493 1701 nec
2544 1663 2648 1703 non
2700 1648 2841 1703 etin
2887 1651 3205 1704 occidentali
3252 1663 3404 1720 parte
3453 1654 3558 1707 duo
3604 1657 3694 1723 qui

2129 1737 2308 1791 dicant
2363 1739 2605 1804 Domine,
2662 1742 2903 1796 miserere
2963 1743 3143 1807 nobis;
3194 1746 3388 1813 quibus
3444 1750 3695 1816 peractis,

442 1822 720 1879 Matutinis
763 1827 952 1891 ﬁnitis,
984 1844 1103 1882 mox
1136 1831 1383 1884 dicantur
1410 1833 1515 1884 duo
1556 1832 1747 1899 psalmi
1781 1831 2019 1894 Domine,
2059 1830 2097 1888 Β
2130 1830 2445 1897 respondeat
2478 1830 2636 1884 simul
2680 1833 2857 1887 omnis
2886 1835 3113 1898 chorus,
3154 1835 3392 1891 Christus
3443 1839 3695 1892 Dominus

440 1930 506 1967 ne
536 1918 589 1967 in
620 1916 818 1983 furore,
846 1917 896 1981 l,
918 1927 970 1972 et
996 1918 1077 1970 Ad
1106 1918 1410 1983 Dominum,
1432 1918 1592 1989 Kyrie
1625 1921 1831 1981 eleison,
1866 1920 2025 1974 Pater

438 2014 640 2065 noster,
669 2013 723 2059 et
751 2022 938 2075 preces
959 2024 1057 2078 pro
1082 2011 1344 2079 peccatis,
1366 2019 1419 2064 et
1442 2012 1632 2064 oratio.
1662 2012 1739 2064 Ad
1763 2009 2020 2075 Primam,

438 2092 592 2148 Beati
641 2113 865 2166 quorum
916 2108 973 2152 ct
1021 2097 1227 2165 Levavi,
1271 2109 1326 2153 et
1373 2100 1575 2170 reliqua
1623 2110 1683 2155 ut
1711 2116 1890 2168 Supra.
1943 2101 2022 2154 Ad

439 2184 692 2251 Tertiam,
725 2187 959 2252 Domine,
994 2206 1055 2242 ne
1080 2192 1132 2242 in
1159 2191 1355 2258 furore,
1379 2191 1434 2254 2,
1456 2201 1509 2245 et
1536 2190 1766 2244 Lanatus
1787 2208 1921 2243 sum.
1942 2190 2021 2242 Ad

435 2274 677 2342 Sextum,
712 2277 961 2333 Miserere
982 2283 1102 2345 mei,
1138 2281 1294 2345 Deus,
1323 2293 1377 2337 et
1402 2283 1482 2335 Ad
1512 2294 1558 2336 te
1586 2283 1765 2336 levari.
1798 2284 1877 2337 Ad
1912 2282 2021 2336 Νο-

434 2380 576 2427 nam,
602 2366 821 2421 Domine
848 2370 1064 2434 exaudi,
1090 2380 1145 2424 et
1176 2369 1296 2425 Nisi
1322 2373 1443 2442 quia
1473 2373 1747 2427 Dominus.
1776 2374 1851 2425 Ad
1894 2372 2018 2426 Ves-

436 2468 640 2518 peram,
672 2454 745 2507 De
764 2457 1060 2524 profundis,
1091 2468 1145 2512 et
1176 2457 1276 2523 Qui
1306 2460 1591 2528 conﬁdunt.
1625 2462 1703 2514 Ad
1731 2459 2021 2529 Completo-

432 2542 592 2607 rium,
608 2543 828 2599 Domine
842 2548 1055 2611 exaudi,
1076 2547 1132 2611 9,
1159 2557 1213 2601 et
1238 2547 1672 2613 lnconvertendo,
1694 2559 1750 2602 ut
1776 2552 2015 2606 videlicet

433 2645 537 2700 per
551 2633 788 2704 singulas
819 2636 975 2689 horas
1003 2652 1139 2689 unus
1165 2636 1375 2691 dicatur
1400 2638 1637 2706 psalmus
1666 2640 2014 2707 ptenitcntim,

432 2731 489 2774 et
516 2720 653 2775 alter
695 2723 982 2792 graduum,
1019 2739 1125 2792 quo
1170 2732 1224 2778 et
1274 2740 1371 2778 nos
1396 2738 1740 2794 peccatorum
1787 2729 2016 2782 nexibus

430 2813 632 2880 expiati
687 2814 946 2867 virtutum
996 2815 1249 2884 gradibus
1307 2831 1536 2885 superna
1589 2818 1930 2879 scandamus,
1963 2820 2013 2873 in

429 2903 624 2971 quibus
648 2905 835 2958 diebus
856 2904 1296 2973 Quadragesima:
1320 2920 1414 2974 per
1437 2917 1546 2959 tres
1575 2907 1782 2975 priores
1810 2908 2012 2962 hebdo-

428 2996 611 3047 madas
672 2995 781 3049 sint
836 2996 1012 3057 irrasi,
1060 2996 1327 3049 mediante
1382 3010 1508 3051 vero
1557 3000 2012 3070 quadragesimali

423 3091 682 3151 tempore,
719 3100 917 3139 rasura.-
964 3083 1138 3139 oﬁicio
1166 3085 1400 3156 pilorum
1446 3087 1683 3142 evellant
1731 3093 2009 3161 superflui-

427 3180 609 3226 tatem.

498 3265 769 3320 Dominica
810 3269 894 3321 die
937 3269 1265 3337 Pahnarum,
1297 3274 1423 3343 quia
1456 3275 1626 3345 major
1672 3289 1837 3334 restat
1886 3298 2006 3351 pro-

422 3356 599 3409 crssio
627 3362 856 3425 agenda,
888 3359 975 3412 illa
1006 3376 1123 3429 qua:
1159 3364 1293 3416 solet
1322 3364 1372 3417 iit
1406 3365 1642 3422 claustro
1671 3370 1755 3441 agi
1786 3371 2004 3425 interim

423 3444 549 3496 dum
583 3447 912 3502 matutinalis
944 3451 1012 3502 ini
1046 3466 1103 3503 sa
1138 3453 1373 3517 canitur,
1420 3466 1614 3523 agatur
1658 3474 1687 3511 a
1725 3463 2006 3518 sacerdote

420 3542 631 3589 tantum
702 3541 1141 3607 conspersionem
1192 3551 1245 3595 et
1302 3542 1737 3602 benedictionem
1786 3564 1998 3621 agente.

417 3622 593 3679 Finita
625 3627 710 3680 illa
743 3630 927 3693 missa,
960 3644 1153 3702 agatur
1182 3636 1269 3690 illa
1298 3638 1470 3707 major
1493 3644 1764 3709 processio
1791 3646 1843 3698 in
1872 3662 1998 3714 qua,

411 3716 557 3772 sicut
591 3719 641 3788 in
672 3721 838 3788 priori
881 3722 1115 3779 diximus
1140 3729 1427 3796 agendum,
1456 3730 1531 3783 ita
1562 3742 1771 3801 agatur,
1809 3735 1861 3788 id
1892 3747 1997 3801 est,

412 3818 478 3861 ut
501 3808 565 3861 ad
616 3810 759 3864 illam
792 3812 1075 3868 ecclesiam
1138 3819 1225 3870 tibi
1275 3820 1464 3887 palma:
1492 3833 1617 3877 sunt
1645 3827 1743 3880 sub
1786 3826 1998 3883 silentio

417 3900 702 3953 ordinatim
747 3911 875 3955 eant
929 3904 1091 3959 dediti
1155 3910 1465 3976 psalmodia:
1516 3930 1723 3979 omnes,
1782 3917 1826 3971 si
1881 3920 1994 3973 fieri

415 3997 614 4057 poteSI,
672 4000 725 4044 et
774 3992 905 4045 hora
954 3997 1284 4063 permiserit,
1331 3999 1467 4055 albis
1515 4003 1837 4075 induti,quo
1871 4022 1991 4061 eum

411 4082 761 4147 pervenerint
809 4093 971 4151 agant
1022 4093 1321 4142 orationem
1371 4090 1537 4159 ipsius
1588 4096 1760 4148 sancti
1802 4097 1990 4166 implo-

412 4179 596 4223 rantes
640 4171 829 4224 auxalii
880 4172 1349 4240 intercessionem,
1380 4181 1464 4233 cui
1490 4181 1721 4236 ecclesia
1743 4184 1987 4241 dedicata

406 4268 511 4313 est.
540 4258 717 4315 Finita
740 4264 1009 4328 oratione,
1059 4282 1087 4317 a
1138 4269 1368 4322 diacono
1396 4269 1602 4340 legatur
1644 4273 1986 4346 Evangelium

406 4348 582 4403 Turba
647 4350 853 4417 multa,
919 4370 1087 4425 usque
1150 4359 1379 4412 mundus
1439 4372 1576 4415 totus
1634 4375 1749 4433 post
1818 4368 1983 4436 ipsum

399 4438 563 4503 abiit,
625 4442 769 4510 quod
809 4455 1065 4512 sequatur
1113 4446 1418 4505 benedictio
1476 4451 1801 4519 palmarum;
1864 4469 1985 4526 post

2128 1918 2297 1984 factus
2332 1930 2406 1972 est
2439 1922 2681 1975 obediens
2708 1941 2868 1993 usque
2893 1927 2961 1978 ad
3004 1938 3239 1981 mortem.
3295 1929 3514 1983 Demum
3544 1935 3696 2000 pueri

2126 2006 2445 2062 dexterioris
2474 2010 2626 2063 chori
2658 2021 2899 2080 repetant
2930 2030 3047 2082 quae
3098 2032 3279 2086 supra,
3305 2020 3493 2074 eodem
3540 2022 3696 2074 modo

2125 2110 2230 2164 quo
2283 2112 2473 2166 supra,
2532 2115 2810 2170 usqueqno
2862 2105 3061 2161 chorus
3122 2107 3272 2163 ﬁniat
3338 2126 3457 2179 qua:
3507 2127 3694 2184 supra.

2123 2184 2372 2255 Idemque
2398 2190 2556 2243 tertio
2587 2202 2833 2260 repetant
2860 2195 3049 2250 eodem
3072 2198 3280 2253 ordine.
3306 2199 3510 2266 Quibus
3539 2209 3698 2262 tertio

2125 2274 2308 2339 ﬁnitis,
2342 2283 2717 2347 aganttacitas
2758 2284 3037 2355 genuflexo
3084 2305 3233 2345 more
3280 2293 3437 2349 solito
3485 2313 3691 2366 preces.

2123 2364 2223 2431 Qui
2250 2372 2381 2423 ordo
2404 2372 2563 2425 tritnn
2584 2376 2817 2429 noctium
2844 2377 3182 2435 uniforniiter
3202 2392 3447 2439 teneatur
3468 2364 3535 2443 ab
3559 2390 3692 2445 illis:

2121 2457 2210 2524 qui
2239 2467 2295 2510 ut
2326 2474 2446 2512 reor
2488 2462 2872 2519 ecclesiastica:
2917 2472 3348 2537 compunctionis
3386 2492 3513 2531 usus
3539 2494 3568 2531 a
3598 2496 3690 2533 ca-

2124 2546 2336 2601 tholicis
2378 2548 2497 2604 ideo
2538 2562 2782 2621 repertus
2833 2565 2958 2621 est,
3005 2568 3062 2611 ιιι
3124 2564 3465 2619 tenebrarum
3517 2577 3694 2623 terror

2120 2636 2229 2704 (qui
2259 2638 2581 2706 tripertitum
2612 2645 2866 2699 mundum
2906 2646 3188 2707 Dominica
3220 2657 3472 2722 passione
3498 2660 3690 2715 timore

2118 2728 2347 2792 percutit
2373 2728 2710 2801 insolito),ac
2736 2737 3041 2805 apostolicae
3072 2744 3471 2809 praedicationis
3500 2763 3693 2805 conso-

2118 2815 2246 2869 latio
2272 2818 2412 2888 (qttte
2447 2822 2696 2879 universo
2728 2828 2926 2882 mundo
2954 2828 3229 2887 Christum
3258 2837 3367 2904 pati
3426 2854 3596 2909 usque
3621 2845 3687 2897 ad

2118 2918 2343 2962 mortem
2371 2925 2468 2978 pro
2503 2916 2715 2981 generis
2744 2916 2992 2973 humana:
3033 2921 3207 2977 salute
3235 2924 3571 2984 obedientem
3606 2947 3688 2986 re-

2115 2997 2405 3069 velaverat)
2462 3003 2904 3061 manifestissime
2967 3010 3298 3079 designetur.
3363 3015 3488 3072 Hmc
3556 3036 3686 3090 ergo

2115 3086 2396 3143 inserenda
2435 3096 2764 3160 censuimus,
2801 3107 2857 3151 ut
2885 3099 2927 3153 si
2952 3101 3147 3169 quibus
3191 3104 3491 3162 devotionis
3515 3086 3686 3179 gratia

2037 3177 2081 3239 C
2115 3180 2558 3250 complacuerint,
2590 3187 2821 3241 habeant
2853 3189 2905 3242 in
2935 3191 3020 3245 his
3051 3194 3189 3247 unde
3233 3196 3391 3265 hujus
3438 3177 3687 3273 rei—igna-

2111 3288 2200 3328 ros
2230 3273 2528 3342 instruant;
2556 3276 2644 3346 qui
2670 3287 2848 3332 autem
2881 3280 3169 3347 noluerint,
3203 3285 3267 3337 ad
3299 3287 3399 3341 hoc
3418 3291 3684 3358 agendum

2109 3368 2327 3422 minime
2354 3369 2755 3438 compellantur.

2178 3458 2231 3511 In
2262 3473 2489 3526 quarum
2527 3464 2764 3525 noctium
2796 3469 3146 3534 sequentibus
3173 3470 3362 3527 diebus
3398 3474 3587 3529 adnull
3631 3494 3679 3532 nt

2104 3548 2550 3604 diciturhoram:
2587 3553 2723 3608 Deus
2766 3556 2818 3609 in
2863 3558 3186 3626 adjutorium
3229 3582 3396 3618 meum
3426 3609 3438 3630 ,
3487 3570 3580 3623 sed
3624 3571 3678 3624 in

2103 3638 2366 3692 directum
2396 3640 2625 3709 capitula
2680 3648 2921 3700 canonici
2980 3665 3169 3705 cursus
3218 3655 3467 3710 dicantur
3518 3673 3533 3712 :
3589 3662 3681 3715 dc-

2102 3727 2226 3795 hinc
2281 3745 2506 3795 versus,
2559 3744 2614 3787 et
2666 3738 2965 3804 sequentia.
3021 3740 3073 3792 lu
3126 3755 3315 3811 quarta
3363 3763 3491 3801 vero
3538 3750 3674 3805 feria

2098 3822 2283 3874 eadem
2314 3823 2543 3891 capitula
2581 3825 2740 3880 altius
2785 3819 3056 3895 dicuntur,
3093 3844 3148 3885 ut
3190 3837 3259 3889 ab
3297 3839 3546 3893 omnibus
3581 3857 3679 3896 au-

2097 3910 2329 3974 diantur,
2367 3921 2421 3964 et
2463 3928 2717 3983 vespcrre,
2764 3927 2817 3969 et
2856 3919 3284 3988 completorium,
3325 3931 3535 3983 caeteris
3561 3932 3677 3985 die-

2095 4000 2195 4054 bus
2242 4003 2479 4057 miuime.
2537 4003 2590 4057 In
2648 4008 2971 4075 supradictis
3022 4015 3269 4068 noctibus
3313 4018 3355 4070 si
3394 4024 3671 4079 matutina:

2094 4102 2218 4146 ante
2245 4092 2419 4147 lucem
2468 4095 2667 4149 fuerint
2699 4100 2882 4163 linitat,
2936 4100 3131 4156 fratres
3167 4107 3258 4174 qui
3288 4110 3553 4166 voluerint
3602 4118 3670 4171 ad

2092 4200 2242 4239 suam
2270 4186 2486 4240 redeant
2533 4189 2796 4258 requiem,
2820 4193 2909 4260 qui
2936 4203 3111 4247 autem
3138 4199 3435 4267 spiritualia
3462 4209 3669 4262 exerci-

2092 4275 2160 4327 tia
2198 4276 2484 4330 maluerint
2530 4294 2651 4332 cmn
2680 4295 2890 4335 summo
2923 4283 3204 4354 vigilantes
3239 4290 3452 4345 silentio
3504 4294 3665 4365 (quod

2088 4378 2271 4418 eorum
2318 4367 2601 4421 animabus
2649 4371 2885 4439 expedit,
2924 4389 3082 4427 mane
3110 4375 3252 4432 faoto
3277 4380 3328 4432 in
3360 4394 3515 4438 cmna
3562 4387 3668 4441 Do-

2087 4458 2215 4510 mini
2259 4459 2582 4513 conveniant
2623 4461 2688 4513 a-l
2742 4458 2998 4527 Primam,
3039 4481 3142 4534 qua
3173 4483 3367 4525 sonore
3415 4473 3578 4540 dicta,
3610 4488 3664 4533 et

1790 4518 1795 4519 ,
1864 4518 1877 4526 _
2986 4518 2997 4527 .
3058 4518 3072 4534 .
3122 4518 3125 4519 ν
3174 4518 3365 4525 πη---
3417 4518 3663 4540 -..η-μ.

398 4529 831 4586 benedictionem
864 4545 1226 4606 asticrgantur
1248 4538 1529 4593 benedicta
1574 4557 1709 4610 aqua
1732 4584 1745 4607 ,
1776 4555 1830 4598 et
1860 4548 1980 4601 tlms
2018 4518 2061 4574 θ
2085 4549 2344 4601 canonico
2396 4565 2566 4611 more,
2595 4550 2802 4606 scilicet
2851 4552 2986 4607 Dens
3017 4557 3069 4608 in
3115 4561 3324 4614 nomine
3351 4571 3464 4629 tuo,
3514 4566 3663 4621 Beati

396 4629 703 4687 cremetur,
753 4624 949 4678 dehinc
994 4628 1177 4694 pueris
1236 4628 1613 4685 inchoantibus
1662 4635 1981 4704 autiphonas

397 4710 564 4765 Pueri
591 4712 947 4779 ltebra’orum,
976 4716 1374 4773 distribuantur
1405 4720 1534 4787 ipsa:
1559 4724 1750 4791 palmae
1775 4766 1790 4791 ,
1822 4737 1876 4781 et
1901 4730 1978 4782 sic

390 4798 695 4867 majoribus
711 4803 1026 4870 antiphonis
1052 4804 1278 4859 initiatis
1298 4810 1674 4876 egrediantur;
1702 4815 1975 4869 venientes

388 4904 516 4945 ante
542 4891 830 4945 ecclesiam
862 4894 1180 4959 subsistant,
1212 4896 1383 4951 donec
1411 4900 1564 4966 pueri
1609 4902 1701 4970 qui
1746 4920 1977 4973 praeces-

385 4993 601 5049 serunt,
634 4984 947 5048 decantent,
974 4982 1154 5039 Gloria
1177 4988 1312 5053 laus,
1345 5004 1467 5043 cum
1505 4994 1752 5048 versibus
1797 4998 1969 5051 omni-

384 5075 510 5139 bus,
544 5075 686 5128 sicut
710 5090 825 5129 mos
854 5084 960 5138 est,
1002 5074 1143 5129 Laus
1189 5086 1243 5130 et
1274 5076 1453 5132 Gloria
1488 5085 1968 5153 respondentibus;

382 5170 587 5241 quibus
628 5169 813 5235 ﬁnitis,
838 5170 1129 5238 incipiente
1169 5184 1388 5228 cantore
1430 5181 1828 5246 responsorium
1870 5180 1967 5235 In-

380 5261 651 5331 grediente
680 5260 927 5325 Domino,
963 5262 1276 5329 aperiantur
1299 5274 1463 5335 portae
1488 5283 1502 5332 ;
1538 5269 1786 5342 ingressi,
1814 5273 1967 5329 ﬁnito

381 5352 750 5419 responsorio,
774 5362 943 5423 agant
964 5352 1106 5404 sicut
1126 5366 1287 5421 supra
1309 5357 1514 5411 dictum
1539 5371 1643 5429 est,
1672 5372 1727 5417 et
1745 5374 1965 5419 teneant

2082 4636 2425 4703 inmaculati,
2462 4656 2629 4707 usque
2676 4640 2859 4711 Legem
2897 4660 3049 4712 pone.
3087 4646 3238 4703 Tunc
3282 4651 3424 4706 dicto
3473 4670 3656 4723 versu,

2079 4743 2215 4796 genu
2243 4728 2379 4785 ﬂexo
2417 4742 2678 4803 peragant
2707 4744 2898 4789 czetera
2937 4736 3191 4804 silenter;
3224 4752 3346 4810 post
3376 4740 3537 4801 Pater
3561 4767 3657 4803 no-
3733 4780 3741 4787 ε

2078 4827 2202 4883 δίεν,
2230 4820 2428 4873 dicitur
2458 4822 2700 4885 silenter.
2740 4822 2873 4878 Vivet
2896 4827 3072 4881 anima
3104 4843 3299 4895 mea,et
3324 4832 3561 4892 laudabit
3587 4829 3657 4909 te,

2078 4924 2247 4979 usque
2280 4910 2330 4962 in
2376 4910 2539 4964 ﬁnem
2595 4912 2809 4980 psalmi,
2851 4914 2941 4967 sed
2972 4916 3153 4984 priore
3188 4923 3537 4988 perveniente
3586 4932 3652 4983 ad

2080 4998 2432 5055 confessionis
2461 5002 2633 5056 locum
2662 5001 2804 5059 facto
2846 5004 2999 5074 signo
3043 5018 3206 5077 agant
3238 5012 3657 5072 confessionem.

2075 5089 2131 5145 In
2192 5092 2407 5149 caeteris
2474 5094 2621 5149 horis
2687 5096 2934 5151 similiter
2992 5100 3207 5154 residua
3266 5104 3539 5173 capitula,
3592 5111 3658 5163 ad

2075 5181 2306 5240 Tertiam
2340 5199 2371 5238 a
2425 5186 2612 5258 Legem
2643 5205 2796 5259 pone,
2827 5203 2997 5257 usque
3028 5190 3223 5261 Defeci!
3257 5199 3367 5253 alta
3424 5212 3577 5265 voce,
3609 5210 3662 5255 et

2068 5285 2280 5338 versus,
2311 5282 2365 5328 et
2392 5286 2589 5333 caetera
2642 5278 2880 5333 silenter.
2928 5279 3010 5334 Ad
3072 5280 3291 5341 Sextum
3349 5302 3379 5339 a
3437 5285 3659 5357 Defecit,

2069 5380 2241 5436 usque
2269 5365 2335 5420 ad
2368 5367 2662 5422 Mirabilia.
2695 5370 2772 5425 Ad
2806 5368 3016 5425 Nonam
3043 5387 3075 5426 a
3098 5374 3374 5433 Mirabilia
3401 5391 3570 5447 usque
3601 5382 3653 5433 in
