4516 5500
421 435 526 488 495

1527 426 1611 478 DE
1650 420 1972 477 REGIMINE
2014 420 2433 476 MONACHOHL‘
2448 423 2510 474 .\l.

3560 434 3666 486 £91

407 563 554 610 nam,
577 544 705 596 Ecce
734 543 927 611 lignum
954 539 1159 601 Crat-is;
1191 539 1570 607 Antiphonam,
1595 537 1809 589 Crucem
1839 545 1980 585 tuam
2011 538 2056 594 Λ
2089 530 2223 584 Caro
2248 551 2359 585 mea
2391 537 2664 600 rcquicsret
2697 553 2747 586 ιη
2789 554 2890 602 spe.
2930 536 3102 590 Donec
3137 539 3350 592 veniant
3383 541 3445 592 ad
3491 541 3660 594 locum

406 641 690 690 adoramus
729 653 743 698 ;
793 635 1139 701 antiphonam
1175 673 1186 694 ,
1247 631 1382 684 Dum
1429 632 1713 699 fabricator
1776 626 1976 689 mundi,

408 726 588 794 Punge
626 725 828 792 lingu.
873 722 1015 776 Illico
1059 738 1120 774 ea
1172 723 1392 783 nudata,
1429 720 1605 772 veniat
1642 719 1806 770 abbas
1858 725 1979 767 ante

403 828 622 866 crucem
653 821 895 866 sanetam
916 827 981 866 ac
1013 812 1181 864 tribus
1207 808 1408 862 vicibus
1440 823 1495 861 se
1526 815 1829 876 prosternat
1860 819 1980 857 cum

403 906 653 959 omnibus
683 904 939 957 fratribus
978 903 1297 957 dexterioris
1317 902 1487 963 chori,
1536 900 1738 953 scilicet
1758 896 1982 950 seniori-

401 997 523 1059 bus,
556 1013 618 1051 ac
673 997 996 1066 junioribus,
1029 1003 1080 1048 et
1131 1010 1252 1047 cum
1291 1007 1482 1063 magno
1524 991 1702 1044 cordis
1752 987 1981 1056 suspirio

401 1100 605 1156 septem
641 1089 969 1158 paenitentia:
993 1088 1226 1156 psalmos
1253 1101 1372 1138 cum
1422 1083 1758 1138 orationibus
1781 1089 1980 1134 sancta:

395 1181 545 1232 cruci
577 1180 1005 1249 competentibus
1031 1177 1364 1232 decantando
1396 1183 1629 1244 peroret.

475 1272 526 1322 In
567 1272 738 1338 prima
796 1271 1012 1337 quidem
1043 1272 1286 1322 oratione
1333 1277 1442 1320 tres
1495 1265 1733 1334 psalmos
1777 1262 1979 1334 primos

394 1373 521 1410 cum
554 1359 816 1419 oratione,
856 1377 872 1407 ι
915 1358 1138 1410 Domine
1179 1357 1319 1410 Jesu.
1357 1355 1596 1414 Christe,
1625 1352 1790 1405 adoro
1846 1360 1896 1404 te
1925 1350 1978 1403 in

391 1465 612 1504 crucem
642 1452 1040 1513 ascendentem,
1068 1451 1326 1517 deprecor
1351 1458 1418 1509 te,
1448 1456 1506 1499 ut
1533 1447 1647 1514 ipsa
1678 1459 1810 1498 crux
1843 1442 1980 1496 libe-

393 1551 482 1594 ret
509 1556 590 1594 me
615 1541 680 1594 de
705 1539 916 1593 diabolo
939 1539 1273 1608 percutiente
1300 1556 1312 1590 :
1346 1536 1570 1590 Domine
1588 1533 1710 1588 Jesu
1742 1533 1975 1593 Christe,

393 1630 563 1683 adoro
611 1639 662 1682 te
698 1630 750 1682 in
806 1630 921 1698 ipsa
966 1629 1326 1690 vulneratum,
1375 1626 1632 1695 deprecor
1670 1633 1720 1676 te
1767 1631 1824 1674 ut
1866 1622 1976 1689 ipsa

389 1720 617 1773 vulnera
661 1721 955 1773 remedium
1013 1720 1122 1772 sint
1158 1719 1351 1771 animae
1396 1731 1530 1770 mete
1557 1733 1569 1768 :
1601 1713 1824 1767 Domine
1853 1711 1974 1765 lesu

390 1809 628 1871 Christe,
660 1810 824 1864 adoro
856 1821 904 1864 te
927 1809 1340 1864 descendentem
1384 1807 1450 1860 ad
1499 1805 1701 1860 inferos
1745 1804 1975 1856 liberare

2090 623 2820 692 monumenti,depositaque
2852 642 3011 680 cruce
3062 628 3171 679 aesi
3229 629 3435 681 Domini
3493 633 3660 683 uOstri

2084 714 2208 767 Jesu
2269 717 2468 769 Christi
2514 734 2738 786 corpore
2778 721 3005 787 sepulto,
3063 725 3241 774 dicant
3289 726 3659 792 antiphonam,

2087 805 2298 874 Sepulto
2329 807 2550 860 Domino
2582 812 2842 879 signatum
2876 826 2948 865 est
2981 826 3389 874 monumentum,
3417 828 3659 884 ponentes

2085 900 2274 952 milites
2305 903 2733 969 quicnstodirenl
2776 922 2914 957 cum.
2966 906 3020 958 lu
3078 907 3266 959 eodem
3309 907 3426 960 loco
3479 920 3663 962 sancta

2084 1005 2216 1042 crux
2242 1008 2361 1044 cum
2395 995 2536 1046 omni
2572 995 2866 1049 reverentia
2896 996 3251 1058 custodiatur,
3282 1012 3451 1066 usque
3486 998 3658 1051 Domi-

2087 1080 2262 1133 nieam
2298 1093 2506 1136 noctem
2542 1087 2952 1139 resurrectionis
2983 1104 2992 1137 :
3031 1097 3186 1140 nocte
3231 1103 3362 1140 vero
3407 1089 3665 1141 ordinen—

2087 1178 2171 1223 tur
2198 1171 2303 1224 duo
2337 1172 2529 1228 fratres
2556 1186 2646 1227 aut
2678 1186 2805 1240 tres,
2847 1187 2937 1229 aut
2975 1179 3154 1245 plures
3211 1181 3252 1230 si
3305 1188 3451 1230 tanta
3503 1179 3670 1232 fuerit

2083 1267 2450 1334 congregatio,
2486 1267 2575 1334 qui
2610 1268 2803 1321 ibidem
2837 1269 3069 1336 psalmos
3115 1270 3454 1322 decantaudo
3504 1285 3667 1322 exet;-

2083 1351 2200 1405 bias
2230 1353 2413 1407 fideles
2443 1367 2751 1419 exerceant,
2802 1359 2996 1424 quibus
3045 1362 3276 1426 peractis
3321 1360 3666 1429 egrediantur

2083 1440 2340 1494 diaconus
2381 1459 2444 1495 ac
2483 1447 2843 1500 subdiaconus
2871 1449 2934 1500 de
2987 1451 3224 1502 sacrario
3271 1467 3393 1504 cum
3440 1467 3666 1521 corpore

2083 1529 2315 1595 Domini,
2350 1535 2490 1599 quod
2529 1537 2701 1605 pridie
2731 1541 3022 1602 remansit,
3055 1549 3107 1592 et
3150 1541 3316 1594 calice
3363 1557 3484 1595 cum
3542 1544 3666 1596 \ino

2083 1637 2187 1676 non
2221 1635 2560 1690 consecrato,
2596 1637 2647 1681 et
2675 1640 2876 1696 ponant
2906 1645 3065 1698 super
3093 1630 3262 1685 altare
3288 1648 3302 1696 ;
3335 1641 3459 1686 tunc
3487 1648 3665 1685 sacer-

2081 1711 2179 1766 dos
2211 1715 2390 1768 veniat
2421 1727 2546 1769 .mte
2577 1718 2766 1781 altare,
2799 1728 2850 1772 et
2883 1721 3026 1773 dicat
3060 1736 3187 1775 voce
3219 1737 3414 1776 sonora
3466 1742 3474 1774 :
3538 1722 3666 1776 Orc-

2081 1819 2218 1867 mus,
2251 1809 2518 1875 prleceptis
2550 1809 2870 1864 salutaribus
2914 1814 3116 1876 moniti,
3172 1826 3228 1866 ct
3279 1812 3440 1866 Pater
3472 1826 3662 1877 noster,

390 1899 652 1966 captivos,
677 1900 935 1968 deprecor
961 1909 1010 1952 te
1039 1909 1212 1951 utnon
1241 1899 1310 1950 ibi
1342 1911 1424 1949 me
1447 1897 1687 1948 dimittas
1717 1895 1970 1946 introire:
2006 1878 2050 1936 Β
2084 1892 2204 1945 inde
2228 1893 2412 1949 Libera
2443 1914 2556 1962 nos,
2588 1916 2906 1967 qua’sumus,
2929 1901 3165 1966 Domine,
3186 1918 3353 1972 usque
3367 1921 3458 1972 per
3488 1907 3665 1958 omnia

393 1988 626 2043 Domine
676 1988 798 2043 Jesu
850 1990 1084 2052 Christe,
1155 1988 1322 2041 adoro
1381 1995 1431 2040 te
1470 1993 1840 2054 resurgentem
1910 1983 1977 2036 ab

387 2077 600 2141 inferis,
629 2080 1006 2132 ascendentem
1039 2078 1102 2131 ad
1127 2076 1314 2139 caelos,
1341 2076 1599 2143 deprecor
1625 2085 1695 2138 te,
1721 2074 1977 2126 miserere

389 2169 536 2221 mei:
572 2168 796 2222 Domine
819 2167 943 2222 Jesu
975 2167 1208 2230 Christe,
1248 2167 1413 2219 adoro
1444 2176 1493 2219 te
1526 2174 1808 2218 venturum
1834 2164 1977 2231 judi-

392 2266 663 2322 caturum,
694 2261 954 2328 deprecor
986 2269 1036 2310 te
1072 2268 1130 2310 ut
1161 2259 1212 2311 in
1245 2267 1334 2310 tuo
1380 2258 1612 2309 adventu
1675 2271 1780 2308 non
1810 2255 1977 2307 intres

391 2347 446 2399 in
470 2346 673 2415 judicio
729 2363 849 2401 cum
903 2364 986 2400 me
1037 2355 1314 2415 peccante,
1379 2345 1471 2400 sed
1528 2345 1787 2412 deprecor
1818 2354 1887 2408 te,
1921 2353 1977 2396 ut

391 2446 519 2490 ante
546 2437 789 2490 dimittas
820 2453 980 2505 quam
1023 2437 1254 2506 judices,
1309 2435 1398 2503 qui
1428 2435 1564 2487 vivis
1593 2444 1646 2486 et
1692 2449 1901 2502 regnas.
1951 2452 1968 2484 ο

462 2526 518 2579 1η
545 2528 778 2580 secunda
806 2528 940 2580 duos
970 2527 1176 2580 medios
1218 2543 1340 2580 cum
1391 2536 1647 2593 sequente
1688 2526 1931 2578 oratione
1959 2543 1970 2576 :

394 2637 413 2667 1
450 2617 670 2672 Domine
691 2617 816 2672 Jesu
834 2618 1071 2681 Christe,
1101 2617 1482 2686 gloriosissime
1507 2616 1750 2670 conditor
1767 2615 1972 2677 nmndi,

385 2708 482 2775 qui
521 2722 642 2761 cum
691 2708 765 2762 sis
814 2708 1064 2776 splendor
1112 2707 1294 2777 gloria:
1344 2715 1646 2759 comternus
1675 2705 1818 2757 Patri
1847 2720 1971 2758 san-

382 2805 585 2864 ctoque
609 2796 853 2866 Spiritui,
895 2797 1012 2849 ideo
1037 2796 1284 2866 dignatus
1307 2810 1366 2847 es
1409 2809 1627 2847 carnem
1668 2807 1732 2846 ex
1787 2793 1974 2846 imma-

389 2884 564 2939 culata
599 2885 815 2954 Virgine
847 2901 1078 2947 sumere,
1133 2893 1188 2938 et
1231 2883 1491 2954 gloriosas
1540 2882 1745 2951 palmas
1776 2892 1896 2934 tuas
1920 2882 1971 2933 in

380 2977 564 3028 crucis
621 2977 860 3044 patibulo
919 2975 1207 3044 permisisti
1273 2974 1564 3044 configere,
1621 2983 1680 3026 ut
1739 2974 1971 3026 claustra

391 3065 684 3135 dissipares
719 3068 937 3128 inferni,
970 3077 1023 3120 et
1057 3069 1348 3120 humanum
1399 3081 1567 3133 genus
1616 3065 1870 3118 liberares
1908 3067 1973 3118 de

389 3169 592 3221 morte;
629 3159 854 3226 reSpice,
907 3168 961 3211 et
1012 3159 1268 3210 miserere
1316 3157 1445 3209 mihi
1479 3157 1674 3209 misero
1715 3171 1972 3224 oppresso

2081 1981 2272 2032 sucula
2301 1985 2638 2038 seculorum.
2686 1988 2751 2040 Et
2783 1999 2961 2041 sumat
2991 1990 3156 2044 abbas
3189 1992 3253 2045 de
3285 2001 3473 2046 sancto
3497 1994 3664 2046 sacri-

2080 2068 2203 2123 ficio
2232 2079 2286 2123 et
2317 2082 2480 2140 ponat
2512 2075 2563 2127 in
2591 2075 2816 2130 calicem
2848 2077 2981 2131 nihil
3026 2080 3233 2141 dicens,
3266 2091 3317 2133 et
3365 2085 3667 2135 communi.-

2079 2171 2200 2212 cent
2226 2176 2413 2216 omnes
2452 2179 2574 2218 eum
2611 2166 2825 2221 silentio
2858 2186 2869 2220 :
2914 2169 3014 2222 hoc
3043 2170 3255 2238 expleto
3299 2175 3663 2240 vespertinum

2081 2248 2315 2304 oﬂieium
2345 2264 2503 2307 canat
2536 2258 2904 2327 unusquisque
2954 2261 3204 2329 privatim
3267 2264 3317 2314 in
3375 2263 3489 2317 loco
3545 2281 3662 2326 suo,

2079 2353 2184 2406 quo
2221 2352 2437 2407 peracto
2471 2344 2814 2399 refectorium
2866 2360 3069 2416 petant.
3142 2351 3438 2420 Surgentes
3487 2363 3663 2407 autem

2079 2444 2108 2481 a
2143 2444 2327 2484 mensa
2357 2442 2552 2487 caetera
2602 2452 2751 2489 more
2796 2438 2953 2492 solito
2986 2452 3266 2511 peragant.
3322 2443 3509 2497 Crueis
3541 2461 3665 2498 vero

2078 2522 2427 2574 veneratione
2474 2533 2689 2590 peracta
2713 2566 2726 2587 ,
2759 2529 2955 2595 quibus
2987 2545 3211 2583 vacuum
3240 2531 3402 2586 fuerit
3432 2534 3663 2586 ministri

2078 2611 2160 2666 vel
2197 2615 2346 2681 pueri
2372 2630 2430 2668 se
2458 2618 2666 2682 radant,
2696 2635 2760 2673 ac
2787 2620 3058 2686 balneent,
3093 2625 3135 2678 si
3179 2633 3326 2678 tanta
3365 2625 3529 2679 fuerit
3583 2642 3668 2680 co-

2080 2703 2207 2757 hors
2231 2704 2526 2770 societatis,
2555 2716 2611 2760 ut
2643 2709 2852 2764 sabbati
2883 2714 3108 2766 crastini
3143 2715 3207 2767 ad
3236 2715 3334 2767 hoc
3369 2733 3472 2768 non
3516 2717 3661 2769 inlli-

2078 2791 2188 2844 ciat
2213 2793 2345 2847 dies.
2371 2794 2793 2865 Completorium
2820 2815 2951 2854 vero
2985 2812 3102 2871 post
3130 2804 3470 2859 collationem
3505 2823 3664 2860 unus-

2077 2881 2303 2949 quisque
2343 2884 2393 2936 in
2424 2884 2538 2938 loco
2566 2901 2664 2939 suo
2703 2899 2855 2943 stans
2880 2893 3151 2955 semotim,
3174 2911 3236 2947 ac
3267 2895 3492 2949 silenter
3515 2913 3664 2952 more

2077 2975 2481 3040 eauouicorum,
2518 2987 2573 3031 ut
2623 2997 2783 3049 supra
2831 2983 3083 3045 diximus,
3119 2987 3389 3050 decantet,
3437 2998 3490 3040 et
3535 3005 3664 3042 con-

2079 3075 2235 3120 sueto
2265 3082 2416 3120 more
2441 3079 2636 3123 caetera
2661 3073 2949 3141 compleat,
2987 3076 3067 3127 his
3111 3092 3236 3129 vero
3260 3079 3430 3131 tribus
3475 3081 3665 3133 diebus

2079 3154 2131 3207 in
2165 3155 2453 3211 refectorio
2483 3161 2659 3213 omnia
2692 3176 2811 3214 cum
2842 3163 3235 3228 benedictione,
3271 3177 3324 3220 et
3354 3169 3406 3220 in
3431 3169 3665 3238 capitulo

381 3243 688 3299 facinorum
739 3246 974 3314 pondere
1026 3246 1424 3315 multarumque
1467 3246 1824 3314 nequitiarmn
1855 3245 1972 3298 labe
2000 3221 2044 3282 (ἶ
2082 3260 2229 3298 more
2255 3256 2485 3315 agantur
2514 3251 2690 3304 solito.

385 3337 624 3407 polluto;
657 3355 759 3391 non
790 3355 873 3392 me
901 3339 1134 3408 digneris
1165 3338 1559 3406 derelinquere,
1606 3340 1845 3407 piissime
1875 3339 1973 3391 Pa-

389 3434 495 3490 ter,
526 3428 620 3481 sed
653 3427 883 3497 indulge,
917 3428 1055 3495 quod
1089 3428 1249 3496 impie
1291 3428 1450 3497 gessi.
1483 3429 1685 3481 Exaudi
1732 3444 1815 3482 me
1846 3445 1969 3497 pro-

385 3525 615 3570 stratum
644 3532 827 3570 coram
857 3517 1128 3570 adoranda
1177 3516 1564 3585 gloriosissima
1607 3533 1766 3570 cruce
1798 3529 1883 3569 ttta
1917 3529 1973 3571 ut

389 3623 602 3662 merear
633 3608 729 3660 tibi
762 3609 992 3662 mundus
1027 3608 1305 3671 assistere,
1331 3617 1382 3661 et
1417 3608 1631 3677 placere
1661 3609 1967 3678 conspectui

384 3705 498 3760 tuo,
529 3696 619 3765 qui
649 3711 769 3749 cum
797 3696 975 3759 Patre,
1009 3707 1111 3750 etc.
1147 3716 1164 3746 ι

450 3788 495 3840 Α
534 3788 692 3841 tertia
743 3788 961 3841 ultimos
998 3787 1133 3843 duos
1187 3804 1311 3843 cum
1374 3789 1650 3842 oratione:
1689 3806 1706 3838 ι
1747 3787 1969 3842 Domine

375 3879 722 3946 omnipotens
776 3878 903 3932 Jesu
937 3878 1175 3942 Christe,
1213 3881 1302 3948 qui
1339 3888 1455 3932 tuas
1499 3894 1688 3933 manus
1744 3879 1968 3933 mundas

375 3977 601 4038 propter
629 3985 725 4023 nos
759 3969 810 4022 in
841 3984 1002 4024 cruce
1032 3971 1280 4039 posuisti,
1303 3981 1358 4024 et
1383 3971 1447 4025 de
1476 3979 1566 4025 tuo
1588 3970 1846 4040 sanguine
1870 3985 1968 4023 nos

380 4056 677 4120 redemisti,
711 4059 863 4112 mitte
920 4059 971 4112 in
1031 4073 1119 4113 me
1165 4074 1405 4126 sensum,
1464 4069 1517 4115 et
1562 4059 1966 4130 intelligentiam

380 4149 650 4214 quomodo
695 4147 921 4202 habeam
955 4164 1139 4203 veram
1183 4150 1583 4217 pmniteutiam,
1635 4158 1689 4204 et
1741 4149 1965 4203 habeam

379 4236 576 4290 bonam
626 4239 1083 4307 perseverantiam
1136 4239 1385 4293 omnibus
1418 4239 1607 4293 diebus
1659 4239 1780 4292 vitze
1810 4255 1960 4293 mem.

380 4329 572 4383 Amen.
598 4350 615 4380 ι
638 4329 703 4383 Ει
734 4345 853 4384 cam
880 4330 1155 4384 humiliter
1189 4331 1507 4385 deosculans
1527 4340 1728 4400 surgat.
1762 4331 1966 4384 Dehinc

379 4418 734 4474 sinisterioris
760 4419 909 4474 chori
926 4434 1114 4474 omnes
1137 4419 1334 4475 fratres
1359 4422 1544 4475 eadem
1573 4431 1752 4475 mente
1773 4420 1961 4475 devota

378 4519 658 4580 peragant,
687 4526 812 4564 nam
844 4511 1073 4564 salutata
1099 4512 1164 4565 ab
1195 4512 1387 4567 abbate
1423 4511 1502 4566 vel
1527 4511 1777 4565 omnibus
1799 4528 1959 4566 cruce

377 4601 567 4654 redeat
599 4600 714 4669 ipse
745 4601 913 4655 abbas
937 4602 1002 4654 ad
1031 4602 1210 4656 sedem
1235 4616 1385 4655 suam
1414 4616 1582 4670 usque
1628 4602 1752 4655 dum
1783 4604 1960 4657 omnis

377 4690 555 4744 clerus
609 4705 671 4745 ac
747 4690 976 4759 populus
1032 4693 1133 4745 hoc
1199 4691 1338 4745 idem
1392 4692 1586 4756 faciat;
1661 4708 1784 4746 nam
1834 4694 1959 4761 quia

375 4796 439 4835 ea
491 4781 574 4835 die
650 4783 1042 4850 depositionem
1129 4785 1372 4852 corporis
1431 4781 1728 4839 Salvatoris
1791 4785 1958 4838 nostri

373 4868 731 4935 celebramus,
753 4887 909 4924 usum
939 4872 1291 4940 quorumdam
1325 4871 1694 4940 religiosorum
1726 4873 1961 4929 imitabi-

377 4961 483 5016 lem
513 4963 576 5015 ad
607 4963 765 5018 ﬁdem
816 4963 1014 5017 indocti
1045 4962 1186 5034 vulgi
1219 4979 1280 5018 ac
1334 4964 1726 5032 neophytorum
1775 4980 1960 5019 corro-

374 5053 666 5108 borandam
690 5055 1098 5124 :equiparando,
1124 5057 1274 5124 sequi
1298 5056 1340 5110 si
1379 5056 1450 5107 ita
1476 5056 1560 5109 cui
1590 5060 1767 5119 visum
1801 5056 1962 5112 fuerit

377 5141 464 5195 vel
503 5142 599 5196 sibi
628 5144 809 5197 taliter
846 5143 1106 5212 placuerit
1147 5145 1246 5202 hoc
1279 5145 1437 5200 modo
1483 5146 1852 5214 decrevimus.
1880 5148 1961 5203 Sit

374 5240 555 5287 autem
586 5234 636 5287 in
667 5250 772 5288 una
810 5242 965 5302 parte
992 5233 1194 5301 altaris,
1221 5254 1323 5310 qua
1351 5252 1567 5292 vacuum
1589 5241 1795 5315 fuerit,
1821 5257 1960 5310 qua:-

373 5325 502 5375 dam
551 5325 871 5375 assimilatio
915 5323 1132 5375 sepulcri
1179 5332 1520 5375 vplnmenmm
1565 5352 1643 5375 η.-
1671 5341 1862 5375 ,ιιιιςπη
1907 5337 1957 5375 in

2080 3357 2318 3422 Qualiter
2345 3360 2557 3425 diurna,
2583 3363 2686 3415 sive
2717 3375 2990 3429 nocturna,
3036 3367 3151 3421 laus
3192 3367 3439 3422 Puschali
3465 3373 3662 3439 [esliri-

2695 3444 2799 3487 late
2833 3447 3040 3504 agatur.

2146 3517 2382 3573 Sabbato
2415 3532 2602 3576 sancto
2649 3523 2776 3576 hora
2813 3541 2950 3578 nona
2990 3529 3234 3582 veniente
3264 3531 3456 3585 abbate
3487 3532 3538 3584 in
3573 3548 3658 3586 ec-

2069 3608 2294 3664 clesiam
2323 3627 2444 3666 cum
2489 3612 2768 3678 fratribus,
2799 3633 2994 3680 novus,
3020 3629 3076 3671 ut
3110 3635 3272 3688 supra
3305 3622 3507 3676 dictum
3553 3635 3656 3686 cst,

2071 3696 2327 3752 afferetur
2357 3701 2515 3769 ignis.
2550 3702 2730 3758 Posito
2763 3721 2889 3760 vero
2913 3722 3069 3761 cereo
3100 3719 3224 3764 ante
3252 3711 3445 3776 altare,
3477 3729 3540 3767 ex
3573 3716 3659 3767 illo

2071 3792 2399 3845 accendatur
2431 3794 2570 3861 igne.
2601 3796 2768 3861 Quem
2823 3799 3080 3853 diaconus
3121 3817 3269 3856 more
3304 3805 3459 3858 solito
3495 3807 3655 3860 bene-

2071 3880 2278 3946 dicens,
2309 3882 2444 3936 hanc
2473 3885 2771 3940 orationem
2808 3891 2958 3957 quasi
3009 3907 3138 3946 voce
3200 3893 3425 3964 legentis
3479 3897 3656 3965 profe-

2071 3987 2196 4025 rens
2260 3973 2402 4026 dicat
2457 3992 2469 4026 :
2541 3974 2777 4029 Exsultat
2826 3980 2942 4048 jam
2984 3982 3219 4048 angelica
3288 3988 3438 4038 turba
3504 3987 3656 4040 cccle-

2069 4077 2202 4113 rum.
2230 4062 2381 4116 Tunc
2427 4080 2556 4118 voce
2591 4067 2904 4122 sublimiore
2943 4071 3102 4134 dicat,
3136 4070 3357 4126 Sursum
3391 4077 3572 4142 corda,
3600 4085 3659 4134 et

2069 4150 2288 4219 reliqua.
2319 4151 2493 4206 Finita
2519 4155 2888 4210 benedictione
2919 4162 3245 4214 accendatur
3272 4164 3408 4218 alter
3440 4182 3652 4232 cereus,

2063 4247 2121 4290 et
2149 4249 2277 4291 tunc
2327 4240 2696 4295 illuminantur
2742 4245 2844 4298 duo
2894 4247 3037 4300 cerei
3090 4252 3394 4307 tenentibus
3447 4256 3655 4312 duobus

2065 4331 2348 4402 acolythis,
2381 4350 2517 4387 unus
2548 4334 2597 4387 in
2627 4337 2816 4391 dextro
2862 4354 3027 4394 cornu
3059 4343 3244 4408 alaris,
3291 4358 3343 4400 et
3402 4349 3539 4403 alter
3597 4351 3649 4404 in

2066 4423 2305 4477 sinistro.
2337 4425 2716 4481 Benedictioue
2755 4441 2972 4497 peracta
3004 4441 3262 4492 ascendat
3293 4441 3652 4498 subdiaconus

2065 4516 2348 4569 ambonem
2378 4558 2391 4578 ,
2441 4517 2584 4586 legat
2629 4519 2910 4576 lectionem
2967 4528 3238 4592 primam,
3287 4529 3352 4582 In
3396 4535 3652 4601 principio

2066 4607 2301 4667 creavit;
2346 4609 2589 4674 sequitur
2613 4611 2786 4664 oratio
2832 4626 2861 4664 a
2909 4615 3107 4681 priore,
3143 4618 3363 4673 Oremus
3401 4622 3536 4674 Deus
3563 4625 3653 4692 qui

2067 4696 2394 4749 mirabiliter.
2413 4697 2657 4752 Secunda
2687 4700 2865 4765 lectio,
2887 4703 3109 4759 Factum
3135 4720 3205 4762 est
3232 4711 3282 4761 in
3308 4712 3516 4780 vigilia,-
3545 4722 3654 4766 tra-

2064 4797 2203 4849 ctus,
2220 4785 2497 4840 Cantemus
2518 4787 2757 4844 Domino.
2779 4789 3491 4864 Sequituroratio,0remus,
3514 4802 3654 4857 Deus

2065 4877 2216 4944 cujus
2257 4878 2472 4946 antiqua
2525 4879 2825 4944 miracula;
2867 4886 3022 4937 tertia
3072 4886 3191 4940 lect.
3229 4887 3356 4942 Ha’c
3387 4903 3458 4944 est
3493 4895 3659 4947 Incre-

2063 4967 2232 5029 ditas;
2253 4966 2656 5035 collecta,[Deus
2685 4972 2772 5038 qui
2797 4970 3084 5028 Ecclesium
3116 4986 3283 5039 tuam;
3312 4989 3513 5035 tractus
3541 4979 3659 5035 Sic-

2067 5071 2122 5112 ut
2149 5075 2362 5123 cervus;
2387 5061 2629 5126 sequitur
2655 5062 2849 5124 oratio,
2867 5061 3123 5128 Concede,
3152 5076 3660 5136 qumsnmus,omni-

2067 5162 2244 5222 potens
2271 5149 2432 5204 Deus.
2468 5151 2643 5206 Finita
2675 5152 2937 5218 oratione,
2973 5157 3294 5212 inchoentur
3342 5161 3544 5215 litanias
3573 5179 3668 5220 se-

2069 5253 2243 5314 ptenaa
2305 5243 2372 5296 ad
2417 5243 2697 5299 introitum
2747 5252 2871 5297 ante
2899 5245 3092 5304 altare.
3143 5249 3337 5304 Postea
3369 5253 3668 5314 descendat

2071 5337 2236 5375 ahlme
2261 5348 2384 5375 Dum
2415 5335 2592 5375 crhnln
2628 5345 2883 5375 nmmum:
2917 5337 3130 5375 Ιίιαηὶηο
3160 5343 3351 5375 "uin-us
3389 5345 3449 5375 ,ιιι
3479 5343 3668 5375 ,Ρη-ιιι...
