4516 5500
863 434 967 487 £95

1898 440 1952 493 S.
1996 440 2339 497 DUNSTANI
2378 438 2695 497 ARCUIEP.
2737 438 3082 496 CANTL'.\R.

4007 459 4116 515 696

858 551 980 604 hate
1029 548 1317 621 incipiente
1360 547 1540 605 Gloria
1594 552 1646 605 in
1701 554 1914 609 excelsis
1965 553 2108 626 Deoj,
2164 557 2447 627 pulsentur
2474 562 2520 621 Α
2551 560 2917 626 ostendentes,
2949 562 3088 631 quod
3120 563 3416 618 surrexerit
3464 564 3739 633 Dominus,
3787 576 3843 623 et
3864 568 3974 640 jam
4018 589 4123 628 non

857 641 1035 697 omnia
1065 642 1236 711 signa.
1271 642 1526 714 Sequitur
1544 644 1789 710 collecta,
1823 645 1961 701 Deus
1988 649 2075 718 qui
2098 649 2232 703 lianc
2264 667 2446 703 sacra-

856 732 1110 787 tissimam
1143 744 1364 789 noctein.
1390 735 1591 789 Deinde
1620 734 1813 804 legitur
1839 736 2097 807 Epistola,
2136 739 2197 795 Si
2222 757 2442 794 consur-

856 821 1061 876 rexistis
1089 862 1103 885 ,
1151 831 1205 875 et
1234 832 1483 878 cantatur
1526 824 1752 878 Alleluia
1778 866 1793 889 ,
1842 828 2157 895 conﬁtemini
2200 829 2438 895 Domino,

853 922 908 967 et
932 921 1134 968 tractus
1166 911 1401 967 Laudate
1432 913 1728 969 Dominum.
1779 916 1916 971 Ante
1961 917 2304 988 Evangelium
2337 934 2440 973 non

854 1012 1139 1069 portantur
1169 1002 1449 1057 luminaria
1507 1002 1558 1056 in
1613 1003 1727 1073 ipsa
1778 1014 1968 1071 nocte,
2038 1008 2131 1062 sed
2161 1007 2439 1063 incensum

855 1101 1083 1146 tantttm.
1122 1091 1301 1147 Finito
1342 1092 1647 1163 Evangelio,
1681 1095 1824 1150 dicat
1852 1097 2034 1159 abbas,
2071 1097 2324 1152 Dominus
2356 1115 2442 1153 vo-

856 1184 1075 1248 biscum,
1098 1180 1353 1248 Oremus;
1379 1184 1432 1237 in
1451 1186 1567 1252 ipso
1588 1184 1675 1240 die
1702 1201 1804 1240 non
1830 1195 2078 1241 cantatur
2099 1186 2440 1257 Olfertorium

855 1288 956 1329 nec
974 1274 1153 1344 Agnus
1182 1272 1297 1336 Dei,
1320 1288 1419 1329 nec
1455 1271 1783 1339 Communia,
1814 1283 1869 1330 et
1905 1292 2090 1345 pacem
2118 1293 2222 1332 non
2248 1278 2442 1332 debent

854 1368 1005 1431 dare,
1056 1366 1157 1420 nisi
1212 1368 1278 1420 iis
1320 1366 1408 1436 qui
1441 1367 1885 1429 communicant;
1926 1368 2016 1422 sed
2072 1369 2283 1422 interim
2314 1370 2437 1423 dum

854 1455 1345 1518 communicantur,
1368 1455 1612 1516 Alleluia,
1632 1467 1682 1511 et
1702 1456 1937 1510 Laudate
1962 1456 2238 1512 Dominum
2264 1475 2439 1512 omnes

851 1555 1026 1615 gentes
1072 1554 1359 1607 cantatur,
1413 1544 1603 1599 deliine
1646 1546 1937 1615 antipbona
1988 1543 2203 1614 Vespere
2266 1559 2437 1600 autem

851 1635 1070 1691 Sabbati
1098 1644 1151 1690 et
1202 1634 1529 1704 Magni/ient.
1582 1635 1671 1690 Sic
1703 1636 1955 1690 sacerdos
2001 1637 2220 1691 missam
2253 1651 2316 1689 ac
2346 1652 2439 1692 ve-

853 1726 1200 1794 spertinalem
1234 1726 1482 1797 synaxim
1514 1740 1616 1779 una
1648 1727 1913 1795 compleat
1941 1728 2217 1791 oratione;
2252 1728 2437 1782 eadem

850 1833 981 1871 vero
1001 1818 1085 1872 die
1112 1829 1349 1887 tempore
1374 1817 1607 1871 mandati
1636 1834 1771 1888 aqua
1800 1819 2049 1873 manibus
2077 1829 2284 1873 tantum
2314 1820 2436 1873 data

2545 650 2615 705 sit
2643 650 2731 704 illo
2769 651 3060 717 involutus,
3112 653 3251 709 hanc
3300 664 3498 709 canant
3551 658 3903 728 antiphonam
3941 662 4121 718 :Sur-

2546 741 2676 793 rexit
2705 739 2959 795 Dominus
2996 744 3060 796 de
3095 743 3353 813 sepulcro,
3394 758 3860 819 superponantque
3894 749 4118 808 linteum

2546 830 2735 895 altari;
2769 832 2915 885 linita
2948 833 3238 902 antipliona
3264 836 3411 904 prior
3439 837 3783 906 congaudens
3815 856 3913 908 pro
3934 842 4125 896 trium-

2544 918 2650 988 plio
2682 920 2824 991 regis
2855 922 3045 986 nostri,
3082 924 3223 992 quod
3256 924 3463 978 devicta
3494 934 3667 981 morte
3698 928 3953 993 surrexit,
3984 929 4123 983 inci-

2543 1009 2654 1079 piat
2698 1010 2956 1081 hymnum
3002 1030 3015 1069 :
3060 1012 3131 1067 Te
3176 1013 3343 1068 Deum
3372 1016 3674 1079 laudamus,
3728 1034 3835 1087 quo
3887 1020 4123 1090 incmpto

2552 1114 2657 1153 una
2690 1100 2967 1170 pulsantur
3008 1102 3188 1156 omnia
3231 1104 3405 1174 signa,
3454 1114 3573 1174 post
3600 1106 3753 1174 cujus
3783 1106 3941 1161 tinem
3980 1110 4126 1163 dicat

2544 1190 2801 1245 sacerdos
2867 1206 3128 1245 versum:
3165 1190 3228 1245 In
3296 1194 3671 1247 resurrectione
3715 1205 3829 1259 tua,
3889 1196 4123 1260 Christe,

2542 1280 2885 1343 verbotenus,
2916 1289 2969 1335 et
3011 1282 3187 1336 initiat
3233 1281 3546 1348 Matutinas,
3595 1286 3778 1339 dicens
3818 1302 3831 1341 :
3867 1286 4024 1350 Deus,
4068 1289 4123 1342 in

2544 1371 2865 1440 adjutorinm
2896 1388 3063 1426 meum
3087 1372 3316 1437 intende,
3341 1384 3394 1428 et
3423 1390 3449 1427 a
3473 1385 3693 1431 cantore
3724 1377 3864 1432 illico
3891 1380 4111 1435 inchoe-

2543 1471 2630 1514 tur
2680 1460 2973 1529 antiphona
3017 1476 3138 1515 cum
3185 1462 3392 1530 psalmo
3428 1463 3680 1519 Dominus
3712 1470 3959 1536 regnarit,
3987 1469 4113 1536 quia

2544 1548 2680 1603 Deus
2705 1550 3011 1605 misereatur
3035 1553 3219 1612 nostri,
3263 1552 3363 1607 hoc
3391 1568 3496 1607 non
3524 1554 3740 1609 canitur
3767 1556 3819 1608 in
3857 1556 3994 1619 loco,
4020 1556 4117 1611 sed

2542 1653 2662 1693 eum
2698 1638 2859 1703 Deus,
2911 1638 3047 1693 Deus
3093 1657 3259 1703 meus,
3312 1642 3380 1693 ad
3422 1654 3471 1694 te
3509 1644 3573 1695 de
3611 1643 3743 1708 luce,
3787 1643 4114 1711 conjunctim

2543 1730 2920 1783 canonicorum
2955 1745 3122 1784 more.
3172 1732 3419 1800 Quinque
3467 1733 3688 1801 psalmis
3728 1734 3851 1802 jure
3890 1735 4121 1801 peractis

2543 1836 2664 1873 ctum
2698 1822 3004 1889 antipbonis
3032 1822 3131 1876 sibi
3163 1822 3264 1875 rite
3294 1824 3683 1891 pertinentibus
3706 1826 3937 1895 capitulo
3962 1826 4125 1881 etiam

852 1922 881 1958 a
939 1907 1185 1960 ministro
1236 1906 1492 1960 fratribus
1540 1907 1822 1961 charitatis
1890 1906 2065 1963 ollicio
2114 1909 2432 1978 prabeatnr.
2472 1900 2510 1958 Β
2541 1924 2568 1961 a
2596 1908 2931 1978 presbytero,
2975 1924 3241 1979 versuque
3286 1909 3525 1966 Surrexit
3576 1913 3827 1967 Dominus
3859 1917 3921 1967 de
3949 1914 4123 1983 sepul-

853 1999 1274 2071 Completorium
1312 1999 1579 2055 sonoriter
1625 1999 1926 2055 celebretur
1976 2015 2121 2054 more
2152 2002 2412 2055 canonico

852 2106 992 2144 rum.

924 2181 978 2233 In
1029 2180 1113 2234 die
1160 2189 1351 2235 saneto
1403 2180 1625 2235 Pascha:
1671 2189 1873 2249 septem
1906 2179 2184 2235 canonica:
2232 2181 2377 2233 liora!
2410 2194 2437 2232 a

852 2272 1134 2325 monachis
1162 2272 1213 2326 in
1244 2273 1472 2326 ecclesia
1506 2271 1599 2325 Dei
1628 2286 1777 2325 more
1805 2272 2186 2325 canonicorum
2226 2278 2441 2338 propter

852 2363 1233 2417 auctoritatem
1285 2362 1426 2417 beati
1475 2361 1719 2433 Gregorii
1752 2376 1901 2431 papa:
1945 2360 2087 2416 sedis
2114 2361 2437 2429 apostoliczr,

852 2473 1014 2526 quam
1068 2457 1182 2527 ipse
1220 2456 1610 2527 Antiphonario
1647 2454 1870 2509 dictavit
1916 2453 2249 2508 celebranda:
2294 2460 2437 2506 sunt.

853 2548 1106 2616 Ejusdem
1134 2557 1375 2618 tempore
1405 2547 1578 2602 noctis
1612 2557 1900 2616 antequam
1939 2546 2325 2600 matutinorum
2369 2545 2443 2598 si-

853 2655 954 2705 gna
981 2646 1321 2701 moveantur,
1356 2646 1571 2691 sumant
1614 2637 1793 2691 aeditui
1822 2650 2035 2691 crucem
2077 2642 2131 2689 et
2158 2644 2358 2703 ponant
2390 2634 2441 2687 in

850 2728 969 2781 lox-o
993 2728 1091 2782 sibi
1115 2743 1388 2795 congruo;
1435 2727 1679 2796 inprimis
1702 2728 1766 2779 ad
1793 2724 2116 2779 Noeturnam
2140 2725 2207 2778 ab
2227 2724 2443 2787 abbate,

851 2834 944 2873 seu
977 2818 1217 2888 quolibet
1263 2820 1563 2880 sacerdote,
1596 2817 1721 2869 dum
1757 2816 1918 2869 initur
1960 2814 2098 2869 Laus
2141 2813 2233 2868 Dei
2268 2814 2320 2866 in
2350 2828 2442 2867 ec-

854 2911 1043 2974 clesia,
1093 2910 1321 2971 dicatur,
1372 2908 1608 2970 Domine,
1659 2907 1798 2961 labia
1843 2923 1957 2960 mea
2008 2906 2226 2975 aperies,
2278 2903 2445 2960 semel

852 3012 1082 3055 tantum.
1127 3000 1344 3062 Postea,
1378 2998 1538 3063 Deus,
1569 2999 1621 3051 in
1654 2998 1977 3068 adjutorium
2022 3011 2191 3051 meum
2240 2997 2446 3050 intende

852 3105 974 3144 cum
1003 3086 1200 3142 Gloria.
1227 3088 1440 3142 Psalmo
1465 3097 1667 3150 autem,
1687 3087 1928 3151 Domine,
1956 3086 2082 3156 quid
2112 3085 2445 3154 multiplicati

850 3189 993 3240 sunt,
1023 3180 1262 3241 dimisso,
1295 3188 1483 3232 cantor
1504 3178 1724 3247 incipiat
1747 3177 2133 3231 invitatorium.
2160 3175 2309 3230 Tunc
2336 3184 2444 3230 tres

2542 2014 2651 2061 oro,
2710 2006 2767 2049 ut
2814 2013 2930 2051 mos
2954 2007 3089 2051 esta
3132 2014 3300 2067 puero
3344 2001 3508 2063 dicto,
3560 2002 3803 2056 initietnr
3828 2004 4120 2073 antipliona

2543 2088 2597 2143 in
2671 2088 2988 2159 evangelia,
3050 2105 3153 2158 qua
3228 2101 3446 2169 peracta
3504 2092 3714 2147 dicatur
3771 2094 3993 2149 collecta
4057 2096 4124 2149 de

2542 2182 2794 2237 omnibus
2824 2182 3024 2235 sanctis
3052 2197 3202 2236 more
3240 2184 3418 2238 solito.
3446 2184 3538 2239 His
3565 2195 3769 2255 septem
3797 2187 3982 2242 diebus
4012 2204 4115 2243 non

2546 2272 2810 2326 caubrus.

2615 2364 2694 2417 Ad
2728 2361 2961 2417 Primam
3016 2379 3067 2417 tv
3100 2364 3312 2434 psalmi,
3363 2365 3499 2420 Deus
3544 2368 3595 2420 in
3635 2370 3840 2423 nomine
3885 2379 3996 2430 tuo,
4064 2379 4121 2423 et

2546 2452 2878 2519 Conﬁtemini
2904 2453 3162 2519 Domino;
3192 2456 3363 2526 prima
3400 2466 3602 2511 tantum
3634 2458 3791 2523 feria,
3828 2460 4000 2524 Beati,
4025 2460 4128 2514 Re-

2545 2543 2715 2595 tribue
2754 2557 2875 2596 eum
2920 2542 3161 2602 Alleluia.
3212 2552 3265 2597 et
3308 2544 3542 2614 capitulo
3576 2556 3627 2599 et
3675 2562 3827 2601 versu
3862 2547 3989 2601 Ηωε
4018 2548 4128 2601 dies

2545 2635 2752 2690 directo
2799 2652 2826 2689 a
2886 2652 3055 2705 puero
3108 2637 3340 2706 prolato,
3394 2638 3584 2693 deinde
3632 2637 3795 2709 Kyric
3836 2640 4048 2704 eleison,
4077 2647 4132 2693 et

2547 2728 2722 2781 oratio
2754 2727 3031 2781 Dominiea
3062 2743 3183 2781 cum
3211 2728 3473 2797 symbolo,
3499 2744 3596 2781 nec
3624 2744 3729 2782 non
3757 2739 3811 2782 et
3836 2743 4020 2798 preces
4044 2743 4133 2783 so-

2549 2813 2647 2868 lito
2674 2816 2798 2875 ritu,
2821 2816 3179 2884 subsequente
3202 2817 3444 2869 collecta.
3463 2816 3544 2870 Ad
3566 2815 3816 2879 Tertiam,
3841 2817 4126 2886 psalmum,

2552 2903 2733 2975 Legem
2756 2923 2907 2975 pone,
2937 2904 3136 2959 Memor
3172 2917 3278 2959 esto
3307 2906 3608 2970 bonitatem,
3640 2923 3760 2961 cum
3790 2908 3887 2959 A.’l.
3906 2908 4037 2970 luia,
4064 2917 4120 2961 et

2549 2997 2699 3067 grad.
2720 3014 2731 3047 :
2754 2996 2881 3050 Ηιιιε
2909 2998 3018 3050 dies
3054 2998 3170 3051 sine
3199 2997 3433 3065 capitulo
3464 3007 3516 3050 et
3546 3013 3724 3052 versu.
3756 2997 4013 3053 Similiter
4059 2999 4127 3054 ad

2551 3087 2785 3151 Sextam,
2826 3089 2889 3141 ad
2944 3087 3148 3141 Nonum
3170 3130 3182 3150 ,
3212 3088 3277 3141 ad
3317 3086 3613 3157 Vesperam,
3654 3088 3798 3142 Dixit
3831 3089 4128 3153 Dominus;

2550 3175 2721 3245 Conﬁt
2757 3178 2870 3241 bar,
2899 3177 3093 3231 Beatus
3126 3179 3204 3229 vir
3244 3195 3363 3232 cum
3414 3179 3706 3248 antipliona
3737 3180 3853 3233 sine
3878 3180 4132 3247 capitulo.

852 3273 1163 3343 antiphona:
1193 3287 1313 3325 ctnn
1348 3271 1517 3325 tribus
1543 3270 1785 3340 psalmis,
1818 3269 2012 3337 quibus
2055 3266 2221 3321 ﬁnitis
2255 3281 2443 3320 versus
2471 3254 2514 3315 C
2547 3268 2697 3337 grad.
2731 3286 2742 3320 :
2778 3266 2903 3321 "me
2927 3270 3035 3323 dies
3067 3270 3183 3322 sine
3224 3285 3406 3333 versu,
3445 3269 3670 3323 Alleluia
3699 3285 3818 3323 cum
3870 3287 4051 3335 versu,
4078 3283 4133 3326 et

852 3363 1181 3419 conveniens
1206 3362 1446 3426 dicatur;
1478 3360 1671 3414 deinde
1697 3369 1771 3413 tot
1793 3359 2049 3412 lectiones
2071 3374 2191 3411 eum
2224 3372 2441 3425 respon-

855 3456 1017 3511 soriis
1038 3455 1103 3509 ad
1133 3455 1232 3510 hoc
1260 3456 1361 3509 rite
1386 3454 1813 3525 pertinentibus;
1840 3454 1965 3506 dum
2000 3453 2156 3506 tertia
2183 3452 2441 3505 recitatur

852 3550 1035 3609 lectio,
1060 3556 1293 3619 quatuor
1321 3547 1515 3601 fratres
1544 3545 1766 3598 induant
1794 3559 1871 3605 se,
1893 3558 2123 3612 quorum
2155 3556 2293 3596 unus
2319 3541 2436 3594 alba

852 3644 1074 3697 indutus
1101 3657 1163 3695 ac
1191 3641 1235 3696 si
1285 3640 1351 3693 ad
1388 3639 1531 3694 aliud
1574 3638 1841 3707 agendum
1882 3636 2234 3706 ingrediatur,
2282 3642 2444 3701 atque

853 3734 1085 3788 latenter
1130 3732 1358 3802 sepulcri
1409 3730 1583 3785 locum
1633 3728 1809 3791 adeat,
1844 3726 2023 3795 ibique
2064 3741 2222 3779 manu
2254 3733 2445 3779 tenens

846 3826 1088 3894 palmam
1154 3825 1370 3894 quietus
1433 3824 1656 3885 sedeat,
1710 3823 1945 3891 dumque
1992 3821 2208 3874 tertium
2256 3834 2443 3889 peree-

853 3916 1099 3970 lebralur
1147 3915 1547 3984 responsorium
1582 3914 1782 3969 residui
1833 3922 1942 3967 tres
1966 3912 2295 3976 succedant;
2326 3926 2442 3965 om-

854 4024 953 4063 nes
1006 4008 1220 4078 quidem
1279 4008 1463 4077 cappis
1512 4006 1683 4060 induti
1730 4005 2000 4059 thuribula
2050 4020 2170 4057 cum
2225 4004 2443 4057 ineensu

855 4080 1107 4153 manibus
1156 4105 1465 4169 gestantes,
1518 4112 1580 4151 ac
1629 4095 1957 4166 pedetentim
2017 4094 2082 4148 ad
2140 4093 2446 4148 similitudi-

854 4205 981 4244 nem
1026 4190 1381 4258 qnmrentium
1431 4187 1597 4256 quid,
1663 4187 1880 4241 veniant
1939 4185 2003 4239 ad
2045 4184 2222 4240 locum
2272 4183 2447 4252 sepul—

857 4281 938 4336 cri
990 4298 1003 4333 :
1058 4288 1290 4349 aguntur
1341 4279 1483 4333 enim
1549 4279 1663 4332 bzee
1724 4276 1789 4330 ad
1851 4275 2204 4330 imitationem
2271 4274 2442 4344 angeli

857 4372 1095 4427 sedentis
1137 4372 1189 4425 in
1226 4378 1597 4433 monumento,
1648 4374 1813 4435 atque
1843 4365 2126 4419 mulierum
2163 4380 2284 4419 eum
2317 4378 2440 4417 aro-

858 4463 1094 4516 matibus
1124 4460 1455 4515 venientium
1503 4468 1559 4511 ut
1590 4466 1856 4528 ungerent
1901 4470 2098 4524 corpus
2130 4452 2277 4509 Jesn.
2307 4452 2440 4507 Cum

857 4566 990 4623 ergo
1036 4550 1125 4603 ille
1180 4549 1420 4603 residens
1484 4557 1594 4599 tres
1632 4544 1777 4598 velut
1818 4558 2075 4598 erroneos
2126 4557 2189 4597 ac
2238 4540 2439 4611 aliquid

2555 3360 2857 3428 sequentia.
2899 3359 3087 3413 Postea
3114 3360 3398 3414 inchoetur
3420 3362 3712 3431 antiphona
3747 3362 3797 3415 in
3824 3361 4133 3431 Evangelio,

2541 3458 2595 3502 et
2645 3448 2901 3511 collecta;
2935 3450 3129 3503 dehinc
3177 3460 3331 3503 eatur
3361 3450 3425 3503 ad
3460 3448 3655 3514 fontes,
3689 3450 3954 3519 psalmum
3986 3450 4131 3503 Lau-

2556 3539 2676 3592 date
2701 3541 2867 3609 pueri,
2900 3554 3021 3592 eum
3054 3540 3347 3609 antipliona
3380 3551 3657 3603 canentes,
3688 3556 3846 3610 quem
3877 3549 4138 3611 sequatur

2546 3628 2787 3683 collecta.
2844 3628 2970 3683 Inde
3012 3644 3141 3683 vero
3190 3638 3523 3684 revertentes
3553 3631 3775 3684 chorum
3829 3630 3910 3684 vel
3954 3640 4136 3685 orato-

2548 3720 2708 3782 rium,
2735 3720 2877 3788 quod
2899 3720 2977 3774 eis
3005 3730 3314 3789 competens
3342 3721 3609 3775 videbitur
3636 3722 3852 3785 adeant,
3875 3721 4139 3791 psalmum

2549 3809 2614 3864 In
2642 3812 2784 3865 exitu
2832 3810 3001 3864 Israel
3029 3811 3401 3875 di-caiitantes.
3449 3827 3607 3880 quem
3634 3813 3850 3883 propria
3879 3821 4141 3881 sequatur

2547 3900 2791 3955 collecta.
2817 3900 3237 3969 Completorium
3264 3917 3414 3955 more
3439 3913 3727 3973 peragatur
3750 3902 4135 3955 canonicorum

2547 4008 2644 4060 per
2669 3992 2868 4046 omnia.
2901 3991 3091 4044 Finitis
3118 3992 3258 4044 enim
3284 3991 3505 4059 psalmis
3527 3992 3891 4059 subsequatur
3920 3983 4099 4060 capitn
4118 4020 4131 4030 ο

2550 4082 2656 4136 lum
2689 4092 2743 4136 et
2768 4097 2958 4152 versus
2983 4100 2995 4135 :
3019 4083 3217 4137 exhinc
3242 4081 3399 4137 Nunc
3445 4084 3663 4137 dimittis
3693 4098 3816 4138 cum
3841 4084 4135 4155 antiphona

2552 4171 2856 4225 concinitur
2896 4172 3351 4240 consequentibus
3396 4172 3540 4227 hora:
3572 4173 3824 4240 precibus
3869 4188 3991 4228 cum
4025 4175 4136 4228 col-

2552 4259 2691 4313 lecta
2724 4268 2779 4313 et
2816 4260 3207 4315 benedictione.
3268 4262 3363 4316 llic
3416 4262 3466 4315 in
3518 4263 3742 4331 reliquis
3788 4276 3881 4316 sex
3939 4263 4131 4318 diebus

2551 4359 2797 4405 teneatur
2819 4354 2971 4405 ordo.

2547 4462 2787 4530 Qualiter
2820 4463 3129 4519 Octavnrum
3168 4464 3395 4520 Sabbato
3434 4463 3656 4520 Pasclue
3692 4476 3898 4537 totoque
3936 4472 4135 4522 astatis

3096 4545 3324 4604 tempore
3370 4546 3580 4605 agatur.

858 4610 1163 4711 quaerentes
1201 4640 1397 4693 viderit
1446 4638 1544 4692 sibi
1593 4636 1993 4705 adproximare,
2044 4634 2262 4703 incipiat
2334 4648 2445 4687 me-
2476 4610 2524 4669 Ῑ)
2620 4623 2857 4695 Vespera
2884 4638 3013 4678 vero
3037 4634 3347 4679 octavarum
3378 4624 3599 4679 Pascha:
3632 4625 3765 4679 ordo
3790 4626 3900 4696 jam
3930 4626 4143 4696 regula-

854 4732 1029 4786 diocri
1062 4744 1194 4785 voce
1232 4729 1508 4785 dulcisone
1553 4736 1797 4792 cantare,
1843 4724 2011 4790 Quem
2040 4723 2295 4789 quwritis.
2330 4722 2448 4790 Quo

860 4824 1148 4878 decantalo
1200 4822 1484 4883 liuetenus,
1536 4818 1897 4889 respondeant
1946 4816 1999 4869 hi
2035 4823 2145 4870 tres
2176 4829 2283 4869 uno
2311 4831 2443 4868 ore:

860 4912 1044 4968 Jesum
1070 4910 1450 4973 Nazarenam;
1475 4910 1671 4979 quibus
1691 4908 1778 4961 ille
1809 4926 1820 4959 :
1853 4904 1973 4959 Non
2002 4916 2073 4957 est
2096 4904 2198 4968 hic,
2222 4904 2448 4957 surrexit

861 5010 995 5059 sicut
1012 5004 1346 5075 pra'dixerat.
1367 5003 1468 5067 Ite,
1484 5004 1738 5063 nuntiate,
1758 5002 1882 5072 quia
1905 5000 2129 5054 surrexit
2154 5017 2183 5052 a
2207 5000 2448 5052 mortuis.

864 5100 1029 5169 Cujus
1078 5099 1352 5153 missionis
1380 5112 1511 5152 voce
1541 5106 1755 5151 vertant
1784 5111 1841 5150 se
1886 5094 1959 5149 illi
1991 5105 2100 5149 tres
2126 5096 2191 5147 ad
2218 5096 2444 5148 chorum

866 5189 1129 5252 dicentes,
1158 5186 1409 5253 Alleluia,
1438 5187 1665 5241 surrexit
1699 5186 1971 5239 Dominus.
2014 5183 2165 5237 Dicto
2196 5184 2299 5238 hoc
2329 5197 2448 5236 rur—

869 5294 961 5334 sus
995 5280 1081 5333 ille
1111 5278 1352 5333 residens
1386 5278 1547 5332 veluti
1598 5290 1862 5332 revocans
1888 5274 2009 5330 illos
2036 5274 2183 5329 dicat
2208 5274 2453 5344 antipho—

869 5387 991 5392 “-_.-
1058 5368 1237 5392 II--..‘A‘
1299 5379 1336 5392 ,ι
1379 5369 1540 5392 -_.'J-a-
1568 5368 1733 5392 1--....
1791 5366 1913 5392 ιιι-..Α
1962 5381 2086 5392 ...ι-Α
2122 5366 2301 5394 ᾸῖΑΑσιΑ
2334 5379 2425 5394 ιιι-ιιι

2550 4714 2628 4769 ris
2656 4712 2885 4784 pleniter
2906 4713 3210 4775 inchoetur,
3232 4722 3286 4767 et
3316 4728 3416 4765 una
3450 4721 3659 4767 tantum
3692 4714 3850 4768 lectio
3887 4717 4141 4768 memori-

2552 4817 2635 4871 ter
2661 4823 2724 4863 ac
2745 4808 2909 4863 breve
2939 4807 3338 4876 responsorimn
3366 4804 3573 4860 festivis
3603 4805 3792 4861 diebus
3821 4806 3885 4860 ad
3913 4805 4143 4860 Noctur-

2553 4916 2676 4956 nam
2714 4902 2788 4953 uti
2820 4899 3000 4969 regula
3032 4898 3270 4968 pracipit
3309 4908 3421 4952 tota
3448 4907 3634 4953 testate
3656 4898 3920 4953 dicantur.
3959 4899 4014 4952 In
4047 4916 4145 4953 na-

2552 4992 2740 5047 talitiis
2776 5004 2949 5045 tamen
2984 4999 3316 5051 sanctorum,
3349 4991 3399 5042 in
3431 4989 3626 5058 quibus
3656 4990 3723 5043 ab
3749 4990 3928 5058 operis
3957 4989 4143 5044 labore

2552 5098 2656 5138 non
2693 5091 2955 5144 cessatur,
2986 5081 3089 5135 tria
3119 5080 3475 5149 responsuris.
3519 5089 3573 5135 et
3622 5090 3730 5135 tres
3770 5081 4026 5137 lectiones
4070 5084 4141 5135 ad

2551 5175 2720 5245 ipsius
2742 5174 2913 5227 sancti
2940 5172 3337 5226 venerationem
3381 5170 3535 5240 cujus
3578 5172 3898 5226 memoriam
3944 5170 4138 5225 recoli-

2553 5282 2674 5321 mus
2719 5265 3047 5335 pertinentes
3079 5262 3305 5331 prolixe,
3354 5262 3397 5315 si
3442 5262 3514 5315 ita
3561 5271 3771 5332 tempus
3801 5260 4133 5332 permiserit,

2553 5357 2801 5394 lnnunlnr
2876 5355 2930 5394 In
2968 5353 3083 5394 nliie
3132 5367 3259 5394 νριοη
3301 5351 3679 5394 fuslivita'ilmc
3721 5353 3807 5394 nixi
3849 5353 3917 5394 ah
3957 5352 4138 5394 Λημνία
