4516 5500
442 378 545 432 4θῖ

1539 374 1627 429 DE
1670 371 1997 430 Ill‘LGlMlM-L
2038 366 2543 425 MONACHORL'M.

3592 370 3691 423 693

443 490 625 560 regula
652 489 891 559 prmripit
922 488 1014 542 fiat
1041 488 1397 542 iiitervallum.
1445 488 1646 545 Dehinc
1698 490 1835 543 facto
1866 489 2017 556 signo
2046 488 2092 545 Α
2122 486 2490 540 satisfactione
2546 486 2855 539 humiliatus
2903 484 3001 541 hoc
3047 488 3410 555 impetraverit
3459 488 3522 538 ab
3567 489 3691 549 illo;

441 588 713 631 canuntur
740 576 1033 637 Matutinae.
1083 578 1222 645 quo.l
1262 579 1303 630 si
1360 578 1473 632 luce
1522 580 1646 639 dici,
1691 590 1749 631 ut
1792 586 2021 645 oportet,

444 668 715 721 Matutina:
736 665 929 720 fuerint
962 668 1147 732 liniue,
1169 669 1509 736 egredientes
1535 669 1810 722 t‘CClCSi;itll
1835 666 2029 722 fratres

441 756 673 811 calcicnt
714 773 793 821 se,
835 757 1035 821 lavent,
1087 760 1431 827 peractis,ue
1487 759 1539 811 in
1585 759 1807 812 ecclesia
1859 757 2029 813 tribus

442 847 813 911 orationibus,
866 847 1113 902 sedentes
1160 849 1210 901 in
1260 849 1499 902 claustro
1550 859 1743 902 vacent
1790 848 2026 913 lectioni,

444 938 773 1006 usquedum
812 938 1022 1005 signum
1052 938 1246 992 Prima:
1289 941 1526 992 auditum
1577 938 1751 993 fuerit.
1800 940 1855 993 Si
1907 956 2032 994 vero

444 1030 673 1082 necdum
700 1029 813 1083 dies
844 1029 1024 1091 fuerit,
1050 1030 1232 1099 sicque
1268 1031 1431 1099 priori
1462 1032 1630 1084 visum
1661 1030 1843 1096 fuerit,
1890 1032 2033 1085 facto

442 1120 621 1189 signo,
655 1122 743 1188 qui
778 1122 1042 1175 voiuerint
1071 1121 1280 1175 lectulis
1315 1124 1424 1176 suis
1456 1132 1681 1189 pausent
1711 1140 1877 1192 usque
1904 1126 2029 1176 dum

444 1227 606 1265 mane
650 1212 791 1267 facto
836 1223 997 1282 agant
1027 1222 1084 1265 ut
1124 1230 1280 1281 supra
1309 1216 1506 1268 dictum
1560 1224 1681 1276 est,
1731 1226 1838 1266 tota
1890 1217 2031 1266 enim

444 1314 655 1369 testate,
684 1306 923 1373 execptis
954 1305 1245 1358 Dominicis
1274 1315 1325 1357 ct
1358 1304 1565 1359 festivis
1605 1308 1811 1367 ilicluis,
1855 1306 2033 1359 Prima

443 1395 755 1457 decantata,
806 1396 1211 1464 matutinaliqne
1260 1386 1421 1449 missa
1463 1397 1757 1459 erlcbrata,
1802 1396 2035 1465 capitali

446 1486 609 1538 etiam
642 1497 860 1553 peracto
886 1486 1125 1553 pulsetur
1170 1488 1347 1541 tabula
1402 1498 1459 1541 ut
1499 1504 1656 1556 supra
1691 1491 1891 1543 dictum
1931 1498 2031 1553 est,

445 1583 502 1626 et
524 1576 781 1644 quidquid
808 1577 1072 1645 agendum
1100 1586 1181 1630 est
1203 1587 1409 1645 agatur,
1446 1594 1614 1647 usque
1644 1579 1770 1631 dum
1800 1580 2032 1647 primum

446 1666 660 1734 signum
686 1666 872 1720 Tertia:
901 1669 1160 1722 sonuerit.
1190 1668 1363 1722 Tertia
1388 1684 1513 1723 vero
1537 1680 1773 1739 peracta,
1798 1680 1852 1723 et
1875 1672 2035 1724 missa

446 1756 809 1825 subsequente
837 1756 1128 1818 celebrata.
1162 1760 1236 1811 uti
1280 1759 1457 1827 regula
1484 1760 1747 1828 praeripit,
1789 1762 2037 1815 sedentes

2125 578 2213 645 qui
2256 576 2417 629 etiam
2448 578 2585 628 circa
2613 587 2727 644 post
2758 576 3174 644 Completorium
3215 578 3511 630 circumeat
3554 576 3701 630 clari-

2128 677 2389 731 strum,ct
2415 668 2457 721 si
2490 683 2592 736 qua
2629 668 2886 721 invenerit
2921 669 2988 721 ibi
3018 669 3258 721 codicmn
3289 676 3381 720 aut
3406 669 3691 720 vestimen-

2131 771 2326 826 torum,
2384 769 2623 828 asportet
2666 775 2728 813 ea
2798 760 2866 813 ad
2912 759 3204 827 capitulum
3253 759 3526 826 sequentis
3572 758 3699 817 diei,

2130 851 2307 904 nullus
2356 852 2499 905 enim
2545 866 2607 904 ea
2650 849 2916 903 ullatenus
2966 849 3154 903 tollere
3185 849 3342 901 debet
3390 848 3457 901 ab
3488 862 3553 901 eo
3584 846 3703 900 ιοςυ

2131 942 2183 996 in
2219 956 2325 1010 quo
2348 956 2409 994 ea
2449 941 2685 1009 posuerit
2728 940 2929 1005 absque
2965 938 3081 1005 ejus
3122 938 3372 991 licentia:
3406 937 3705 1004 habeatque

2134 1033 2220 1086 ille
2254 1032 2417 1084 lratcr
2442 1032 2702 1084 laternam
2729 1046 2831 1098 qua
2858 1030 3134 1083 nocturnis
3163 1029 3307 1082 liOl'is
3328 1028 3523 1096 quibus
3549 1042 3706 1095 cpe-r-

2135 1137 2208 1179 tct
2236 1126 2347 1177 haec
2390 1139 2547 1192 agere
2580 1122 2806 1176 videndo
2843 1123 3171 1182 consideret,
3222 1123 3421 1189 quique
3459 1121 3586 1173 dum
3633 1120 3708 1173 le-

2135 1218 2344 1269 Climth
2375 1216 2622 1281 leguntur
2650 1216 2715 1265 ad
2743 1214 3065 1273 Nocturnus,
3106 1214 3156 1265 in
3193 1213 3371 1273 tertia,
3406 1211 3483 1264 vel
3515 1219 3709 1279 quarta

2137 1309 2385 1368 lectione,
2411 1317 2566 1373 prout
2595 1305 2789 1359 viderit
2816 1304 3088 1373 expedire.
3128 1304 3425 1355 circumeat
3464 1302 3709 1362 chorum,

2136 1407 2187 1449 et
2211 1398 2253 1449 si
2294 1396 2513 1449 fratrem
2554 1396 2821 1449 invenerit
2858 1408 3047 1448 somno
3077 1408 3389 1461 oppressum
3423 1400 3713 1461 anteponat

2138 1487 2226 1541 ille
2254 1487 2538 1548 laternam,
2564 1495 2617 1540 et
2646 1495 2967 1547 revertatur,
3000 1485 3090 1553 qui
3125 1498 3245 1537 mox
3274 1498 3499 1536 excusso
3524 1496 3715 1540 somno

2137 1585 2281 1647 petat
2313 1577 2522 1629 veniam
2565 1574 2867 1645 genuﬂexo,
2912 1584 2967 1628 et
3012 1584 3225 1642 arrepta
3276 1572 3464 1627 eadem
3510 1573 3717 1625 latcrua

2137 1679 2386 1743 pergyret
2422 1681 2475 1723 et
2526 1671 2636 1737 ipse
2698 1668 2945 1729 chorum,
3002 1674 3056 1719 et
3107 1667 3149 1718 si
3203 1680 3361 1733 quem
3412 1664 3719 1734 lmjusmodi

2143 1764 2332 1819 morbo
2380 1761 2552 1815 somni
2599 1759 2847 1812 allectum
2904 1758 3172 1811 invenerit
3210 1766 3332 1827 agat
3364 1757 3435 1810 illi
3479 1756 3618 1809 sicut
3667 1764 3722 1809 et

446 1845 504 1899 in
536 1845 775 1900 claustro
805 1845 1000 1900 fratres
1034 1860 1223 1901 vacent
1256 1850 1491 1907 lectioni.
1544 1865 1712 1917 usque
1754 1853 1876 1902 dum
1930 1868 2039 1905 me-
2071 1829 2114 1886 Β
2146 1853 2243 1922 ipsi
2270 1850 2472 1905 factum
2504 1860 2606 1913 est,
2643 1858 3051 1916 revertaturque
3080 1848 3131 1901 in
3172 1848 3348 1901 locum
3380 1862 3557 1901 suum.

447 1934 631 1987 diante
653 1935 780 1987 liora
814 1936 999 2004 quinta
1034 1936 1264 2004 prinmm
1297 1938 1508 2006 signum
1540 1936 1713 1992 Sexta:
1752 1938 1910 1992 fuerit
1939 1956 2003 1993 au
2030 1970 2037 1978 -

448 2023 640 2077 ditum.
684 2023 799 2090 Quo
828 2036 1047 2093 peracto
1083 2036 1311 2081 canatur
1343 2028 1524 2090 Sextii,
1570 2030 1762 2083 dehinc
1794 2031 2040 2085 mmilms

450 2110 578 2166 lotis
625 2113 818 2165 adeant
868 2130 1106 2168 mensam
1143 2133 1153 2166 :
1188 2117 1371 2182 sicque
1437 2118 1620 2170 refecti
1675 2118 1881 2171 lectulis
1927 2121 2040 2172 suis

448 2201 727 2267 pauserint
758 2216 926 2270 usque
966 2204 1088 2257 dum
1124 2206 1393 2259 mediante
1421 2216 1610 2259 octava
1654 2208 1782 2261 liora
1808 2210 2038 2278 primu-n

463 2290 627 2369 Name
651 2293 890 2347 auditum
919 2292 1080 2349 fuerit
1107 2297 1350 2365 signum;
1377 2314 1482 2367 quo
1510 2302 1710 2362 audito,
1743 2312 1962 2372 surgant
1989 2312 2043 2357 et

448 2396 509 2435 se
566 2382 743 2436 lavent
774 2401 787 2435 :
818 2384 1004 2453 sicque
1047 2386 1333 2440 ecclesiam
1383 2389 1607 2459 ingressi
1658 2388 1866 2444 Nonum
1915 2408 2042 2445 cau-

451 2481 598 2537 tcnt;
630 2472 786 2527 Nona
832 2491 961 2528 vero
1027 2476 1295 2531 celebrata
1342 2480 1651 2550 poculisque
1700 2483 1929 2547 huist‘s,
1964 2486 2042 2539 di-

447 2574 603 2617 catur
644 2580 828 2619 versus
870 2565 1012 2619 Deus
1067 2569 1121 2621 in
1168 2569 1513 2637 adjutorium,
1566 2588 1711 2626 more
1756 2573 1934 2638 Solito,
1992 2584 2045 2629 et

450 2654 709 2725 quidquid
734 2670 955 2711 necesse
982 2656 1144 2716 fuerit
1170 2660 1332 2713 etiam
1380 2670 1503 2714 tunc
1533 2674 1856 2731 operentur:
1890 2675 2044 2718 carto-

451 2743 529 2797 ris
557 2744 698 2798 enim
733 2744 900 2809 boris,
928 2748 1222 2801 secundum
1274 2750 1469 2819 regula:
1518 2760 1865 2821 praeceptum,
1916 2754 2042 2823 quia

452 2848 661 2907 tempus
693 2838 1066 2905 lectionis-cst,
1098 2840 1314 2895 lec1ioni
1365 2845 1730 2897 tantummodo
1772 2857 2043 2910 vacantes,

451 2928 722 2982 silentium
755 2928 993 2999 diligenti
1023 2946 1151 2986 cura
1185 2932 1235 2985 in
1273 2932 1508 2987 claustro
1552 2936 1880 2998 custodiant,
1922 2952 2045 2990 nam

451 3026 509 3071 et
548 3019 693 3071 omni
744 3029 984 3089 tempore
1014 3037 1040 3072 a
1074 3022 1251 3089 primo
1299 3021 1449 3091 pulsu
1498 3033 1713 3092 vespcrt
1738 3025 1873 3079 nalis
1923 3042 2046 3096 syn-

452 3109 572 3162 axis
598 3108 871 3164 s'lentium
912 3119 1155 3164 teneatur
1188 3112 1241 3167 in
1274 3112 1509 3168 claustro
1533 3132 1810 3185 usquequo
1840 3121 2038 3188 capitu-

453 3199 560 3252 lum
591 3200 806 3255 finiatur
838 3202 1061 3257 alterius
1090 3202 1217 3266 diei,
1242 3214 1468 3274 excepto
1497 3206 1748 3262 auditorii
1782 3209 1930 3273 loco;
1956 3210 2047 3278 qui

453 3300 508 3346 et
532 3291 598 3344 ab
627 3293 726 3346 hoc
757 3294 991 3347 maxime
1029 3309 1092 3347 eo
1130 3304 1383 3349 censetur
1410 3297 1657 3359 nomine,
1683 3300 1824 3368 quod
1855 3301 1922 3353 ibi
1950 3315 2047 3353 au-

453 3382 707 3435 diendum
732 3384 803 3438 sit
832 3423 845 3447 ,
868 3385 996 3452 quid
1026 3400 1054 3435 a
1086 3393 1414 3453 praeceptore
1450 3385 1729 3451 jubcatur.
1773 3406 1879 3442 non
1922 3404 2051 3444 vero

454 3469 691 3534 fabulis,
728 3483 820 3525 aut
854 3473 1045 3527 otios's
1086 3474 1196 3537 ibi,
1236 3483 1328 3527 aut
1368 3475 1563 3529 alicubi
1608 3478 1783 3531 vacari
1826 3478 2051 3546 loquelis

454 3574 707 3631 oportet:
740 3578 861 3617 nam
902 3580 1024 3617 cum
1066 3563 1266 3632 regula:
1304 3567 1600 3620 auctoritas
1631 3568 1776 3620 omni
1809 3578 2049 3636 tempore

454 3658 668 3713 silentio
710 3661 1034 3715 studendum
1082 3661 1227 3715 dicat
1267 3700 1282 3723 ,
1332 3671 1636 3730 opportuno
1686 3671 1863 3718 tamen
1924 3674 2049 3719 tem-

455 3763 595 3817 pore
624 3750 688 3804 de
725 3750 885 3804 rebus
924 3752 1251 3806 necessariis
1286 3766 1385 3820 pro
1435 3752 1821 3806 taciturnitatis
1873 3756 2049 3824 gravi-

456 3848 569 3892 tate
616 3840 691 3893 uti
742 3850 1002 3910 patronus
1064 3850 1253 3896 noster
1308 3843 1501 3897 beatus
1558 3842 1881 3898 Benedictus
1941 3860 2046 3899 non

456 3929 601 3991 alta,
656 3931 750 3984 sed
801 3932 1066 3986 submissa
1113 3946 1244 3987 voce
1299 3934 1621 4003 loquendum
1662 3936 2045 4004 permisimus;

454 4022 591 4075 alias
644 4032 822 4075 autem
878 4023 944 4076 de
1013 4024 1154 4088 Deo,
1204 4034 1260 4079 et
1304 4026 1499 4079 animae
1543 4042 1653 4080 sum
1708 4026 1878 4081 salute
1924 4043 2046 4082 cum

452 4111 668 4166 silentio
726 4114 1089 4167 meditandum
1116 4155 1131 4177 ,
1182 4116 1257 4168 uti
1300 4116 1412 4183 ipse
1444 4117 1692 4179 censuit,
1741 4117 2044 4183 hortamur,

454 4211 668 4271 tempus
721 4204 883 4257 etiam
948 4204 1193 4259 lectionis
1248 4215 1456 4276 tempus
1507 4216 1591 4262 est
1643 4209 2043 4264 taciturnitatis.

458 4288 711 4360 Vespera:
753 4307 881 4346 vero
910 4306 956 4348 et
1004 4293 1278 4348 Matutinus
1319 4297 1385 4350 de
1415 4298 1665 4352 omnibus
1712 4299 1933 4364 sanctis,
1980 4300 2046 4354 ab

453 4382 661 4436 octavis
712 4380 930 4436 Pascha:
1004 4400 1110 4438 una
1178 4394 1405 4440 canatur
1472 4388 1807 4457 antipbona,
1876 4405 2045 4458 usque

450 4480 701 4526 octavam
760 4472 1108 4529 Pentecostes

449 4573 508 4620 et
555 4566 746 4634 psalmi
797 4581 895 4634 pro
948 4565 1384 4622 benefactoribns
1433 4583 1537 4622 non
1588 4570 1764 4624 solent
1808 4573 2046 4638 cani;et

447 4652 656 4708 litaniae
690 4662 819 4707 ante
848 4654 1093 4718 missam,
1142 4655 1396 4724 quoniam
1424 4671 1452 4708 a
1490 4654 1862 4724 genuﬂexione
1909 4660 2043 4713 ordo

445 4743 855 4799 ecclesiasticus
886 4744 1147 4801 declinari
1174 4754 1468 4812 ammonet,
1495 4748 1642 4801 omni
1684 4751 1843 4803 modo
1878 4750 2044 4804 inter-

450 4834 760 4889 mittantur.

451 4940 694 5006 Qualiter
732 4942 919 5012 frater,
954 4945 1043 5014 qui
1069 4946 1217 5017 circa
1240 4959 1467 5011 vocatur,
1502 4950 1724 5017 ofﬁcium
1752 4969 1906 5006 suum
1944 4955 2040 5007 im-

1163 5016 1322 5085 plent.

518 5098 639 5156 Jam
688 5112 743 5157 et
789 5103 1086 5158 secundum
1149 5108 1345 5173 regulae
1401 5120 1732 5181 prmecptum
1782 5112 2036 5167 constitui

447 5192 611 5247 debet
640 5195 839 5263 aliquis
867 5194 1056 5258 frater,
1086 5198 1176 5266 qui
1228 5200 1389 5255 totius
1436 5200 1661 5258 claustri
1701 5205 1803 5261 sub
1832 5202 2037 5259 decano

446 5298 635 5339 curam
661 5293 835 5355 gerat,
862 5283 958 5352 qui
995 5285 1061 5339 ab
1106 5285 1278 5342 ofﬁcio
1328 5292 1585 5349 circuitus
1637 5298 1717 5351 sui
1767 5296 1911 5350 circa
1948 5310 2036 5347 vo-

444 5380 620 5427 calllfo
671 5373 769 5428 Εει
824 5372 976 5427 enim
1044 5374 1159 5438 eius
1218 5375 1446 5437 Cincium
1522 5386 1726 5438 Smnins
1805 5384 2035 5438 circuire

2144 1962 2383 2028 Qualiter
2437 1960 2679 2013 diurnale
2724 1960 2829 2012 sive
2879 1958 3185 2011 nocturnole
3232 1959 3455 2027 ofﬁcium
3525 1957 3720 2009 hebdo-

2552 2032 2707 2086 mada
2746 2028 3073 2082 Pentecostes
3100 2040 3309 2096 agatur.

2213 2124 2479 2192 Incipiunt
2517 2123 2791 2176 orationes
2820 2138 2942 2175 cum
2992 2122 3313 2175 lectionibus
3354 2131 3514 2189 atque
3545 2120 3721 2174 canti-

2141 2215 2242 2277 cis,
2295 2227 2413 2281 quze
2448 2213 2699 2265 dicuntur
2730 2211 2781 2263 in
2815 2210 3011 2281 vigiliis
3062 2209 3433 2272 Pentecostcs,
3471 2217 3595 2266 ante
3626 2210 3724 2262 de-

2144 2316 2393 2356 scensum
2444 2301 2643 2355 fontis:
2686 2300 2855 2369 prima
2895 2300 3073 2363 lectio,
3138 2299 3371 2354 Tentavit
3427 2300 3579 2362 Deus,
3637 2315 3725 2354 se-

2143 2392 2328 2460 quitur
2360 2391 2574 2445 oratio:
2628 2390 2768 2444 Deus
2805 2391 2893 2461 qui
2935 2392 2988 2443 in
3038 2391 3277 2445 Abrahae.
3310 2390 3373 2444 2a
3412 2391 3593 2452 lectio.
3621 2392 3726 2459 Ap-

2143 2481 2488 2550 preliendent;
2520 2481 2812 2543 canticum,
2842 2480 3060 2534 Attende
3082 2480 3264 2533 caelum
3291 2496 3308 2544 ;
3340 2481 3584 2548 sequitur
3606 2496 3728 2533 ora-

2147 2570 2252 2624 tio:
2283 2569 2421 2623 Deus
2436 2570 2523 2637 qui
2555 2570 2699 2622 nobis
2714 2586 2805 2637 per
2828 2568 3215 2637 prophetarum.
3237 2570 3299 2623 58
3322 2568 3504 2633 lectiO,
3535 2567 3731 2638 Appre-

2156 2660 2412 2722 hendent,
2467 2659 2735 2713 canticum
2802 2657 2962 2712 Vinea
3000 2659 3173 2727 facta;
3221 2660 3464 2728 sequitur
3510 2659 3724 2713 oratio:

2148 2746 2287 2801 Deus
2311 2748 2399 2817 qui
2429 2764 2521 2801 nos
2549 2749 2616 2801 ad
2647 2747 3033 2801 celebrandum.
3065 2747 3127 2801 ιιι
3164 2748 3342 2811 lectio,
3374 2748 3514 2803 Audi
3540 2746 3728 2809 lsraet,

2146 2842 2391 2909 sequitur
2416 2840 2589 2894 oratio
2615 2881 2626 2892 .
2658 2839 2797 2893 Deus
2824 2841 2909 2909 qui
2935 2840 3411 2901 incommutabilis;
3435 2839 3730 2902 canticum,

2148 2930 2295 2987 Sicut
2358 2947 2558 2993 cert-us,
2602 2931 2845 2998 sequitur
2891 2930 3064 2984 oratio
3103 2927 3337 2984 Concede
3396 2945 3729 2999 qua-sumus;

2150 3022 2297 3075 linita
2342 3022 2585 3074 oratione
2645 3021 2966 3074 inchoantur
3014 3021 3213 3073 litanizc
3258 3031 3491 3090 septemc
3538 3022 3604 3074 ad
3648 3020 3730 3074 iu-

2153 3115 2373 3169 troitum
2426 3123 2551 3168 ante
2599 3113 2788 3167 altare.
2833 3112 3024 3167 Postea
3077 3114 3367 3167 descendat
3416 3114 3583 3166 abbas
3610 3128 3735 3166 cum

2153 3204 2337 3259 schola
2398 3212 2627 3258 canente
2678 3203 2893 3258 litanias
2937 3203 3131 3273 quinas
3178 3203 3243 3256 ad
3293 3202 3464 3255 fontes
3517 3204 3735 3257 benedi-

2152 3295 2369 3350 cendos.
2422 3293 2680 3363 Sequitur
2745 3294 2922 3347 oratio
2975 3302 3030 3347 et
3082 3291 3354 3347 Praefatio.
3416 3292 3509 3347 llis
3554 3293 3735 3361 exple-

2152 3389 2241 3451 tis,
2276 3388 2504 3442 redcunt
2549 3386 2613 3439 ad
2642 3384 2812 3438 altare
2842 3400 2963 3441 cum
3012 3385 3196 3439 litania
3232 3394 3413 3453 terna.
3438 3386 3553 3449 Quo
3585 3383 3737 3438 finito

2151 3478 2296 3531 dicat
2342 3477 2614 3540 sacerdos,
2675 3474 2857 3528 Gloria
2907 3478 2959 3529 in
3016 3476 3231 3530 excelsis
3289 3476 3437 3539 Deo;
3494 3478 3736 3544 sequitur

2150 3568 2323 3623 oratio
2354 3585 2365 3619 :
2404 3566 2604 3620 Prwsta
2650 3582 2987 3636 quaesumus;
3039 3575 3223 3636 postea
3254 3566 3448 3636 legitur
3475 3565 3732 3633 Epiztuln,

2151 3658 2284 3712 Cum
2332 3657 2537 3727 Apollo.
2584 3666 2639 3712 et
2688 3666 2939 3711 cantatur
2980 3658 3228 3722 Alleluia,
3272 3656 3590 3725 conﬁtemini
3623 3654 3735 3708 Do-

2152 3751 2313 3814 mino,
2344 3758 2397 3803 et
2443 3757 2648 3803 tractus
2696 3746 2955 3802 Laudate.
2994 3748 3196 3803 Deinde
3242 3750 3405 3803 missa
3438 3747 3734 3803 secundum

2151 3840 2417 3895 ordinem.
2469 3840 2598 3895 Post
2632 3839 2979 3895 refectionem
3009 3854 3138 3895 vero
3184 3849 3425 3910 tempore
3470 3854 3733 3908 congruo,

2150 3944 2391 3998 vespera:
2420 3938 2725 3999 ceteraque
2752 3930 3097 3985 celebrantur
3122 3944 3271 3985 more
3306 3931 3485 3984 solito.
3517 3929 3605 3983 Illa
3632 3927 3736 3984 Do-

2151 4019 2347 4075 minica
2408 4029 2566 4075 nocte
2620 4019 2793 4075 tribus
2835 4020 3058 4090 psalmis
3115 4021 3449 4090 totidemque
3482 4021 3732 4082 lectioni-

2151 4115 2250 4166 bus
2278 4128 2400 4167 cum
2456 4113 2806 4181 responsorio
2853 4112 3032 4181 agitur
3086 4121 3348 4167 nocturna
3405 4112 3523 4169 laus
3568 4115 3732 4169 utiin

2150 4204 2545 4272 Antiphonario
2586 4203 2847 4258 titulatur.
2896 4202 3121 4257 (laeteris
3153 4219 3281 4257 vero
3322 4194 3471 4257 boris
3502 4202 3627 4267 dici,
3680 4216 3735 4258 ct.

2151 4294 2505 4350 hebdomadas
2599 4294 2918 4363 sequentis,
2983 4294 3258 4372 regularis
3336 4294 3470 4348 ordo
3555 4303 3735 4349 tenea-

2151 4393 2254 4437 tur.
2318 4385 2423 4440 Sed
2474 4394 2529 4440 et
2580 4401 2819 4453 vesperte
2866 4385 3099 4446 sabbati,
3145 4394 3199 4439 et
3226 4386 3391 4455 ipsius
3423 4386 3525 4439 diei
3558 4388 3732 4440 sancti

1164 4489 1178 4527 :
1229 4476 1520 4547 vigiliaque
1580 4494 1677 4547 pro
1754 4479 2041 4544 defunctis,
2075 4519 2121 4577 Β
2150 4474 2467 4530 normaliter
2511 4474 2827 4545 psallantur.
2877 4476 2966 4530 Illa
3013 4476 3348 4531 hebdomada
3387 4476 3734 4534 Pentecostcs'

2149 4566 2463 4620 solemniter
2494 4566 2801 4621 celebratur
2836 4568 2975 4621 sicut
3002 4569 3297 4637 paschalis,
3330 4577 3562 4638 excepto
3589 4570 3736 4638 quml

2142 4654 2469 4726 jejuniorum
2516 4656 2726 4721 diebus,
2765 4655 2948 4712 Gloria
2980 4658 3033 4712 in
3065 4657 3281 4713 excelsis
3315 4657 3431 4721 Deo,
3452 4674 3556 4713 non
3577 4658 3733 4723 caui-

2147 4756 2253 4807 tur,
2287 4753 2339 4799 et
2368 4745 2615 4809 Alle.'uia,
2645 4761 2743 4815 pro
2769 4746 3373 4823 gradualibuscanitur,
3403 4757 3459 4801 et
3493 4761 3738 4813 vespera:

2146 4834 2213 4887 de
2256 4833 2508 4896 omnibus
2557 4836 2764 4890 sanctis
2825 4835 3098 4891 dicuntur.
3150 4836 3359 4892 Rursus
3405 4838 3457 4890 in
3523 4837 3739 4895 octavis

2146 4923 2426 4980 Dominiea
2472 4940 2577 4988 non
2622 4928 2887 4997 repetitur
2918 4926 3148 4996 Spiritus
3196 4927 3433 4990 Domini,
3477 4941 3541 4979 eo
3592 4931 3743 4995 quod

2149 5025 2359 5086 septem
2408 5026 2611 5072 tantum
2645 5019 2874 5083 colimus
2928 5018 3067 5072 dona
3112 5020 3348 5090 Spiritus
3402 5018 3599 5083 sancti,
3644 5022 3750 5077 sed

2149 5107 2329 5180 agitur
2353 5106 2441 5159 illa
2473 5108 2811 5170 hebdomada
2841 5108 2906 5164 de
2928 5119 3117 5163 sancta
3145 5109 3433 5165 Trinitate.

2224 5198 2464 5261 Sabbato
2510 5201 2860 5266 Dominicalis
2908 5215 3149 5268 vesperae
3198 5210 3429 5257 canatur
3484 5201 3755 5271 hymnus,

2146 5292 2293 5353 Deus
2322 5305 2528 5349 creator
2568 5299 2865 5358 ontnium;
2897 5293 2963 5347 ad
3012 5292 3573 5364 CompletoriumLTe
3616 5294 3763 5355 lucis

2147 5396 2273 5438 ante
2304 5384 2616 5438 terminum:
2659 5388 2725 5438 ad
2752 5385 3083 5438 Nocturnas.
3118 5383 3283 5437 Nocte
3330 5389 3635 5438 sumentes;
3686 5390 3765 5438 ad
