4516 5500
869 338 973 392 499

1901 344 1956 400 S.
2000 344 2344 399 DUNSTANI
2379 346 2696 401 AliClllEP.
2739 351 3089 411 CANTUAR.

4030 358 4136 413 500

868 452 1137 514 dicuntur,
1177 464 1367 524 agatur
1393 458 1591 527 vigilia,
1627 472 1747 527 quae
1798 474 1895 527 pro
1927 458 2191 510 ltt'ctitate
2242 458 2449 510 dierum
2483 464 2523 519 Α
2556 466 2776 517 straztdo
2818 483 3106 523 occurrere
3153 468 3440 524 desiderat.
3494 470 3967 526 Proliciscentilms
4008 489 4136 525 vero

869 555 1093 608 vespere
1126 558 1229 597 non
1260 556 1473 612 poterat
1502 547 1587 615 agi
1622 547 1724 601 nisi
1768 547 1851 601 his
1884 556 2090 599 tantum
2137 549 2325 601 diebus
2374 549 2449 601 fe-

868 633 988 696 stis,
1012 634 1206 704 quibus
1230 641 1495 694 ccenaturi
1524 651 1650 695 sunt
1689 640 1904 696 fratres.
1939 642 2088 696 Tunc
2112 642 2255 695 enim
2296 655 2447 695 etena

868 724 1009 779 facta
1067 741 1227 797 agant
1259 732 1494 801 vigiliam
1530 734 1793 789 ministris
1834 736 2054 790 interim
2084 736 2448 801 coenantibus,

868 826 924 869 ut
964 819 1303 887 postmodum
1347 820 1502 889 juxta
1539 823 1736 894 regulae
1784 825 1986 879 dictum
2030 838 2219 879 onmes
2258 838 2453 878 occur-

872 916 986 960 rant
1017 911 1082 961 ad
1135 911 1504 967 collationem.
1576 914 1675 970 Hic
1730 914 1863 971 ordo
1907 916 2103 987 vigilia:
2157 930 2328 983 usque
2385 914 2451 969 ad

866 1012 1026 1069 caput
1065 1002 1502 1077 Quadragesintte
1570 1008 1642 1062 ita
1691 1016 1957 1063 teneatur.
2025 1007 2082 1061 lu
2131 1007 2447 1076 Quadragc-

866 1092 1000 1145 sima
1032 1109 1159 1148 vero
1183 1106 1303 1165 post
1333 1114 1564 1161 coenam,
1593 1107 1646 1153 et
1678 1099 1756 1155 sic
1782 1101 1999 1154 demum
2030 1101 2081 1155 in
2131 1101 2295 1155 totius
2336 1099 2451 1155 lon-

866 1184 1109 1251 gitudine
1144 1192 1351 1244 aestatis
1398 1206 1621 1259 vespere
1668 1194 2008 1246 custodiatur
2051 1202 2170 1261 post
2216 1208 2450 1257 coenam,

866 1287 959 1331 aut
1002 1290 1122 1347 post
1160 1284 1577 1351 vespertiuaiem
1626 1284 1837 1338 laudem
1880 1286 1922 1339 si
1962 1299 2115 1339 coena
2154 1283 2408 1339 defuerit.

937 1370 1180 1435 Quatuor
1250 1375 1622 1442 temporibus,
1679 1390 1798 1445 qua:
1848 1376 2217 1431 ecclesiastice
2266 1385 2447 1429 casto-

865 1459 1084 1514 diuntur
1111 1464 1177 1516 ad
1214 1465 1390 1519 missa:
1423 1466 1861 1530 celebrationem,
1886 1467 2083 1522 dicitur
2125 1481 2151 1519 a
2200 1466 2449 1530 diacono,

864 1547 1169 1606 Flectamus
1215 1570 1405 1623 genua,
1450 1556 1904 1625 quadragesimali
1950 1570 2118 1617 more,
2154 1564 2205 1609 et
2236 1569 2453 1609 eorum-

864 1638 1008 1705 dem,
1042 1656 1270 1709 quorum
1301 1643 1352 1696 in
1380 1642 1802 1714 Quadragesima
1839 1644 2165 1697 abstinentia
2203 1644 2448 1697 ciborum

864 1747 984 1782 cum
1020 1747 1209 1803 magna
1244 1736 1579 1789 custodiatur
1606 1736 1905 1807 diligentia,
1948 1746 2176 1807 excepto
2217 1737 2340 1791 dum
2395 1737 2447 1788 in

865 1820 1210 1877 Pentecostes
1280 1825 1611 1880 ltebdomada
1661 1805 1926 1890 evenerit,
1977 1805 2105 1880 tunc
2153 1826 2297 1880 enim
2357 1805 2523 1879 ali-B

863 1912 1180 1980 quantulum
1232 1918 1511 1972 remissius
1554 1933 1649 1988 pro
1677 1926 1838 1973 tanta:
1888 1918 2248 1974 solemnitatis
2296 1932 2448 1971 reve-

865 2005 1036 2056 rentia
1067 2007 1153 2075 agi
1187 2016 1545 2075 opportunum
1573 2008 1850 2061 duximus.

866 2108 1105 2172 Qualiter
1151 2113 1458 2165 mandatum
1504 2114 1829 2181 quotidianis
1875 2115 2055 2167 diebus
2111 2132 2141 2167 a
2199 2114 2448 2179 fratribus

933 2181 1240 2263 exhibentur
1284 2185 1618 2252 pauperibus,
1670 2194 1717 2237 et
1756 2200 1859 2253 quo
1904 2186 2086 2237 ordine
2132 2184 2291 2237 abbas
2325 2200 2449 2253 erga

932 2267 1234 2321 peregrinos
1260 2264 1399 2322 agat.

936 2360 1245 2417 Mandatum
1277 2363 1421 2431 quod
1466 2378 1535 2418 es
1566 2363 1844 2420 Dominico
1887 2375 2136 2421 tenemus
2163 2365 2436 2434 exemplo,

864 2467 1033 2506 sacrae
1078 2454 1242 2506 etiam
1284 2454 1480 2523 regulae
1512 2456 1742 2520 monitu,
1774 2471 1839 2511 eo
1870 2466 2124 2527 excepto,
2150 2458 2293 2525 quod
2340 2457 2440 2510 sibi

866 2544 1095 2598 invicem
1140 2545 1397 2599 exhibent
1432 2546 1644 2609 fratres,
1678 2548 2008 2617 pauperibus
2061 2563 2272 2603 summa
2325 2562 2448 2601 cum

863 2633 1140 2704 diligentia
1172 2634 1488 2704 praebeatur,
1538 2639 1591 2692 in
1645 2638 1843 2707 quibus
1864 2638 2115 2693 CbriStus
2170 2638 2450 2703 adoretur,

866 2727 958 2794 qui
985 2736 1039 2780 et
1063 2729 1377 2797 suscipitur.
1404 2728 1526 2782 Sint
1560 2729 1720 2799 igitur
1745 2731 1796 2783 in
1828 2745 2152 2800 unoquoque
2181 2738 2453 2785 monaste—

865 2817 948 2870 rio
980 2817 1188 2887 singula
1212 2818 1323 2873 loca
1357 2819 1422 2873 ad
1458 2820 1558 2874 hoc
1585 2821 1876 2874 constituta
1907 2821 1994 2875 ubi
2028 2835 2325 2890 pauperum
2358 2821 2454 2876 fiat

864 2910 1168 2978 snserptio;
1199 2912 1456 2980 omnique
1507 2912 1593 2965 die
1640 2912 1756 2965 sine
1797 2912 2201 2967 intermissione
2232 2921 2341 2967 tres
2382 2926 2452 2967 ex

866 2998 969 3060 bis,
997 3000 1087 3067 qui
1112 3000 1368 3054 routinuo
1397 3002 1447 3053 in
1475 3002 1803 3055 monasterio
1830 3008 2148 3070 pascuntur,
2184 2997 2455 3070 eligantur

867 3104 1154 3159 pauperes,
1193 3093 1390 3160 quibus
1445 3091 1683 3160 ejusdem
1730 3092 1967 3147 mandati
1999 3093 2326 3148 exbibeatur
2352 3093 2452 3148 ob-

868 3182 1140 3251 sequium,
1182 3184 1383 3251 quique
1406 3184 1609 3238 eisdem
1643 3192 1936 3252 pascantur
1956 3182 2306 3247 victualibus,
2337 3183 2455 3252 qui-

820 3293 827 3299 ’
865 3275 969 3330 bus
1017 3273 1215 3329 fratres
1272 3284 1542 3329 utuntur:
1580 3277 1681 3329 hoc
1724 3288 1853 3342 ergo
1904 3274 2062 3327 modo
2117 3273 2243 3327 illuc
2292 3273 2455 3328 eundi

866 3366 1116 3421 ordinem
1155 3376 1578 3436 prosequantur,
1617 3366 1828 3421 scilicet
1853 3365 2077 3421 sabbato
2101 3362 2257 3435 pueri
2278 3366 2454 3420 dextri

867 3458 1017 3512 ebori
1053 3473 1175 3512 cum
1205 3472 1311 3511 uno
1340 3458 1564 3512 custode
1596 3456 1722 3510 illud
1752 3466 2009 3526 peragant
2044 3473 2056 3508 :
2095 3456 2341 3524 sequenti
2371 3455 2457 3509 die

870 3549 1150 3603 Dotniuica
1178 3549 1379 3604 residui
1413 3550 1567 3619 pueri
1599 3549 1803 3602 sinistri
1835 3564 1957 3602 cum
1983 3548 2157 3602 altero
2195 3548 2453 3602 custode:

830 3674 833 3677 ι
868 3640 1064 3695 deinde
1087 3641 1314 3711 singulis
1335 3642 1526 3696 diebus
1551 3640 1903 3694 hebdomadas
1926 3640 1991 3692 ad
2017 3653 2457 3707 unamquamque

871 3732 1061 3788 feriam
1094 3742 1173 3786 tot
1194 3733 1601 3787 constituantur
1631 3730 1829 3784 fratres
1856 3730 1923 3783 ad
1955 3730 2057 3783 boc
2079 3727 2369 3799 agendum,
2402 3736 2459 3780 ut

869 3831 1021 3876 extra
1048 3822 1302 3876 abbatem
1345 3820 1524 3875 nullus
1556 3822 1623 3873 ab
1667 3821 1770 3874 hoc
1813 3818 1994 3872 debito
2043 3817 2324 3872 servitutis
2366 3832 2458 3869 ex-

869 3922 1118 3977 cusetur;
1154 3912 1246 3982 qui
1272 3921 1455 3967 tamen
1478 3911 1646 3966 abbas
1676 3926 1782 3965 non
1817 3926 1917 3964 una
1958 3919 2166 3963 tantum
2198 3908 2329 3962 feria
2364 3908 2458 3961 sed

870 4003 1066 4073 saepius
1118 4003 1244 4056 dum
1293 4002 1340 4056 ei
1374 4019 1603 4057 vacuum
1653 4001 1832 4065 fuerit,
1878 4010 2043 4068 utque
2080 3997 2460 4069 opportunitas

870 4097 1178 4161 dictaverit,
1214 4110 1335 4150 sese
1380 4097 1445 4149 ad
1480 4097 1581 4149 hoc.
1610 4096 1875 4165 agendum
1902 4095 2195 4164 impendat.
2232 4094 2306 4147 De
2356 4108 2458 4147 eae-

869 4199 989 4243 tero
1014 4186 1521 4257 supervenientilms
1556 4186 1859 4255 peregrinis
1891 4185 2239 4254 pauperibus,
2288 4183 2458 4236 abbas

868 4296 991 4335 cum
1035 4280 1315 4345 fratribus,
1346 4293 1481 4347 quos
1508 4278 1734 4349 elegerit
1780 4278 2076 4331 secundum
2102 4274 2298 4344 regula»
2324 4289 2461 4343 pra:-

868 4380 1110 4441 ceptum,
1134 4369 1649 4439 mandatijexltibeat
1671 4368 1988 4437 obsequium
2016 4386 2027 4420 :
2058 4368 2239 4420 omnia
2273 4366 2459 4435 igitur,

867 4461 1223 4516 humanitatis
1251 4458 1423 4515 otlicia
1457 4462 1513 4515 in
1539 4459 1774 4528 hospitio
1802 4468 1955 4528 pater
1979 4458 2093 4526 ipse
2117 4457 2161 4511 si
2191 4454 2461 4525 quomodo
2493 4491 2538 4547 υ

863 4554 1124 4625 potuerit,
1159 4552 1244 4606 vel
1280 4552 1509 4606 fratrum
1541 4550 1768 4621 quilibet
1804 4548 2152 4605 devotissime
2202 4548 2459 4616 praebeat,

866 4662 935 4701 ne
965 4645 1167 4715 aliquid
1198 4646 1249 4699 in
1280 4660 1466 4700 eorum
1498 4643 1761 4714 obsequio
1784 4642 1926 4712 quod
1970 4640 2154 4711 regula
2187 4639 2459 4710 praecipit,

867 4754 1080 4799 tumore
1106 4741 1361 4797 seductus
1386 4740 1469 4795 vel
1508 4739 1781 4795 oblivione
1816 4751 1973 4791 nemo
2019 4735 2274 4805 deceptus
2334 4733 2465 4786 insi-

866 4836 1080 4903 pienter
1108 4833 1521 4905 praetermittat;
1557 4831 1659 4884 boc
1701 4824 2041 4882 solummodo
2068 4865 2082 4890 ,
2112 4824 2253 4893 quod
2286 4822 2461 4876 sancti

865 4922 1060 4979 Patres
1110 4924 1180 4978 ob
1229 4922 1426 4979 animae
1467 4921 1697 4977 salutem
1744 4918 2115 4983 virtutumque
2154 4912 2330 4983 potius
2359 4926 2455 4965 cu-

868 5016 1111 5073 slodiam.
1134 5016 1200 5071 ad
1232 5013 1431 5085 regulae
1475 5018 1845 5078 contemptum
1879 5003 2122 5077 synodali
2156 5009 2461 5057 statuerant

866 5107 1119 5172 concilio,
1170 5120 1499 5177 magnOpere
1531 5101 1801 5157 custodito
1846 5106 1905 5153 ut
1962 5094 2213 5151 videlicet
2243 5093 2295 5147 in
2346 5106 2462 5145 mo-

866 5201 1105 5257 nasterio
1141 5199 1353 5270 degens.
1394 5204 1550 5251 extra
1593 5191 1938 5247 re‘fectorium
1990 5203 2090 5243 nec
2122 5186 2235 5255 ipse
2274 5183 2467 5248 abbas,

866 5308 966 5348 nec
1011 5290 1239 5345 fratrum
1289 5287 1557 5357 quispiam
1604 5285 1705 5338 nisi
1760 5297 1920 5336 causa
1953 5275 2286 5336 inﬁrmitatis
2308 5289 2465 5328 man-

867 5387 1056 5448 ducet,
1090 5382 1172 5437 vel
1226 5381 1378 5435 bibat
1411 5398 1421 5432 :
1457 5387 1651 5433 caetera
1698 5375 1903 5437 omnia,
1931 5373 2007 5427 uti
2055 5371 2309 5436 diximus,
2343 5383 2466 5424 cum

1327 5470 1611 5500 Λιηηιιῖοαθο
1660 5462 2037 5500 rlmmticcimnc
2069 5460 2286 5500 imnlpnt
2319 5476 2332 5489 -
2371 5472 2469 5500 npn

870 5490 1018 5500 -.ειμι--
1039 5490 1064 5500 Α
1112 5473 1275 5500 Ληῖιιιέ

2555 560 2872 625 peregrinis,
2901 561 3197 615 secundum
3225 563 3366 631 quod
3390 562 3489 617 loci
3522 565 3759 632 suppetit
3789 564 4013 619 facultas
4054 567 4136 619 cis

2555 652 2898 720 impendatur
2920 654 3236 707 victualium
3268 654 3541 709 solatium.

2556 759 2671 825 Quo
2702 762 2883 815 ordine
2921 761 3152 816 Sabbato
3183 762 3374 830 fratres
3425 766 3710 818 munditias
3747 778 4051 831 exerceant,
4084 776 4137 821 et

2676 848 2892 902 qumque
2918 833 3081 901 ofﬁcia
3110 833 3172 886 ob
3203 836 3394 888 anima:
3427 834 3647 888 salutent
3676 836 3986 893 persolvunt.

2626 922 2890 987 Sabbato,
2921 924 3213 978 secundum
3241 925 3436 995 regulae
3465 936 3789 996 prteceptum
3822 930 4135 983 mandatum

2552 1024 2604 1067 ct
2638 1013 2927 1067 munditias
2959 1013 3196 1085 diligenti
3247 1030 3375 1069 cura
3430 1026 3749 1070 excerceant
3800 1026 3856 1071 et
3903 1017 4139 1087 qualiter

2555 1110 2668 1161 fieri
2717 1108 2948 1163 debeant
2982 1109 3073 1179 qui
3120 1110 3297 1163 adlmc
3347 1109 3596 1164 nesciunt
3641 1110 3856 1166 solliciti
3903 1112 4133 1173 discant.

2554 1198 2710 1250 soli'o
2736 1212 2885 1251 more
2915 1197 3140 1251 studiosi
3183 1198 3225 1252 si
3257 1197 3564 1267 compleant
3599 1217 3611 1251 :
3645 1200 3832 1253 Nullus
3858 1201 4136 1269 quippiam

2554 1288 2800 1355 quamvis
2829 1302 3019 1356 parum
3064 1302 3157 1341 sua
3207 1302 3271 1341 ac
3317 1287 3471 1356 quasi
3512 1288 3724 1357 propria
3759 1289 4138 1345 adinveulioue

2553 1393 2712 1447 agere
2759 1388 3072 1447 praesumat,
3118 1393 3217 1433 nec
3256 1378 3308 1431 in
3356 1378 3584 1433 ecclesia
3627 1378 3788 1432 horas
3813 1377 4139 1433 celebrando

2552 1468 2893 1531 ruitstitutas,
2945 1482 3040 1522 nec
3071 1466 3306 1522 claustro
3338 1468 3414 1521 uti
3447 1469 3626 1537 regula
3655 1469 3895 1537 przccipit
3928 1470 4136 1538 egredi,

2554 1574 2651 1612 inec
2693 1574 2880 1628 parum
2936 1559 3064 1627 quid
3110 1559 3227 1613 sine
3257 1559 3453 1628 prioris
3492 1559 3707 1612 licentia
3748 1560 4010 1629 superbi-.e
4052 1570 4138 1614 tu-

2553 1668 2701 1705 more
2735 1650 2946 1705 iuﬂatus
2976 1653 3190 1705 audeat.
3216 1650 3717 1706 Calceameutorunt
3742 1652 3945 1718 unctio,
3974 1652 4139 1705 vesti-

2553 1752 2855 1795 mentorum
2880 1741 3103 1805 ablutio,
3126 1749 3181 1795 et
3209 1756 3362 1811 aqua:
3384 1739 3804 1803 administratio,
3828 1756 3931 1794 non
3958 1756 4142 1811 asper-

2552 1844 2745 1897 natur,
2788 1834 2879 1888 sed
2910 1834 2978 1887 ab
3001 1835 3289 1896 universis,
3336 1833 3381 1888 si
3406 1832 3617 1887 Domini
3644 1833 3813 1902 gratia
3839 1832 3981 1886 vires
4009 1848 4140 1886 con-

2551 1925 2813 1986 cesserit,
2869 1931 3110 1993 tempore
3163 1933 3466 1994 opportuno
3511 1934 3767 1979 consuete
3824 1933 4134 1995 peragatur.

2552 2015 2825 2085 Coquinze,
2860 2031 2921 2070 ac
2952 2017 3197 2085 pistrina:
3219 2058 3233 2082 ,
3259 2027 3686 2088 caeterarumque
3709 2034 3890 2073 rerum
3919 2017 4087 2073 ollicia
4120 2060 4149 2083 μ

2552 2107 2626 2159 uti
2653 2115 2841 2159 sancta
2876 2105 3054 2174 regula
3086 2106 3355 2176 pratcipit,
3382 2108 3748 2177 unusquisque
3791 2116 3951 2176 prout
3994 2106 4141 2161 vires

2554 2207 2847 2267 suppetant
2881 2198 3311 2267 gratulabundus
3347 2199 3637 2264 exhibeat,
3682 2214 3748 2253 ne
3776 2198 3975 2270 regula:
4002 2214 4140 2269 prte—

2554 2299 2832 2359 ceptorum
2882 2290 3102 2341 minima
3153 2290 3591 2359 parvipendendo
3626 2298 3931 2359 praetereat,
3985 2304 4049 2344 ac
4092 2288 4143 2343 si

2554 2379 2767 2433 dicente
2793 2378 3054 2447 Apostolo
3086 2379 3328 2432 oninium
3377 2379 3774 2445 mandatorum,
3800 2380 3941 2448 quod
3965 2379 4136 2443 absit,

2555 2484 2680 2523 reus
2708 2469 2923 2525 existat.

2557 2560 2831 2625 Quomodo
2862 2564 3001 2616 circa
3032 2574 3282 2631 a'qrotum
3314 2562 3526 2631 fratrem
3556 2573 3764 2631 agatur,
3816 2563 4141 2633 qualiterque

2856 2634 3159 2701 defunctum
3182 2635 3341 2686 ltunto
3372 2634 3637 2687 conveniat
3662 2633 3827 2686 reddi.

2628 2722 2761 2775 Cum
2806 2724 2870 2775 ad
2897 2721 3136 2777 debitum
3167 2723 3471 2777 communis
3506 2721 3813 2791 fragilitatis
3847 2719 4140 2776 exsolven-

2558 2814 2685 2868 dum
2727 2814 2849 2883 quis
2878 2823 3098 2867 vocatus
3124 2811 3309 2876 fuerit,
3343 2812 3475 2866 dum
3496 2811 3726 2866 senserit
3771 2826 3830 2865 se
3859 2810 4024 2864 nimia
4056 2810 4141 2863 in—

2556 2906 2865 2961 valetudine
2894 2906 3206 2978 pergravari
3248 2907 3320 2960 ita
3352 2914 3409 2959 ut
3432 2906 3543 2975 jam
3582 2919 3686 2958 non
3713 2903 3881 2973 possit
3911 2901 4137 2973 portari,

2560 2997 2740 3050 veniat
2769 2998 2936 3049 frater
2961 2996 3049 3049 ille
3080 3005 3205 3050 ante
3232 2995 3481 3049 abbatem
3512 2995 3597 3047 vel
3634 3001 3885 3047 cunctam
3917 3006 4143 3060 congre-

2561 3091 2854 3159 gationem,
2880 3096 2932 3140 et
2966 3086 3295 3140 inﬁrmitatis
3320 3100 3430 3140 suae
3470 3100 3663 3140 causas
3702 3090 3957 3153 exponat,
3980 3091 4035 3137 et
4060 3080 4153 3137 sic

2560 3178 2802 3232 omnium
2846 3187 3065 3246 accepta
3114 3176 3485 3230 benedictione
3536 3173 3869 3245 ingrediatur
3922 3173 4140 3226 domum

2559 3268 2900 3322 infirmorum
2930 3266 3185 3320 omnibus
3212 3280 3312 3335 pro
3339 3280 3404 3318 eo
3440 3264 3684 3319 sollicitis
3725 3264 3777 3317 in
3825 3262 3939 3317 suis
3969 3261 4142 3315 inter-

2559 3357 2938 3421 ventionibus;
2987 3357 3042 3410 in
3087 3370 3150 3411 ea
3200 3355 3381 3424 itaque
3410 3356 3568 3409 domo
3596 3355 3890 3408 servitores
3918 3352 4141 3406 sintDei

2559 3449 2753 3502 timore
2797 3446 3147 3515 fraternoque
3184 3461 3371 3500 amore
3415 3444 3708 3507 ferventes,
3737 3443 3827 3513 qui
3859 3443 3907 3497 ei
3942 3442 3993 3495 in
4019 3441 4141 3509 qui-

2559 3539 2876 3606 buscunque
2923 3537 3214 3606 indiguerit
3264 3535 3635 3605 suppeditent,
3686 3542 3777 3587 aut
3826 3534 3870 3587 si
3921 3546 4151 3585 necesse

2559 3628 2723 3682 fuerit
2766 3644 2892 3683 cum
2941 3627 3172 3682 sollicito
3219 3626 3385 3681 fratre
3445 3625 3768 3680 famulorum
3823 3624 4146 3679 adhibeatur

2557 3720 2893 3789 obsequium.
2935 3718 3128 3773 Frater
3171 3727 3350 3772 autem
3403 3717 3490 3771 ille
3535 3716 3807 3780 infirmus,
3839 3716 3884 3770 si
3917 3713 4148 3770 senserit

2558 3826 2713 3866 suam
2763 3810 3001 3865 crevisse
3041 3807 3505 3870 imbecillitatem,
3548 3807 3816 3861 iudicetur
3866 3806 3969 3860 ltoc
4018 3818 4147 3874 con-

2560 3902 2743 3957 ventui
2790 3920 2821 3957 a
2851 3901 3017 3955 fratrs
3066 3899 3208 3954 illius
3237 3898 3500 3963 custode;
3541 3914 3606 3953 ex
3644 3912 3708 3953 eo
3746 3912 3875 3967 ergo
3905 3896 4148 3966 quotidie

2560 4001 2679 4061 post
2733 3990 3102 4048 matutinalem
3152 3990 3371 4044 missam
3418 3989 3673 4043 sacerdos
3720 3987 3905 4042 casula
3950 3996 4147 4042 exutus

2562 4100 2682 4137 cum
2714 4082 2935 4151 reliquis
2964 4083 3105 4135 illius
3123 4080 3384 4134 ministris
3409 4081 3605 4143 missae,
3636 4077 4031 4133 Eucbaristiam
4068 4076 4148 4130 fe-

2563 4185 2741 4229 rentes
2765 4175 3193 4243 prmcedeutilms
3227 4171 3401 4226 cereis
3430 4180 3486 4225 et
3524 4169 3819 4229 tburibulo.
3846 4184 3967 4221 cum
3997 4166 4146 4221 omni

2562 4263 2981 4332 congregatione
3022 4270 3150 4315 eant
3182 4261 3247 4313 ad
3282 4257 3606 4315 visitandum
3648 4256 3920 4311 infirmum
3948 4269 4167 4309 canen-.

2565 4363 2644 4407 tes
2691 4352 2928 4422 psalmos
2972 4349 3371 4421 posuiteutiales
3417 4355 3781 4417 consequente
3833 4345 4040 4407 litania,
4091 4352 4150 4397 et

2565 4442 2903 4497 orationibus
2935 4457 2995 4494 ac
3020 4441 3272 4496 unctione
3300 4439 3401 4494 olei
3431 4439 3602 4505 prima
3649 4446 3854 4492 tantum
3897 4437 3983 4490 die
4009 4452 4021 4488 :
4049 4435 4149 4489 de-

2568 4549 2715 4588 mum
2768 4532 3224 4595 communicetur;
3297 4530 3440 4600 quod
3486 4529 3531 4583 si
3581 4527 3871 4582 inﬁrmitas
3915 4525 4150 4595 lenigata

2564 4625 2743 4687 fuerit,
2773 4622 3172 4677 intermittatur
3199 4629 3253 4675 et
3302 4620 3433 4685 boc;
3479 4619 3562 4675 sin
3606 4617 3759 4683 alias,
3791 4624 4157 4687 prosequatur

2564 4716 2800 4772 visitatio
2854 4729 3022 4783 usque
3078 4714 3145 4767 ad
3190 4713 3396 4766 exitum
3433 4724 3536 4765 :eo
3587 4708 3749 4779 igitur
3796 4709 3847 4762 in
3891 4707 4155 4763 extremis

2564 4817 2757 4880 agente
2813 4805 3055 4876 pulsetur
3108 4803 3288 4858 tabula
3351 4801 3783 4870 conveniantque
3839 4813 4032 4853 omnes
4082 4798 4152 4850 ad

2568 4901 2821 4961 tuendum
2858 4899 3061 4951 exitum
3101 4896 3237 4967 ejus,
3280 4903 3336 4948 et
3376 4894 3596 4947 initiens
3625 4891 4151 4947 commendationem

2567 4994 2779 5055 animm,
2799 4990 3093 5054 Subvenite,
3120 4989 3283 5041 sancti
3312 4986 3542 5049 Domini,
3571 4970 3625 5040 et
3654 4984 3857 5055 reliqua
3876 4984 4027 5054 juxta
4057 4996 4155 5034 or-

2570 5085 2749 5141 dinem
2792 5078 3295 5135 commendationis.
3326 5076 3588 5145 Exempto
3617 5064 3795 5129 autem
3828 5073 4042 5128 homine
4071 5071 4154 5125 la—

2570 5183 2727 5228 vetur
2769 5185 2964 5240 corpus
2991 5184 3020 5222 a
3049 5167 3244 5236 quibus
3265 5166 3479 5234 jussum
3502 5164 3664 5219 fuerit
3699 5179 3712 5217 :
3746 5163 3913 5219 lotum
3961 5162 4154 5217 indua-

2572 5276 2661 5320 tur
2717 5263 2932 5317 mundis
2978 5258 3338 5324 vestimentis,
3390 5257 3441 5311 id
3492 5268 3576 5311 est
3627 5256 3888 5321 interula,
3925 5256 4159 5319 cuculla,

2571 5356 2779 5426 caligis,
2811 5350 3431 5419 calceis,,cujuscunque
3456 5349 3525 5402 sit
3553 5349 3774 5411 ordinis,
3810 5347 3935 5412 nisi,
3967 5348 4011 5401 si
4030 5361 4173 5401 vero.

2576 5449 2739 5500 fuerit
2763 5446 3037 5500 sacerdos.
3067 5442 3432 5497 circumdetur
3456 5441 3504 5494 ei
3532 5440 3667 5496 stola
3700 5453 3861 5500 super
3890 5437 4166 5493 cucullum
