4516 5500
446 427 547 485 505

1277 426 1747 481 ADALBERONIS
1786 428 2100 482 AltClllEP.
2143 428 2437 483 m'lflliaNS.
2476 430 2853 485 El‘iSTOL.~E.

3584 431 3685 484 506

450 548 661 603 temque
688 536 874 588 eodem
911 551 1048 586 anno
1078 536 1350 602 privilegia
1378 536 1685 589 monasterii
1722 534 2014 605 (Iorbeien-
2044 542 2084 595 Α
2117 538 2351 589 animum
2391 539 2439 589 in
2486 538 2714 592 lectione
2738 553 2903 592 sacrm
2940 536 3231 605 Seriptune
3270 547 3323 590 et
3360 535 3547 590 Boetii.
3580 536 3686 590 Sed

448 606 520 655 sis
552 621 643 657 sua
688 616 741 657 et
771 605 883 671 ipse
916 621 1070 655 utatur
1108 605 1343 657 imitatus
1372 614 1469 658 est.
1512 606 1723 656 Interim
1766 604 2005 664 Carolus,

450 674 697 727 Ludovici
740 674 779 726 ν
812 683 1033 738 patruus
1077 683 1127 726 et
1160 673 1511 743 Lotltariugiae
1545 676 1647 727 dux
1669 714 1683 735 ,
1716 674 1807 724 ira:
1841 674 2008 743 impa-

450 755 586 798 tiens
615 744 755 811 quod
795 743 943 812 llugo
985 743 1083 796 sibi
1126 744 1176 795 itt
1214 759 1374 811 regno
1405 741 1654 811 przelatus
1682 752 1842 801 esset,
1878 741 2011 794 Lau-

448 815 646 866 duuunt
681 815 843 880 capit,
878 830 938 864 ex
978 828 1083 881 quo
1124 812 1328 865 vicinas
1359 814 1541 874 urbes,
1589 827 1767 882 agros,
1814 812 2009 879 pt':edia

450 883 648 950 rapinis
672 883 1035 949 incemliisque
1070 882 1332 935 hostiliter
1361 883 1637 942 devastat;
1676 891 1799 934 tunc
1824 882 2011 933 litteris

460 953 511 1005 id
548 953 1007 1020 archiepiscopum
1043 951 1358 1005 Reuten~em
1388 952 1550 1005 semel
1585 962 1639 1004 et
1688 953 1878 1004 iterum
1917 965 2009 1015 per

436 972 511 1071 ὶια
548 972 1007 1020 ίΙΓΩΙΙΙυρΙδίῖΟρΙΙΙΙΙ
1043 972 1358 1005 [ωηιξη-ραι
1388 972 1550 1005 δεῐιιει
1585 972 1639 1004 ει
1688 972 1878 1004 llCl‘lllIt
1917 972 2009 1015 νει·

464 1031 647 1090 egatos
684 1024 861 1075 missis
897 1023 1245 1090 conqueritur
1272 1022 1333 1073 dc
1360 1037 1421 1073 eo
1446 1023 1596 1089 quasi
1632 1022 1873 1074 incentor
1900 1022 2011 1074 t'ue-

448 1092 517 1144 rit
552 1092 789 1145 Omnium
823 1094 1082 1145 malorum
1119 1106 1237 1160 qua:
1280 1091 1380 1143 sibi
1429 1092 1752 1144 acciderant.
1788 1090 1865 1141 Ad
1899 1090 2011 1144 lucc

445 1161 707 1213 Adalbero
735 1180 745 1212 :
785 1181 801 1211 ι
838 1162 968 1225 Quis
997 1176 1166 1219 eram,
1200 1161 1387 1227 inquit,
1418 1170 1473 1211 ιιι
1505 1161 1649 1213 solus
1684 1175 1861 1227 regem
1907 1160 2008 1211 iut-

446 1246 695 1297 ponerem
746 1230 1007 1283 Francis!
1061 1230 1270 1298 publica
1317 1242 1440 1282 sunt
1482 1230 1595 1283 lucc
1639 1230 1872 1297 negotia,
1904 1245 2007 1298 non

444 1300 879 1367 privata.0disse
911 1316 994 1353 tne
1017 1297 1214 1367 putatis
1240 1316 1403 1367 genus
1433 1300 1634 1363 regium
1660 1316 1672 1361 ;
1709 1307 1873 1351 testor
1901 1297 2007 1350 lte-

444 1370 771 1436 dcmptorem
817 1385 992 1422 meum
1042 1371 1162 1437 quia
1210 1385 1313 1421 non
1345 1371 1467 1422 .odi.
1499 1369 1635 1434 Quid
1673 1368 2009 1436 [titllSSitttllll]

446 1439 595 1491 vobis
643 1441 711 1493 sit
758 1439 1060 1491 faciendum
1116 1439 1371 1506 quati-itis.
1438 1437 1545 1491 lloc
1591 1453 1751 1505 quant
1802 1437 2010 1489 diﬁieile

454 1508 595 1560 dictu
633 1510 723 1569 sit,
772 1524 867 1561 nec
897 1509 1027 1560 satis
1056 1510 1185 1567 scio,
1222 1524 1318 1561 nec
1344 1508 1384 1561 si
1415 1509 1576 1560 Sciant
1609 1508 1786 1559 dicere
1819 1507 2009 1560 ausim.

443 1578 748 1629 Amicitiam
786 1592 956 1629 meam
985 1578 1309 1644 exposcitis;
1345 1578 1545 1629 utinam
1576 1577 1714 1628 adsit
1763 1590 1823 1627 ea
1874 1576 2007 1638 dies,

442 1663 544 1710 qua
576 1649 795 1699 honeste
844 1647 1001 1697 lit't':tl
1028 1648 1222 1699 vestris
1252 1648 1437 1698 adesse
1476 1646 1781 1711 obsequiis;
1822 1660 2007 1711 qtmm-

444 1718 523 1766 \is
548 1717 688 1767 enim
716 1716 1075 1767 sanctum-ium
1107 1716 1314 1768 Dout‘ni
1354 1716 1714 1781 pervaseritis,
1743 1714 2004 1781 reginam,

442 1785 525 1835 ε.ιὶ
551 1800 668 1849 quae
693 1789 935 1835 tnivmms
961 1782 1199 1849 jirastis,
1233 1783 1763 1851 comprehemleritis,
1797 1781 2006 1851 episco-

443 1867 565 1918 pum
608 1852 1011 1903 Lamtuneasem
1056 1853 1257 1905 carceri
1312 1850 1765 1920 mancipaveritis,
1797 1850 2007 1919 epist-o-

443 1935 629 1984 pormn
658 1923 942 1971 anathema
987 1922 1328 1986 neglexeritis
1358 1924 1531 1987 (taceo
1561 1922 1624 1973 de
1654 1921 1865 1974 seniore
1894 1935 2012 1973 meo

442 2000 626 2067 contra
652 2004 812 2067 quem
838 1990 974 2039 ultra
994 1990 1135 2041 vires
1156 1990 1431 2067 negotium
1449 1989 1806 2067 suscepistis),
1836 1999 2012 2041 tamen

444 2056 681 2109 benelieii
708 2074 811 2122 quo
835 2074 959 2125 erga
983 2072 1066 2110 me
1086 2058 1167 2109 usi
1191 2057 1320 2109 estis
1342 2072 1461 2109 cum
1493 2056 1610 2109 telis
1640 2056 1871 2109 hostium
1892 2070 2011 2123 qtae

441 2127 765 2178 subduxistis
796 2128 1076 2179 immemor
1098 2140 1218 2179 e5se
1242 2142 1345 2177 nou
1380 2141 1615 2192 possunt,
1652 2143 1668 2175 ι
1704 2134 1807 2179 etc.

514 2195 638 2248 Post
675 2196 787 2248 Inee
825 2212 929 2247 una
963 2196 1049 2248 diu
1080 2196 1214 2247 vixit
1256 2196 1541 2248 Adalbero.
1578 2194 1781 2262 llugoni
1810 2192 2011 2262 Capeto

446 2265 498 2333 in
530 2266 822 2317 obsidenda
858 2265 987 2315 urbe
1029 2264 1299 2333 suppetias
1324 2265 1459 2333 ierat
1499 2278 1641 2317 anno
1672 2264 1791 2320 987.
1828 2277 2013 2333 mense

442 2332 655 2385 Octobri
683 2350 799 2384 eum
826 2334 943 2386 aliis
971 2332 1115 2402 regni
1148 2332 1523 2400 optimatibus;
1560 2342 1613 2385 at
1647 2333 1830 2385 labore
1861 2332 2007 2402 obsi-

442 2402 617 2455 dionis
646 2418 707 2456 ac
732 2404 779 2454 vi
814 2401 1048 2455 febrium
1072 2405 1308 2471 graviter
1332 2404 1634 2470 exagitatus
1660 2417 1717 2454 se
1740 2402 1879 2470 apud
1907 2401 2009 2454 Re-

442 2485 558 2525 mos
591 2474 948 2525 reducendum
984 2473 1210 2532 curavit,
1245 2480 1299 2521 ut
1329 2471 1396 2523 ibi
1453 2473 1713 2539 tantisper
1742 2478 2008 2525 recrearet

448 2682 621 2707 "tu

2119 607 2517 673 ingravescente
2548 609 2733 660 morbo
2773 607 2983 660 tandem
3026 607 3296 660 exhalavit
3322 607 3554 657 animam
3585 620 3681 658 eo-

2115 676 2234 727 deut
2283 689 2441 737 anno,
2478 690 2569 729 seu
2601 693 2629 729 χ
2671 675 2785 728 Kal.
2821 675 3078 728 Februar.
3116 691 3180 727 ex
3210 675 3477 728 Chronico
3507 674 3684 727 Moso-

2116 745 2373 824 tnagensi,
2416 762 2507 824 seu
2535 744 2672 824 Son.
2699 747 3006 824 ,ιιιιιιιςιςλςξι
3031 745 3250 824 antique
3270 744 3385 812 ejus
3413 743 3685 824 epitaphio

2116 812 2225 879 (qui
2254 816 2363 867 dies
2391 816 2533 868 cadit
2562 817 2611 867 in
2655 832 2853 867 annum
2877 816 3022 883 983),
3063 829 3182 866 cum
3210 812 3525 866 Remensem
3550 814 3681 865 dioe-

2112 884 2277 936 cesim
2330 900 2424 952 per
2471 885 2802 954 undeviginti
2837 899 3004 938 annos
3037 884 3265 954 viriliter
3306 884 3681 954 gubernasset.

2112 953 2214 1005 Alii
2267 951 2449 1007 dicunt
2504 951 2703 1008 obiisse
2749 953 2986 1006 Lauduui
3040 968 3145 1021 quo
3176 952 3459 1021 relegatus
3510 951 3686 1021 fuerat

2113 1039 2140 1074 a
2171 1024 2301 1076 duce
2347 1024 2559 1077 Carolo.
2605 1025 2811 1090 Corpus
2841 1022 2954 1089 ejus
2984 1023 3035 1076 in
3057 1018 3267 1089 mtajnri
3312 1018 3544 1075 ecclesia
3576 1018 3679 1073 Re-

2115 1094 2281 1146 tucnsi
2326 1095 2424 1147 sub
2448 1093 2599 1145 altari
2636 1093 2921 1145 liotniuica:
2944 1092 3121 1145 erucis
3151 1090 3417 1160 sepultunt
3452 1098 3535 1143 est
3559 1104 3684 1160 cum

2112 1163 2385 1229 epitapbio
2425 1165 2516 1215 :eri
2573 1164 2771 1223 inciso,
2827 1163 2967 1229 quod
3019 1172 3141 1214 ante
3194 1158 3390 1229 prioris
3440 1158 3687 1213 ecclesiae

2116 1236 2559 1285 restaurationem
2596 1233 2767 1285 adhuc
2800 1231 3043 1285 exstabat
3073 1232 3173 1284 hoc
3204 1230 3360 1283 modo
3390 1246 3402 1281 :

2233 1320 2509 1369 (ἶοιιειιιθηι
2534 1326 2698 1368 natura
2719 1332 2895 1379 parens
2915 1332 3023 1380 qua
3046 1331 3226 1367 summa
3257 1319 3439 1376 putavit

2237 1383 2305 1427 Ad
2335 1382 2492 1428 meriti
2519 1381 2780 1438 cumttluut,
2808 1384 2913 1438 ltln,
2943 1382 3115 1438 praesul
3144 1380 3404 1437 Adalnero,
3439 1390 3547 1427 cum
3571 1384 3624 1426 te

2237 1441 2549 1488 l'rarstattteut
2569 1444 2755 1489 cunctis
2779 1442 3061 1489 mortalibus
3087 1439 3282 1488 abstulit
3304 1442 3407 1487 orbi

2235 1506 2405 1556 Quinta
2431 1504 2539 1549 dies
2563 1503 2808 1549 tondentis
2828 1515 2976 1560 aquas
2998 1513 3105 1548 cum
3142 1503 3357 1558 pondere
3386 1510 3567 1546 rerum.

2182 1582 2329 1634 Νιιιιι·
2348 1584 2457 1634 haec
2483 1583 2642 1635 verba
2670 1582 2720 1634 in
2751 1581 2895 1635 brevi
2922 1581 3099 1648 lapillo
3120 1581 3185 1633 ad
3212 1579 3411 1648 gradus
3437 1586 3688 1632 sanctua-

2115 1654 2201 1714 rii,
2234 1652 2314 1705 vel
2338 1652 2486 1719 juxta
2518 1651 2750 1719 aquilam
2784 1650 3069 1719 leguntur:

2379 1759 2741 1815 ADALBERO
2779 1758 3383 1815 ARCHIEPISCOPUS.

2182 1851 2342 1905 Addit
2393 1860 2579 1905 auctor
2611 1850 2920 1918 appendicis
2970 1850 3033 1902 ad
3068 1848 3445 1909 Flodoardum,
3482 1866 3499 1897 ι
3537 1847 3681 1916 quod

2114 1921 2259 1975 onmi
2294 1936 2433 1973 anno
2475 1922 2587 1974 dies
2618 1918 2980 1973 defunctiouis
3028 1920 3146 1987 ejus
3189 1918 3570 1971 venerabiliter
3604 1931 3689 1971 re-

2115 1991 2329 2049 ciditur,
2362 1999 2415 2042 et
2446 1989 2784 2058 eleemosyna
2814 1988 2966 2055 panis
2992 1998 3046 2040 et
3071 1988 3176 2058 vini
3227 1988 3440 2056 copiosa
3466 2000 3685 2058 paupe-

2115 2058 2263 2111 ribus
2296 2055 2830 2123 distribuiturfquae
2874 2058 3035 2109 etiam
3079 2055 3416 2125 eleetttOSyIIa
3456 2055 3688 2108 Manda-

2116 2137 2222 2178 tum
2272 2126 2615 2178 Atlalberonis
2660 2134 3018 2191 nuncupatur.
3050 2124 3337 2179 Sciendum
3368 2139 3580 2193 quoque
3607 2133 3692 2177 est

2115 2195 2383 2262 quomodo
2429 2195 2585 2247 istius
2625 2194 2979 2264 eleemOsynm
3031 2204 3274 2263 sumptus
3316 2203 3685 2264 praeparetur:

2116 2264 2365 2317 videlicet
2391 2264 2455 2315 de
2486 2264 2644 2317 domo
2675 2279 2791 2331 quae
2835 2275 3058 2315 vocatur
3101 2264 3361 2331 hOSpitalc
3389 2276 3687 2330 pauperum

2117 2348 2343 2385 annona:
2374 2333 2592 2385 sextarii
2628 2348 2701 2395 tv,
2742 2334 2807 2385 de
2837 2347 3046 2385 eamcra
3082 2331 3333 2385 frumenti
3362 2346 3435 2393 tv,
3464 2332 3528 2384 de
3566 2331 3692 2382 hor-

2117 2418 2208 2455 reo
2260 2402 2640 2456 indnmiuicato
2680 2416 2907 2456 annona:
2937 2402 3147 2455 modius
3191 2417 3359 2465 unus;
3404 2409 3459 2454 et
3504 2399 3689 2452 vinum

2114 2472 2253 2540 quod
2291 2472 2536 2525 sulliciat.
2552 2490 2569 2520 ι
3686 2474 3689 2475 ⁷

2669 2678 3677 2704 ———————————

1056 2857 2153 2985 ADALBERONIS
2249 2860 3105 2985 EPISTOL/E.

990 3098 1163 3167 (Apud
1193 3100 1488 3162 Dueltesue,
1520 3099 1709 3166 Seript.
1745 3096 1864 3151 Rer.
1901 3094 2097 3149 Franc.
2125 3104 2253 3149 lotn.
2298 3096 2358 3159 ll,
2392 3096 2531 3149 inter
2562 3074 2817 3165 epistolas
2842 3096 3139 3167 Gerberti.)

920 3409 1248 3467 EPISTOLA
1300 3408 1529 3462 PRIMA.

575 3525 643 3564 AD
681 3519 961 3561 ECBEBTUI
1000 3516 1447 3556 ARCHIEPISCOPUI
1488 3512 1871 3552 TREVIRENbEI.

506 3598 843 3655 Labefactari
877 3597 1259 3665 rempublicam
1282 3603 1517 3647 vestram
1546 3591 1898 3660 quorumdam
1932 3590 2005 3658 ig-

437 3694 592 3748 navia
644 3706 765 3747 cum
816 3688 1298 3758 perhorrescimus,
1364 3693 1476 3737 tum
1525 3681 1914 3741 erubescimus,
1952 3688 2006 3732 et

436 3783 713 3855 privilegio
735 3780 935 3834 amoris
962 3778 1128 3832 nostri
1146 3777 1288 3831 circa
1316 3789 1433 3839 vos,
1454 3782 1508 3827 et
1528 3770 1793 3827 communi
1820 3770 2007 3839 patria:

434 3875 771 3944 cognatione.
836 3870 1069 3924 Paucine
1108 3867 1275 3922 creati
1318 3875 1443 3920 sunt
1487 3878 1660 3933 reges,
1686 3862 1775 3931 qui
1808 3876 2003 3915 novum

428 3963 543 4017 tilio
573 3961 771 4015 domini
841 3958 1006 4013 vestri
1056 3969 1366 4027 praeponere
1417 3952 1618 4007 vultis?
1664 3951 1822 4005 Forte
1865 3949 1992 4019 quia

432 4053 653 4109 Grrecus
683 4059 785 4112 est,
809 4060 866 4101 ut
908 4047 1105 4108 dicitis,
1138 4059 1288 4099 more
1318 4044 1628 4098 Grmcorum
1672 4054 2005 4110 conregnan-

435 4155 538 4198 tem
570 4143 853 4197 instituere
882 4139 1059 4194 vultis.
1086 4137 1203 4204 Quo
1230 4136 1455 4190 recessit
1484 4132 1820 4188 sanctissima
1837 4130 2005 4185 ﬁdes?

434 4237 828 4291 Excideruutue
858 4233 1036 4285 animo
1056 4229 1316 4285 beneﬁcia
1335 4230 1590 4284 Ottonum
1613 4225 1764 4280 vobis
1775 4222 1964 4278 collata
1982 4222 2005 4275 ?

432 4326 678 4396 Magnam
722 4320 1129 4391 intelligentiam
1161 4327 1396 4373 vestram
1426 4326 1694 4380 revocate,
1731 4313 2005 4384 generosi-

436 4428 596 4472 tatem
629 4414 964 4487 perpendite,
990 4418 1328 4481 ueperpetuo
1345 4408 1593 4465 dedecori
1616 4406 1800 4476 generi
1827 4414 2006 4459 vestro

431 4524 549 4565 esse
571 4506 761 4561 velitis.
793 4502 847 4557 Si
885 4502 1025 4556 vires
1053 4516 1148 4555 vos
1182 4500 1474 4554 destituere
1508 4493 1842 4557 aectatnatis,
1896 4507 2006 4546 tne-

430 4600 567 4655 llora
593 4596 885 4653 sentientes
916 4590 1227 4663 perquirite,
1256 4603 1353 4642 nos
1380 4586 1638 4648 fautores,
1662 4581 2005 4651 coadjutores

431 4690 487 4745 in
518 4686 712 4742 talibus
738 4682 969 4753 negotiis
994 4680 1110 4734 fore
1156 4677 1427 4733 conﬁdite.
1452 4675 1507 4729 In
1527 4672 1931 4744 perturbatione
1950 4678 2005 4724 et

2032 3405 2078 3467 C
2111 3404 2301 3459 nelicia
2330 3405 2438 3458 tilio
2464 3402 2692 3458 Czesaris
2722 3404 2997 3459 adversari
3048 3420 3153 3460 non
3208 3408 3413 3461 sinunt.
3449 3408 3689 3479 Denique

2111 3510 2197 3547 res
2227 3502 2441 3547 nostras
2473 3494 2538 3545 ad
2564 3494 2821 3546 auxilium
2845 3496 3229 3563 promovimus.
3259 3496 3533 3566 Uninsque
3563 3514 3687 3569 par-

2112 3583 2179 3635 tis
2210 3592 2448 3649 pactum,
2480 3582 2526 3634 si
2552 3581 2745 3651 placet,
2793 3583 3065 3637 communi
3095 3598 3359 3638 consensu
3402 3586 3454 3639 in
3488 3589 3685 3656 sempi-

2110 3682 2324 3727 ternum
2354 3672 2707 3727 stabilietnus.
2747 3672 2891 3728 Nihil
2929 3689 2958 3727 a
2991 3674 3142 3729 vobis
3192 3674 3293 3729 nisi
3336 3676 3482 3730 salva
3516 3676 3687 3732 ﬁdeli-

2111 3773 2218 3817 tate
2251 3762 2460 3818 Domini
2484 3763 2652 3817 nostri
2698 3764 3093 3833 perquiremus.
3125 3764 3247 3819 Haec
3280 3765 3507 3821 Domino
3552 3776 3690 3823 teste

2108 3854 2402 3923 loquimur,
2431 3863 2485 3908 et
2506 3854 2661 3924 plena
2697 3854 2801 3909 ﬁde
2840 3864 3032 3911 vestra:
3063 3856 3361 3925 prudentia:
3384 3858 3685 3913 committi-

2107 3957 2248 3997 mus.
2282 3942 2384 4009 Qui
2450 3943 2585 3998 duos
2641 3942 2866 4006 Ottones
2918 3954 3145 4000 conatus
3181 3956 3263 4000 est
3292 3948 3637 4019 exstinguere
3667 3989 3683 4012 ,

2107 4035 2325 4088 tertium
2352 4034 2493 4090 volet
2522 4049 2826 4105 superesse.
2874 4034 3200 4093 Mementote
3229 4038 3372 4093 illius
3411 4039 3641 4096 Tulliani
3669 4056 3683 4094 :

2108 4124 2339 4180 Stultum
2371 4134 2446 4179 est
2475 4124 2539 4178 ab
2561 4126 2635 4179 eis
2683 4124 2839 4193 ﬁdem
2868 4126 3095 4196 exigere,
3124 4144 3155 4181 α
3204 4130 3390 4198 quibus
3421 4130 3688 4185 multaties

2106 4215 2347 4284 deceptus
2370 4217 2459 4269 sis.
2494 4214 2771 4283 Simulque
2800 4215 2962 4269 etiam
2986 4216 3125 4286 quod
3154 4232 3258 4271 non
3300 4218 3499 4274 frustra
3531 4222 3680 4275 Divi-

2106 4308 2249 4361 nitas
2273 4305 2502 4361 contulit
2532 4304 2683 4360 vobis
2733 4318 2892 4359 nosse
2918 4319 2984 4360 ac
3010 4320 3193 4375 posse,
3226 4308 3355 4377 quid
3406 4325 3567 4379 super
3602 4312 3688 4365 his

2106 4397 2435 4467 approbetis,
2463 4405 2516 4450 et
2550 4396 2634 4450 his
2654 4395 2927 4451 contraria
2955 4396 3225 4463 sentiatis,
3255 4400 3420 4467 quive
3470 4399 3690 4456 faveant

2105 4496 2160 4539 et
2182 4501 2210 4539 a
2242 4485 2392 4539 vobis
2422 4485 2738 4549 dissideant,
2769 4485 2899 4539 tutis
2922 4484 3233 4555 signiﬁcare
3268 4487 3568 4557 rescriptis.
3595 4488 3688 4542 Al-

2109 4575 2278 4629 titudo
2302 4572 2468 4629 vestri
2491 4573 2700 4629 consilii
2736 4573 3015 4644 provideat
3065 4574 3229 4630 rebus
3271 4575 3414 4631 beati
3454 4574 3687 4647 Remigii

2106 4667 2257 4721 vobis
2280 4665 2493 4730 vicinis,
2531 4677 2599 4719 ne
2645 4673 2741 4719 aut
2770 4664 2953 4735 praedo
2980 4679 3147 4735 rapax
3176 4681 3271 4722 eas
3300 4666 3491 4736 rapiat,
3519 4677 3575 4722 et
3620 4683 3691 4724 ne

430 4751 993 4835 confusioneomnium
1012 4767 1349 4836 rerum,qnis
1370 4761 1997 4819 alteriuslevabitonusl
2030 4751 2247 4819 DOtto,
2278 4754 2369 4825 qui
2399 4754 2559 4810 debet
2602 4768 2723 4809 esse
2767 4762 2931 4818 tutor,
2987 4754 3060 4809 sit
3104 4754 3440 4811 devastator.
3498 4755 3554 4811 In
3602 4756 3690 4812 his

429 4870 707 4926 Postremo
760 4864 806 4919 si
856 4862 1001 4919 salva
1036 4861 1293 4932 dignitate
1335 4853 1500 4909 vestri
1538 4851 1774 4906 nominis
1808 4848 1997 4903 urbem

428 4959 776 5017 Trevirorum
834 4952 997 5009 tutari
1044 4965 1151 5005 non
1179 4946 1393 5011 valetis,
1442 4944 1735 4999 Remorum
1786 4939 2003 5009 utrique

396 5034 399 5037 l
427 5058 669 5107 nostrum
696 5049 769 5103 sit
791 5046 925 5101 satis
967 5062 979 5097 :
1010 5042 1338 5109 ditioresque
1360 5036 1563 5092 erimus
1582 5050 1746 5105 quam
1778 5032 2000 5089 Eucha-

426 5142 541 5197 rius
566 5137 833 5210 quondam
876 5142 935 5188 et
989 5130 1193 5186 Sixtus.
1233 5129 1288 5183 td
1344 5124 1497 5181 vobis
1552 5132 1731 5178 ratum
1774 5120 2003 5196 ignomi-

424 5232 572 5291 niam
600 5227 825 5293 auferet,
855 5224 1071 5280 irritum
1097 5234 1194 5275 nos
1227 5219 1424 5275 liberos
1449 5213 1666 5270 emeiet.

995 5308 1324 5367 EPISTOLA
1362 5306 1425 5361 ll.

554 5429 618 5467 AD
657 5420 976 5467 VILLEGISUI
1016 5416 1359 5457 IOGUNTINUI
1403 5411 1871 5455 ARCBIEPISCOPUI.

2105 4860 2321 4916 quoque
2352 4855 2590 4900 vestrum
2617 4844 2753 4899 velle
2783 4844 2962 4910 liceat,
2995 4859 3347 4916 cognoscere.
3438 4868 3439 4871 η

2256 4936 2259 4939 ’
2673 4934 3005 4991 EPISTOLA
3029 4935 3117 4991 lll.

2389 5044 2458 5083 ΑΒ
2495 5042 2756 5083 γυλιομει
2794 5042 3017 5090 ωυεουε
3055 5044 3397 5085 ηιτιιυεεε.

2177 5120 2453 5175 Hactenus
2492 5112 2777 5171 stultitiam
2839 5123 3078 5169 vestram
3139 5119 3409 5188 patienter
3442 5115 3687 5177 tulimus.

2105 5224 2251 5267 nunc
2291 5207 2416 5277 quia
2466 5205 2746 5277 synodalia
2797 5205 3012 5260 decreta
3059 5204 3471 5280 parvipeuditis,
3504 5206 3683 5259 vocati

2107 5297 2472 5359 contemnitis,
2504 5295 2740 5351 humana
2787 5293 2985 5350 divinis
3031 5296 3320 5366 praefertis.
3358 5294 3427 5348 ad
3458 5308 3696 5349 conven-
3756 5352 3760 5356 Α

2105 5403 2219 5449 tum
2246 5397 2551 5445 nostrorum
2585 5386 2817 5443 fratrum
2865 5384 3006 5454 apud
3036 5386 3333 5446 Gualdonis
3364 5392 3567 5439 cortem
3593 5386 3694 5438 ha-

3292 5476 3495 5500 I9.-—.'-_
3533 5490 3662 5500 ..-οιΑ
