4516 5500
779 498 877 552 507

1336 606 1666 662 i‘lPlSTOLA
1711 606 1795 661 IV.

958 713 1024 749 AD
1072 712 1409 753 NOTECABN'M
1462 714 1753 753 EPISCOPUM
1797 714 2177 752 LEODICENSEM.

851 788 927 843 Nc
956 789 1095 843 male
1134 792 1350 853 mereei,
1385 805 1588 859 qumso,
1616 790 1685 843 mi
1718 790 1898 852 Pater,
1929 790 1994 843 de
2033 801 2215 843 nostra
2246 792 2359 843 exi-

775 880 1012 934 stimetis
1060 879 1296 933 amicitia
1342 879 1563 932 fratrem
1614 894 1790 931 meum
1840 878 2191 932 Godefrizlum
2257 894 2361 932 non

775 987 841 1025 ex
864 971 1128 1026 condicto
1158 984 1336 1041 regem
1367 970 1587 1034 adiisse,
1617 979 1671 1024 et
1694 986 1757 1023 ex
1784 972 2030 1025 condicto
2052 986 2157 1040 quo
2190 972 2361 1025 volni-

776 1064 878 1118 stis
906 1079 1011 1118 non
1043 1064 1273 1117 venisse.
1310 1062 1455 1116 Bona
1485 1063 1679 1133 quippe
1704 1064 2020 1118 deliberatio
2051 1066 2246 1133 rapuit,
2273 1064 2365 1117 sed

778 1154 1069 1209 occasione
1092 1154 1200 1208 laesi
1234 1154 1388 1223 pedis
1420 1154 1632 1208 fortuna
1675 1156 1987 1208 retardavit.
2020 1154 2101 1209 Sit
2124 1172 2252 1227 ergo
2276 1172 2367 1211 ve-

782 1251 910 1297 strm
933 1243 1233 1313 prudentiae
1261 1243 1416 1297 amici
1446 1258 1663 1296 causam
1688 1257 1867 1313 agere,
1896 1259 1990 1311 pro
2018 1259 2075 1299 se
2100 1255 2262 1309 stare,
2301 1246 2368 1299 de

784 1348 849 1387 eo
882 1344 942 1386 ut
968 1333 1161 1397 nostis,
1211 1342 1267 1387 et
1297 1340 1355 1386 ut
1390 1348 1601 1401 acquum
1632 1342 1733 1395 est,
1777 1348 1841 1385 ex
1875 1334 1979 1386 fide
2028 1335 2363 1402 promittere.

782 1422 894 1478 Nos
920 1422 1137 1492 quidem
1165 1439 1235 1478 re.
1256 1469 1271 1477 -
1303 1424 1489 1478 herilis
1520 1424 1681 1478 vestri
1712 1425 1863 1493 pueri
1899 1424 2051 1492 juxta
2080 1429 2221 1495 quod
2256 1438 2369 1482 sta-

787 1513 968 1567 tuistis
999 1512 1293 1575 effecimus
1342 1514 1475 1567 etsi
1528 1514 1584 1567 in
1634 1513 1826 1569 melius
1889 1519 2366 1581 commutaveritis,

786 1604 1083 1658 Divinitale
1114 1603 1343 1674 propitia
1369 1606 1421 1659 in
1447 1605 1641 1659 melius
1664 1606 2158 1675 compensabimus.
2182 1608 2370 1662 Vestra

786 1694 1004 1763 negotia
1035 1704 1090 1747 ut
1134 1706 1317 1748 nostra
1373 1696 1865 1764 compensabimus.
1918 1695 1968 1750 Is
2014 1712 2173 1765 quem
2206 1701 2374 1753 nostis

788 1786 944 1839 nobis
976 1786 1220 1849 intimus,
1252 1787 1518 1856 vobisque
1565 1786 1880 1853 fidissimus,
1934 1788 2204 1859 interpres
2232 1792 2375 1860 apud

789 1880 991 1950 regiam
1022 1878 1359 1947 majestatetn
1415 1887 1475 1932 ut
1505 1879 1687 1934 decuit
1739 1879 1857 1943 fuit,
1903 1882 2043 1949 quod
2095 1884 2378 1952 expetistis

789 1971 1018 2026 firmiter
1041 1970 1323 2026 obtentum
1356 1972 1473 2026 sine
1498 1972 1839 2027 inimicorum
1860 1984 2125 2043 respectu.
2164 1976 2374 2045 thuia
2410 1960 2452 2016 Β

792 2069 965 2115 totum
992 2077 1096 2116 non
1136 2069 1218 2116 est
1248 2058 1575 2115 credendum
1598 2061 1823 2124 chartis,
1858 2062 2117 2116 indictum
2143 2079 2378 2115 conven-

792 2157 903 2203 tum
951 2164 1047 2204 vos
1097 2150 1245 2203 adire
1312 2149 1599 2211 voluimus,
1654 2158 1995 2217 vestramque
2036 2150 2376 2219 pnesentiam

796 2253 966 2306 usque
1002 2240 1053 2292 in
1088 2254 1145 2292 ιιι
1183 2238 1303 2292 Kal.
1364 2235 1552 2292 Junias
1590 2238 1893 2307 prtestolari
1948 2238 2228 2293 iaciemus.
2270 2242 2379 2309 0p-

790 2337 1025 2396 portuno
1055 2328 1280 2397 tempori
1311 2328 1729 2393 occurrendum,
1758 2343 1823 2381 ue
1856 2343 1977 2381 cum
2013 2338 2063 2382 te
2091 2329 2379 2383 subtraxe-

793 2419 871 2473 ris
893 2419 989 2473 fiat
1025 2420 1411 2489 importunum.

1361 2507 1695 2565 EPISTULA
1746 2510 1810 2563 γ.

1038 2618 1104 2657 ΑΒ
1143 2616 1393 2657 πιυοκειι
1435 2616 1683 2655 ΑΒΒΑΤΕΙΙ
1724 2616 2124 2656 GANDAVENSEM.

862 2693 1088 2748 Frustra
1121 2693 1226 2747 sibi
1263 2707 1442 2747 arcem
1470 2692 1745 2760 religionis
1771 2692 2094 2756 attribuunt,
2127 2710 2219 2761 qui
2251 2709 2386 2761 pra:-

792 2785 979 2853 cipuas
1027 2782 1304 2853 religionis
1349 2792 1533 2850 partes
1576 2790 1848 2836 evertunt.
1906 2783 2007 2849 Qui
2062 2783 2383 2837 charitatem

793 2888 899 2926 non
932 2873 1126 2937 habet,
1157 2872 1250 2940 qui
1282 2871 1441 2925 fidem
1471 2872 1791 2941 promissam
1832 2872 2052 2942 negligit
2074 2914 2087 2933 ,
2115 2873 2230 2927 isne
2271 2872 2389 2926 reli-

792 2963 1007 3032 gionem
1057 2961 1275 3016 tuetur?
1320 2960 1376 3019 Si
1421 2960 1661 3015 fraterna
1712 2960 1978 3031 chlloquia
2027 2960 2180 3016 nobis
2236 2962 2388 3016 exhi-

793 3051 1021 3112 buistis,
1053 3059 1106 3104 et
1148 3050 1615 3119 qualibuscuuque
1677 3051 1881 3105 nuntiis
1928 3051 2098 3105 hetari
2146 3051 2385 3116 fecistis,

797 3148 948 3192 tanto
1000 3148 1299 3207 temporum
1350 3140 1633 3193 intervallo
1671 3140 2026 3209 (conscientia
2086 3142 2235 3196 testis
2283 3142 2388 3212 est)

796 3231 997 3283 arctius
1030 3245 1127 3284 sua
1167 3231 1426 3293 retinent,
1466 3246 1626 3299 quam
1664 3230 1839 3285 aliena
1867 3232 2272 3302 concupiscunt.
2310 3234 2390 3287 Ex

1847 495 2330 552 ADALBERONIS
2372 493 2687 547 ARClilEP.
2732 493 3028 547 liliilENS.

2392 609 2437 664 Α
2472 605 2621 658 nobis
2654 621 2941 659 maerorem
2991 604 3230 673 pertulit.
3274 604 3432 657 Jubet
3462 605 3603 655 rnim
3642 603 3900 657 auditum
3940 620 4053 658 mo-

3943 489 4045 548 508

2469 697 2687 749 nasterii
2744 698 2917 749 sancti
2977 696 3123 749 Pauli
3177 696 3389 764 penitus
3441 694 3627 757 avelli,
3658 694 3812 762 quasi
3846 695 4053 750 hostilis

2468 786 2779 839 munitionis
2839 797 3100 841 castrum.
3152 786 3303 841 Unde
3364 786 3626 840 sacerdoti
3673 784 4053 855 iujungendum

2469 892 2572 930 nou
2597 887 2698 937 est,
2731 879 2870 946 quod
2901 878 3071 931 cuivis
3097 877 3259 931 etiam
3296 886 3525 946 tyranno
3557 873 3897 927 formidabile
3938 889 4057 928 esse

2470 979 2687 1039 potest:
2728 971 3067 1039 maximeque
3114 985 3236 1023 cum
3291 968 3507 1038 plurimi
3562 967 3670 1019 sint
3723 965 3815 1034 qui
3865 964 4060 1020 talibus

2469 1060 2774 1130 gaudeant,
2808 1060 2850 1114 si
2883 1060 2934 1115 id
2962 1058 3223 1115 efﬁciendi
3260 1069 3407 1113 tanta
3439 1060 3577 1113 inest
3602 1057 3867 1126 voluptas.
3892 1055 4061 1109 Porro

2472 1153 2616 1206 hunc
2643 1151 2818 1205 locum
2848 1168 2954 1206 non
2982 1167 3104 1206 esse
3126 1160 3309 1220 aptum
3350 1149 3595 1203 hostibus
3635 1162 3697 1201 ea
3732 1161 3818 1200 res
3844 1146 4059 1215 probat,

2472 1247 2615 1316 quod
2642 1254 2834 1299 natura
2859 1246 3003 1299 circa
3044 1246 3230 1298 urbem
3276 1244 3455 1312 plures
3485 1240 3764 1294 fabricavit
3795 1240 4060 1308 aptiores,

2475 1347 2636 1404 atque
2666 1338 2711 1391 si
2735 1337 2808 1390 ita
2834 1316 3078 1391 hostibus
3112 1336 3400 1405 placuerit,
3429 1335 3494 1387 ad
3524 1333 3864 1387 muniendum
3897 1345 4064 1399 expe-

2475 1428 2719 1482 ditiores.
2754 1426 3023 1483 Noveritis
3052 1437 3232 1481 autem
3262 1442 3356 1479 nos
3385 1436 3579 1479 vestrae
3608 1423 3764 1477 saluti
3799 1438 3860 1476 ac
3891 1422 4063 1475 fideli-

2478 1519 2573 1572 tati
2621 1527 2677 1572 et
2737 1533 2949 1586 semper
2991 1517 3129 1572 velle
3172 1516 3503 1586 prospicere,
3553 1522 3608 1567 et
3665 1528 3879 1582 semper
3930 1510 4068 1563 velle

2476 1609 2896 1677 obtemperare,
2948 1608 3131 1663 divino
3188 1617 3430 1677 respectu
3477 1616 3602 1660 ante
3663 1605 3907 1675 praelato.
3958 1602 4068 1657 Sed

2478 1705 2621 1773 quod
2651 1705 2716 1757 de
2762 1703 2976 1757 urbium
3024 1703 3267 1757 custodia
3316 1700 3677 1771 prolongauda
3724 1697 4066 1767 imperastis,

2482 1796 2681 1849 milites
2710 1795 2897 1849 audire
2946 1810 3052 1847 non
3106 1792 3404 1856 sufferunt,
3453 1792 3644 1859 suique
3698 1805 3790 1843 eos
3820 1786 4071 1857 promissi

2483 1885 2727 1954 ptenitet,
2752 1890 2991 1954 egestate
3018 1889 3071 1935 et
3103 1882 3279 1948 inepia
3312 1880 3493 1932 omnia
3514 1878 3855 1931 conficiente.

3044 1987 3371 2043 EPISTOLA
3413 1984 3505 2039 ιχ.

2780 2096 2847 2133 ΑΒ
2890 2092 3259 2133 τιιενιιιειεδειι
3298 2088 3769 2130 ΑΒΕΗΙΕΡίδΩΟΡυΞΙο

2552 2170 2795 2226 Priorem
2824 2170 3108 2239 epistolam
3140 2183 3237 2237 pro
3278 2166 3392 2221 solo
3443 2165 3669 2235 imperio
3705 2161 3906 2216 domini
3944 2160 4073 2224 mei,

2484 2275 2569 2314 me
2594 2270 2783 2313 vestr-.e
2814 2258 3126 2329 paternitati
3172 2256 3392 2310 minime
3442 2254 3619 2309 celare
3651 2252 3772 2306 volo
3793 2291 3807 2314 ,
3840 2250 3924 2304 eui
3954 2263 4076 2301 om-

2486 2351 2573 2404 nia
2602 2351 2794 2405 debeo.
2831 2350 2897 2402 Et
2943 2348 3200 2417 quoniam
3247 2361 3408 2414 quam
3462 2345 3621 2399 fidem
3680 2342 3901 2396 domino
3947 2351 4070 2391 meo

2485 2442 2812 2513 promisistis
2833 2482 2846 2503 ,
2878 2456 2996 2495 eam
3028 2454 3193 2509 nepos
3236 2453 3385 2492 meus
3416 2437 3733 2506 promittere
3759 2442 3816 2487 et
3863 2442 4078 2485 servare

2486 2541 2707 2603 paratus
2739 2529 2859 2595 fuit,
2888 2544 3007 2583 eam
3044 2545 3071 2581 a
3117 2528 3270 2581 nobis
3298 2525 3533 2580 obtinuit
3577 2523 3848 2578 licentiam
3870 2561 3883 2583 ,
3913 2532 4076 2588 quam

2491 2622 2752 2689 majorum
2814 2619 3174 2691 promulgavit
3260 2616 3573 2670 auctoritas.
3654 2612 3760 2666 Sed
3841 2622 4079 2678 quonam

2488 2721 2649 2781 pacto
2675 2712 2791 2779 ejus
2817 2710 3086 2764 sorduerit
3125 2706 3373 2768 fidelitas,
3406 2715 3642 2757 nostram
3672 2698 4077 2769 intelligentiam

2490 2802 2636 2855 latet.
2669 2801 2819 2854 Hunc
2850 2815 2979 2869 ergo
3010 2797 3403 2851 Adalberonem
3436 2792 3704 2862 quomodo
3738 2799 3831 2843 aut
3866 2786 4081 2841 vocabi-

2493 2908 2630 2954 tnus,
2666 2899 2753 2942 aut
2782 2886 3414 2943 exemnmuuicabimus:
3452 2892 3545 2936 aut
3595 2891 3651 2934 ut
3700 2882 3839 2933 idem
3882 2877 4084 2930 faciant

2494 2984 2628 3037 alios
2670 2980 2984 3034 orabimus?
3016 2979 3155 3046 Ergo
3184 2976 3307 3045 quia
3344 2975 3392 3027 id
3438 2973 3642 3042 legibus
3675 2986 3776 3021 non
3818 2967 4083 3026 valemus,

2494 3086 2594 3126 nec
2627 3070 2728 3137 ipsi
2776 3067 3007 3120 facimus
3030 3107 3042 3128 ,
3078 3080 3176 3117 nec
3209 3064 3341 3115 alios
3371 3073 3426 3114 ut
3477 3059 3706 3120 faciant,
3755 3058 4030 3109 hortamur
4067 3069 4081 3103 :

2495 3180 2563 3217 ne
2592 3170 2683 3214 aut
2739 3176 2856 3221 nos,
2906 3168 2996 3210 aut
3028 3160 3091 3211 re
3123 3156 3276 3209 nobis
3313 3156 3449 3209 bene
3500 3152 3721 3205 meritos
3754 3150 3804 3201 in
3842 3144 4088 3216 praecipi-

2498 3255 2629 3307 tium
2664 3252 2878 3305 trahere
2904 3251 3201 3303 videamur.
3246 3248 3312 3300 Et
3342 3245 3467 3314 quia
3505 3244 3619 3297 Rex
3648 3240 3882 3297 C(elestis
3909 3238 4036 3293 dicit
4069 3255 4081 3289 :

795 3320 992 3373 vestris
1024 3318 1283 3375 fratribus
1313 3319 1601 3390 quemdam
1639 3321 2047 3389 adoptavimus,
2077 3323 2171 3376 sed
2206 3331 2391 3376 noster
2418 3313 2461 3374 C
2497 3342 2718 3395 Reddite
2743 3356 2859 3408 qua,
2890 3348 3007 3390 sum
3032 3336 3258 3389 amaris
3293 3313 3515 3397 σάμεανῑ,
3537 3348 3653 3402 qua;
3680 3341 3798 3384 sum
3830 3327 3923 3380 Dei
3953 3325 4085 3387 Deo,

794 3411 885 3478 qui
920 3410 1095 3464 re..’ire
1124 3409 1309 3463 debuit
1336 3418 1578 3464 retentus
1594 3419 1696 3464 est.
1731 3410 2029 3464 itescrihite
2050 3426 2180 3482 ergo
2197 3411 2391 3465 saltem

794 3502 921 3569 quid
950 3518 1014 3556 ex
1044 3502 1127 3555 his
1153 3501 1335 3554 animo
1355 3501 1642 3565 sederit,et
1671 3502 1715 3556 si
1743 3502 1832 3572 qui
1868 3512 2173 3556 nostrorum
2200 3518 2393 3571 puero-

798 3609 918 3647 rum
953 3608 1119 3662 penes
1144 3608 1241 3647 vos
1268 3593 1477 3650 institui
1508 3596 1753 3664 possint,
1787 3605 1842 3651 et
1868 3599 1911 3652 si
1944 3606 2049 3662 est,
2080 3598 2293 3667 quando
2342 3599 2394 3651 id

794 3684 912 3740 fieri
946 3685 1154 3740 debeat.

1365 3777 1699 3833 EPISTOLA
1737 3779 1823 3832 Vl.

940 3882 1006 3920 AD
1043 3880 1326 3923 ECDERTUH
1366 3883 1815 3923 ARCHIEPISCOPUM
1860 3883 2249 3922 TREVIRENSEM.

864 3956 1177 4014 Periculosa
1206 3971 1446 4031 tempora
1474 3975 1579 4015 non
1622 3961 1802 4014 omnia
1843 3960 2190 4014 committunt
2231 3960 2396 4013 char-

795 4048 885 4110 tis,
910 4063 1029 4117 qua:
1061 4047 1338 4105 fidissimis
1364 4050 1656 4105 credentur
1678 4050 1891 4121 legatis.
1925 4051 1998 4103 Ea
2032 4065 2150 4118 qua:
2177 4064 2274 4121 per
2302 4064 2397 4102 no-

796 4144 970 4190 strum
1010 4135 1075 4191 G.
1106 4138 1262 4194 nobis
1297 4138 1649 4209 significastis
1670 4182 1683 4205 ,
1715 4139 1915 4194 laetitiae
1941 4148 1996 4194 et
2042 4138 2397 4208 iucunditatis

792 4225 947 4294 plena
978 4225 1217 4293 fuerunt,
1243 4230 1308 4282 de
1331 4238 1471 4283 statu
1498 4230 1864 4284 Ecclesiarum
1891 4230 1984 4284 Dei
2015 4238 2176 4298 atque
2206 4243 2397 4297 regno-

792 4332 933 4381 rum,
968 4326 1021 4372 et
1048 4334 1145 4388 per
1171 4336 1333 4388 quem
1365 4321 1539 4375 virum
1570 4321 1685 4376 hme
1729 4323 1843 4375 fieri
1875 4332 2113 4390 possent.
2152 4319 2321 4386 Quem
2350 4319 2394 4371 si

792 4417 852 4460 ut
877 4418 1160 4477 tyrannum
1185 4410 1358 4474 timui,
1386 4411 1479 4465 sed
1504 4427 1646 4465 nunc
1672 4411 1889 4479 plenum
1931 4408 2054 4463 fidei
2098 4418 2153 4463 et
2186 4408 2398 4476 sapien-

802 4497 888 4551 tiae
921 4499 1201 4553 miramur.
1226 4500 1357 4567 Quae
1384 4500 1530 4556 circa
1573 4516 1671 4555 nos
1712 4501 1777 4554 de
1810 4514 1875 4553 eo
1897 4496 2260 4566 spepondistis
2285 4495 2395 4549 elli-

793 4588 919 4643 cite.
959 4589 1087 4657 Quae
1130 4607 1158 4644 a
1206 4593 1363 4646 nobis
1411 4592 1477 4647 de
1524 4608 1589 4647 eo
1618 4593 1772 4645 vobis
1815 4588 2109 4657 exposcitis
2154 4586 2391 4642 stabilita

790 4690 941 4747 ευηῑ,
968 4690 1165 4737 etcum
1196 4685 1433 4739 mixitno
1460 4683 1675 4738 silentio
1702 4692 2002 4736 vestrorum
2035 4685 2389 4740 secretorum,

797 4781 851 4826 et
881 4788 1001 4828 cum
1030 4775 1266 4829 maxima
1306 4774 1411 4829 fide
1437 4782 1747 4829 nostrorum
1778 4769 2065 4825 factorum.

1350 4882 1687 4939 EPISTOLA
1728 4881 1836 4935 VII.

1003 4995 1071 5032 AD
1108 4995 1456 5034 NOTEGARIUM
1496 4992 1783 5033 EPISCOPUM
1824 4988 2175 5030 LEODIENSEI‘I.

867 5070 940 5123 Ex
964 5072 1214 5126 condicto
1241 5073 1457 5141 quidem
1487 5071 1746 5139 legatum,
1775 5068 1867 5123 sed
1889 5065 2175 5135 priusentis
2199 5064 2399 5133 negotii

792 5163 936 5216 omni
960 5164 1184 5219 scientia
1219 5180 1447 5219 vacuum
1467 5205 1481 5229 ,
1515 5162 1682 5217 frater
1727 5175 1881 5215 meus
1910 5157 2065 5212 vobis
2095 5155 2299 5225 dirigit,
2328 5170 2395 5208 ne

794 5261 888 5305 aut
914 5254 1215 5319 mendacio,
1242 5264 1335 5308 aut
1357 5253 1551 5307 inertia
1576 5252 1885 5306 denotetur.
1913 5262 2000 5301 xv.
2022 5245 2138 5300 Kal.
2166 5245 2390 5300 Januar.

793 5342 1168 5401 Trevirensem
1222 5345 1691 5414 archicpiscopmn
1734 5338 2043 5403 allocuturi,
2089 5337 2233 5407 quod
2283 5335 2394 5405 ple-

792 5436 915 5480 ηἰιις
956 5452 1373 5480 nprnnenomnc,
1410 5435 1622 5480 nlening
1654 5430 1957 5480 nrntlenlim
1985 5438 2179 5480 vestra:
2208 5442 2395 5480 uuam-

2424 4652 2471 4708 D

2496 3431 2695 3485 nostris
2730 3428 2933 3496 legibus
2959 3441 3145 3495 puram
3177 3424 3370 3487 fidem,
3394 3438 3589 3492 purum
3627 3417 3903 3474 servitutis
3929 3415 4089 3470 obse-

2496 3522 2679 3591 quiqu
2713 3533 2926 3587 semper
2970 3517 3378 3585 impendemus,
3429 3514 3479 3566 in
3529 3511 3672 3565 nullo
3711 3507 4085 3568 deviabimus,

2497 3612 2709 3668 Domini
2739 3620 2917 3663 tamen
2950 3616 3131 3677 partes
3159 3608 3364 3675 priores
3394 3604 3674 3657 faciemus.
3700 3600 3802 3655 Sed
3828 3594 4086 3668 quoniam

2496 3716 2617 3770 qum
2644 3699 2856 3752 Domini
2888 3709 3015 3751 sunt
3047 3696 3148 3749 hoc
3180 3690 3605 3763 tempore'pauci
3639 3688 4008 3761 providerunt,
4040 3684 4087 3737 si

2498 3792 2712 3862 quando
2740 3791 2910 3860 legem
2936 3787 3148 3843 Domini
3177 3787 3418 3839 zelamus
3438 3828 3450 3849 ,
3494 3793 3585 3837 aut
3612 3780 3834 3851 perfidia
3864 3786 3956 3831 aut
3982 3774 4089 3831 alio

2498 3881 2739 3953 quolibet
2777 3879 2908 3931 vitio
2950 3880 3273 3930 denotamur
3304 3893 3315 3927 :
3350 3889 3521 3942 eoque
3552 3871 3643 3933 fit,
3676 3882 3733 3923 ut
3762 3869 3856 3939 (ita
3888 3862 4086 3933 dicam)

2499 3974 2640 4028 inter
2673 3970 2921 4024 malleum
2950 3978 3002 4022 et
3030 3969 3277 4022 incutem
3305 3967 3495 4036 positis
3517 3966 3633 4018 sine
3656 3962 3865 4031 jactura
3894 3958 4088 4013 animm

2498 4072 2553 4118 et
2599 4061 2842 4130 corporis
2870 4074 2993 4128 spes
3018 4058 3281 4112 evadendi
3312 4058 3381 4110 sit
3425 4053 3674 4109 difﬁcilis.
3724 4052 3780 4105 Si
3817 4065 3921 4118 qua
3958 4062 4088 4116 ergo

2499 4153 2650 4207 vobis
2675 4160 2800 4205 sunt
2829 4131 3037 4203 viscera
3071 4150 3305 4218 pietatis,
3338 4148 3380 4203 si
3414 4160 3628 4213 semper
3655 4158 3749 4197 vos
3777 4152 3837 4196 ut
3865 4141 4086 4194 fratrem

2500 4257 2565 4297 ac
2612 4241 2792 4309 potius
2822 4249 2880 4291 ut
2916 4248 3122 4307 patrem
3157 4237 3442 4298 coluimus,
3469 4233 3730 4302 suscipite
3758 4246 3896 4284 onus
3929 4225 4088 4280 amici

2500 4332 2726 4387 consilio
2766 4338 2820 4383 et
2863 4329 3092 4391 auxilio,
3141 4337 3199 4381 ut
3230 4327 3320 4396 qui
3374 4326 3426 4379 in
3483 4321 3759 4393 prosperis
3815 4320 3881 4373 de
3938 4316 4090 4370 vobis

2500 4424 2640 4477 bene
2662 4419 3018 4489 speravimus,
3051 4418 3102 4470 iu
3134 4416 3380 4469 adversis
3406 4431 3473 4467 ne
3523 4414 3893 4481 desperemus.
3931 4406 3994 4459 At
4026 4419 4089 4459 ea

2499 4526 2617 4580 qua:
2644 4510 2873 4563 dicimus
2901 4524 3004 4560 non
3040 4507 3278 4570 homini,
3315 4505 3409 4558 sed
3447 4504 3567 4557 fidei
3594 4500 3768 4571 magni
3794 4497 4091 4553 sacerdotis

2500 4600 2721 4654 celanda
2770 4596 3128 4659 confitemur,
3172 4595 3459 4649 Dominum
3508 4602 3695 4645 testem
3749 4587 4088 4649 adhibemus,

2500 4692 2789 4747 terribilem
2816 4690 3042 4742 ultorem
3065 4686 3351 4756 dupliciter
3377 4686 3730 4739 inclamantes
3753 4680 3837 4735 his
3866 4678 4091 4748 proditis

2500 4784 2552 4834 iu
2588 4782 2755 4836 nostri
2785 4782 3081 4835 linsioneni.

3077 4872 3409 4929 EPISTOLA
3450 4871 3515 4925 Χ.

3123 4983 3189 5021 ΑΙ)
3228 4982 3467 5021 EUMDEM.

2575 5062 2707 5115 (lum
2738 5060 2932 5114 litteris
2963 5062 3158 5114 vestris
3184 5058 3526 5113 multitudine
3554 5070 3807 5110 curarum
3840 5050 4088 5107 absolva-

2504 5168 2644 5215 mur,
2682 5152 2802 5205 aliis
2858 5166 3047 5204 rursus
3102 5148 3445 5202 involvimur.
3503 5148 3642 5201 Ecce
3682 5144 3826 5198 enim
3868 5142 3935 5195 de
3961 5155 4095 5194 con-

2503 5243 2699 5297 stantia
2742 5243 2906 5296 vestri
2940 5239 3162 5304 amoris,
3190 5240 3257 5293 de
3297 5238 3401 5292 fide
3450 5248 3504 5292 et
3546 5238 3747 5307 pietate
3796 5234 3941 5288 circa
3994 5244 4095 5283 nos

2503 5334 2855 5404 gratulamur.
2886 5331 2992 5385 Sed
3020 5330 3141 5399 quis
3173 5338 3407 5383 vestram
3440 5326 3850 5396 intelligentiam
3890 5337 3956 5376 eo
3995 5321 4092 5374 de-

2504 5425 2685 5480 torsit.
2721 5431 2779 5476 ut
2807 5436 3142 5480 quaecunque
3176 5420 3347 5475 nostri
3399 5418 3587 5473 aliines
3616 5418 3877 5479 sentiunt,
3904 5414 4095 5472 eadem
