4516 5500
432 483 535 538 509

1877 483 2255 538 EI’IS'I‘ULAZ.

3584 476 3687 531 5I0

433 593 526 645 sed
581 593 849 658 sapienter
879 591 1076 643 dictum
1101 598 1350 658 putamus
1382 609 1391 641 :
1434 611 1448 638 ι
1491 589 1682 642 Levius
1714 590 1769 642 fit
1796 594 2002 658 patieu-
2036 605 2074 652 Α
2109 593 2432 646 ficiscentem
2475 591 2674 645 absolvi
2703 632 2717 653 ,
2766 600 2819 644 et
2864 599 2920 642 ut
2971 591 3020 642 id
3053 607 3150 660 pro
3180 607 3285 659 quo
3331 589 3547 643 obsi-Tes
3579 591 3686 644 dati

437 687 530 746 tia,
565 681 821 750 quidquid
853 681 1126 749 corrigere
1161 679 1309 734 nefas
1344 699 1354 732 :
1389 690 1442 734 et
1473 682 1515 733 si
1549 695 1649 734 n0n
1686 692 1860 748 potest
1899 682 2010 734 fieri

437 776 575 841 quod
622 764 734 835 vis,
784 771 832 824 id
884 771 1072 826 saltem
1121 771 1254 827 velis
1293 774 1432 840 quod
1478 775 1669 842 pos~is.
1711 793 1726 822 ›
1774 772 1829 825 lu
1878 773 2014 826 votis

436 863 536 915 hoc
604 862 897 924 habemus,
953 861 1172 915 brachia
1230 875 1573 930 peccatorum
1643 875 2015 926 conterantur,

438 951 717 1005 confirmet
748 961 926 1004 autem
956 952 1006 1004 id
1040 953 1196 1005 Deus.
1227 952 1400 1006 l'uum
1443 964 1522 1007 est
1559 956 1894 1008 enodationis
1939 955 2019 1006 iu—

439 1041 660 1111 digens,
702 1043 791 1111 qui
827 1053 1018 1097 vestra:
1057 1045 1243 1098 matris
1282 1061 1340 1098 ac
1372 1047 1567 1115 rt'gina}
1607 1046 1732 1099 olim
1783 1060 1926 1098 erant
1959 1045 2018 1097 fi-

438 1132 688 1186 dissimus
721 1133 1004 1202 interpres,
1031 1149 1124 1186 cur
1151 1135 1248 1187 hoc
1271 1137 1481 1205 negotio
1505 1136 1706 1203 privor,
1737 1136 2019 1204 potiusque

439 1236 532 1288 per
554 1221 687 1276 alios
711 1238 869 1293 quam
897 1240 992 1293 per
1012 1240 1108 1278 vos
1131 1225 1238 1294 plut
1255 1226 1356 1278 ima
1383 1228 1642 1280 rescisco?
1664 1238 1716 1281 et
1739 1227 2016 1296 quoniam,

439 1320 495 1364 ut
536 1313 808 1378 professus
855 1331 973 1369 sum
1023 1333 1085 1370 ac
1129 1318 1404 1386 profiteor,
1430 1319 1609 1372 omnia
1653 1321 1804 1373 vobis
1829 1321 2017 1380 debeo,

439 1412 495 1454 ut
528 1404 656 1456 mihi
690 1405 765 1458 sic
798 1405 946 1458 vobis
1001 1414 1181 1460 timeo.
1237 1408 1459 1461 Diverso
1514 1410 1710 1478 quippe
1762 1411 1920 1463 modo
1966 1410 2017 1462 in

436 1507 718 1546 commune
751 1495 904 1548 nobis
931 1496 1126 1549 dicitur
1152 1513 1194 1547 ει
1229 1495 1328 1561 Qui
1355 1506 1483 1558 stat,
1503 1499 1677 1551 videat
1702 1513 1770 1551 ne
1791 1499 1966 1550 cadat.
1996 1517 2013 1547 ι

435 1581 489 1635 In
523 1598 807 1639 commune
837 1585 1016 1653 itaque
1049 1586 1457 1648 consulendum,
1487 1588 1626 1656 quod
1660 1598 1716 1640 ut
1745 1587 1857 1640 fieri
1903 1604 2023 1657 pos-

435 1670 504 1722 sit
542 1672 780 1724 onmium
832 1688 916 1725 me
968 1675 1282 1741 participem
1316 1675 1554 1738 faciatis,
1599 1677 1685 1742 qui
1720 1687 2017 1730 vestrorum

435 1770 732 1814 conventus
760 1762 1033 1814 adinvenit
1065 1763 1382 1816 Diusburch.
1418 1764 1469 1817 Id
1512 1781 1724 1834 quoque
1765 1769 1903 1834 quod
1945 1783 2020 1821 re-

435 1849 570 1916 galis
598 1859 836 1917 potestas
866 1866 893 1902 a
925 1852 1060 1904 duce
1102 1851 1344 1904 Beatrice
1387 1867 1449 1905 ac
1479 1855 1672 1906 vestris
1699 1855 2018 1921 primatibus

436 1937 621 2002 exigit,
657 1938 698 1988 si
729 1947 964 1990 vestram
1003 1939 1413 2006 intelligentiam
1440 1942 1590 2004 latet,
1617 1950 1672 1994 ut
1702 1958 1883 1995 rumor
1913 1953 2016 2008 est,

437 2022 718 2093 diligenter
774 2024 1150 2091 investigatum
1216 2027 1555 2093 signiﬁcate,
1606 2031 1801 2095 quidve
1853 2033 2018 2084 animi

437 2112 587 2166 vobis
609 2113 736 2167 ineo
758 2114 844 2168 sit.
871 2113 1135 2169 Caterum
1154 2115 1216 2168 de
1240 2114 1408 2178 vobis,
1436 2126 1494 2168 nt
1518 2117 1799 2184 coepimus,
1818 2118 2018 2184 optime

438 2202 713 2264 sentimus,
747 2212 800 2257 et
848 2219 952 2273 qua
1013 2203 1114 2258 fide
1167 2203 1319 2257 vobis
1370 2212 1549 2257 nostra
1597 2205 2014 2267 comrnittinms,

438 2293 622 2347 eadem
649 2304 824 2349 vestra
854 2296 1200 2365 suscipimus,

997 2383 1328 2439 EPISTULA
1374 2384 1462 2438 XI.

1054 2493 1120 2530 AD
1157 2492 1395 2529 EL'MDEII.

509 2566 832 2621 Gozbertum
866 2568 1185 2621 monachum
1227 2568 1364 2620 sicut
1405 2582 1678 2634 nunquam
1710 2576 1896 2622 contra
1928 2584 2022 2623 vc-

440 2664 608 2708 strum
642 2655 774 2708 velle
802 2665 986 2710 tenere
1020 2657 1363 2718 tentavinms,
1391 2657 1468 2710 sic
1496 2671 1561 2710 ex
1592 2667 1775 2711 nostra
1807 2669 2022 2711 senten-

442 2746 515 2798 tia
555 2746 727 2815 prima
769 2748 854 2800 die
901 2746 1258 2817 Rogationum
1311 2765 1481 2818 usque
1532 2749 1827 2805 Mosomum
1871 2752 2023 2805 redu-

443 2852 645 2891 cemus.
692 2838 758 2892 Et
802 2840 927 2909 quia
977 2849 1124 2895 tanto
1175 2848 1412 2910 tempore
1459 2857 1522 2897 eo
1561 2843 1640 2897 usi
1678 2859 1882 2909 sumus,
1916 2860 2021 2898 non

442 2929 646 2984 erimus
674 2931 810 3001 apud
842 2947 934 2987 vos
966 2933 1099 2987 tanti
1131 2935 1472 2990 immemores
1512 2935 1778 2990 beneficii.
1809 2936 1864 2990 Si
1894 2952 2022 3008 ergo

446 3035 549 3072 non
581 3021 756 3089 placet
780 3038 901 3076 eum
928 3023 1128 3078 diutius
1157 3023 1271 3078 fore
1303 3025 1602 3089 nobiscum,
1631 3027 1738 3081 illic
1767 3043 1796 3079 a
1828 3028 2024 3081 vestris

444 3110 789 3177 suscipiatur,
843 3112 1097 3180 quoniam
1147 3115 1346 3167 nostris
1397 3114 1606 3184 longius
1649 3115 2023 3186 progrediendi

445 3195 672 3252 facultas
716 3215 819 3254 non
851 3200 1033 3266 datur,
1087 3217 1210 3256 cum
1255 3213 1474 3272 propter
1517 3204 1753 3257 hostium
1791 3204 2020 3273 copiam,

446 3297 557 3343 tum
587 3299 806 3359 propter
836 3291 1007 3345 zelum
1040 3291 1231 3345 callide
1277 3294 1430 3346 nobis
1457 3294 1880 3348 adversantium.

992 3382 1319 3438 EPISTULA
1365 3385 1474 3438 XII.

849 3489 1099 3529 OBJECTIO
1130 3491 1181 3529 IN
1211 3492 1612 3530 ADALBERONEI.

516 3565 761 3619 Perfidia:
806 3581 870 3620 ac
915 3566 1248 3620 infidelitatis
1275 3568 1498 3621 crimine
1528 3570 1581 3621 in
1624 3571 1821 3640 regiam
1861 3572 2026 3641 maje-

445 3664 636 3709 statem
686 3670 884 3724 arguor
933 3655 1201 3718 detineri,
1242 3671 1306 3709 eo
1340 3659 1480 3724 quod
1525 3667 1776 3726 nepotem
1825 3676 2024 3725 meum,

443 3745 695 3798 clericum
724 3745 974 3799 videlicet
999 3758 1130 3799 mea:
1155 3745 1425 3810 Ecclesia‘,
1453 3747 1663 3801 licentia
1688 3747 2023 3813 donaverim,

445 3835 568 3903 quia
599 3828 653 3887 et
681 3833 938 3906 palatium
967 3835 1180 3898 adierit,
1213 3845 1265 3889 et
1316 3835 1456 3889 dono
1498 3835 1719 3890 alterius
1748 3839 1887 3905 regis
1916 3838 2029 3906 epi-

448 3934 726 3993 scopatum
767 3925 1055 3994 acceperit,
1086 3924 1203 3994 ejus
1232 3927 1379 3995 regni
1426 3927 1569 3994 quod
1603 3927 1786 3981 senior
1830 3927 2029 3983 Lotha-

448 4015 562 4068 rius
592 4030 685 4068 rex
717 4015 771 4068 in
801 4015 1077 4085 proprium
1115 4015 1204 4084 jus
1233 4023 1600 4078 revocaverat,
1629 4016 1880 4086 quodque
1907 4033 2028 4086 gra-

446 4106 547 4161 dus
574 4106 970 4161 ecclesiasticos
998 4106 1045 4160 ei
1075 4107 1414 4175 postmodum
1453 4105 1797 4170 contulerim,
1827 4110 2029 4177 absque

446 4198 658 4253 licentia
690 4207 744 4252 et
772 4197 1359 4256 auctoritate.senioris
1391 4198 1514 4252 mei.

985 4287 1316 4344 EPISTULA
1349 4288 1480 4343 XIII.

1092 4397 1378 4437 PUBGATIU.

477 4538 480 4540 γ
516 4473 648 4528 Cum
696 4474 876 4528 senior
903 4488 1055 4528 meus
1104 4489 1195 4528 rex
1248 4473 1535 4529 Lotharius
1563 4473 1917 4531 Lothariense
1949 4493 2029 4532 re-

446 4580 608 4634 gnum
640 4579 744 4619 nou
774 4565 997 4619 haberet
1038 4579 1140 4620 nec
1186 4573 1462 4619 revocaret
1490 4564 1671 4620 fratris
1702 4567 1806 4621 mei
1833 4567 2023 4633 filium,

448 4656 538 4708 vix
571 4656 784 4710 tandem
830 4656 910 4710 sic
953 4655 1181 4718 obtinui,
1216 4654 1319 4710 fide
1352 4656 1691 4727 interposita,
1722 4667 1781 4712 ut
1825 4658 1869 4713 si
1897 4672 2028 4714 usus

446 4747 736 4818 aliquando
763 4757 1099 4818 exposceret,
1135 4747 1235 4802 sibi
1284 4747 1503 4817 suisque
1547 4747 1750 4817 absque
1796 4749 2032 4818 pertina-

446 4841 530 4895 cia
555 4841 856 4896 redderem.
888 4840 957 4894 At
985 4855 1108 4894 cum
1139 4847 1393 4908 ageretur
1425 4848 1483 4893 ut
1511 4841 1694 4896 senior
1739 4857 1891 4897 meus
1918 4842 2030 4898 lilio

443 4931 790 5002 imperatoris
837 4932 1129 4986 advocatus
1179 4930 1338 4995 foret,
1379 4947 1549 5002 eaque
1596 4933 1662 4987 de
1711 4949 1873 4990 causa
1918 4935 2029 4990 dati

443 5023 660 5078 obsides
704 5030 906 5087 essent,
947 5021 1130 5076 fratris
1156 5022 1259 5075 mei
1289 5023 1494 5078 crebris
1526 5022 1716 5093 legatis
1748 5023 1914 5078 lilium
1947 5040 2032 5080 re-

439 5115 675 5187 petivit,
723 5129 808 5169 me
843 5115 1079 5185 segniter
1107 5115 1458 5185 accipientem
1484 5155 1500 5180 ,
1548 5115 1670 5171 fidei
1711 5117 2029 5174 violatorem

439 5207 797 5277 increpitans,
828 5222 940 5261 rem
969 5222 1122 5261 suam
1150 5223 1179 5261 a
1203 5208 1388 5263 multis
1415 5208 1789 5274 interturbari,
1819 5225 1942 5265 eum
1972 5226 2030 5266 se

438 5310 646 5357 statum
676 5301 901 5368 prodere
949 5300 1115 5364 dicit,
1170 5301 1464 5357 terribilem
1506 5300 1744 5370 iudicem
1799 5305 2029 5360 extremi

2115 691 2266 736 erant
2296 683 2656 736 sincerissime
2700 689 3076 744 conservaret,
3124 680 3280 733 fidem
3320 680 3492 745 exegi,
3527 695 3688 747 quam

2114 784 2168 826 ct
2213 775 2472 828 hactenus
2513 774 2727 840 obtulit,
2768 783 2822 827 et
2867 774 3040 828 adlmc
3089 784 3148 827 ut
3195 775 3465 828 credimus
3509 771 3685 826 olI'ert.

2115 866 2350 920 Gradum
2374 868 2691 921 diaconatus
2714 883 2776 920 ac
2805 867 3207 936 presbyteratus
3237 868 3283 922 ei
3312 866 3529 924 contuli,
3566 883 3630 919 ne
3658 880 3686 919 a

2118 957 2272 1012 nobis
2301 959 2671 1028 emancipatus
2724 960 2774 1012 in
2825 959 3134 1028 accipiendo
3170 959 3324 1012 alteri
3359 959 3692 1025 mancipare-

2119 1060 2224 1113 tur,
2259 1061 2315 1105 et
2359 1067 2425 1106 ne
2473 1051 2711 1105 Ecclesia
2751 1059 2931 1105 nostra
2964 1052 3178 1106 invidia:
3218 1061 3446 1122 pateret,
3475 1051 3688 1106 subdia-

2117 1155 2254 1196 cono
2279 1157 2343 1196 ex
2372 1157 2428 1196 se
2459 1141 2524 1196 ad
2564 1141 2917 1210 episcopalem
2950 1142 3153 1212 apicem
3183 1150 3477 1211 assumpto,
3510 1138 3692 1194 simul-

2119 1247 2223 1300 que
2253 1233 2394 1301 quod
2442 1232 2493 1285 hi
2538 1232 2755 1302 gradus,
2791 1247 2885 1286 nec
2930 1233 3252 1299 provincias,
3287 1247 3386 1286 nec
3422 1231 3693 1293 civitates,

2121 1339 2219 1378 nec
2250 1323 2398 1377 villas
2425 1338 2542 1393 qua:
2573 1338 2861 1394 regnorum
2908 1333 3031 1377 sunt
3075 1323 3359 1378 conferunt
3390 1363 3403 1385 ,
3452 1321 3543 1376 sed
3577 1335 3696 1389 quae

2122 1416 2300 1484 potius
2346 1415 2584 1470 caelestis
2627 1425 2752 1468 sunt
2799 1415 2971 1484 regni,
3006 1414 3054 1468 id
3105 1424 3190 1468 est
3225 1414 3495 1468 adversari
3529 1412 3693 1472 vitiis.

2122 1510 2222 1563 coli
2272 1510 2514 1563 virtutes.
2566 1508 2620 1562 In
2657 1523 2764 1576 quo
2813 1508 2944 1561 mihi
2979 1508 3182 1561 crimen
3217 1504 3451 1574 perfidim
3482 1518 3543 1557 ac
3578 1501 3698 1556 infl-

2121 1600 2354 1654 delitatis
2401 1598 2840 1668 protendebatur,
2881 1598 3109 1660 ostendi,
3145 1606 3201 1650 ut
3248 1595 3498 1657 arbitror,
3531 1602 3582 1646 et
3614 1604 3700 1646 me

2124 1692 2280 1745 fidem
2310 1691 2540 1744 maxime
2568 1691 2840 1756 habuisse,
2889 1699 2944 1745 et
2973 1691 3285 1744 tidclitatem
3331 1686 3528 1742 seniori
3578 1699 3702 1740 meo

2123 1783 2368 1853 inprimis
2396 1796 2765 1836 conservasse.

2662 1894 2996 1950 EPISTULA
3029 1894 3166 1949 XIV.

2585 2000 2652 2038 AD
2699 1998 2998 2038 BEATBICEI
3046 1997 3241 2038 DUCEII.

2193 2093 2365 2161 Super
2397 2093 2479 2145 his
2504 2109 2623 2159 quae
2650 2095 2849 2146 certius
2896 2092 3048 2146 vobis
3093 2088 3388 2160 significari
3439 2087 3700 2156 queritis,

2124 2182 2194 2235 nil
2223 2181 2451 2248 amplius
2487 2181 2732 2233 novimus
2763 2194 2920 2247 quam
2963 2187 3056 2230 aut
3105 2186 3400 2247 praesentes
3447 2175 3702 2236 diximus,

2122 2281 2213 2324 aut
2247 2271 2510 2341 legatione
2544 2281 2726 2322 nostra
2760 2267 3066 2336 accepistis.
3096 2267 3363 2321 Cancrum
3393 2264 3542 2318 vobis
3577 2263 3707 2318 libe-

2125 2363 2199 2414 ris
2226 2361 2416 2414 amicis
2448 2361 2511 2412 ad
2563 2369 2744 2413 votum
2785 2357 3088 2428 prosperari
3129 2355 3279 2410 salvo
3319 2355 3523 2408 honore
3555 2352 3705 2422 regio

2123 2462 2175 2505 et
2203 2460 2470 2520 optamus,
2500 2460 2552 2503 et
2581 2451 2622 2504 si
2677 2449 2734 2502 fit
2770 2447 3228 2518 congratulamur.
3261 2444 3455 2499 Nostra
3489 2443 3704 2512 negotia

2124 2553 2299 2596 vestra
2360 2549 2562 2609 putate.
2624 2539 2780 2609 Apud
2833 2539 3023 2592 ducem
3079 2536 3354 2606 Ilugonern
3410 2536 3476 2587 de
3522 2540 3705 2587 vestra

2127 2644 2303 2688 mente
2333 2651 2486 2702 pura,
2525 2632 2626 2686 fide
2657 2631 2925 2685 constanti
2955 2631 3157 2698 absque
3201 2626 3535 2683 haesitatione
3563 2640 3703 2694 prte-

2125 2726 2341 2779 sumite.
2397 2723 2635 2791 Denique
2664 2722 2804 2790 quod
2837 2736 2864 2774 a
2897 2721 3046 2774 vobis
3093 2720 3390 2789 exigimus,
3435 2731 3532 2770 suo
3570 2725 3708 2770 tem-

2125 2831 2255 2886 pore
2304 2824 2481 2869 vestro
2509 2813 2768 2882 obsequio
2799 2810 3187 2880 impendemus.
3220 2807 3465 2878 Inprimis
3494 2819 3707 2874 quoque

2124 2905 2325 2974 gratias
2356 2903 2635 2966 habemus,
2671 2901 2812 2970 quod
2843 2903 2906 2955 de
2937 2900 3184 2969 plurimis
3212 2914 3240 2952 a
3268 2899 3418 2952 vobis
3449 2897 3708 2951 certiores

2123 2992 2648 3061 existimus.llleing.
2705 2991 3027 3045 monaclmm
3082 3005 3147 3042 ex
3189 2989 3444 3057 petitione
3499 2983 3709 3039 abbatis

2125 3084 2245 3136 llai.
2276 3084 2364 3137 ditt
2397 3081 2752 3152 perquisitum
2799 3079 3084 3134 Corbeiam
3134 3078 3373 3146 liquisse,
3417 3075 3711 3130 llothoma-

2127 3189 2250 3238 gum
2294 3173 2471 3226 adisse
2503 3170 2824 3230 audivimus.
2878 3170 2931 3222 In
2979 3183 3104 3237 quo,
3139 3168 3185 3222 si
3215 3167 3428 3220 dabitur
3458 3163 3707 3229 facultas,

2052 3292 2096 3353 C
2130 3271 2365 3316 vestrum
2398 3259 2532 3314 velle
2580 3261 2630 3313 in
2660 3259 2908 3312 omnibus
2939 3256 3158 3324 exsequi
3190 3255 3527 3310 conabimur.

2677 3366 3004 3422 EPISTUL.\
3049 3367 3090 3419 Χ
3104 3368 3159 3419 ιν.

2751 3473 2817 3513 ΔΙ)
2846 3472 3081 3511 ΕΑὶωΕΙΙ.

2203 3577 2382 3631 Rebus
2413 3575 2561 3629 vobis
2607 3573 2672 3627 ad
2702 3580 2885 3626 votum
2918 3569 3238 3625 cedentibus
3286 3583 3388 3621 non
3439 3566 3709 3620 immerito

2132 3664 2590 3734 rougratulamur.
2626 3661 2693 3715 Et
2718 3660 2841 3728 quia
2875 3660 3116 3728 ignorata
3156 3657 3466 3726 frequenter
3495 3671 3590 3723 per
3623 3672 3714 3708 vos

2131 3755 2478 3816 addiscimus,
2504 3759 2849 3818 vestrumque
2872 3748 3118 3802 affectum
3149 3749 3288 3802 circa
3322 3762 3418 3799 nos
3440 3748 3712 3798 sincerum

2130 3845 2456 3912 experimur,
2492 3843 2633 3895 inter
2670 3840 2936 3908 praecipua
2985 3838 3250 3906 ponimus.
3306 3835 3408 3889 Sed
3459 3849 3578 3904 qua:
3629 3850 3715 3886 res

2132 3937 2432 3990 institutum
2462 3933 2785 4001 colloquium
2826 3931 3165 3984 dominarum
3216 3929 3295 3982 sic
3340 3926 3714 3988 commutavit,

2132 4037 2188 4081 ut
2215 4026 2360 4080 solus
2392 4025 2502 4079 dux
2533 4024 2710 4077 veniat
2756 4019 3056 4075 IIem-iens?
3107 4017 3161 4072 Id
3211 4034 3278 4071 an
3325 4016 3443 4070 dolo
3493 4014 3715 4068 alterius

2130 4117 2300 4188 partis
2347 4125 2561 4184 agatur,
2611 4121 2667 4168 et
2715 4113 2806 4181 qui
2853 4111 3153 4181 principum
3201 4125 3267 4163 eo
3329 4107 3540 4162 venturi
3591 4113 3717 4159 sunt

2130 4219 2174 4270 si
2230 4214 2455 4268 novistis
2487 4253 2501 4276 ,
2556 4211 2838 4267 orantibus
2909 4209 3066 4262 nobis
3128 4207 3283 4276 plena
3343 4205 3446 4259 fide
3497 4217 3726 4273 perora-

2130 4308 2274 4361 bilis.
2835 4356 2840 4361 .

2677 4367 3006 4424 EPISTULA
3049 4367 3188 4422 XVI.

2749 4475 2816 4513 AD
2846 4473 3082 4512 EAHDEI.

2203 4573 2588 4629 Excellentiam
2635 4569 2898 4624 acuminis
2944 4565 3105 4620 vestri
3137 4565 3324 4619 videor
3349 4563 3550 4624 videre,
3587 4578 3730 4633 pace

2135 4664 2274 4718 inter
2301 4662 2571 4732 principes
2600 4657 2856 4722 stabilita,
2889 4654 3163 4726 republica
3190 4653 3328 4708 bene
3356 4653 3616 4722 disposita
3656 4666 3728 4706 ac-

2133 4769 2232 4823 per
2277 4768 2370 4806 vos
2418 4752 2470 4804 in
2523 4747 2716 4804 melius
2766 4752 3114 4801 commutata.
3172 4742 3348 4798 Unum
3390 4749 3599 4794 tantum
3637 4747 3730 4794 est

2134 4841 2274 4913 quod
2302 4841 2561 4910 plurimos
2593 4844 2803 4902 movet,
2840 4833 3218 4888 Trevirensem
3253 4831 3734 4900 archiepiscopum.

2136 4940 2285 4986 tanto
2334 4928 2608 4984 molimine
2655 4925 3051 4982 ordinationem
3099 4920 3436 4976 differentem
3467 4959 3481 4983 ,
3528 4931 3620 4971 aut
3667 4931 3738 4970 se-

2138 5039 2262 5078 cum
2287 5022 2424 5077 duce
2455 5035 2518 5075 ac
2548 5015 2893 5074 Lothariensi
2924 5029 3087 5086 regno
3117 5011 3367 5067 manibus
3391 5009 3743 5064 Francorum.

2137 5118 2275 5173 velle
2300 5115 2537 5178 tradere,
2560 5125 2771 5188 vosque
2793 5107 2966 5164 celare
2989 5103 3127 5176 quod
3156 5101 3482 5172 colloquium
3505 5097 3735 5153 Virduni

2137 5205 2454 5267 habendum
2480 5203 2790 5266 verisimile
2814 5198 2961 5260 facit,
2991 5206 3081 5252 aut
3104 5197 3191 5252 his
3215 5192 3422 5262 majora
3451 5191 3586 5245 velle
3617 5202 3739 5241 ma-

2135 5297 2350 5355 chinari
2379 5339 2400 5364 ,
2446 5296 2665 5370 jubetur
2717 5293 2885 5359 amico
2917 5296 3097 5342 vestro
3128 5286 3190 5339 Α.
3222 5280 3615 5378 ordinationem
3648 5289 3750 5329 ne-

3395 5379 3410 5395 ι
3463 5370 3504 5395 'I"
3513 5370 3616 5395 ..Α-νῖ
3626 5379 3720 5395 non
