  <div class='ocr_page' id='page_1' title='image "/cluster/home/n/w/nwhite01/storage/ocr_20150623/137/hvd.32044021286828/261.png"; bbox 0 0 4516 5500; ppageno 0'>
   <div class='ocr_carea' id='block_1_1' title="bbox 750 390 845 444">
    <p class='ocr_par' dir='ltr' id='par_1_1' title="bbox 750 390 845 444">
     <span class='ocr_line' id='line_1_1' title="bbox 750 390 845 444; baseline 0 -1"><span class='ocrx_word' id='word_1_1' title='bbox 750 390 845 444; x_wconf 80' lang='grc'><strong>511</strong></span> 
     </span>
    </p>
   </div>
   <div class='ocr_carea' id='block_1_2' title="bbox 1277 507 1803 562">
    <p class='ocr_par' dir='ltr' id='par_1_2' title="bbox 1277 507 1803 562">
     <span class='ocr_line' id='line_1_2' title="bbox 1277 507 1803 562; baseline 0.008 -4"><span class='ocrx_word' id='word_1_2' title='bbox 1277 507 1603 561; x_wconf 68' lang='lat' dir='ltr'><strong>EI‘ISTOIA</strong></span> <span class='ocrx_word' id='word_1_3' title='bbox 1647 510 1683 561; x_wconf 75' lang='grc' dir='ltr'>Χ</span> <span class='ocrx_word' id='word_1_4' title='bbox 1700 509 1803 562; x_wconf 70' lang='lat' dir='ltr'><strong>\‘Il.</strong></span> 
     </span>
    </p>
   </div>
   <div class='ocr_carea' id='block_1_3' title="bbox 947 607 2133 653">
    <p class='ocr_par' dir='ltr' id='par_1_3' title="bbox 947 607 2133 653">
     <span class='ocr_line' id='line_1_3' title="bbox 947 607 2133 653; baseline 0.008 -9"><span class='ocrx_word' id='word_1_5' title='bbox 947 607 1013 644; x_wconf 73' lang='lat' dir='ltr'><strong>AD</strong></span> <span class='ocrx_word' id='word_1_6' title='bbox 1050 609 1385 651; x_wconf 69' lang='lat' dir='ltr'><strong>NOTEGAIHL&#39;)!</strong></span> <span class='ocrx_word' id='word_1_7' title='bbox 1428 614 1713 653; x_wconf 70' lang='lat' dir='ltr'><strong>EPISCOPI‘M</strong></span> <span class='ocrx_word' id='word_1_8' title='bbox 1756 617 2133 653; x_wconf 66' lang='lat' dir='ltr'><strong>LEUDICENSI&#39;LM.</strong></span> 
     </span>
    </p>
   </div>
   <div class='ocr_carea' id='block_1_4' title="bbox 820 678 2330 758">
    <p class='ocr_par' dir='ltr' id='par_1_4' title="bbox 820 678 2330 758">
     <span class='ocr_line' id='line_1_4' title="bbox 820 678 2330 758; baseline 0.008 -28"><span class='ocrx_word' id='word_1_9' title='bbox 820 678 1204 737; x_wconf 81' lang='lat' dir='ltr'><strong>Collectionem</strong></span> <span class='ocrx_word' id='word_1_10' title='bbox 1234 687 1606 755; x_wconf 76' lang='lat' dir='ltr'><strong>episcoporum</strong></span> <span class='ocrx_word' id='word_1_11' title='bbox 1643 700 1856 757; x_wconf 70' lang='grc' dir='ltr'>υιοιτριιιι·</span> <span class='ocrx_word' id='word_1_12' title='bbox 1894 709 2012 758; x_wconf 82' lang='lat' dir='ltr'><strong>qua:</strong></span> <span class='ocrx_word' id='word_1_13' title='bbox 2061 691 2330 757; x_wconf 79' lang='lat' dir='ltr'><strong>significa-</strong></span> 
     </span>
    </p>
   </div>
   <div class='ocr_carea' id='block_1_5' title="bbox 751 778 2333 851">
    <p class='ocr_par' dir='ltr' id='par_1_5' title="bbox 751 778 2333 851">
     <span class='ocr_line' id='line_1_5' title="bbox 751 778 2333 851; baseline 0.011 -32"><span class='ocrx_word' id='word_1_14' title='bbox 751 778 863 821; x_wconf 92' lang='lat' dir='ltr'><strong>tum</strong></span> <span class='ocrx_word' id='word_1_15' title='bbox 906 780 1004 829; x_wconf 90' lang='lat' dir='ltr'><strong>est.</strong></span> <span class='ocrx_word' id='word_1_16' title='bbox 1040 788 1141 826; x_wconf 91' lang='lat' dir='ltr'><strong>non</strong></span> <span class='ocrx_word' id='word_1_17' title='bbox 1174 790 1293 829; x_wconf 80' lang='lat' dir='ltr'><strong>esse</strong></span> <span class='ocrx_word' id='word_1_18' title='bbox 1326 778 1543 842; x_wconf 88' lang='lat' dir='ltr'><strong>factam,</strong></span> <span class='ocrx_word' id='word_1_19' title='bbox 1578 782 1814 834; x_wconf 89' lang='lat' dir='ltr'><strong>tarditati</strong></span> <span class='ocrx_word' id='word_1_20' title='bbox 1848 783 2067 851; x_wconf 64' lang='lat' dir='ltr'><strong>perlatae</strong></span> <span class='ocrx_word' id='word_1_21' title='bbox 2098 784 2333 851; x_wconf 70' lang='lat' dir='ltr'><strong>epistola:</strong></span> 
     </span>
    </p>
   </div>
   <div class='ocr_carea' id='block_1_6' title="bbox 752 858 2331 936">
    <p class='ocr_par' dir='ltr' id='par_1_6' title="bbox 752 858 2331 936">
     <span class='ocr_line' id='line_1_6' title="bbox 752 858 2331 936; baseline 0.012 -27"><span class='ocrx_word' id='word_1_22' title='bbox 752 858 1144 927; x_wconf 81' lang='lat' dir='ltr'><strong>imputandum.</strong></span> <span class='ocrx_word' id='word_1_23' title='bbox 1190 865 1559 936; x_wconf 73' lang='lat' dir='ltr'><strong>Dispiitahitur</strong></span> <span class='ocrx_word' id='word_1_24' title='bbox 1605 881 1780 924; x_wconf 89' lang='lat' dir='ltr'><strong>autem</strong></span> <span class='ocrx_word' id='word_1_25' title='bbox 1812 876 1875 925; x_wconf 68' lang='lat' dir='ltr'><strong>ile</strong></span> <span class='ocrx_word' id='word_1_26' title='bbox 1906 874 1988 927; x_wconf 88' lang='lat' dir='ltr'><strong>his</strong></span> <span class='ocrx_word' id='word_1_27' title='bbox 2018 874 2068 926; x_wconf 92' lang='lat' dir='ltr'><strong>in</strong></span> <span class='ocrx_word' id='word_1_28' title='bbox 2099 874 2331 928; x_wconf 84' lang='lat' dir='ltr'><strong>adventu</strong></span> 
     </span>
    </p>
   </div>
   <div class='ocr_carea' id='block_1_7' title="bbox 752 955 2332 1033">
    <p class='ocr_par' dir='ltr' id='par_1_7' title="bbox 752 955 2332 1033">
     <span class='ocr_line' id='line_1_7' title="bbox 752 955 2332 1033; baseline 0.013 -35"><span class='ocrx_word' id='word_1_29' title='bbox 752 957 955 1011; x_wconf 84' lang='lat' dir='ltr'><strong>vestro,</strong></span> <span class='ocrx_word' id='word_1_30' title='bbox 1004 962 1057 1005; x_wconf 90' lang='lat' dir='ltr'><strong>et</strong></span> <span class='ocrx_word' id='word_1_31' title='bbox 1104 955 1149 1007; x_wconf 91' lang='lat' dir='ltr'><strong>si</strong></span> <span class='ocrx_word' id='word_1_32' title='bbox 1198 955 1269 1009; x_wconf 90' lang='lat' dir='ltr'><strong>ita</strong></span> <span class='ocrx_word' id='word_1_33' title='bbox 1299 958 1470 1010; x_wconf 90' lang='lat' dir='ltr'><strong>visum</strong></span> <span class='ocrx_word' id='word_1_34' title='bbox 1521 959 1702 1026; x_wconf 81' lang='lat' dir='ltr'><strong>fuerit,</strong></span> <span class='ocrx_word' id='word_1_35' title='bbox 1737 963 1965 1029; x_wconf 80' lang='lat' dir='ltr'><strong>amplius</strong></span> <span class='ocrx_word' id='word_1_36' title='bbox 1994 965 2332 1033; x_wconf 77' lang='lat' dir='ltr'><strong>postmodum</strong></span> 
     </span>
    </p>
   </div>
   <div class='ocr_carea' id='block_1_8' title="bbox 752 1038 2330 1117">
    <p class='ocr_par' dir='ltr' id='par_1_8' title="bbox 752 1038 2330 1117">
     <span class='ocr_line' id='line_1_8' title="bbox 752 1038 2330 1117; baseline 0.011 -29"><span class='ocrx_word' id='word_1_37' title='bbox 752 1038 1005 1103; x_wconf 80' lang='lat' dir='ltr'><strong>privatim</strong></span> <span class='ocrx_word' id='word_1_38' title='bbox 1054 1052 1108 1096; x_wconf 90' lang='lat' dir='ltr'><strong>et</strong></span> <span class='ocrx_word' id='word_1_39' title='bbox 1148 1043 1200 1096; x_wconf 93' lang='lat' dir='ltr'><strong>in</strong></span> <span class='ocrx_word' id='word_1_40' title='bbox 1252 1062 1538 1103; x_wconf 84' lang='lat' dir='ltr'><strong>commune</strong></span> <span class='ocrx_word' id='word_1_41' title='bbox 1590 1051 1994 1106; x_wconf 87' lang='lat' dir='ltr'><strong>dcliberabitur.</strong></span> <span class='ocrx_word' id='word_1_42' title='bbox 2047 1055 2330 1117; x_wconf 57' lang='lat' dir='ltr'><strong>Caeterum,</strong></span> 
     </span>
    </p>
   </div>
   <div class='ocr_carea' id='block_1_9' title="bbox 751 1124 2334 1211">
    <p class='ocr_par' dir='ltr' id='par_1_9' title="bbox 751 1124 2334 1211">
     <span class='ocr_line' id='line_1_9' title="bbox 751 1124 2334 1211; baseline 0.015 -38"><span class='ocrx_word' id='word_1_43' title='bbox 751 1124 841 1190; x_wconf 86' lang='lat' dir='ltr'><strong>qui</strong></span> <span class='ocrx_word' id='word_1_44' title='bbox 886 1126 1053 1181; x_wconf 82' lang='lat' dir='ltr'><strong>frater</strong></span> <span class='ocrx_word' id='word_1_45' title='bbox 1103 1146 1252 1187; x_wconf 89' lang='lat' dir='ltr'><strong>nieus</strong></span> <span class='ocrx_word' id='word_1_46' title='bbox 1293 1150 1355 1188; x_wconf 76' lang='lat' dir='ltr'><strong>se</strong></span> <span class='ocrx_word' id='word_1_47' title='bbox 1394 1151 1596 1205; x_wconf 89' lang='lat' dir='ltr'><strong>suaque</strong></span> <span class='ocrx_word' id='word_1_48' title='bbox 1628 1139 1692 1191; x_wconf 91' lang='lat' dir='ltr'><strong>ad</strong></span> <span class='ocrx_word' id='word_1_49' title='bbox 1727 1155 1821 1193; x_wconf 91' lang='lat' dir='ltr'><strong>vos</strong></span> <span class='ocrx_word' id='word_1_50' title='bbox 1852 1143 2118 1209; x_wconf 91' lang='lat' dir='ltr'><strong>pertinere</strong></span> <span class='ocrx_word' id='word_1_51' title='bbox 2161 1152 2334 1211; x_wconf 89' lang='lat' dir='ltr'><strong>putat,</strong></span> 
     </span>
    </p>
   </div>
   <div class='ocr_carea' id='block_1_10' title="bbox 755 1214 2336 1292">
    <p class='ocr_par' dir='ltr' id='par_1_10' title="bbox 755 1214 2336 1292">
     <span class='ocr_line' id='line_1_10' title="bbox 755 1214 2336 1292; baseline 0.015 -28"><span class='ocrx_word' id='word_1_52' title='bbox 755 1214 1091 1286; x_wconf 89' lang='lat' dir='ltr'><strong>multumque</strong></span> <span class='ocrx_word' id='word_1_53' title='bbox 1117 1223 1230 1290; x_wconf 86' lang='lat' dir='ltr'><strong>spei</strong></span> <span class='ocrx_word' id='word_1_54' title='bbox 1262 1239 1372 1278; x_wconf 59' lang='lat' dir='ltr'><strong>sum</strong></span> <span class='ocrx_word' id='word_1_55' title='bbox 1405 1227 1595 1281; x_wconf 89' lang='lat' dir='ltr'><strong>salutis</strong></span> <span class='ocrx_word' id='word_1_56' title='bbox 1625 1229 1776 1283; x_wconf 86' lang='lat' dir='ltr'><strong>vobis</strong></span> <span class='ocrx_word' id='word_1_57' title='bbox 1817 1232 2078 1292; x_wconf 86' lang='lat' dir='ltr'><strong>attribuit,</strong></span> <span class='ocrx_word' id='word_1_58' title='bbox 2115 1232 2336 1287; x_wconf 85' lang='lat' dir='ltr'><strong>Giialte-</strong></span> 
     </span>
    </p>
   </div>
   <div class='ocr_carea' id='block_1_11' title="bbox 753 1308 2338 1386">
    <p class='ocr_par' dir='ltr' id='par_1_11' title="bbox 753 1308 2338 1386">
     <span class='ocr_line' id='line_1_11' title="bbox 753 1308 2338 1386; baseline 0.015 -31"><span class='ocrx_word' id='word_1_59' title='bbox 753 1321 871 1357; x_wconf 89' lang='lat' dir='ltr'><strong>rum</strong></span> <span class='ocrx_word' id='word_1_60' title='bbox 900 1308 1119 1364; x_wconf 82' lang='lat' dir='ltr'><strong>militem</strong></span> <span class='ocrx_word' id='word_1_61' title='bbox 1150 1328 1176 1364; x_wconf 89' lang='lat' dir='ltr'><strong>a</strong></span> <span class='ocrx_word' id='word_1_62' title='bbox 1213 1316 1529 1383; x_wconf 88' lang='lat' dir='ltr'><strong>pervasione</strong></span> <span class='ocrx_word' id='word_1_63' title='bbox 1578 1320 1897 1386; x_wconf 72' lang='lat' dir='ltr'><strong>prmdiorum</strong></span> <span class='ocrx_word' id='word_1_64' title='bbox 1952 1324 2029 1376; x_wconf 91' lang='lat' dir='ltr'><strong>sui</strong></span> <span class='ocrx_word' id='word_1_65' title='bbox 2081 1323 2338 1380; x_wconf 88' lang='lat' dir='ltr'><strong>Wazonis</strong></span> 
     </span>
    </p>
   </div>
   <div class='ocr_carea' id='block_1_12' title="bbox 752 1394 2338 1474">
    <p class='ocr_par' dir='ltr' id='par_1_12' title="bbox 752 1394 2338 1474">
     <span class='ocr_line' id='line_1_12' title="bbox 752 1394 2338 1474; baseline 0.013 -28"><span class='ocrx_word' id='word_1_66' title='bbox 752 1394 1007 1452; x_wconf 88' lang='lat' dir='ltr'><strong>cohibere</strong></span> <span class='ocrx_word' id='word_1_67' title='bbox 1052 1400 1259 1457; x_wconf 80' lang='lat' dir='ltr'><strong>debetis</strong></span> <span class='ocrx_word' id='word_1_68' title='bbox 1294 1423 1304 1457; x_wconf 80' lang='grc' dir='ltr'>ε</span> <span class='ocrx_word' id='word_1_69' title='bbox 1341 1421 1512 1474; x_wconf 88' lang='lat' dir='ltr'><strong>eoque</strong></span> <span class='ocrx_word' id='word_1_70' title='bbox 1563 1408 1704 1463; x_wconf 84' lang='lat' dir='ltr'><strong>fath</strong></span> <span class='ocrx_word' id='word_1_71' title='bbox 1749 1421 1802 1464; x_wconf 90' lang='lat' dir='ltr'><strong>et</strong></span> <span class='ocrx_word' id='word_1_72' title='bbox 1837 1412 2115 1465; x_wconf 89' lang='lat' dir='ltr'><strong>sinistrum</strong></span> <span class='ocrx_word' id='word_1_73' title='bbox 2158 1429 2338 1467; x_wconf 89' lang='lat' dir='ltr'><strong>ruino-</strong></span> 
     </span>
    </p>
   </div>
   <div class='ocr_carea' id='block_1_13' title="bbox 754 1486 2337 1564">
    <p class='ocr_par' dir='ltr' id='par_1_13' title="bbox 754 1486 2337 1564">
     <span class='ocr_line' id='line_1_13' title="bbox 754 1486 2337 1564; baseline 0.013 -30"><span class='ocrx_word' id='word_1_74' title='bbox 754 1498 867 1535; x_wconf 91' lang='lat' dir='ltr'><strong>rem</strong></span> <span class='ocrx_word' id='word_1_75' title='bbox 896 1486 1159 1553; x_wconf 82' lang='lat' dir='ltr'><strong>vitabilis,</strong></span> <span class='ocrx_word' id='word_1_76' title='bbox 1192 1500 1245 1545; x_wconf 94' lang='lat' dir='ltr'><strong>et</strong></span> <span class='ocrx_word' id='word_1_77' title='bbox 1282 1496 1502 1564; x_wconf 86' lang='lat' dir='ltr'><strong>pioprio</strong></span> <span class='ocrx_word' id='word_1_78' title='bbox 1532 1494 1708 1551; x_wconf 78' lang='lat' dir='ltr'><strong>ofﬁcio</strong></span> <span class='ocrx_word' id='word_1_79' title='bbox 1737 1514 1841 1553; x_wconf 91' lang='lat' dir='ltr'><strong>non</strong></span> <span class='ocrx_word' id='word_1_80' title='bbox 1873 1498 2104 1554; x_wconf 80' lang='lat' dir='ltr'><strong>defuisse</strong></span> <span class='ocrx_word' id='word_1_81' title='bbox 2132 1502 2337 1555; x_wconf 88' lang='lat' dir='ltr'><strong>videbi-</strong></span> 
     </span>
    </p>
   </div>
   <div class='ocr_carea' id='block_1_14' title="bbox 755 1589 905 1629">
    <p class='ocr_par' dir='ltr' id='par_1_14' title="bbox 755 1589 905 1629">
     <span class='ocr_line' id='line_1_14' title="bbox 755 1589 905 1629; baseline 0.027 -4"><span class='ocrx_word' id='word_1_82' title='bbox 755 1589 905 1629; x_wconf 78' lang='lat' dir='ltr'><strong>lﬂIlil.</strong></span> 
     </span>
    </p>
   </div>
   <div class='ocr_carea' id='block_1_15' title="bbox 1267 1675 1816 1733">
    <p class='ocr_par' dir='ltr' id='par_1_15' title="bbox 1267 1675 1816 1733">
     <span class='ocr_line' id='line_1_15' title="bbox 1267 1675 1816 1733; baseline 0.009 -6"><span class='ocrx_word' id='word_1_83' title='bbox 1267 1675 1595 1732; x_wconf 59' lang='lat' dir='ltr'><strong>EPISTOLA</strong></span> <span class='ocrx_word' id='word_1_84' title='bbox 1639 1678 1816 1733; x_wconf 71' lang='lat' dir='ltr'>XVIII.</span> 
     </span>
    </p>
   </div>
   <div class='ocr_carea' id='block_1_16' title="bbox 1375 1781 1713 1821">
    <p class='ocr_par' dir='ltr' id='par_1_16' title="bbox 1375 1781 1713 1821">
     <span class='ocr_line' id='line_1_16' title="bbox 1375 1781 1713 1821; baseline 0.006 -3"><span class='ocrx_word' id='word_1_85' title='bbox 1375 1781 1441 1818; x_wconf 79' lang='lat' dir='ltr'><strong>AD</strong></span> <span class='ocrx_word' id='word_1_86' title='bbox 1476 1782 1713 1821; x_wconf 59' lang='lat' dir='ltr'><strong>EURIDEM.</strong></span> 
     </span>
    </p>
   </div>
   <div class='ocr_carea' id='block_1_17' title="bbox 828 1848 2416 1922">
    <p class='ocr_par' dir='ltr' id='par_1_17' title="bbox 828 1848 2416 1922">
     <span class='ocr_line' id='line_1_17' title="bbox 828 1848 2416 1922; baseline 0.009 -22"><span class='ocrx_word' id='word_1_87' title='bbox 828 1848 888 1900; x_wconf 81' lang='lat' dir='ltr'><strong>Ei</strong></span> <span class='ocrx_word' id='word_1_88' title='bbox 937 1850 1025 1916; x_wconf 87' lang='lat' dir='ltr'><strong>qui</strong></span> <span class='ocrx_word' id='word_1_89' title='bbox 1076 1865 1197 1903; x_wconf 92' lang='lat' dir='ltr'><strong>cum</strong></span> <span class='ocrx_word' id='word_1_90' title='bbox 1247 1854 1488 1922; x_wconf 75' lang='lat' dir='ltr'><strong>sapit-nte</strong></span> <span class='ocrx_word' id='word_1_91' title='bbox 1556 1859 1817 1910; x_wconf 79' lang='lat' dir='ltr'><strong>rationein</strong></span> <span class='ocrx_word' id='word_1_92' title='bbox 1886 1860 2179 1913; x_wconf 77' lang='lat' dir='ltr'><strong>instituerit</strong></span> <span class='ocrx_word' id='word_1_93' title='bbox 2237 1876 2339 1914; x_wconf 91' lang='lat' dir='ltr'><strong>non</strong></span> <span class='ocrx_word' id='word_1_94' title='bbox 2374 1852 2416 1909; x_wconf 75' lang='grc' dir='ltr'><strong>Β</strong></span> 
     </span>
    </p>
   </div>
   <div class='ocr_carea' id='block_1_18' title="bbox 757 1937 2339 2009">
    <p class='ocr_par' dir='ltr' id='par_1_18' title="bbox 757 1937 2339 2009">
     <span class='ocr_line' id='line_1_18' title="bbox 757 1937 2339 2009; baseline 0.008 -21"><span class='ocrx_word' id='word_1_95' title='bbox 757 1937 921 1988; x_wconf 84' lang='lat' dir='ltr'><strong>multa</strong></span> <span class='ocrx_word' id='word_1_96' title='bbox 955 1939 1197 1993; x_wconf 85' lang='lat' dir='ltr'><strong>oratione</strong></span> <span class='ocrx_word' id='word_1_97' title='bbox 1240 1940 1667 1997; x_wconf 86' lang='lat' dir='ltr'><strong>iiilahoraniluiu.</strong></span> <span class='ocrx_word' id='word_1_98' title='bbox 1706 1948 1853 2009; x_wconf 58' lang='lat' dir='ltr'><strong>Quod</strong></span> <span class='ocrx_word' id='word_1_99' title='bbox 1905 1948 2099 2001; x_wconf 82' lang='lat' dir='ltr'><strong>vestris</strong></span> <span class='ocrx_word' id='word_1_100' title='bbox 2130 1951 2175 1999; x_wconf 91' lang='lat' dir='ltr'><strong>vi</strong></span> <span class='ocrx_word' id='word_1_101' title='bbox 2221 1963 2339 2000; x_wconf 88' lang='lat' dir='ltr'><strong>cre-</strong></span> 
     </span>
    </p>
   </div>
   <div class='ocr_carea' id='block_1_19' title="bbox 757 2033 2341 2103">
    <p class='ocr_par' dir='ltr' id='par_1_19' title="bbox 757 2033 2341 2103">
     <span class='ocr_line' id='line_1_19' title="bbox 757 2033 2341 2103; baseline 0.012 -27"><span class='ocrx_word' id='word_1_102' title='bbox 757 2039 906 2094; x_wconf 82' lang='lat' dir='ltr'><strong>ptiiin</strong></span> <span class='ocrx_word' id='word_1_103' title='bbox 934 2039 1018 2083; x_wconf 81' lang='lat' dir='ltr'><strong>est</strong></span> <span class='ocrx_word' id='word_1_104' title='bbox 1047 2033 1380 2085; x_wconf 78' lang='lat' dir='ltr'><strong>resrituetiir.</strong></span> <span class='ocrx_word' id='word_1_105' title='bbox 1401 2035 1543 2086; x_wconf 74' lang='lat' dir='ltr'><strong>Fidei</strong></span> <span class='ocrx_word' id='word_1_106' title='bbox 1581 2039 1891 2103; x_wconf 80' lang='lat' dir='ltr'><strong>spondeitis</strong></span> <span class='ocrx_word' id='word_1_107' title='bbox 1932 2040 2088 2093; x_wconf 88' lang='lat' dir='ltr'><strong>amici</strong></span> <span class='ocrx_word' id='word_1_108' title='bbox 2117 2042 2341 2095; x_wconf 77' lang='lat' dir='ltr'><strong>credite.</strong></span> 
     </span>
    </p>
   </div>
   <div class='ocr_carea' id='block_1_20' title="bbox 758 2116 2345 2200">
    <p class='ocr_par' dir='ltr' id='par_1_20' title="bbox 758 2116 2345 2200">
     <span class='ocr_line' id='line_1_20' title="bbox 758 2116 2345 2200; baseline 0.01 -31"><span class='ocrx_word' id='word_1_109' title='bbox 758 2116 817 2170; x_wconf 85' lang='lat' dir='ltr'><strong>Si</strong></span> <span class='ocrx_word' id='word_1_110' title='bbox 852 2117 901 2169; x_wconf 91' lang='lat' dir='ltr'><strong>id</strong></span> <span class='ocrx_word' id='word_1_111' title='bbox 930 2120 1063 2172; x_wconf 91' lang='lat' dir='ltr'><strong>satis</strong></span> <span class='ocrx_word' id='word_1_112' title='bbox 1094 2136 1197 2172; x_wconf 90' lang='lat' dir='ltr'><strong>non</strong></span> <span class='ocrx_word' id='word_1_113' title='bbox 1228 2130 1309 2174; x_wconf 87' lang='lat' dir='ltr'><strong>est</strong></span> <span class='ocrx_word' id='word_1_114' title='bbox 1332 2164 1345 2187; x_wconf 95' lang='lat'><strong>,</strong></span> <span class='ocrx_word' id='word_1_115' title='bbox 1392 2124 1549 2178; x_wconf 84' lang='lat' dir='ltr'><strong>obses</strong></span> <span class='ocrx_word' id='word_1_116' title='bbox 1592 2127 1887 2194; x_wconf 89' lang='lat' dir='ltr'><strong>accipiatur</strong></span> <span class='ocrx_word' id='word_1_117' title='bbox 1928 2128 1996 2180; x_wconf 92' lang='lat' dir='ltr'><strong>ab</strong></span> <span class='ocrx_word' id='word_1_118' title='bbox 2040 2130 2124 2183; x_wconf 88' lang='lat' dir='ltr'><strong>his</strong></span> <span class='ocrx_word' id='word_1_119' title='bbox 2151 2132 2345 2200; x_wconf 87' lang='lat' dir='ltr'><strong>quibus</strong></span> 
     </span>
    </p>
   </div>
   <div class='ocr_carea' id='block_1_21' title="bbox 759 2211 2346 2290">
    <p class='ocr_par' dir='ltr' id='par_1_21' title="bbox 759 2211 2346 2290">
     <span class='ocr_line' id='line_1_21' title="bbox 759 2211 2346 2290; baseline 0.009 -31"><span class='ocrx_word' id='word_1_120' title='bbox 759 2221 854 2259; x_wconf 82' lang='lat' dir='ltr'><strong>sua</strong></span> <span class='ocrx_word' id='word_1_121' title='bbox 889 2223 1074 2263; x_wconf 81' lang='lat' dir='ltr'><strong>rursus</strong></span> <span class='ocrx_word' id='word_1_122' title='bbox 1106 2211 1315 2264; x_wconf 85' lang='lat' dir='ltr'><strong>restitui</strong></span> <span class='ocrx_word' id='word_1_123' title='bbox 1344 2215 1619 2269; x_wconf 79' lang='lat' dir='ltr'><strong>oravimus</strong></span> <span class='ocrx_word' id='word_1_124' title='bbox 1645 2256 1658 2279; x_wconf 97' lang='lat'><strong>,</strong></span> <span class='ocrx_word' id='word_1_125' title='bbox 1714 2231 1811 2271; x_wconf 89' lang='lat' dir='ltr'><strong>nec</strong></span> <span class='ocrx_word' id='word_1_126' title='bbox 1837 2216 2188 2273; x_wconf 77' lang='lat' dir='ltr'><strong>differendum</strong></span> <span class='ocrx_word' id='word_1_127' title='bbox 2224 2237 2346 2290; x_wconf 90' lang='lat' dir='ltr'><strong>pro-</strong></span> 
     </span>
    </p>
   </div>
   <div class='ocr_carea' id='block_1_22' title="bbox 760 2295 2347 2375">
    <p class='ocr_par' dir='ltr' id='par_1_22' title="bbox 760 2295 2347 2375">
     <span class='ocr_line' id='line_1_22' title="bbox 760 2295 2347 2375; baseline 0.012 -30"><span class='ocrx_word' id='word_1_128' title='bbox 760 2304 882 2362; x_wconf 83' lang='lat' dir='ltr'><strong>pter</strong></span> <span class='ocrx_word' id='word_1_129' title='bbox 917 2295 1168 2352; x_wconf 90' lang='lat' dir='ltr'><strong>instantis</strong></span> <span class='ocrx_word' id='word_1_130' title='bbox 1214 2297 1314 2351; x_wconf 88' lang='lat' dir='ltr'><strong>fori</strong></span> <span class='ocrx_word' id='word_1_131' title='bbox 1366 2304 1779 2368; x_wconf 87' lang='lat' dir='ltr'><strong>necessitatem,</strong></span> <span class='ocrx_word' id='word_1_132' title='bbox 1825 2314 1876 2359; x_wconf 92' lang='lat' dir='ltr'><strong>et</strong></span> <span class='ocrx_word' id='word_1_133' title='bbox 1922 2308 2045 2375; x_wconf 85' lang='lat' dir='ltr'><strong>quia</strong></span> <span class='ocrx_word' id='word_1_134' title='bbox 2095 2308 2160 2362; x_wconf 91' lang='lat' dir='ltr'><strong>de</strong></span> <span class='ocrx_word' id='word_1_135' title='bbox 2196 2310 2347 2364; x_wconf 89' lang='lat' dir='ltr'><strong>vobis</strong></span> 
     </span>
    </p>
   </div>
   <div class='ocr_carea' id='block_1_23' title="bbox 760 2383 2346 2460">
    <p class='ocr_par' dir='ltr' id='par_1_23' title="bbox 760 2383 2346 2460">
     <span class='ocr_line' id='line_1_23' title="bbox 760 2383 2346 2460; baseline 0.013 -28"><span class='ocrx_word' id='word_1_136' title='bbox 760 2383 960 2450; x_wconf 87' lang='lat' dir='ltr'><strong>optime</strong></span> <span class='ocrx_word' id='word_1_137' title='bbox 988 2388 1381 2453; x_wconf 71' lang='lat' dir='ltr'><strong>priesumimus.</strong></span> <span class='ocrx_word' id='word_1_138' title='bbox 1433 2391 1565 2444; x_wconf 89' lang='lat' dir='ltr'><strong>Dum</strong></span> <span class='ocrx_word' id='word_1_139' title='bbox 1612 2392 1724 2447; x_wconf 75' lang='lat' dir='ltr'><strong>haec</strong></span> <span class='ocrx_word' id='word_1_140' title='bbox 1759 2394 2101 2460; x_wconf 86' lang='lat' dir='ltr'><strong>dictaviinus,</strong></span> <span class='ocrx_word' id='word_1_141' title='bbox 2131 2398 2346 2452; x_wconf 87' lang='lat' dir='ltr'><strong>obsides</strong></span> 
     </span>
    </p>
   </div>
   <div class='ocr_carea' id='block_1_24' title="bbox 762 2474 2348 2551">
    <p class='ocr_par' dir='ltr' id='par_1_24' title="bbox 762 2474 2348 2551">
     <span class='ocr_line' id='line_1_24' title="bbox 762 2474 2348 2551; baseline 0.011 -27"><span class='ocrx_word' id='word_1_142' title='bbox 762 2474 829 2525; x_wconf 86' lang='lat' dir='ltr'><strong>ab</strong></span> <span class='ocrx_word' id='word_1_143' title='bbox 859 2474 1081 2529; x_wconf 84' lang='lat' dir='ltr'><strong>obsesso</strong></span> <span class='ocrx_word' id='word_1_144' title='bbox 1105 2486 1308 2542; x_wconf 86' lang='lat' dir='ltr'><strong>castro,</strong></span> <span class='ocrx_word' id='word_1_145' title='bbox 1341 2488 1399 2532; x_wconf 92' lang='lat' dir='ltr'><strong>ut</strong></span> <span class='ocrx_word' id='word_1_146' title='bbox 1445 2481 1496 2534; x_wconf 93' lang='lat' dir='ltr'><strong>in</strong></span> <span class='ocrx_word' id='word_1_147' title='bbox 1546 2484 1843 2536; x_wconf 90' lang='lat' dir='ltr'><strong>crastinum</strong></span> <span class='ocrx_word' id='word_1_148' title='bbox 1890 2486 2200 2551; x_wconf 77' lang='lat' dir='ltr'><strong>reddendo,</strong></span> <span class='ocrx_word' id='word_1_149' title='bbox 2250 2504 2348 2542; x_wconf 90' lang='lat' dir='ltr'><strong>nos</strong></span> 
     </span>
    </p>
   </div>
   <div class='ocr_carea' id='block_1_25' title="bbox 763 2570 2347 2645">
    <p class='ocr_par' dir='ltr' id='par_1_25' title="bbox 763 2570 2347 2645">
     <span class='ocr_line' id='line_1_25' title="bbox 763 2570 2347 2645; baseline 0.01 -27"><span class='ocrx_word' id='word_1_150' title='bbox 763 2570 1038 2636; x_wconf 88' lang='lat' dir='ltr'><strong>accepisse</strong></span> <span class='ocrx_word' id='word_1_151' title='bbox 1082 2570 1471 2639; x_wconf 86' lang='lat' dir='ltr'><strong>significamus.</strong></span> <span class='ocrx_word' id='word_1_152' title='bbox 1526 2573 1680 2630; x_wconf 83' lang='lat' dir='ltr'><strong>Metis</strong></span> <span class='ocrx_word' id='word_1_153' title='bbox 1729 2576 2054 2645; x_wconf 88' lang='lat' dir='ltr'><strong>colloquium</strong></span> <span class='ocrx_word' id='word_1_154' title='bbox 2104 2579 2347 2634; x_wconf 82' lang='lat' dir='ltr'><strong>domina-</strong></span> 
     </span>
    </p>
   </div>
   <div class='ocr_carea' id='block_1_26' title="bbox 762 2657 2351 2734">
    <p class='ocr_par' dir='ltr' id='par_1_26' title="bbox 762 2657 2351 2734">
     <span class='ocr_line' id='line_1_26' title="bbox 762 2657 2351 2734; baseline 0.01 -28"><span class='ocrx_word' id='word_1_155' title='bbox 762 2671 879 2708; x_wconf 89' lang='lat' dir='ltr'><strong>rum</strong></span> <span class='ocrx_word' id='word_1_156' title='bbox 925 2657 1230 2713; x_wconf 84' lang='lat' dir='ltr'><strong>habendum</strong></span> <span class='ocrx_word' id='word_1_157' title='bbox 1267 2670 1349 2714; x_wconf 88' lang='lat' dir='ltr'><strong>est</strong></span> <span class='ocrx_word' id='word_1_158' title='bbox 1379 2702 1392 2725; x_wconf 90' lang='lat'><strong>,</strong></span> <span class='ocrx_word' id='word_1_159' title='bbox 1444 2678 1537 2717; x_wconf 89' lang='lat' dir='ltr'><strong>vos</strong></span> <span class='ocrx_word' id='word_1_160' title='bbox 1570 2678 1729 2732; x_wconf 90' lang='lat' dir='ltr'><strong>quam</strong></span> <span class='ocrx_word' id='word_1_161' title='bbox 1766 2665 2053 2734; x_wconf 89' lang='lat' dir='ltr'><strong>plurimum</strong></span> <span class='ocrx_word' id='word_1_162' title='bbox 2089 2667 2351 2722; x_wconf 89' lang='lat' dir='ltr'><strong>interesse</strong></span> 
     </span>
    </p>
   </div>
   <div class='ocr_carea' id='block_1_27' title="bbox 760 2747 2351 2820">
    <p class='ocr_par' dir='ltr' id='par_1_27' title="bbox 760 2747 2351 2820">
     <span class='ocr_line' id='line_1_27' title="bbox 760 2747 2351 2820; baseline 0.01 -25"><span class='ocrx_word' id='word_1_163' title='bbox 760 2755 1031 2812; x_wconf 88' lang='lat' dir='ltr'><strong>optamus.</strong></span> <span class='ocrx_word' id='word_1_164' title='bbox 1067 2747 1122 2802; x_wconf 88' lang='lat' dir='ltr'><strong>Si</strong></span> <span class='ocrx_word' id='word_1_165' title='bbox 1159 2750 1404 2804; x_wconf 87' lang='lat' dir='ltr'><strong>relictum</strong></span> <span class='ocrx_word' id='word_1_166' title='bbox 1456 2762 1513 2806; x_wconf 91' lang='lat' dir='ltr'><strong>ut</strong></span> <span class='ocrx_word' id='word_1_167' title='bbox 1552 2753 1855 2808; x_wconf 89' lang='lat' dir='ltr'><strong>institutum</strong></span> <span class='ocrx_word' id='word_1_168' title='bbox 1888 2765 1988 2820; x_wconf 87' lang='lat' dir='ltr'><strong>est,</strong></span> <span class='ocrx_word' id='word_1_169' title='bbox 2024 2771 2241 2811; x_wconf 80' lang='lat' dir='ltr'><strong>causam</strong></span> <span class='ocrx_word' id='word_1_170' title='bbox 2273 2756 2351 2811; x_wconf 85' lang='lat' dir='ltr'><strong>cf-</strong></span> 
     </span>
    </p>
   </div>
   <div class='ocr_carea' id='block_1_28' title="bbox 762 2836 2352 2916">
    <p class='ocr_par' dir='ltr' id='par_1_28' title="bbox 762 2836 2352 2916">
     <span class='ocr_line' id='line_1_28' title="bbox 762 2836 2352 2916; baseline 0.009 -30"><span class='ocrx_word' id='word_1_171' title='bbox 762 2836 1039 2891; x_wconf 83' lang='lat' dir='ltr'><strong>fectricem</strong></span> <span class='ocrx_word' id='word_1_172' title='bbox 1090 2852 1188 2908; x_wconf 88' lang='lat' dir='ltr'><strong>per</strong></span> <span class='ocrx_word' id='word_1_173' title='bbox 1232 2856 1325 2895; x_wconf 93' lang='lat' dir='ltr'><strong>vos</strong></span> <span class='ocrx_word' id='word_1_174' title='bbox 1372 2858 1532 2897; x_wconf 89' lang='lat' dir='ltr'><strong>nosse</strong></span> <span class='ocrx_word' id='word_1_175' title='bbox 1600 2844 1928 2898; x_wconf 88' lang='lat' dir='ltr'><strong>laboramus.</strong></span> <span class='ocrx_word' id='word_1_176' title='bbox 1993 2845 2131 2912; x_wconf 85' lang='lat' dir='ltr'><strong>Quid</strong></span> <span class='ocrx_word' id='word_1_177' title='bbox 2175 2848 2352 2916; x_wconf 89' lang='lat' dir='ltr'><strong>priva-</strong></span> 
     </span>
    </p>
   </div>
   <div class='ocr_carea' id='block_1_29' title="bbox 763 2927 2351 3005">
    <p class='ocr_par' dir='ltr' id='par_1_29' title="bbox 763 2927 2351 3005">
     <span class='ocr_line' id='line_1_29' title="bbox 763 2927 2351 3005; baseline 0.01 -28"><span class='ocrx_word' id='word_1_178' title='bbox 763 2927 859 2979; x_wconf 91' lang='lat' dir='ltr'><strong>tim</strong></span> <span class='ocrx_word' id='word_1_179' title='bbox 911 2944 1004 2983; x_wconf 93' lang='lat' dir='ltr'><strong>vos</strong></span> <span class='ocrx_word' id='word_1_180' title='bbox 1066 2931 1209 2987; x_wconf 89' lang='lat' dir='ltr'><strong>scire</strong></span> <span class='ocrx_word' id='word_1_181' title='bbox 1278 2935 1588 3003; x_wconf 83' lang='lat' dir='ltr'><strong>Oportebit,</strong></span> <span class='ocrx_word' id='word_1_182' title='bbox 1637 2936 1843 3005; x_wconf 90' lang='lat' dir='ltr'><strong>privata</strong></span> <span class='ocrx_word' id='word_1_183' title='bbox 1901 2937 2167 2991; x_wconf 85' lang='lat' dir='ltr'><strong>docebunt</strong></span> <span class='ocrx_word' id='word_1_184' title='bbox 2218 2948 2351 2992; x_wconf 87' lang='lat' dir='ltr'><strong>tein-</strong></span> 
     </span>
    </p>
   </div>
   <div class='ocr_carea' id='block_1_30' title="bbox 762 3031 915 3084">
    <p class='ocr_par' dir='ltr' id='par_1_30' title="bbox 762 3031 915 3084">
     <span class='ocr_line' id='line_1_30' title="bbox 762 3031 915 3084; baseline 0.033 -19"><span class='ocrx_word' id='word_1_185' title='bbox 762 3031 915 3084; x_wconf 70' lang='lat' dir='ltr'><strong>ptil‘it.</strong></span> 
     </span>
    </p>
   </div>
   <div class='ocr_carea' id='block_1_31' title="bbox 1305 3116 1820 3172">
    <p class='ocr_par' dir='ltr' id='par_1_31' title="bbox 1305 3116 1820 3172">
     <span class='ocr_line' id='line_1_31' title="bbox 1305 3116 1820 3172; baseline 0.006 -3"><span class='ocrx_word' id='word_1_186' title='bbox 1305 3116 1634 3171; x_wconf 61' lang='lat' dir='ltr'><strong>EPISTOIA</strong></span> <span class='ocrx_word' id='word_1_187' title='bbox 1680 3117 1820 3172; x_wconf 75' lang='lat' dir='ltr'><strong>XIX.</strong></span> 
     </span>
    </p>
   </div>
   <div class='ocr_carea' id='block_1_32' title="bbox 919 3215 2205 3261">
    <p class='ocr_par' dir='ltr' id='par_1_32' title="bbox 919 3215 2205 3261">
     <span class='ocr_line' id='line_1_32' title="bbox 919 3215 2205 3261; baseline 0.005 -9"><span class='ocrx_word' id='word_1_188' title='bbox 919 3215 985 3252; x_wconf 81' lang='lat' dir='ltr'><strong>AD</strong></span> <span class='ocrx_word' id='word_1_189' title='bbox 1013 3216 1291 3258; x_wconf 69' lang='lat' dir='ltr'><strong>ECBERTUM</strong></span> <span class='ocrx_word' id='word_1_190' title='bbox 1324 3219 1773 3260; x_wconf 68' lang='lat' dir='ltr'><strong>ABCIIIEPISCOI‘UM</strong></span> <span class='ocrx_word' id='word_1_191' title='bbox 1811 3223 2205 3261; x_wconf 71' lang='lat' dir='ltr'><strong>TREVIRENSEM.</strong></span> 
     </span>
    </p>
   </div>
   <div class='ocr_carea' id='block_1_33' title="bbox 844 3289 2360 3363">
    <p class='ocr_par' dir='ltr' id='par_1_33' title="bbox 844 3289 2360 3363">
     <span class='ocr_line' id='line_1_33' title="bbox 844 3289 2360 3363; baseline 0.007 -22"><span class='ocrx_word' id='word_1_192' title='bbox 844 3289 956 3343; x_wconf 78' lang='lat' dir='ltr'><strong>Non</strong></span> <span class='ocrx_word' id='word_1_193' title='bbox 985 3301 1300 3347; x_wconf 62' lang='lat' dir='ltr'><strong>exsecutum</strong></span> <span class='ocrx_word' id='word_1_194' title='bbox 1348 3308 1468 3347; x_wconf 90' lang='lat' dir='ltr'><strong>esse</strong></span> <span class='ocrx_word' id='word_1_195' title='bbox 1505 3296 1647 3363; x_wconf 80' lang='lat' dir='ltr'><strong>quod</strong></span> <span class='ocrx_word' id='word_1_196' title='bbox 1676 3298 1741 3347; x_wconf 90' lang='lat' dir='ltr'><strong>ah</strong></span> <span class='ocrx_word' id='word_1_197' title='bbox 1779 3297 1909 3350; x_wconf 90' lang='lat' dir='ltr'><strong>urbe</strong></span> <span class='ocrx_word' id='word_1_198' title='bbox 1940 3298 2261 3351; x_wconf 82' lang='lat' dir='ltr'><strong>Virdunensi</strong></span> <span class='ocrx_word' id='word_1_199' title='bbox 2294 3296 2360 3352; x_wconf 85' lang='lat' dir='ltr'><strong>de</strong></span> 
     </span>
    </p>
   </div>
   <div class='ocr_carea' id='block_1_34' title="bbox 769 3380 2356 3458">
    <p class='ocr_par' dir='ltr' id='par_1_34' title="bbox 769 3380 2356 3458">
     <span class='ocr_line' id='line_1_34' title="bbox 769 3380 2356 3458; baseline 0.004 -25"><span class='ocrx_word' id='word_1_200' title='bbox 769 3380 943 3433; x_wconf 84' lang='lat' dir='ltr'><strong>reditu</strong></span> <span class='ocrx_word' id='word_1_201' title='bbox 994 3382 1176 3436; x_wconf 79' lang='lat' dir='ltr'><strong>fratris</strong></span> <span class='ocrx_word' id='word_1_202' title='bbox 1221 3382 1283 3437; x_wconf 91' lang='lat' dir='ltr'><strong>G.</strong></span> <span class='ocrx_word' id='word_1_203' title='bbox 1320 3386 1714 3450; x_wconf 85' lang='lat' dir='ltr'><strong>mandavimus,</strong></span> <span class='ocrx_word' id='word_1_204' title='bbox 1752 3388 1929 3440; x_wconf 88' lang='lat' dir='ltr'><strong>acrior</strong></span> <span class='ocrx_word' id='word_1_205' title='bbox 1957 3404 2086 3441; x_wconf 86' lang='lat' dir='ltr'><strong>cura</strong></span> <span class='ocrx_word' id='word_1_206' title='bbox 2122 3403 2356 3458; x_wconf 61' lang='lat' dir='ltr'><strong>praesen-</strong></span> 
     </span>
    </p>
   </div>
   <div class='ocr_carea' id='block_1_35' title="bbox 773 3470 2363 3544">
    <p class='ocr_par' dir='ltr' id='par_1_35' title="bbox 773 3470 2363 3544">
     <span class='ocr_line' id='line_1_35' title="bbox 773 3470 2363 3544; baseline 0.004 -23"><span class='ocrx_word' id='word_1_207' title='bbox 773 3470 904 3522; x_wconf 90' lang='lat' dir='ltr'><strong>tium</strong></span> <span class='ocrx_word' id='word_1_208' title='bbox 934 3481 1175 3541; x_wconf 89' lang='lat' dir='ltr'><strong>tempore</strong></span> <span class='ocrx_word' id='word_1_209' title='bbox 1200 3472 1399 3537; x_wconf 77' lang='lat' dir='ltr'><strong>effecit,</strong></span> <span class='ocrx_word' id='word_1_210' title='bbox 1431 3476 1553 3529; x_wconf 90' lang='lat' dir='ltr'><strong>dum</strong></span> <span class='ocrx_word' id='word_1_211' title='bbox 1584 3485 1637 3529; x_wconf 90' lang='lat' dir='ltr'><strong>et</strong></span> <span class='ocrx_word' id='word_1_212' title='bbox 1662 3476 1803 3544; x_wconf 90' lang='lat' dir='ltr'><strong>quod</strong></span> <span class='ocrx_word' id='word_1_213' title='bbox 1841 3476 2087 3531; x_wconf 89' lang='lat' dir='ltr'><strong>nolumus</strong></span> <span class='ocrx_word' id='word_1_214' title='bbox 2131 3478 2363 3531; x_wconf 89' lang='lat' dir='ltr'><strong>necessi-</strong></span> 
     </span>
    </p>
   </div>
   <div class='ocr_carea' id='block_1_36' title="bbox 770 3561 2364 3633">
    <p class='ocr_par' dir='ltr' id='par_1_36' title="bbox 770 3561 2364 3633">
     <span class='ocr_line' id='line_1_36' title="bbox 770 3561 2364 3633; baseline 0.003 -19"><span class='ocrx_word' id='word_1_215' title='bbox 770 3570 855 3614; x_wconf 87' lang='lat' dir='ltr'><strong>tas</strong></span> <span class='ocrx_word' id='word_1_216' title='bbox 887 3561 1071 3626; x_wconf 81' lang='lat' dir='ltr'><strong>infert,</strong></span> <span class='ocrx_word' id='word_1_217' title='bbox 1102 3572 1157 3616; x_wconf 91' lang='lat' dir='ltr'><strong>et</strong></span> <span class='ocrx_word' id='word_1_218' title='bbox 1192 3565 1335 3633; x_wconf 93' lang='lat' dir='ltr'><strong>quod</strong></span> <span class='ocrx_word' id='word_1_219' title='bbox 1376 3564 1619 3618; x_wconf 88' lang='lat' dir='ltr'><strong>volumus</strong></span> <span class='ocrx_word' id='word_1_220' title='bbox 1646 3565 1839 3620; x_wconf 88' lang='lat' dir='ltr'><strong>aufert.</strong></span> <span class='ocrx_word' id='word_1_221' title='bbox 1872 3564 2022 3620; x_wconf 81' lang='lat' dir='ltr'><strong>Nunc</strong></span> <span class='ocrx_word' id='word_1_222' title='bbox 2052 3567 2263 3620; x_wconf 87' lang='lat' dir='ltr'><strong>tandem</strong></span> <span class='ocrx_word' id='word_1_223' title='bbox 2299 3579 2364 3619; x_wconf 92' lang='lat' dir='ltr'><strong>ne</strong></span> 
     </span>
    </p>
   </div>
   <div class='ocr_carea' id='block_1_37' title="bbox 770 3651 2364 3724">
    <p class='ocr_par' dir='ltr' id='par_1_37' title="bbox 770 3651 2364 3724">
     <span class='ocr_line' id='line_1_37' title="bbox 770 3651 2364 3724; baseline 0.003 -20"><span class='ocrx_word' id='word_1_224' title='bbox 770 3651 909 3704; x_wconf 87' lang='lat' dir='ltr'><strong>bene</strong></span> <span class='ocrx_word' id='word_1_225' title='bbox 952 3653 1162 3707; x_wconf 88' lang='lat' dir='ltr'><strong>meritis</strong></span> <span class='ocrx_word' id='word_1_226' title='bbox 1192 3668 1549 3723; x_wconf 86' lang='lat' dir='ltr'><strong>apparcamus</strong></span> <span class='ocrx_word' id='word_1_227' title='bbox 1593 3654 1809 3724; x_wconf 78' lang='lat' dir='ltr'><strong>ingrati,</strong></span> <span class='ocrx_word' id='word_1_228' title='bbox 1841 3655 2141 3709; x_wconf 78' lang='lat' dir='ltr'><strong>clementia:</strong></span> <span class='ocrx_word' id='word_1_229' title='bbox 2172 3664 2364 3709; x_wconf 76' lang='lat' dir='ltr'><strong>vestra:</strong></span> 
     </span>
    </p>
   </div>
   <div class='ocr_carea' id='block_1_38' title="bbox 771 3746 2363 3812">
    <p class='ocr_par' dir='ltr' id='par_1_38' title="bbox 771 3746 2363 3812">
     <span class='ocr_line' id='line_1_38' title="bbox 771 3746 2363 3812; baseline 0.001 -16"><span class='ocrx_word' id='word_1_230' title='bbox 771 3752 832 3796; x_wconf 92' lang='lat' dir='ltr'><strong>ut</strong></span> <span class='ocrx_word' id='word_1_231' title='bbox 863 3758 1151 3812; x_wconf 88' lang='lat' dir='ltr'><strong>possumus</strong></span> <span class='ocrx_word' id='word_1_232' title='bbox 1178 3746 1525 3807; x_wconf 88' lang='lat' dir='ltr'><strong>remittimus,</strong></span> <span class='ocrx_word' id='word_1_233' title='bbox 1560 3746 1661 3801; x_wconf 89' lang='lat' dir='ltr'><strong>hoc</strong></span> <span class='ocrx_word' id='word_1_234' title='bbox 1688 3761 1850 3799; x_wconf 92' lang='lat' dir='ltr'><strong>unum</strong></span> <span class='ocrx_word' id='word_1_235' title='bbox 1881 3764 1909 3799; x_wconf 88' lang='lat' dir='ltr'><strong>a</strong></span> <span class='ocrx_word' id='word_1_236' title='bbox 1938 3746 2094 3801; x_wconf 87' lang='lat' dir='ltr'><strong>solita</strong></span> <span class='ocrx_word' id='word_1_237' title='bbox 2127 3746 2363 3800; x_wconf 90' lang='lat' dir='ltr'><strong>benevo-</strong></span> 
     </span>
    </p>
   </div>
   <div class='ocr_carea' id='block_1_39' title="bbox 773 3833 2365 3905">
    <p class='ocr_par' dir='ltr' id='par_1_39' title="bbox 773 3833 2365 3905">
     <span class='ocr_line' id='line_1_39' title="bbox 773 3833 2365 3905; baseline 0.001 -20"><span class='ocrx_word' id='word_1_238' title='bbox 773 3833 939 3887; x_wconf 88' lang='lat' dir='ltr'><strong>lentia</strong></span> <span class='ocrx_word' id='word_1_239' title='bbox 971 3843 1146 3888; x_wconf 89' lang='lat' dir='ltr'><strong>vestra</strong></span> <span class='ocrx_word' id='word_1_240' title='bbox 1175 3845 1507 3904; x_wconf 81' lang='lat' dir='ltr'><strong>expetentes,</strong></span> <span class='ocrx_word' id='word_1_241' title='bbox 1540 3843 1598 3889; x_wconf 89' lang='grc' dir='ltr'><strong>ιιι</strong></span> <span class='ocrx_word' id='word_1_242' title='bbox 1620 3836 1936 3905; x_wconf 75' lang='lat' dir='ltr'><strong>experiatur</strong></span> <span class='ocrx_word' id='word_1_243' title='bbox 1966 3844 2199 3889; x_wconf 84' lang='lat' dir='ltr'><strong>vestram</strong></span> <span class='ocrx_word' id='word_1_244' title='bbox 2232 3833 2365 3887; x_wconf 81' lang='lat' dir='ltr'><strong>alla-</strong></span> 
     </span>
    </p>
   </div>
   <div class='ocr_carea' id='block_1_40' title="bbox 775 3922 2368 3996">
    <p class='ocr_par' dir='ltr' id='par_1_40' title="bbox 775 3922 2368 3996">
     <span class='ocr_line' id='line_1_40' title="bbox 775 3922 2368 3996; baseline 0.003 -21"><span class='ocrx_word' id='word_1_245' title='bbox 775 3922 1035 3977; x_wconf 87' lang='lat' dir='ltr'><strong>bilitatem</strong></span> <span class='ocrx_word' id='word_1_246' title='bbox 1066 3926 1133 3979; x_wconf 94' lang='lat' dir='ltr'><strong>ob</strong></span> <span class='ocrx_word' id='word_1_247' title='bbox 1173 3934 1411 3980; x_wconf 87' lang='lat' dir='ltr'><strong>nostram</strong></span> <span class='ocrx_word' id='word_1_248' title='bbox 1460 3927 2010 3991; x_wconf 84' lang='lat' dir='ltr'><strong>commendationem,</strong></span> <span class='ocrx_word' id='word_1_249' title='bbox 2055 3937 2128 3990; x_wconf 87' lang='lat' dir='ltr'><strong>et,</strong></span> <span class='ocrx_word' id='word_1_250' title='bbox 2162 3927 2204 3981; x_wconf 90' lang='lat' dir='ltr'><strong>si</strong></span> <span class='ocrx_word' id='word_1_251' title='bbox 2238 3942 2368 3996; x_wconf 86' lang='lat' dir='ltr'><strong>pace</strong></span> 
     </span>
    </p>
   </div>
   <div class='ocr_carea' id='block_1_41' title="bbox 775 4012 2370 4085">
    <p class='ocr_par' dir='ltr' id='par_1_41' title="bbox 775 4012 2370 4085">
     <span class='ocr_line' id='line_1_41' title="bbox 775 4012 2370 4085; baseline 0.004 -24"><span class='ocrx_word' id='word_1_252' title='bbox 775 4024 953 4065; x_wconf 87' lang='lat' dir='ltr'><strong>vestra</strong></span> <span class='ocrx_word' id='word_1_253' title='bbox 987 4012 1101 4067; x_wconf 85' lang='lat' dir='ltr'><strong>ﬁeri</strong></span> <span class='ocrx_word' id='word_1_254' title='bbox 1154 4025 1360 4084; x_wconf 85' lang='lat' dir='ltr'><strong>petest,</strong></span> <span class='ocrx_word' id='word_1_255' title='bbox 1409 4031 1476 4070; x_wconf 91' lang='lat' dir='ltr'><strong>ne</strong></span> <span class='ocrx_word' id='word_1_256' title='bbox 1507 4027 1690 4071; x_wconf 89' lang='lat' dir='ltr'><strong>careat</strong></span> <span class='ocrx_word' id='word_1_257' title='bbox 1717 4017 1910 4070; x_wconf 91' lang='lat' dir='ltr'><strong>studiis</strong></span> <span class='ocrx_word' id='word_1_258' title='bbox 1935 4016 2131 4085; x_wconf 88' lang='lat' dir='ltr'><strong>quibus</strong></span> <span class='ocrx_word' id='word_1_259' title='bbox 2163 4016 2370 4085; x_wconf 84' lang='lat' dir='ltr'><strong>impen-</strong></span> 
     </span>
    </p>
   </div>
   <div class='ocr_carea' id='block_1_42' title="bbox 774 4103 1608 4172">
    <p class='ocr_par' dir='ltr' id='par_1_42' title="bbox 774 4103 1608 4172">
     <span class='ocr_line' id='line_1_42' title="bbox 774 4103 1608 4172; baseline 0.004 -16"><span class='ocrx_word' id='word_1_260' title='bbox 774 4103 887 4156; x_wconf 92' lang='lat' dir='ltr'><strong>sius</strong></span> <span class='ocrx_word' id='word_1_261' title='bbox 912 4118 1132 4171; x_wconf 87' lang='lat' dir='ltr'><strong>operam</strong></span> <span class='ocrx_word' id='word_1_262' title='bbox 1165 4106 1295 4158; x_wconf 89' lang='lat' dir='ltr'><strong>dare</strong></span> <span class='ocrx_word' id='word_1_263' title='bbox 1326 4106 1608 4172; x_wconf 87' lang='lat' dir='ltr'><strong>disposuit.</strong></span> 
     </span>
    </p>
   </div>
   <div class='ocr_carea' id='block_1_43' title="bbox 1326 4194 1821 4249">
    <p class='ocr_par' dir='ltr' id='par_1_43' title="bbox 1326 4194 1821 4249">
     <span class='ocr_line' id='line_1_43' title="bbox 1326 4194 1821 4249; baseline 0.002 -3"><span class='ocrx_word' id='word_1_264' title='bbox 1326 4194 1663 4249; x_wconf 78' lang='lat' dir='ltr'><strong>EPISTULA</strong></span> <span class='ocrx_word' id='word_1_265' title='bbox 1704 4195 1821 4247; x_wconf 75' lang='lat' dir='ltr'><strong>XX.</strong></span> 
     </span>
    </p>
   </div>
   <div class='ocr_carea' id='block_1_44' title="bbox 1129 4299 2012 4339">
    <p class='ocr_par' dir='ltr' id='par_1_44' title="bbox 1129 4299 2012 4339">
     <span class='ocr_line' id='line_1_44' title="bbox 1129 4299 2012 4339; baseline 0.001 -3"><span class='ocrx_word' id='word_1_266' title='bbox 1129 4300 1197 4336; x_wconf 73' lang='grc' dir='ltr'><strong>ΑΙ)</strong></span> <span class='ocrx_word' id='word_1_267' title='bbox 1230 4299 1510 4339; x_wconf 68' lang='grc' dir='ltr'><strong>ΕΟΒΕΒἸἭἊ</strong></span> <span class='ocrx_word' id='word_1_268' title='bbox 1541 4299 2012 4338; x_wconf 71' lang='lat' dir='ltr'><strong>ARCHIEPISCOPUM.</strong></span> 
     </span>
    </p>
   </div>
   <div class='ocr_carea' id='block_1_45' title="bbox 849 4373 2376 4439">
    <p class='ocr_par' dir='ltr' id='par_1_45' title="bbox 849 4373 2376 4439">
     <span class='ocr_line' id='line_1_45' title="bbox 849 4373 2376 4439; baseline 0.004 -15"><span class='ocrx_word' id='word_1_269' title='bbox 849 4373 1109 4439; x_wconf 80' lang='lat' dir='ltr'><strong>Quamvis</strong></span> <span class='ocrx_word' id='word_1_270' title='bbox 1136 4377 1304 4429; x_wconf 90' lang='lat' dir='ltr'><strong>sciam</strong></span> <span class='ocrx_word' id='word_1_271' title='bbox 1335 4392 1400 4431; x_wconf 80' lang='lat' dir='ltr'><strong>ex</strong></span> <span class='ocrx_word' id='word_1_272' title='bbox 1429 4388 1554 4431; x_wconf 90' lang='lat' dir='ltr'><strong>voto</strong></span> <span class='ocrx_word' id='word_1_273' title='bbox 1585 4392 1703 4431; x_wconf 92' lang='lat' dir='ltr'><strong>ineo</strong></span> <span class='ocrx_word' id='word_1_274' title='bbox 1734 4376 1874 4430; x_wconf 88' lang='lat' dir='ltr'><strong>nulla</strong></span> <span class='ocrx_word' id='word_1_275' title='bbox 1900 4375 2157 4429; x_wconf 80' lang='lat' dir='ltr'><strong>beneficia</strong></span> <span class='ocrx_word' id='word_1_276' title='bbox 2182 4376 2376 4430; x_wconf 88' lang='lat' dir='ltr'><strong>vestris</strong></span> 
     </span>
    </p>
   </div>
   <div class='ocr_carea' id='block_1_46' title="bbox 783 4464 2376 4534">
    <p class='ocr_par' dir='ltr' id='par_1_46' title="bbox 783 4464 2376 4534">
     <span class='ocr_line' id='line_1_46' title="bbox 783 4464 2376 4534; baseline 0.001 -19"><span class='ocrx_word' id='word_1_277' title='bbox 783 4464 993 4516; x_wconf 87' lang='lat' dir='ltr'><strong>meritis</strong></span> <span class='ocrx_word' id='word_1_278' title='bbox 1022 4466 1348 4534; x_wconf 86' lang='lat' dir='ltr'><strong>respondere</strong></span> <span class='ocrx_word' id='word_1_279' title='bbox 1380 4480 1559 4534; x_wconf 88' lang='lat' dir='ltr'><strong>posse,</strong></span> <span class='ocrx_word' id='word_1_280' title='bbox 1588 4473 1783 4521; x_wconf 65' lang='lat' dir='ltr'><strong>aestuat</strong></span> <span class='ocrx_word' id='word_1_281' title='bbox 1831 4474 2011 4518; x_wconf 80' lang='lat' dir='ltr'><strong>tamen</strong></span> <span class='ocrx_word' id='word_1_282' title='bbox 2056 4465 2288 4526; x_wconf 89' lang='lat' dir='ltr'><strong>animus,</strong></span> <span class='ocrx_word' id='word_1_283' title='bbox 2321 4474 2376 4516; x_wconf 91' lang='lat' dir='ltr'><strong>et</strong></span> 
     </span>
    </p>
   </div>
   <div class='ocr_carea' id='block_1_47' title="bbox 780 4554 2372 4626">
    <p class='ocr_par' dir='ltr' id='par_1_47' title="bbox 780 4554 2372 4626">
     <span class='ocr_line' id='line_1_47' title="bbox 780 4554 2372 4626; baseline 0.003 -22"><span class='ocrx_word' id='word_1_284' title='bbox 780 4554 923 4623; x_wconf 82' lang='lat' dir='ltr'><strong>quod</strong></span> <span class='ocrx_word' id='word_1_285' title='bbox 953 4570 1011 4608; x_wconf 90' lang='lat' dir='ltr'><strong>re</strong></span> <span class='ocrx_word' id='word_1_286' title='bbox 1040 4557 1243 4624; x_wconf 82' lang='lat' dir='ltr'><strong>nequit.</strong></span> <span class='ocrx_word' id='word_1_287' title='bbox 1276 4557 1523 4626; x_wconf 89' lang='lat' dir='ltr'><strong>sequitur</strong></span> <span class='ocrx_word' id='word_1_288' title='bbox 1560 4554 1775 4611; x_wconf 71' lang='lat' dir='ltr'><strong>affectu.</strong></span> <span class='ocrx_word' id='word_1_289' title='bbox 1828 4554 2169 4625; x_wconf 81' lang='lat' dir='ltr'><strong>Privilegiuin</strong></span> <span class='ocrx_word' id='word_1_290' title='bbox 2212 4557 2372 4609; x_wconf 84' lang='lat' dir='ltr'><strong>vestri</strong></span> 
     </span>
    </p>
   </div>
   <div class='ocr_carea' id='block_1_48' title="bbox 784 4644 2375 4717">
    <p class='ocr_par' dir='ltr' id='par_1_48' title="bbox 784 4644 2375 4717">
     <span class='ocr_line' id='line_1_48' title="bbox 784 4644 2375 4717; baseline 0.001 -20"><span class='ocrx_word' id='word_1_291' title='bbox 784 4644 987 4698; x_wconf 88' lang='lat' dir='ltr'><strong>amoris</strong></span> <span class='ocrx_word' id='word_1_292' title='bbox 1012 4645 1156 4699; x_wconf 88' lang='lat' dir='ltr'><strong>circa</strong></span> <span class='ocrx_word' id='word_1_293' title='bbox 1188 4662 1288 4702; x_wconf 90' lang='lat' dir='ltr'><strong>nos</strong></span> <span class='ocrx_word' id='word_1_294' title='bbox 1331 4662 1705 4717; x_wconf 64' lang='lat' dir='ltr'><strong>saepenumero</strong></span> <span class='ocrx_word' id='word_1_295' title='bbox 1749 4646 1963 4709; x_wconf 88' lang='lat' dir='ltr'><strong>litteris,</strong></span> <span class='ocrx_word' id='word_1_296' title='bbox 2002 4660 2375 4714; x_wconf 67' lang='lat' dir='ltr'><strong>saepenumero</strong></span> 
     </span>
    </p>
   </div>
   <div class='ocr_carea' id='block_1_49' title="bbox 784 4735 2376 4805">
    <p class='ocr_par' dir='ltr' id='par_1_49' title="bbox 784 4735 2376 4805">
     <span class='ocr_line' id='line_1_49' title="bbox 784 4735 2376 4805; baseline 0.001 -17"><span class='ocrx_word' id='word_1_297' title='bbox 784 4735 1008 4798; x_wconf 81' lang='lat' dir='ltr'><strong>nuntiis,</strong></span> <span class='ocrx_word' id='word_1_298' title='bbox 1042 4750 1414 4805; x_wconf 73' lang='lat' dir='ltr'><strong>smpenuiuero</strong></span> <span class='ocrx_word' id='word_1_299' title='bbox 1458 4739 1622 4792; x_wconf 90' lang='lat' dir='ltr'><strong>rebus</strong></span> <span class='ocrx_word' id='word_1_300' title='bbox 1668 4737 1800 4805; x_wconf 88' lang='lat' dir='ltr'><strong>ipsis</strong></span> <span class='ocrx_word' id='word_1_301' title='bbox 1831 4735 2038 4805; x_wconf 74' lang='lat' dir='ltr'><strong>experti</strong></span> <span class='ocrx_word' id='word_1_302' title='bbox 2069 4750 2275 4789; x_wconf 89' lang='lat' dir='ltr'><strong>sumus.</strong></span> <span class='ocrx_word' id='word_1_303' title='bbox 2314 4737 2376 4789; x_wconf 80' lang='lat' dir='ltr'><strong>Et</strong></span> 
     </span>
    </p>
   </div>
   <div class='ocr_carea' id='block_1_50' title="bbox 782 4825 2377 4897">
    <p class='ocr_par' dir='ltr' id='par_1_50' title="bbox 782 4825 2377 4897">
     <span class='ocr_line' id='line_1_50' title="bbox 782 4825 2377 4897; baseline 0 -20"><span class='ocrx_word' id='word_1_304' title='bbox 782 4825 1041 4893; x_wconf 75' lang='lat' dir='ltr'><strong>quoniam</strong></span> <span class='ocrx_word' id='word_1_305' title='bbox 1072 4835 1292 4882; x_wconf 86' lang='lat' dir='ltr'><strong>sanctas</strong></span> <span class='ocrx_word' id='word_1_306' title='bbox 1326 4828 1612 4895; x_wconf 88' lang='lat' dir='ltr'><strong>petitiones</strong></span> <span class='ocrx_word' id='word_1_307' title='bbox 1641 4842 1737 4897; x_wconf 91' lang='lat' dir='ltr'><strong>pro</strong></span> <span class='ocrx_word' id='word_1_308' title='bbox 1776 4826 1932 4880; x_wconf 86' lang='lat' dir='ltr'><strong>nobis</strong></span> <span class='ocrx_word' id='word_1_309' title='bbox 1964 4826 2190 4880; x_wconf 89' lang='lat' dir='ltr'><strong>Domino</strong></span> <span class='ocrx_word' id='word_1_310' title='bbox 2218 4827 2377 4880; x_wconf 71' lang='lat' dir='ltr'><strong>obtu—</strong></span> 
     </span>
    </p>
   </div>
   <div class='ocr_carea' id='block_1_51' title="bbox 787 4913 2381 4985">
    <p class='ocr_par' dir='ltr' id='par_1_51' title="bbox 787 4913 2381 4985">
     <span class='ocr_line' id='line_1_51' title="bbox 787 4913 2381 4985; baseline 0.001 -18"><span class='ocrx_word' id='word_1_311' title='bbox 787 4913 944 4979; x_wconf 81' lang='lat' dir='ltr'><strong>listis,</strong></span> <span class='ocrx_word' id='word_1_312' title='bbox 976 4930 1137 4985; x_wconf 88' lang='lat' dir='ltr'><strong>quam</strong></span> <span class='ocrx_word' id='word_1_313' title='bbox 1170 4932 1275 4971; x_wconf 92' lang='lat' dir='ltr'><strong>non</strong></span> <span class='ocrx_word' id='word_1_314' title='bbox 1309 4916 1545 4970; x_wconf 89' lang='lat' dir='ltr'><strong>inaniter</strong></span> <span class='ocrx_word' id='word_1_315' title='bbox 1575 4931 1669 4970; x_wconf 88' lang='lat' dir='ltr'><strong>eas</strong></span> <span class='ocrx_word' id='word_1_316' title='bbox 1717 4914 2017 4969; x_wconf 80' lang='lat' dir='ltr'><strong>eﬂuderitis</strong></span> <span class='ocrx_word' id='word_1_317' title='bbox 2041 4954 2055 4976; x_wconf 88' lang='lat'><strong>,</strong></span> <span class='ocrx_word' id='word_1_318' title='bbox 2099 4915 2253 4968; x_wconf 90' lang='lat' dir='ltr'><strong>testis</strong></span> <span class='ocrx_word' id='word_1_319' title='bbox 2297 4926 2381 4968; x_wconf 86' lang='lat' dir='ltr'><strong>est</strong></span> 
     </span>
    </p>
   </div>
   <div class='ocr_carea' id='block_1_52' title="bbox 788 5002 2379 5075">
    <p class='ocr_par' dir='ltr' id='par_1_52' title="bbox 788 5002 2379 5075">
     <span class='ocr_line' id='line_1_52' title="bbox 788 5002 2379 5075; baseline -0.001 -16"><span class='ocrx_word' id='word_1_320' title='bbox 788 5007 1161 5061; x_wconf 89' lang='lat' dir='ltr'><strong>benevolentia</strong></span> <span class='ocrx_word' id='word_1_321' title='bbox 1193 5007 1425 5061; x_wconf 72' lang='lat' dir='ltr'><strong>domina:</strong></span> <span class='ocrx_word' id='word_1_322' title='bbox 1460 5006 1717 5075; x_wconf 75' lang='lat' dir='ltr'><strong>Augustae</strong></span> <span class='ocrx_word' id='word_1_323' title='bbox 1755 5005 1909 5059; x_wconf 88' lang='lat' dir='ltr'><strong>nobis</strong></span> <span class='ocrx_word' id='word_1_324' title='bbox 1946 5004 2153 5058; x_wconf 87' lang='lat' dir='ltr'><strong>reddita</strong></span> <span class='ocrx_word' id='word_1_325' title='bbox 2182 5020 2233 5058; x_wconf 84' lang='lat' dir='ltr'><strong>vi</strong></span> <span class='ocrx_word' id='word_1_326' title='bbox 2274 5002 2379 5058; x_wconf 83' lang='lat' dir='ltr'><strong>No-</strong></span> 
     </span>
    </p>
   </div>
   <div class='ocr_carea' id='block_1_53' title="bbox 790 5095 2378 5169">
    <p class='ocr_par' dir='ltr' id='par_1_53' title="bbox 790 5095 2378 5169">
     <span class='ocr_line' id='line_1_53' title="bbox 790 5095 2378 5169; baseline -0.003 -16"><span class='ocrx_word' id='word_1_327' title='bbox 790 5116 889 5153; x_wconf 89' lang='lat' dir='ltr'><strong>nas</strong></span> <span class='ocrx_word' id='word_1_328' title='bbox 920 5099 1161 5153; x_wconf 81' lang='lat' dir='ltr'><strong>Martias.</strong></span> <span class='ocrx_word' id='word_1_329' title='bbox 1212 5099 1328 5167; x_wconf 85' lang='lat' dir='ltr'><strong>Qua</strong></span> <span class='ocrx_word' id='word_1_330' title='bbox 1360 5099 1446 5153; x_wconf 91' lang='lat' dir='ltr'><strong>die</strong></span> <span class='ocrx_word' id='word_1_331' title='bbox 1478 5097 1900 5169; x_wconf 84' lang='lat' dir='ltr'><strong>gloriosissimus</strong></span> <span class='ocrx_word' id='word_1_332' title='bbox 1942 5110 2035 5149; x_wconf 82' lang='lat' dir='ltr'><strong>rex</strong></span> <span class='ocrx_word' id='word_1_333' title='bbox 2066 5095 2378 5159; x_wconf 89' lang='lat' dir='ltr'><strong>Lotharius,</strong></span> 
     </span>
    </p>
   </div>
   <div class='ocr_carea' id='block_1_54' title="bbox 790 5186 2378 5232">
    <p class='ocr_par' dir='ltr' id='par_1_54' title="bbox 790 5186 2378 5232">
     <span class='ocr_line' id='line_1_54' title="bbox 790 5186 2378 5232; baseline 0 0"><span class='ocrx_word' id='word_1_334' title='bbox 790 5190 1122 5232; x_wconf 68' lang='lat' dir='ltr'><strong>Frnimnrnm</strong></span> <span class='ocrx_word' id='word_1_335' title='bbox 1145 5190 1503 5232; x_wconf 67' lang='lat' dir='ltr'><strong>nlnrieaimnm</strong></span> <span class='ocrx_word' id='word_1_336' title='bbox 1532 5188 1695 5232; x_wconf 63' lang='lat' dir='ltr'><strong>siilns,</strong></span> <span class='ocrx_word' id='word_1_337' title='bbox 1727 5186 1926 5232; x_wconf 85' lang='lat' dir='ltr'><strong>mllniIn</strong></span> <span class='ocrx_word' id='word_1_338' title='bbox 1948 5186 2256 5232; x_wconf 73' lang='lat' dir='ltr'><strong>subtractus</strong></span> <span class='ocrx_word' id='word_1_339' title='bbox 2276 5196 2378 5232; x_wconf 70' lang='lat' dir='ltr'><strong>esl-</strong></span> 
     </span>
    </p>
   </div>
   <div class='ocr_carea' id='block_1_55' title="bbox 1820 400 2973 459">
    <p class='ocr_par' dir='ltr' id='par_1_55' title="bbox 1820 400 2973 459">
     <span class='ocr_line' id='line_1_55' title="bbox 1820 400 2973 459; baseline -0.002 -6"><span class='ocrx_word' id='word_1_340' title='bbox 1820 401 1856 453; x_wconf 83' lang='grc' dir='ltr'><strong>Α</strong></span> <span class='ocrx_word' id='word_1_341' title='bbox 1870 402 1947 454; x_wconf 77' lang='lat' dir='ltr'><strong>D.\</strong></span> <span class='ocrx_word' id='word_1_342' title='bbox 1960 400 2294 455; x_wconf 58' lang='lat' dir='ltr'><strong>LBI‘IRONIS</strong></span> <span class='ocrx_word' id='word_1_343' title='bbox 2330 400 2646 456; x_wconf 74' lang='lat' dir='ltr'><strong>ARCIIIEI’.</strong></span> <span class='ocrx_word' id='word_1_344' title='bbox 2687 403 2973 459; x_wconf 62' lang='lat' dir='ltr'><strong>RI‘ZMENS.</strong></span> 
     </span>
    </p>
   </div>
   <div class='ocr_carea' id='block_1_56' title="bbox 2352 512 4001 581">
    <p class='ocr_par' dir='ltr' id='par_1_56' title="bbox 2352 512 4001 581">
     <span class='ocr_line' id='line_1_56' title="bbox 2352 512 4001 581; baseline 0.002 -20"><span class='ocrx_word' id='word_1_345' title='bbox 2352 514 2393 571; x_wconf 82' lang='grc' dir='ltr'><strong>Λ</strong></span> <span class='ocrx_word' id='word_1_346' title='bbox 2426 512 2589 573; x_wconf 85' lang='lat' dir='ltr'><strong>colui,</strong></span> <span class='ocrx_word' id='word_1_347' title='bbox 2622 513 2870 581; x_wconf 85' lang='lat' dir='ltr'><strong>specialia</strong></span> <span class='ocrx_word' id='word_1_348' title='bbox 2904 523 3080 565; x_wconf 86' lang='lat' dir='ltr'><strong>tamen</strong></span> <span class='ocrx_word' id='word_1_349' title='bbox 3134 529 3272 567; x_wconf 90' lang='lat' dir='ltr'><strong>nunc</strong></span> <span class='ocrx_word' id='word_1_350' title='bbox 3308 513 3564 569; x_wconf 81' lang='lat' dir='ltr'><strong>beneficia</strong></span> <span class='ocrx_word' id='word_1_351' title='bbox 3598 524 3771 569; x_wconf 90' lang='lat' dir='ltr'><strong>vestra</strong></span> <span class='ocrx_word' id='word_1_352' title='bbox 3807 518 4001 568; x_wconf 78' lang='lat' dir='ltr'><strong>vestri-</strong></span> 
     </span>
    </p>
   </div>
   <div class='ocr_carea' id='block_1_57' title="bbox 3898 404 4004 459">
    <p class='ocr_par' dir='ltr' id='par_1_57' title="bbox 3898 404 4004 459">
     <span class='ocr_line' id='line_1_57' title="bbox 3898 404 4004 459; baseline -0.009 0"><span class='ocrx_word' id='word_1_353' title='bbox 3898 404 4004 459; x_wconf 74' lang='grc'><strong>512</strong></span> 
     </span>
    </p>
   </div>
   <div class='ocr_carea' id='block_1_58' title="bbox 2432 601 4009 669">
    <p class='ocr_par' dir='ltr' id='par_1_58' title="bbox 2432 601 4009 669">
     <span class='ocr_line' id='line_1_58' title="bbox 2432 601 4009 669; baseline 0.003 -18"><span class='ocrx_word' id='word_1_354' title='bbox 2432 617 2533 667; x_wconf 89' lang='lat' dir='ltr'><strong>que</strong></span> <span class='ocrx_word' id='word_1_355' title='bbox 2570 601 2658 653; x_wconf 86' lang='lat' dir='ltr'><strong>ﬁlii</strong></span> <span class='ocrx_word' id='word_1_356' title='bbox 2692 642 2705 664; x_wconf 93' lang='lat'><strong>,</strong></span> <span class='ocrx_word' id='word_1_357' title='bbox 2746 613 2800 655; x_wconf 89' lang='lat' dir='ltr'><strong>et</strong></span> <span class='ocrx_word' id='word_1_358' title='bbox 2849 604 3173 669; x_wconf 73' lang='grc' dir='ltr'>ιιι·ωιρι·ἱιιιιιι</span> <span class='ocrx_word' id='word_1_359' title='bbox 3208 604 3483 656; x_wconf 76' lang='lat' dir='ltr'><strong>continent</strong></span> <span class='ocrx_word' id='word_1_360' title='bbox 3521 604 3899 667; x_wconf 84' lang='lat' dir='ltr'><strong>dilectionem,</strong></span> <span class='ocrx_word' id='word_1_361' title='bbox 3952 614 4009 655; x_wconf 87' lang='lat' dir='ltr'><strong>ct</strong></span> 
     </span>
    </p>
   </div>
   <div class='ocr_carea' id='block_1_59' title="bbox 2435 690 4003 761">
    <p class='ocr_par' dir='ltr' id='par_1_59' title="bbox 2435 690 4003 761">
     <span class='ocr_line' id='line_1_59' title="bbox 2435 690 4003 761; baseline 0.001 -21"><span class='ocrx_word' id='word_1_362' title='bbox 2435 690 2589 741; x_wconf 84' lang='lat' dir='ltr'><strong>fidem</strong></span> <span class='ocrx_word' id='word_1_363' title='bbox 2625 701 2860 743; x_wconf 87' lang='lat' dir='ltr'><strong>nostrain</strong></span> <span class='ocrx_word' id='word_1_364' title='bbox 2894 693 2958 743; x_wconf 81' lang='lat' dir='ltr'><strong>ad</strong></span> <span class='ocrx_word' id='word_1_365' title='bbox 2992 706 3087 744; x_wconf 89' lang='lat' dir='ltr'><strong>vos</strong></span> <span class='ocrx_word' id='word_1_366' title='bbox 3114 707 3176 745; x_wconf 90' lang='lat' dir='ltr'><strong>ac</strong></span> <span class='ocrx_word' id='word_1_367' title='bbox 3215 702 3421 745; x_wconf 87' lang='lat' dir='ltr'><strong>vestros</strong></span> <span class='ocrx_word' id='word_1_368' title='bbox 3462 692 3743 761; x_wconf 85' lang='lat' dir='ltr'><strong>plurimam</strong></span> <span class='ocrx_word' id='word_1_369' title='bbox 3788 702 4003 761; x_wconf 79' lang='lat' dir='ltr'><strong>angi-iit.</strong></span> 
     </span>
    </p>
   </div>
   <div class='ocr_carea' id='block_1_60' title="bbox 2434 778 4011 850">
    <p class='ocr_par' dir='ltr' id='par_1_60' title="bbox 2434 778 4011 850">
     <span class='ocr_line' id='line_1_60' title="bbox 2434 778 4011 850; baseline 0 -19"><span class='ocrx_word' id='word_1_370' title='bbox 2434 778 2599 831; x_wconf 78' lang='lat' dir='ltr'><strong>Fovet</strong></span> <span class='ocrx_word' id='word_1_371' title='bbox 2634 790 2812 833; x_wconf 78' lang='lat' dir='ltr'><strong>nostra</strong></span> <span class='ocrx_word' id='word_1_372' title='bbox 2846 781 3080 833; x_wconf 83' lang='lat' dir='ltr'><strong>Ecclesia</strong></span> <span class='ocrx_word' id='word_1_373' title='bbox 3114 783 3255 834; x_wconf 90' lang='lat' dir='ltr'><strong>inter</strong></span> <span class='ocrx_word' id='word_1_374' title='bbox 3291 784 3587 850; x_wconf 65' lang='lat' dir='ltr'><strong>prmcipnos</strong></span> <span class='ocrx_word' id='word_1_375' title='bbox 3616 783 3898 834; x_wconf 82' lang='lat' dir='ltr'><strong>thesauros</strong></span> <span class='ocrx_word' id='word_1_376' title='bbox 3930 783 4011 849; x_wconf 85' lang='lat' dir='ltr'><strong>pi-</strong></span> 
     </span>
    </p>
   </div>
   <div class='ocr_carea' id='block_1_61' title="bbox 2434 872 4011 942">
    <p class='ocr_par' dir='ltr' id='par_1_61' title="bbox 2434 872 4011 942">
     <span class='ocr_line' id='line_1_61' title="bbox 2434 872 4011 942; baseline 0.002 -20"><span class='ocrx_word' id='word_1_377' title='bbox 2434 884 2568 938; x_wconf 87' lang='lat' dir='ltr'><strong>gnus</strong></span> <span class='ocrx_word' id='word_1_378' title='bbox 2607 880 2793 925; x_wconf 72' lang='lat' dir='ltr'><strong>vestra:</strong></span> <span class='ocrx_word' id='word_1_379' title='bbox 2822 872 3072 924; x_wconf 67' lang='lat' dir='ltr'><strong>amicitim</strong></span> <span class='ocrx_word' id='word_1_380' title='bbox 3107 873 3246 926; x_wconf 86' lang='lat' dir='ltr'><strong>circa</strong></span> <span class='ocrx_word' id='word_1_381' title='bbox 3280 889 3392 925; x_wconf 90' lang='lat' dir='ltr'><strong>nos.</strong></span> <span class='ocrx_word' id='word_1_382' title='bbox 3427 872 3635 927; x_wconf 74' lang='lat' dir='ltr'><strong>Sentiat</strong></span> <span class='ocrx_word' id='word_1_383' title='bbox 3663 888 3789 942; x_wconf 79' lang='lat' dir='ltr'><strong>ergo</strong></span> <span class='ocrx_word' id='word_1_384' title='bbox 3822 874 4011 925; x_wconf 83' lang='lat' dir='ltr'><strong>beatus</strong></span> 
     </span>
    </p>
   </div>
   <div class='ocr_carea' id='block_1_62' title="bbox 2435 966 4009 1037">
    <p class='ocr_par' dir='ltr' id='par_1_62' title="bbox 2435 966 4009 1037">
     <span class='ocr_line' id='line_1_62' title="bbox 2435 966 4009 1037; baseline 0.001 -18"><span class='ocrx_word' id='word_1_385' title='bbox 2435 966 2710 1035; x_wconf 77' lang='lat' dir='ltr'><strong>Remigius</strong></span> <span class='ocrx_word' id='word_1_386' title='bbox 2748 976 2908 1020; x_wconf 74' lang='lat' dir='ltr'><strong>tanta:</strong></span> <span class='ocrx_word' id='word_1_387' title='bbox 2943 968 3171 1022; x_wconf 78' lang='lat' dir='ltr'><strong>domina:</strong></span> <span class='ocrx_word' id='word_1_388' title='bbox 3206 969 3464 1031; x_wconf 84' lang='lat' dir='ltr'><strong>favorem,</strong></span> <span class='ocrx_word' id='word_1_389' title='bbox 3495 970 3535 1022; x_wconf 85' lang='lat' dir='ltr'><strong>si</strong></span> <span class='ocrx_word' id='word_1_390' title='bbox 3578 970 3689 1023; x_wconf 78' lang='lat' dir='ltr'><strong>liei&#39;i</strong></span> <span class='ocrx_word' id='word_1_391' title='bbox 3729 978 3923 1037; x_wconf 69' lang='lat' dir='ltr'><strong>potest,</strong></span> <span class='ocrx_word' id='word_1_392' title='bbox 3956 971 4009 1021; x_wconf 90' lang='lat' dir='ltr'><strong>in</strong></span> 
     </span>
    </p>
   </div>
   <div class='ocr_carea' id='block_1_63' title="bbox 2439 1056 4011 1126">
    <p class='ocr_par' dir='ltr' id='par_1_63' title="bbox 2439 1056 4011 1126">
     <span class='ocr_line' id='line_1_63' title="bbox 2439 1056 4011 1126; baseline -0.001 -18"><span class='ocrx_word' id='word_1_393' title='bbox 2439 1056 2758 1122; x_wconf 81' lang='lat' dir='ltr'><strong>recipiendis</strong></span> <span class='ocrx_word' id='word_1_394' title='bbox 2784 1056 2941 1109; x_wconf 83' lang='lat' dir='ltr'><strong>rebus</strong></span> <span class='ocrx_word' id='word_1_395' title='bbox 2984 1058 3215 1116; x_wconf 77' lang='lat' dir='ltr'><strong>amissis.</strong></span> <span class='ocrx_word' id='word_1_396' title='bbox 3247 1074 3369 1110; x_wconf 90' lang='lat' dir='ltr'><strong>cuin</strong></span> <span class='ocrx_word' id='word_1_397' title='bbox 3414 1068 3630 1126; x_wconf 87' lang='lat' dir='ltr'><strong>propter</strong></span> <span class='ocrx_word' id='word_1_398' title='bbox 3672 1059 3752 1110; x_wconf 89' lang='lat' dir='ltr'><strong>sui</strong></span> <span class='ocrx_word' id='word_1_399' title='bbox 3801 1058 4011 1121; x_wconf 75' lang='lat' dir='ltr'><strong>merita,</strong></span> 
     </span>
    </p>
   </div>
   <div class='ocr_carea' id='block_1_64' title="bbox 2440 1148 4014 1216">
    <p class='ocr_par' dir='ltr' id='par_1_64' title="bbox 2440 1148 4014 1216">
     <span class='ocr_line' id='line_1_64' title="bbox 2440 1148 4014 1216; baseline 0.002 -20"><span class='ocrx_word' id='word_1_400' title='bbox 2440 1154 2549 1197; x_wconf 89' lang='lat' dir='ltr'><strong>tum</strong></span> <span class='ocrx_word' id='word_1_401' title='bbox 2581 1156 2800 1214; x_wconf 89' lang='lat' dir='ltr'><strong>propter</strong></span> <span class='ocrx_word' id='word_1_402' title='bbox 2833 1156 3012 1199; x_wconf 86' lang='lat' dir='ltr'><strong>nostra</strong></span> <span class='ocrx_word' id='word_1_403' title='bbox 3045 1149 3086 1200; x_wconf 91' lang='lat' dir='ltr'><strong>si</strong></span> <span class='ocrx_word' id='word_1_404' title='bbox 3114 1164 3215 1214; x_wconf 87' lang='lat' dir='ltr'><strong>qua</strong></span> <span class='ocrx_word' id='word_1_405' title='bbox 3256 1148 3539 1216; x_wconf 86' lang='lat' dir='ltr'><strong>placebunt</strong></span> <span class='ocrx_word' id='word_1_406' title='bbox 3569 1148 3870 1202; x_wconf 79' lang='lat' dir='ltr'><strong>exhibenda</strong></span> <span class='ocrx_word' id='word_1_407' title='bbox 3904 1164 4014 1200; x_wconf 84' lang='lat' dir='ltr'><strong>ser-</strong></span> 
     </span>
    </p>
   </div>
   <div class='ocr_carea' id='block_1_65' title="bbox 2438 1234 4011 1305">
    <p class='ocr_par' dir='ltr' id='par_1_65' title="bbox 2438 1234 4011 1305">
     <span class='ocr_line' id='line_1_65' title="bbox 2438 1234 4011 1305; baseline 0.001 -20"><span class='ocrx_word' id='word_1_408' title='bbox 2438 1234 2588 1287; x_wconf 85' lang='lat' dir='ltr'><strong>vitia.</strong></span> <span class='ocrx_word' id='word_1_409' title='bbox 2624 1234 2935 1289; x_wconf 87' lang='lat' dir='ltr'><strong>Sentiamus</strong></span> <span class='ocrx_word' id='word_1_410' title='bbox 2958 1247 3008 1288; x_wconf 90' lang='lat' dir='ltr'><strong>ct</strong></span> <span class='ocrx_word' id='word_1_411' title='bbox 3038 1252 3133 1290; x_wconf 90' lang='lat' dir='ltr'><strong>nos</strong></span> <span class='ocrx_word' id='word_1_412' title='bbox 3161 1238 3387 1305; x_wconf 79' lang='lat' dir='ltr'><strong>gratiam</strong></span> <span class='ocrx_word' id='word_1_413' title='bbox 3414 1236 3525 1303; x_wconf 90' lang='lat' dir='ltr'><strong>jam</strong></span> <span class='ocrx_word' id='word_1_414' title='bbox 3554 1237 3689 1291; x_wconf 85' lang='lat' dir='ltr'><strong>bene</strong></span> <span class='ocrx_word' id='word_1_415' title='bbox 3716 1236 4011 1300; x_wconf 81' lang='lat' dir='ltr'><strong>fundatam,</strong></span> 
     </span>
    </p>
   </div>
   <div class='ocr_carea' id='block_1_66' title="bbox 2439 1323 4017 1393">
    <p class='ocr_par' dir='ltr' id='par_1_66' title="bbox 2439 1323 4017 1393">
     <span class='ocr_line' id='line_1_66' title="bbox 2439 1323 4017 1393; baseline 0.001 -17"><span class='ocrx_word' id='word_1_416' title='bbox 2439 1323 2641 1376; x_wconf 82' lang='lat' dir='ltr'><strong>si-ilicet</strong></span> <span class='ocrx_word' id='word_1_417' title='bbox 2674 1332 2727 1374; x_wconf 92' lang='lat' dir='ltr'><strong>ut</strong></span> <span class='ocrx_word' id='word_1_418' title='bbox 2761 1324 2953 1393; x_wconf 84' lang='lat' dir='ltr'><strong>legato,</strong></span> <span class='ocrx_word' id='word_1_419' title='bbox 2984 1333 3035 1376; x_wconf 91' lang='lat' dir='ltr'><strong>et</strong></span> <span class='ocrx_word' id='word_1_420' title='bbox 3059 1324 3245 1377; x_wconf 85' lang='lat' dir='ltr'><strong>melius</strong></span> <span class='ocrx_word' id='word_1_421' title='bbox 3271 1324 3509 1393; x_wconf 86' lang='lat' dir='ltr'><strong>scriptis,</strong></span> <span class='ocrx_word' id='word_1_422' title='bbox 3542 1325 3606 1378; x_wconf 87' lang='lat' dir='ltr'><strong>de</strong></span> <span class='ocrx_word' id='word_1_423' title='bbox 3636 1338 3765 1393; x_wconf 67' lang='lat' dir='ltr'><strong>pa.e</strong></span> <span class='ocrx_word' id='word_1_424' title='bbox 3790 1336 3843 1377; x_wconf 82' lang='lat' dir='ltr'><strong>ei</strong></span> <span class='ocrx_word' id='word_1_425' title='bbox 3869 1326 4017 1391; x_wconf 83' lang='lat' dir='ltr'><strong>pacis</strong></span> 
     </span>
    </p>
   </div>
   <div class='ocr_carea' id='block_1_67' title="bbox 2440 1410 4018 1482">
    <p class='ocr_par' dir='ltr' id='par_1_67' title="bbox 2440 1410 4018 1482">
     <span class='ocr_line' id='line_1_67' title="bbox 2440 1410 4018 1482; baseline -0.001 -18"><span class='ocrx_word' id='word_1_426' title='bbox 2440 1410 2749 1464; x_wconf 87' lang='lat' dir='ltr'><strong>conditione</strong></span> <span class='ocrx_word' id='word_1_427' title='bbox 2781 1427 2900 1465; x_wconf 91' lang='lat' dir='ltr'><strong>cum</strong></span> <span class='ocrx_word' id='word_1_428' title='bbox 2931 1421 3114 1465; x_wconf 87' lang='lat' dir='ltr'><strong>nostro</strong></span> <span class='ocrx_word' id='word_1_429' title='bbox 3148 1428 3274 1482; x_wconf 83' lang='lat' dir='ltr'><strong>rege</strong></span> <span class='ocrx_word' id='word_1_430' title='bbox 3312 1413 3556 1467; x_wconf 78' lang='lat' dir='ltr'><strong>habenula</strong></span> <span class='ocrx_word' id='word_1_431' title='bbox 3605 1412 3897 1482; x_wconf 81' lang='lat' dir='ltr'><strong>dignemini</strong></span> <span class='ocrx_word' id='word_1_432' title='bbox 3947 1414 4018 1465; x_wconf 88' lang='lat' dir='ltr'><strong>si-</strong></span> 
     </span>
    </p>
   </div>
   <div class='ocr_carea' id='block_1_68' title="bbox 2440 1502 4021 1574">
    <p class='ocr_par' dir='ltr' id='par_1_68' title="bbox 2440 1502 4021 1574">
     <span class='ocr_line' id='line_1_68' title="bbox 2440 1502 4021 1574; baseline -0.001 -18"><span class='ocrx_word' id='word_1_433' title='bbox 2440 1504 2697 1574; x_wconf 84' lang='lat' dir='ltr'><strong>gnificare</strong></span> <span class='ocrx_word' id='word_1_434' title='bbox 2735 1505 2909 1567; x_wconf 76' lang='lat' dir='ltr'><strong>nobis,</strong></span> <span class='ocrx_word' id='word_1_435' title='bbox 2944 1520 3037 1573; x_wconf 90' lang='lat' dir='ltr'><strong>per</strong></span> <span class='ocrx_word' id='word_1_436' title='bbox 3069 1506 3247 1557; x_wconf 89' lang='lat' dir='ltr'><strong>omnia</strong></span> <span class='ocrx_word' id='word_1_437' title='bbox 3280 1506 3504 1574; x_wconf 83' lang='lat' dir='ltr'><strong>paratis.</strong></span> <span class='ocrx_word' id='word_1_438' title='bbox 3537 1513 3795 1573; x_wconf 86' lang='lat' dir='ltr'><strong>quantum</strong></span> <span class='ocrx_word' id='word_1_439' title='bbox 3830 1502 3910 1556; x_wconf 86' lang='lat' dir='ltr'><strong>fas</strong></span> <span class='ocrx_word' id='word_1_440' title='bbox 3936 1512 4021 1555; x_wconf 73' lang='lat' dir='ltr'><strong>est</strong></span> 
     </span>
    </p>
   </div>
   <div class='ocr_carea' id='block_1_69' title="bbox 2442 1593 4020 1663">
    <p class='ocr_par' dir='ltr' id='par_1_69' title="bbox 2442 1593 4020 1663">
     <span class='ocr_line' id='line_1_69' title="bbox 2442 1593 4020 1663; baseline -0.002 -16"><span class='ocrx_word' id='word_1_441' title='bbox 2442 1594 2599 1648; x_wconf 80' lang='lat' dir='ltr'><strong>fidem</strong></span> <span class='ocrx_word' id='word_1_442' title='bbox 2633 1596 3050 1648; x_wconf 82' lang='lat' dir='ltr'><strong>sincerissimam</strong></span> <span class='ocrx_word' id='word_1_443' title='bbox 3080 1596 3357 1649; x_wconf 77' lang='lat' dir='ltr'><strong>exhibere.</strong></span> <span class='ocrx_word' id='word_1_444' title='bbox 3401 1595 3598 1663; x_wconf 86' lang='lat' dir='ltr'><strong>Sicque</strong></span> <span class='ocrx_word' id='word_1_445' title='bbox 3638 1593 3793 1647; x_wconf 88' lang='lat' dir='ltr'><strong>saluti</strong></span> <span class='ocrx_word' id='word_1_446' title='bbox 3829 1602 4020 1647; x_wconf 74' lang='lat' dir='ltr'><strong>vestrm</strong></span> 
     </span>
    </p>
   </div>
   <div class='ocr_carea' id='block_1_70' title="bbox 2443 1687 4018 1757">
    <p class='ocr_par' dir='ltr' id='par_1_70' title="bbox 2443 1687 4018 1757">
     <span class='ocr_line' id='line_1_70' title="bbox 2443 1687 4018 1757; baseline 0 -20"><span class='ocrx_word' id='word_1_447' title='bbox 2443 1700 2505 1737; x_wconf 90' lang='lat' dir='ltr'><strong>ac</strong></span> <span class='ocrx_word' id='word_1_448' title='bbox 2559 1694 2754 1740; x_wconf 75' lang='lat' dir='ltr'><strong>nostra:</strong></span> <span class='ocrx_word' id='word_1_449' title='bbox 2820 1688 2870 1738; x_wconf 93' lang='lat' dir='ltr'><strong>in</strong></span> <span class='ocrx_word' id='word_1_450' title='bbox 2934 1701 3216 1740; x_wconf 86' lang='lat' dir='ltr'><strong>commune</strong></span> <span class='ocrx_word' id='word_1_451' title='bbox 3286 1687 3476 1741; x_wconf 85' lang='lat' dir='ltr'><strong>melius</strong></span> <span class='ocrx_word' id='word_1_452' title='bbox 3540 1687 3833 1757; x_wconf 88' lang='lat' dir='ltr'><strong>poterimus</strong></span> <span class='ocrx_word' id='word_1_453' title='bbox 3886 1699 4018 1739; x_wconf 83' lang='lat' dir='ltr'><strong>coa-</strong></span> 
     </span>
    </p>
   </div>
   <div class='ocr_carea' id='block_1_71' title="bbox 2444 1776 2633 1831">
    <p class='ocr_par' dir='ltr' id='par_1_71' title="bbox 2444 1776 2633 1831">
     <span class='ocr_line' id='line_1_71' title="bbox 2444 1776 2633 1831; baseline 0.021 -4"><span class='ocrx_word' id='word_1_454' title='bbox 2444 1776 2633 1831; x_wconf 81' lang='lat' dir='ltr'><strong>sulcre.</strong></span> 
     </span>
    </p>
   </div>
   <div class='ocr_carea' id='block_1_72' title="bbox 2970 1867 3495 1920">
    <p class='ocr_par' dir='ltr' id='par_1_72' title="bbox 2970 1867 3495 1920">
     <span class='ocr_line' id='line_1_72' title="bbox 2970 1867 3495 1920; baseline 0 -1"><span class='ocrx_word' id='word_1_455' title='bbox 2970 1867 3300 1920; x_wconf 77' lang='lat' dir='ltr'><strong>EPISTOLA</strong></span> <span class='ocrx_word' id='word_1_456' title='bbox 3333 1867 3495 1920; x_wconf 71' lang='lat' dir='ltr'>XXII.</span> 
     </span>
    </p>
   </div>
   <div class='ocr_carea' id='block_1_73' title="bbox 2706 1968 3760 2010">
    <p class='ocr_par' dir='ltr' id='par_1_73' title="bbox 2706 1968 3760 2010">
     <span class='ocr_line' id='line_1_73' title="bbox 2706 1968 3760 2010; baseline 0.004 -6"><span class='ocrx_word' id='word_1_457' title='bbox 2706 1969 2771 2004; x_wconf 77' lang='lat' dir='ltr'><strong>AD</strong></span> <span class='ocrx_word' id='word_1_458' title='bbox 2807 1968 3041 2007; x_wconf 71' lang='lat' dir='ltr'><strong>MMULUM</strong></span> <span class='ocrx_word' id='word_1_459' title='bbox 3072 1970 3316 2009; x_wconf 70' lang='lat' dir='ltr'><strong>ABBATEM</strong></span> <span class='ocrx_word' id='word_1_460' title='bbox 3344 1970 3760 2010; x_wconf 64' lang='grc' dir='ltr'><strong>ειυκιλεεκεειι.</strong></span> 
     </span>
    </p>
   </div>
   <div class='ocr_carea' id='block_1_74' title="bbox 2517 2048 4023 2118">
    <p class='ocr_par' dir='ltr' id='par_1_74' title="bbox 2517 2048 4023 2118">
     <span class='ocr_line' id='line_1_74' title="bbox 2517 2048 4023 2118; baseline 0.003 -19"><span class='ocrx_word' id='word_1_461' title='bbox 2517 2048 2780 2101; x_wconf 70' lang='lat' dir='ltr'><strong>Pireclai-a</strong></span> <span class='ocrx_word' id='word_1_462' title='bbox 2807 2048 3018 2113; x_wconf 82' lang='lat' dir='ltr'><strong>quidem</strong></span> <span class='ocrx_word' id='word_1_463' title='bbox 3043 2049 3347 2103; x_wconf 79' lang='lat' dir='ltr'><strong>exhortatio</strong></span> <span class='ocrx_word' id='word_1_464' title='bbox 3369 2059 3549 2103; x_wconf 90' lang='lat' dir='ltr'><strong>vestra</strong></span> <span class='ocrx_word' id='word_1_465' title='bbox 3579 2050 3628 2103; x_wconf 93' lang='lat' dir='ltr'><strong>in</strong></span> <span class='ocrx_word' id='word_1_466' title='bbox 3656 2066 4023 2118; x_wconf 81' lang='lat' dir='ltr'><strong>pervasarem.</strong></span> 
     </span>
    </p>
   </div>
   <div class='ocr_carea' id='block_1_75' title="bbox 2448 2139 4026 2210">
    <p class='ocr_par' dir='ltr' id='par_1_75' title="bbox 2448 2139 4026 2210">
     <span class='ocr_line' id='line_1_75' title="bbox 2448 2139 4026 2210; baseline 0 -18"><span class='ocrx_word' id='word_1_467' title='bbox 2448 2139 2551 2193; x_wconf 85' lang='lat' dir='ltr'><strong>Sed</strong></span> <span class='ocrx_word' id='word_1_468' title='bbox 2599 2155 2718 2193; x_wconf 89' lang='lat' dir='ltr'><strong>eum</strong></span> <span class='ocrx_word' id='word_1_469' title='bbox 2772 2139 3030 2207; x_wconf 81' lang='lat' dir='ltr'><strong>scriptum</strong></span> <span class='ocrx_word' id='word_1_470' title='bbox 3085 2140 3155 2193; x_wconf 89' lang='lat' dir='ltr'><strong>sit</strong></span> <span class='ocrx_word' id='word_1_471' title='bbox 3198 2158 3210 2193; x_wconf 90' lang='lat'><strong>:</strong></span> <span class='ocrx_word' id='word_1_472' title='bbox 3265 2139 3395 2205; x_wconf 69' lang='lat' dir='ltr'><strong>Qum</strong></span> <span class='ocrx_word' id='word_1_473' title='bbox 3424 2140 3749 2210; x_wconf 73' lang='lat' dir='ltr'><strong>rmpitlesus</strong></span> <span class='ocrx_word' id='word_1_474' title='bbox 3778 2142 3944 2209; x_wconf 80' lang='lat' dir='ltr'><strong>facere</strong></span> <span class='ocrx_word' id='word_1_475' title='bbox 3980 2150 4026 2195; x_wconf 79' lang='lat' dir='ltr'><strong>et</strong></span> 
     </span>
    </p>
   </div>
   <div class='ocr_carea' id='block_1_76' title="bbox 2446 2232 4030 2300">
    <p class='ocr_par' dir='ltr' id='par_1_76' title="bbox 2446 2232 4030 2300">
     <span class='ocr_line' id='line_1_76' title="bbox 2446 2232 4030 2300; baseline 0.001 -16"><span class='ocrx_word' id='word_1_476' title='bbox 2446 2232 2661 2289; x_wconf 81' lang='lat' dir='ltr'><strong>docere.</strong></span> <span class='ocrx_word' id='word_1_477' title='bbox 2716 2248 2813 2284; x_wconf 90' lang='lat' dir='ltr'><strong>eiir</strong></span> <span class='ocrx_word' id='word_1_478' title='bbox 2855 2233 3065 2285; x_wconf 88' lang='lat' dir='ltr'><strong>diversa</strong></span> <span class='ocrx_word' id='word_1_479' title='bbox 3106 2233 3329 2300; x_wconf 86' lang='lat' dir='ltr'><strong>imperia</strong></span> <span class='ocrx_word' id='word_1_480' title='bbox 3359 2274 3372 2296; x_wconf 97' lang='lat'><strong>,</strong></span> <span class='ocrx_word' id='word_1_481' title='bbox 3408 2232 3620 2287; x_wconf 87' lang='lat' dir='ltr'><strong>diversa</strong></span> <span class='ocrx_word' id='word_1_482' title='bbox 3663 2233 3783 2287; x_wconf 77' lang='lat' dir='ltr'><strong>eceli</strong></span> <span class='ocrx_word' id='word_1_483' title='bbox 3816 2234 4030 2286; x_wconf 87' lang='lat' dir='ltr'><strong>climata</strong></span> 
     </span>
    </p>
   </div>
   <div class='ocr_carea' id='block_1_77' title="bbox 2449 2322 4030 2391">
    <p class='ocr_par' dir='ltr' id='par_1_77' title="bbox 2449 2322 4030 2391">
     <span class='ocr_line' id='line_1_77' title="bbox 2449 2322 4030 2391; baseline -0.001 -18"><span class='ocrx_word' id='word_1_484' title='bbox 2449 2322 2797 2391; x_wconf 74' lang='lat' dir='ltr'><strong>praetenditis,</strong></span> <span class='ocrx_word' id='word_1_485' title='bbox 2838 2333 2893 2373; x_wconf 91' lang='lat' dir='ltr'><strong>ut</strong></span> <span class='ocrx_word' id='word_1_486' title='bbox 2926 2322 2994 2382; x_wconf 91' lang='lat' dir='ltr'><strong>ei,</strong></span> <span class='ocrx_word' id='word_1_487' title='bbox 3039 2337 3195 2390; x_wconf 88' lang='lat' dir='ltr'><strong>quem</strong></span> <span class='ocrx_word' id='word_1_488' title='bbox 3243 2338 3391 2377; x_wconf 90' lang='lat' dir='ltr'><strong>reum</strong></span> <span class='ocrx_word' id='word_1_489' title='bbox 3440 2323 3731 2386; x_wconf 86' lang='lat' dir='ltr'><strong>statuis:is,</strong></span> <span class='ocrx_word' id='word_1_490' title='bbox 3775 2322 3892 2375; x_wconf 88' lang='lat' dir='ltr'><strong>aliis</strong></span> <span class='ocrx_word' id='word_1_491' title='bbox 3926 2338 4030 2373; x_wconf 85' lang='lat' dir='ltr'><strong>non</strong></span> 
     </span>
    </p>
   </div>
   <div class='ocr_carea' id='block_1_78' title="bbox 2449 2409 4031 2465">
    <p class='ocr_par' dir='ltr' id='par_1_78' title="bbox 2449 2409 4031 2465">
     <span class='ocr_line' id='line_1_78' title="bbox 2449 2409 4031 2465; baseline -0.001 -3"><span class='ocrx_word' id='word_1_492' title='bbox 2449 2410 2971 2463; x_wconf 68' lang='lat' dir='ltr'><strong>communicaniilius</strong></span> <span class='ocrx_word' id='word_1_493' title='bbox 3014 2411 3453 2464; x_wconf 83' lang='lat' dir='ltr'><strong>cominiinicctis?</strong></span> <span class='ocrx_word' id='word_1_494' title='bbox 3478 2410 3811 2465; x_wconf 79' lang='lat' dir='ltr'><strong>Restiterunt</strong></span> <span class='ocrx_word' id='word_1_495' title='bbox 3855 2409 4031 2462; x_wconf 87' lang='lat' dir='ltr'><strong>sancti</strong></span> 
     </span>
    </p>
   </div>
   <div class='ocr_carea' id='block_1_79' title="bbox 2449 2496 4033 2567">
    <p class='ocr_par' dir='ltr' id='par_1_79' title="bbox 2449 2496 4033 2567">
     <span class='ocr_line' id='line_1_79' title="bbox 2449 2496 4033 2567; baseline 0.001 -17"><span class='ocrx_word' id='word_1_496' title='bbox 2449 2496 2640 2552; x_wconf 84' lang='lat' dir='ltr'><strong>Patres</strong></span> <span class='ocrx_word' id='word_1_497' title='bbox 2671 2499 2985 2563; x_wconf 72' lang='lat' dir='ltr'><strong>hmrcsibus,</strong></span> <span class='ocrx_word' id='word_1_498' title='bbox 3031 2514 3127 2553; x_wconf 90' lang='lat' dir='ltr'><strong>nec</strong></span> <span class='ocrx_word' id='word_1_499' title='bbox 3174 2509 3497 2566; x_wconf 88' lang='lat' dir='ltr'><strong>putaverunt</strong></span> <span class='ocrx_word' id='word_1_500' title='bbox 3539 2501 3604 2553; x_wconf 91' lang='lat' dir='ltr'><strong>ad</strong></span> <span class='ocrx_word' id='word_1_501' title='bbox 3649 2515 3707 2553; x_wconf 91' lang='lat' dir='ltr'><strong>se</strong></span> <span class='ocrx_word' id='word_1_502' title='bbox 3748 2514 3849 2553; x_wconf 92' lang='lat' dir='ltr'><strong>non</strong></span> <span class='ocrx_word' id='word_1_503' title='bbox 3879 2499 4033 2567; x_wconf 87' lang='lat' dir='ltr'><strong>perti-</strong></span> 
     </span>
    </p>
   </div>
   <div class='ocr_carea' id='block_1_80' title="bbox 2455 2587 4038 2657">
    <p class='ocr_par' dir='ltr' id='par_1_80' title="bbox 2455 2587 4038 2657">
     <span class='ocr_line' id='line_1_80' title="bbox 2455 2587 4038 2657; baseline -0.001 -16"><span class='ocrx_word' id='word_1_504' title='bbox 2455 2604 2582 2643; x_wconf 89' lang='lat' dir='ltr'><strong>nere</strong></span> <span class='ocrx_word' id='word_1_505' title='bbox 2612 2589 2872 2657; x_wconf 89' lang='lat' dir='ltr'><strong>quidquid</strong></span> <span class='ocrx_word' id='word_1_506' title='bbox 2903 2589 3098 2643; x_wconf 91' lang='lat' dir='ltr'><strong>alicubi</strong></span> <span class='ocrx_word' id='word_1_507' title='bbox 3142 2587 3279 2642; x_wconf 90' lang='lat' dir='ltr'><strong>male</strong></span> <span class='ocrx_word' id='word_1_508' title='bbox 3308 2598 3516 2656; x_wconf 77' lang='lat' dir='ltr'><strong>gestum</strong></span> <span class='ocrx_word' id='word_1_509' title='bbox 3544 2589 3782 2642; x_wconf 85' lang='lat' dir='ltr'><strong>audiere.</strong></span> <span class='ocrx_word' id='word_1_510' title='bbox 3815 2587 3929 2642; x_wconf 81' lang='lat' dir='ltr'><strong>Una</strong></span> <span class='ocrx_word' id='word_1_511' title='bbox 3954 2594 4038 2640; x_wconf 82' lang='lat' dir='ltr'><strong>est</strong></span> 
     </span>
    </p>
   </div>
   <div class='ocr_carea' id='block_1_81' title="bbox 2452 2671 4035 2746">
    <p class='ocr_par' dir='ltr' id='par_1_81' title="bbox 2452 2671 4035 2746">
     <span class='ocr_line' id='line_1_81' title="bbox 2452 2671 4035 2746; baseline -0.002 -18"><span class='ocrx_word' id='word_1_512' title='bbox 2452 2678 2649 2746; x_wconf 90' lang='lat' dir='ltr'><strong>quippe</strong></span> <span class='ocrx_word' id='word_1_513' title='bbox 2677 2678 2915 2732; x_wconf 86' lang='lat' dir='ltr'><strong>Ecclesia</strong></span> <span class='ocrx_word' id='word_1_514' title='bbox 2951 2677 3216 2731; x_wconf 85' lang='lat' dir='ltr'><strong>catholica</strong></span> <span class='ocrx_word' id='word_1_515' title='bbox 3248 2685 3358 2730; x_wconf 92' lang='lat' dir='ltr'><strong>toto</strong></span> <span class='ocrx_word' id='word_1_516' title='bbox 3386 2686 3649 2730; x_wconf 89' lang='lat' dir='ltr'><strong>terrarum</strong></span> <span class='ocrx_word' id='word_1_517' title='bbox 3672 2676 3802 2729; x_wconf 89' lang='lat' dir='ltr'><strong>orbe</strong></span> <span class='ocrx_word' id='word_1_518' title='bbox 3824 2671 4035 2727; x_wconf 74' lang='lat' dir='ltr'><strong>diffusa.</strong></span> 
     </span>
    </p>
   </div>
   <div class='ocr_carea' id='block_1_82' title="bbox 2456 2764 4037 2837">
    <p class='ocr_par' dir='ltr' id='par_1_82' title="bbox 2456 2764 4037 2837">
     <span class='ocr_line' id='line_1_82' title="bbox 2456 2764 4037 2837; baseline -0.003 -15"><span class='ocrx_word' id='word_1_519' title='bbox 2456 2769 2629 2822; x_wconf 80' lang='lat' dir='ltr'><strong>Verba</strong></span> <span class='ocrx_word' id='word_1_520' title='bbox 2661 2778 2839 2823; x_wconf 90' lang='lat' dir='ltr'><strong>vestra</strong></span> <span class='ocrx_word' id='word_1_521' title='bbox 2870 2779 3019 2831; x_wconf 88' lang='lat' dir='ltr'><strong>sunt,</strong></span> <span class='ocrx_word' id='word_1_522' title='bbox 3057 2769 3165 2821; x_wconf 89' lang='lat' dir='ltr'><strong>iino</strong></span> <span class='ocrx_word' id='word_1_523' title='bbox 3204 2783 3297 2837; x_wconf 89' lang='lat' dir='ltr'><strong>per</strong></span> <span class='ocrx_word' id='word_1_524' title='bbox 3325 2784 3418 2821; x_wconf 90' lang='lat' dir='ltr'><strong>vos</strong></span> <span class='ocrx_word' id='word_1_525' title='bbox 3448 2770 3617 2822; x_wconf 82' lang='lat' dir='ltr'><strong>sancti</strong></span> <span class='ocrx_word' id='word_1_526' title='bbox 3645 2767 3896 2837; x_wconf 73' lang='lat' dir='ltr'><strong>Spiritus.</strong></span> <span class='ocrx_word' id='word_1_527' title='bbox 3930 2764 4037 2819; x_wconf 81' lang='lat' dir='ltr'><strong>Nec</strong></span> 
     </span>
    </p>
   </div>
   <div class='ocr_carea' id='block_1_83' title="bbox 2455 2858 4038 2922">
    <p class='ocr_par' dir='ltr' id='par_1_83' title="bbox 2455 2858 4038 2922">
     <span class='ocr_line' id='line_1_83' title="bbox 2455 2858 4038 2922; baseline -0.003 -9"><span class='ocrx_word' id='word_1_528' title='bbox 2455 2860 2557 2913; x_wconf 81' lang='lat' dir='ltr'><strong>erit</strong></span> <span class='ocrx_word' id='word_1_529' title='bbox 2588 2858 2786 2913; x_wconf 87' lang='lat' dir='ltr'><strong>Christi</strong></span> <span class='ocrx_word' id='word_1_530' title='bbox 2824 2859 3030 2922; x_wconf 85' lang='lat' dir='ltr'><strong>fidelis,</strong></span> <span class='ocrx_word' id='word_1_531' title='bbox 3070 2860 3154 2914; x_wconf 90' lang='lat' dir='ltr'><strong>cui</strong></span> <span class='ocrx_word' id='word_1_532' title='bbox 3205 2860 3319 2913; x_wconf 74' lang='lat' dir='ltr'><strong>hiee</strong></span> <span class='ocrx_word' id='word_1_533' title='bbox 3354 2860 3636 2912; x_wconf 85' lang='lat' dir='ltr'><strong>ambitiosa</strong></span> <span class='ocrx_word' id='word_1_534' title='bbox 3678 2858 3901 2912; x_wconf 85' lang='lat' dir='ltr'><strong>audacia</strong></span> <span class='ocrx_word' id='word_1_535' title='bbox 3934 2872 4038 2909; x_wconf 90' lang='lat' dir='ltr'><strong>non</strong></span> 
     </span>
    </p>
   </div>
   <div class='ocr_carea' id='block_1_84' title="bbox 2459 2949 4045 3018">
    <p class='ocr_par' dir='ltr' id='par_1_84' title="bbox 2459 2949 4045 3018">
     <span class='ocr_line' id='line_1_84' title="bbox 2459 2949 4045 3018; baseline -0.003 -15"><span class='ocrx_word' id='word_1_536' title='bbox 2459 2949 2548 3003; x_wconf 81' lang='lat' dir='ltr'><strong>fiet</strong></span> <span class='ocrx_word' id='word_1_537' title='bbox 2588 2950 2936 3005; x_wconf 87' lang='lat' dir='ltr'><strong>detestabilis.</strong></span> <span class='ocrx_word' id='word_1_538' title='bbox 2987 2950 3338 3004; x_wconf 84' lang='lat' dir='ltr'><strong>Detestamini</strong></span> <span class='ocrx_word' id='word_1_539' title='bbox 3371 2966 3498 3017; x_wconf 73' lang='lat' dir='ltr'><strong>ergo</strong></span> <span class='ocrx_word' id='word_1_540' title='bbox 3532 2963 3899 3018; x_wconf 87' lang='lat' dir='ltr'><strong>pervasarem,</strong></span> <span class='ocrx_word' id='word_1_541' title='bbox 3929 2962 4045 3001; x_wconf 77' lang='lat' dir='ltr'><strong>sen-</strong></span> 
     </span>
    </p>
   </div>
   <div class='ocr_carea' id='block_1_85' title="bbox 2459 3039 4044 3101">
    <p class='ocr_par' dir='ltr' id='par_1_85' title="bbox 2459 3039 4044 3101">
     <span class='ocr_line' id='line_1_85' title="bbox 2459 3039 4044 3101; baseline 0 -10"><span class='ocrx_word' id='word_1_542' title='bbox 2459 3041 2553 3093; x_wconf 86' lang='lat' dir='ltr'><strong>tiat</strong></span> <span class='ocrx_word' id='word_1_543' title='bbox 2583 3054 2676 3092; x_wconf 87' lang='lat' dir='ltr'><strong>vos</strong></span> <span class='ocrx_word' id='word_1_544' title='bbox 2719 3039 2820 3093; x_wconf 90' lang='lat' dir='ltr'><strong>sibi</strong></span> <span class='ocrx_word' id='word_1_545' title='bbox 2866 3054 2968 3092; x_wconf 89' lang='lat' dir='ltr'><strong>non</strong></span> <span class='ocrx_word' id='word_1_546' title='bbox 2996 3040 3198 3101; x_wconf 70' lang='lat' dir='ltr'><strong>favere,</strong></span> <span class='ocrx_word' id='word_1_547' title='bbox 3240 3056 3345 3094; x_wconf 91' lang='lat' dir='ltr'><strong>non</strong></span> <span class='ocrx_word' id='word_1_548' title='bbox 3382 3040 3481 3093; x_wconf 82' lang='lat' dir='ltr'><strong>sibi</strong></span> <span class='ocrx_word' id='word_1_549' title='bbox 3523 3040 3950 3100; x_wconf 88' lang='lat' dir='ltr'><strong>communicare,</strong></span> <span class='ocrx_word' id='word_1_550' title='bbox 3980 3052 4044 3091; x_wconf 88' lang='lat' dir='ltr'><strong>ac</strong></span> 
     </span>
    </p>
   </div>
   <div class='ocr_carea' id='block_1_86' title="bbox 2460 3127 4042 3199">
    <p class='ocr_par' dir='ltr' id='par_1_86' title="bbox 2460 3127 4042 3199">
     <span class='ocr_line' id='line_1_86' title="bbox 2460 3127 4042 3199; baseline -0.002 -17"><span class='ocrx_word' id='word_1_551' title='bbox 2460 3146 2556 3199; x_wconf 75' lang='lat' dir='ltr'><strong>par</strong></span> <span class='ocrx_word' id='word_1_552' title='bbox 2586 3145 2678 3183; x_wconf 80' lang='lat' dir='ltr'><strong>vos</strong></span> <span class='ocrx_word' id='word_1_553' title='bbox 2709 3146 2812 3181; x_wconf 92' lang='lat' dir='ltr'><strong>non</strong></span> <span class='ocrx_word' id='word_1_554' title='bbox 2844 3130 3014 3182; x_wconf 91' lang='lat' dir='ltr'><strong>solum</strong></span> <span class='ocrx_word' id='word_1_555' title='bbox 3042 3145 3283 3197; x_wconf 88' lang='lat' dir='ltr'><strong>quosque</strong></span> <span class='ocrx_word' id='word_1_556' title='bbox 3306 3130 3586 3198; x_wconf 77' lang='lat' dir='ltr'><strong>religiosos</strong></span> <span class='ocrx_word' id='word_1_557' title='bbox 3623 3130 3787 3182; x_wconf 85' lang='lat' dir='ltr'><strong>vestri</strong></span> <span class='ocrx_word' id='word_1_558' title='bbox 3816 3127 4042 3195; x_wconf 76' lang='lat' dir='ltr'><strong>ordinis,</strong></span> 
     </span>
    </p>
   </div>
   <div class='ocr_carea' id='block_1_87' title="bbox 2382 3197 4047 3299">
    <p class='ocr_par' dir='ltr' id='par_1_87' title="bbox 2382 3197 4047 3299">
     <span class='ocr_line' id='line_1_87' title="bbox 2382 3197 4047 3299; baseline 0 -28"><span class='ocrx_word' id='word_1_559' title='bbox 2382 3197 2425 3254; x_wconf 60' lang='grc' dir='ltr'><strong>(ἶ</strong></span> <span class='ocrx_word' id='word_1_560' title='bbox 2461 3197 2551 3272; x_wconf 73' lang='lat' dir='ltr'><strong>sed</strong></span> <span class='ocrx_word' id='word_1_561' title='bbox 2585 3222 2745 3273; x_wconf 86' lang='lat' dir='ltr'><strong>etiam</strong></span> <span class='ocrx_word' id='word_1_562' title='bbox 2780 3222 2821 3273; x_wconf 91' lang='lat' dir='ltr'><strong>si</strong></span> <span class='ocrx_word' id='word_1_563' title='bbox 2859 3220 2971 3299; x_wconf 70' lang='lat' dir='ltr'><strong>fieri</strong></span> <span class='ocrx_word' id='word_1_564' title='bbox 3003 3230 3176 3289; x_wconf 89' lang='lat' dir='ltr'><strong>potest</strong></span> <span class='ocrx_word' id='word_1_565' title='bbox 3216 3197 3447 3275; x_wconf 78' lang='lat' dir='ltr'><strong>Romani</strong></span> <span class='ocrx_word' id='word_1_566' title='bbox 3493 3220 3764 3289; x_wconf 83' lang='lat' dir='ltr'><strong>pontificis</strong></span> <span class='ocrx_word' id='word_1_567' title='bbox 3796 3235 3852 3273; x_wconf 87' lang='lat' dir='ltr'><strong>se</strong></span> <span class='ocrx_word' id='word_1_568' title='bbox 3882 3217 4047 3273; x_wconf 87' lang='lat' dir='ltr'><strong>male-</strong></span> 
     </span>
    </p>
   </div>
   <div class='ocr_carea' id='block_1_88' title="bbox 2464 3310 4047 3383">
    <p class='ocr_par' dir='ltr' id='par_1_88' title="bbox 2464 3310 4047 3383">
     <span class='ocr_line' id='line_1_88' title="bbox 2464 3310 4047 3383; baseline -0.003 -17"><span class='ocrx_word' id='word_1_569' title='bbox 2464 3315 2620 3367; x_wconf 82' lang='lat' dir='ltr'><strong>dictis</strong></span> <span class='ocrx_word' id='word_1_570' title='bbox 2669 3314 2867 3383; x_wconf 81' lang='lat' dir='ltr'><strong>iirgcri.</strong></span> <span class='ocrx_word' id='word_1_571' title='bbox 2912 3314 2977 3366; x_wconf 83' lang='lat' dir='ltr'><strong>Et</strong></span> <span class='ocrx_word' id='word_1_572' title='bbox 3004 3314 3272 3381; x_wconf 86' lang='lat' dir='ltr'><strong>quomodo</strong></span> <span class='ocrx_word' id='word_1_573' title='bbox 3310 3328 3419 3365; x_wconf 88' lang='lat' dir='ltr'><strong>rem</strong></span> <span class='ocrx_word' id='word_1_574' title='bbox 3451 3320 3507 3365; x_wconf 91' lang='lat' dir='ltr'><strong>ut</strong></span> <span class='ocrx_word' id='word_1_575' title='bbox 3550 3320 3669 3365; x_wconf 85' lang='lat' dir='ltr'><strong>erat</strong></span> <span class='ocrx_word' id='word_1_576' title='bbox 3695 3310 4047 3380; x_wconf 83' lang='lat' dir='ltr'><strong>cognovistis,</strong></span> 
     </span>
    </p>
   </div>
   <div class='ocr_carea' id='block_1_89' title="bbox 2464 3398 4052 3472">
    <p class='ocr_par' dir='ltr' id='par_1_89' title="bbox 2464 3398 4052 3472">
     <span class='ocr_line' id='line_1_89' title="bbox 2464 3398 4052 3472; baseline -0.002 -17"><span class='ocrx_word' id='word_1_577' title='bbox 2464 3405 2731 3471; x_wconf 80' lang='lat' dir='ltr'><strong>cognitam</strong></span> <span class='ocrx_word' id='word_1_578' title='bbox 2771 3404 3064 3457; x_wconf 86' lang='lat' dir='ltr'><strong>secundum</strong></span> <span class='ocrx_word' id='word_1_579' title='bbox 3110 3402 3427 3472; x_wconf 83' lang='lat' dir='ltr'><strong>dignitatem</strong></span> <span class='ocrx_word' id='word_1_580' title='bbox 3461 3402 3623 3455; x_wconf 88' lang='lat' dir='ltr'><strong>vestri</strong></span> <span class='ocrx_word' id='word_1_581' title='bbox 3658 3401 3893 3455; x_wconf 89' lang='lat' dir='ltr'><strong>nominis</strong></span> <span class='ocrx_word' id='word_1_582' title='bbox 3919 3398 4052 3466; x_wconf 80' lang='lat' dir='ltr'><strong>diju-</strong></span> 
     </span>
    </p>
   </div>
   <div class='ocr_carea' id='block_1_90' title="bbox 2464 3488 4049 3559">
    <p class='ocr_par' dir='ltr' id='par_1_90' title="bbox 2464 3488 4049 3559">
     <span class='ocr_line' id='line_1_90' title="bbox 2464 3488 4049 3559; baseline -0.003 -16"><span class='ocrx_word' id='word_1_583' title='bbox 2464 3492 2683 3545; x_wconf 89' lang='lat' dir='ltr'><strong>dicastis</strong></span> <span class='ocrx_word' id='word_1_584' title='bbox 2719 3508 2730 3542; x_wconf 93' lang='lat'><strong>:</strong></span> <span class='ocrx_word' id='word_1_585' title='bbox 2764 3505 2859 3543; x_wconf 92' lang='lat' dir='ltr'><strong>nos</strong></span> <span class='ocrx_word' id='word_1_586' title='bbox 2893 3492 3171 3559; x_wconf 90' lang='lat' dir='ltr'><strong>nostrique</strong></span> <span class='ocrx_word' id='word_1_587' title='bbox 3198 3506 3387 3543; x_wconf 81' lang='lat' dir='ltr'><strong>omnes</strong></span> <span class='ocrx_word' id='word_1_588' title='bbox 3415 3490 3563 3543; x_wconf 87' lang='lat' dir='ltr'><strong>velut</strong></span> <span class='ocrx_word' id='word_1_589' title='bbox 3607 3488 3849 3542; x_wconf 84' lang='lat' dir='ltr'><strong>fidissimi</strong></span> <span class='ocrx_word' id='word_1_590' title='bbox 3879 3488 4049 3543; x_wconf 87' lang='lat' dir='ltr'><strong>conii-</strong></span> 
     </span>
    </p>
   </div>
   <div class='ocr_carea' id='block_1_91' title="bbox 2468 3579 4051 3651">
    <p class='ocr_par' dir='ltr' id='par_1_91' title="bbox 2468 3579 4051 3651">
     <span class='ocr_line' id='line_1_91' title="bbox 2468 3579 4051 3651; baseline -0.003 -15"><span class='ocrx_word' id='word_1_591' title='bbox 2468 3593 2547 3637; x_wconf 89' lang='lat' dir='ltr'><strong>tes</strong></span> <span class='ocrx_word' id='word_1_592' title='bbox 2579 3590 2787 3635; x_wconf 90' lang='lat' dir='ltr'><strong>tantum</strong></span> <span class='ocrx_word' id='word_1_593' title='bbox 2818 3584 3007 3637; x_wconf 85' lang='lat' dir='ltr'><strong>duceni</strong></span> <span class='ocrx_word' id='word_1_594' title='bbox 3042 3597 3347 3651; x_wconf 86' lang='lat' dir='ltr'><strong>sequemur,</strong></span> <span class='ocrx_word' id='word_1_595' title='bbox 3380 3597 3479 3635; x_wconf 86' lang='lat' dir='ltr'><strong>nec</strong></span> <span class='ocrx_word' id='word_1_596' title='bbox 3507 3595 3743 3649; x_wconf 89' lang='lat' dir='ltr'><strong>unquam</strong></span> <span class='ocrx_word' id='word_1_597' title='bbox 3774 3579 3897 3633; x_wconf 93' lang='lat' dir='ltr'><strong>huic</strong></span> <span class='ocrx_word' id='word_1_598' title='bbox 3924 3592 4051 3648; x_wconf 89' lang='lat' dir='ltr'><strong>per-</strong></span> 
     </span>
    </p>
   </div>
   <div class='ocr_carea' id='block_1_92' title="bbox 2466 3667 4057 3741">
    <p class='ocr_par' dir='ltr' id='par_1_92' title="bbox 2466 3667 4057 3741">
     <span class='ocr_line' id='line_1_92' title="bbox 2466 3667 4057 3741; baseline -0.001 -17"><span class='ocrx_word' id='word_1_599' title='bbox 2466 3672 2643 3725; x_wconf 88' lang='lat' dir='ltr'><strong>vasori</strong></span> <span class='ocrx_word' id='word_1_600' title='bbox 2678 3687 2741 3726; x_wconf 91' lang='lat' dir='ltr'><strong>ac</strong></span> <span class='ocrx_word' id='word_1_601' title='bbox 2772 3682 2879 3725; x_wconf 88' lang='lat' dir='ltr'><strong>tam</strong></span> <span class='ocrx_word' id='word_1_602' title='bbox 2912 3673 3080 3741; x_wconf 55' lang='lat' dir='ltr'><strong>probo</strong></span> <span class='ocrx_word' id='word_1_603' title='bbox 3106 3672 3356 3740; x_wconf 88' lang='lat' dir='ltr'><strong>improbo</strong></span> <span class='ocrx_word' id='word_1_604' title='bbox 3384 3670 3704 3741; x_wconf 87' lang='lat' dir='ltr'><strong>approbato,</strong></span> <span class='ocrx_word' id='word_1_605' title='bbox 3731 3677 3911 3723; x_wconf 86' lang='lat' dir='ltr'><strong>vestro</strong></span> <span class='ocrx_word' id='word_1_606' title='bbox 3939 3667 4057 3724; x_wconf 77' lang='lat' dir='ltr'><strong>sine</strong></span> 
     </span>
    </p>
   </div>
   <div class='ocr_carea' id='block_1_93' title="bbox 2463 3761 3197 3829">
    <p class='ocr_par' dir='ltr' id='par_1_93' title="bbox 2463 3761 3197 3829">
     <span class='ocr_line' id='line_1_93' title="bbox 2463 3761 3197 3829; baseline 0 -17"><span class='ocrx_word' id='word_1_607' title='bbox 2463 3762 2619 3829; x_wconf 89' lang='lat' dir='ltr'><strong>jussu</strong></span> <span class='ocrx_word' id='word_1_608' title='bbox 2653 3761 3197 3815; x_wconf 88' lang='lat' dir='ltr'><strong>communicabimus.</strong></span> 
     </span>
    </p>
   </div>
   <div class='ocr_carea' id='block_1_94' title="bbox 2981 3850 3992 3917">
    <p class='ocr_par' dir='ltr' id='par_1_94' title="bbox 2981 3850 3992 3917">
     <span class='ocr_line' id='line_1_94' title="bbox 2981 3850 3992 3917; baseline -0.001 -12"><span class='ocrx_word' id='word_1_609' title='bbox 2981 3850 3315 3905; x_wconf 68' lang='lat' dir='ltr'><strong>EPISTOLA</strong></span> <span class='ocrx_word' id='word_1_610' title='bbox 3345 3850 3531 3905; x_wconf 77' lang='lat' dir='ltr'>XXIII.</span> <span class='ocrx_word' id='word_1_611' title='bbox 3983 3913 3992 3917; x_wconf 34' lang='grc' dir='ltr'><strong><em>η</em></strong></span> 
     </span>
    </p>
   </div>
   <div class='ocr_carea' id='block_1_95' title="bbox 2540 3939 3984 4013">
    <p class='ocr_par' dir='ltr' id='par_1_95' title="bbox 2540 3939 3984 4013">
     <span class='ocr_line' id='line_1_95' title="bbox 2540 3939 3984 4013; baseline -0.002 -17"><span class='ocrx_word' id='word_1_612' title='bbox 2540 3958 2605 3996; x_wconf 76' lang='lat' dir='ltr'><strong>AD</strong></span> <span class='ocrx_word' id='word_1_613' title='bbox 2635 3957 2913 3997; x_wconf 71' lang='lat' dir='ltr'><strong>cessantia</strong></span> <span class='ocrx_word' id='word_1_614' title='bbox 2956 3939 3288 4013; x_wconf 68' lang='lat' dir='ltr'><strong>[EBRARDUM]</strong></span> <span class='ocrx_word' id='word_1_615' title='bbox 3334 3956 3580 3995; x_wconf 71' lang='grc' dir='ltr'>Αιιιιιτειι</span> <span class='ocrx_word' id='word_1_616' title='bbox 3614 3954 3984 3996; x_wconf 60' lang='grc' dir='ltr'>τυιιοιιεῃεει.</span> 
     </span>
    </p>
   </div>
   <div class='ocr_carea' id='block_1_96' title="bbox 2541 4030 4062 4101">
    <p class='ocr_par' dir='ltr' id='par_1_96' title="bbox 2541 4030 4062 4101">
     <span class='ocr_line' id='line_1_96' title="bbox 2541 4030 4062 4101; baseline -0.001 -17"><span class='ocrx_word' id='word_1_617' title='bbox 2541 4032 2669 4097; x_wconf 67' lang='lat' dir='ltr'><strong>Quae</strong></span> <span class='ocrx_word' id='word_1_618' title='bbox 2719 4046 2925 4095; x_wconf 85' lang='lat' dir='ltr'><strong>morum</strong></span> <span class='ocrx_word' id='word_1_619' title='bbox 2973 4030 3213 4101; x_wconf 84' lang='lat' dir='ltr'><strong>gravitas</strong></span> <span class='ocrx_word' id='word_1_620' title='bbox 3256 4030 3409 4083; x_wconf 87' lang='lat' dir='ltr'><strong>vobis</strong></span> <span class='ocrx_word' id='word_1_621' title='bbox 3456 4030 3603 4093; x_wconf 92' lang='lat' dir='ltr'><strong>insit,</strong></span> <span class='ocrx_word' id='word_1_622' title='bbox 3644 4044 3804 4098; x_wconf 91' lang='lat' dir='ltr'><strong>quam</strong></span> <span class='ocrx_word' id='word_1_623' title='bbox 3855 4031 4062 4097; x_wconf 85' lang='lat' dir='ltr'><strong>integer</strong></span> 
     </span>
    </p>
   </div>
   <div class='ocr_carea' id='block_1_97' title="bbox 2471 4119 4062 4188">
    <p class='ocr_par' dir='ltr' id='par_1_97' title="bbox 2471 4119 4062 4188">
     <span class='ocr_line' id='line_1_97' title="bbox 2471 4119 4062 4188; baseline 0.001 -17"><span class='ocrx_word' id='word_1_624' title='bbox 2471 4122 2594 4174; x_wconf 67' lang='lat' dir='ltr'><strong>vitae</strong></span> <span class='ocrx_word' id='word_1_625' title='bbox 2640 4128 2793 4174; x_wconf 92' lang='lat' dir='ltr'><strong>actus</strong></span> <span class='ocrx_word' id='word_1_626' title='bbox 2820 4161 2833 4183; x_wconf 90' lang='lat'><strong>,</strong></span> <span class='ocrx_word' id='word_1_627' title='bbox 2884 4135 3042 4188; x_wconf 90' lang='lat' dir='ltr'><strong>quam</strong></span> <span class='ocrx_word' id='word_1_628' title='bbox 3075 4134 3267 4188; x_wconf 90' lang='lat' dir='ltr'><strong>purum</strong></span> <span class='ocrx_word' id='word_1_629' title='bbox 3309 4119 3603 4187; x_wconf 89' lang='lat' dir='ltr'><strong>eloquium,</strong></span> <span class='ocrx_word' id='word_1_630' title='bbox 3643 4119 3833 4173; x_wconf 76' lang='lat' dir='ltr'><strong>littera:</strong></span> <span class='ocrx_word' id='word_1_631' title='bbox 3868 4127 4062 4173; x_wconf 62' lang='lat' dir='ltr'><strong>vestrae</strong></span> 
     </span>
    </p>
   </div>
   <div class='ocr_carea' id='block_1_98' title="bbox 2471 4211 4063 4281">
    <p class='ocr_par' dir='ltr' id='par_1_98' title="bbox 2471 4211 4063 4281">
     <span class='ocr_line' id='line_1_98' title="bbox 2471 4211 4063 4281; baseline -0.001 -16"><span class='ocrx_word' id='word_1_632' title='bbox 2471 4212 2646 4281; x_wconf 91' lang='lat' dir='ltr'><strong>palam</strong></span> <span class='ocrx_word' id='word_1_633' title='bbox 2669 4211 2928 4265; x_wconf 80' lang='lat' dir='ltr'><strong>fecerunt.</strong></span> <span class='ocrx_word' id='word_1_634' title='bbox 2958 4211 3140 4280; x_wconf 88' lang='lat' dir='ltr'><strong>Itaque</strong></span> <span class='ocrx_word' id='word_1_635' title='bbox 3168 4211 3403 4265; x_wconf 91' lang='lat' dir='ltr'><strong>studium</strong></span> <span class='ocrx_word' id='word_1_636' title='bbox 3430 4212 3645 4280; x_wconf 89' lang='lat' dir='ltr'><strong>pietatis</strong></span> <span class='ocrx_word' id='word_1_637' title='bbox 3669 4226 3731 4265; x_wconf 86' lang='lat' dir='ltr'><strong>ac</strong></span> <span class='ocrx_word' id='word_1_638' title='bbox 3758 4211 4063 4266; x_wconf 87' lang='lat' dir='ltr'><strong>severitatis</strong></span> 
     </span>
    </p>
   </div>
   <div class='ocr_carea' id='block_1_99' title="bbox 2474 4300 4067 4369">
    <p class='ocr_par' dir='ltr' id='par_1_99' title="bbox 2474 4300 4067 4369">
     <span class='ocr_line' id='line_1_99' title="bbox 2474 4300 4067 4369; baseline 0.001 -16"><span class='ocrx_word' id='word_1_639' title='bbox 2474 4310 2665 4356; x_wconf 72' lang='lat' dir='ltr'><strong>vestrre</strong></span> <span class='ocrx_word' id='word_1_640' title='bbox 2704 4300 2870 4354; x_wconf 90' lang='lat' dir='ltr'><strong>movit</strong></span> <span class='ocrx_word' id='word_1_641' title='bbox 2900 4315 2998 4355; x_wconf 92' lang='lat' dir='ltr'><strong>nos</strong></span> <span class='ocrx_word' id='word_1_642' title='bbox 3031 4301 3110 4354; x_wconf 92' lang='lat' dir='ltr'><strong>ire</strong></span> <span class='ocrx_word' id='word_1_643' title='bbox 3143 4302 3193 4354; x_wconf 92' lang='lat' dir='ltr'><strong>in</strong></span> <span class='ocrx_word' id='word_1_644' title='bbox 3229 4310 3463 4354; x_wconf 86' lang='lat' dir='ltr'><strong>vestram</strong></span> <span class='ocrx_word' id='word_1_645' title='bbox 3496 4301 3840 4361; x_wconf 88' lang='lat' dir='ltr'><strong>sententiam,</strong></span> <span class='ocrx_word' id='word_1_646' title='bbox 3874 4300 4067 4369; x_wconf 87' lang='lat' dir='ltr'><strong>virque</strong></span> 
     </span>
    </p>
   </div>
   <div class='ocr_carea' id='block_1_100' title="bbox 2474 4391 4063 4463">
    <p class='ocr_par' dir='ltr' id='par_1_100' title="bbox 2474 4391 4063 4463">
     <span class='ocr_line' id='line_1_100' title="bbox 2474 4391 4063 4463; baseline -0.002 -14"><span class='ocrx_word' id='word_1_647' title='bbox 2474 4396 2559 4449; x_wconf 90' lang='lat' dir='ltr'><strong>ille</strong></span> <span class='ocrx_word' id='word_1_648' title='bbox 2586 4396 2698 4449; x_wconf 92' lang='lat' dir='ltr'><strong>Deo</strong></span> <span class='ocrx_word' id='word_1_649' title='bbox 2727 4394 2950 4463; x_wconf 88' lang='lat' dir='ltr'><strong>plenus,</strong></span> <span class='ocrx_word' id='word_1_650' title='bbox 3000 4395 3067 4447; x_wconf 90' lang='lat' dir='ltr'><strong>ad</strong></span> <span class='ocrx_word' id='word_1_651' title='bbox 3112 4409 3271 4462; x_wconf 87' lang='lat' dir='ltr'><strong>quem</strong></span> <span class='ocrx_word' id='word_1_652' title='bbox 3323 4393 3543 4446; x_wconf 89' lang='lat' dir='ltr'><strong>multam</strong></span> <span class='ocrx_word' id='word_1_653' title='bbox 3578 4392 3735 4447; x_wconf 84' lang='lat' dir='ltr'><strong>fidem</strong></span> <span class='ocrx_word' id='word_1_654' title='bbox 3784 4391 4063 4446; x_wconf 90' lang='lat' dir='ltr'><strong>habemus.</strong></span> 
     </span>
    </p>
   </div>
   <div class='ocr_carea' id='block_1_101' title="bbox 2479 4480 4067 4553">
    <p class='ocr_par' dir='ltr' id='par_1_101' title="bbox 2479 4480 4067 4553">
     <span class='ocr_line' id='line_1_101' title="bbox 2479 4480 4067 4553; baseline -0.004 -14"><span class='ocrx_word' id='word_1_655' title='bbox 2479 4483 2931 4539; x_wconf 88' lang='lat' dir='ltr'><strong>Submovebimus</strong></span> <span class='ocrx_word' id='word_1_656' title='bbox 2964 4496 3091 4553; x_wconf 81' lang='lat' dir='ltr'><strong>ergo</strong></span> <span class='ocrx_word' id='word_1_657' title='bbox 3124 4483 3270 4536; x_wconf 91' lang='lat' dir='ltr'><strong>illum</strong></span> <span class='ocrx_word' id='word_1_658' title='bbox 3304 4480 3568 4551; x_wconf 81' lang='lat' dir='ltr'><strong>perfidum</strong></span> <span class='ocrx_word' id='word_1_659' title='bbox 3599 4496 3628 4534; x_wconf 88' lang='lat' dir='ltr'><strong>a</strong></span> <span class='ocrx_word' id='word_1_660' title='bbox 3669 4480 3925 4535; x_wconf 85' lang='lat' dir='ltr'><strong>societate</strong></span> <span class='ocrx_word' id='word_1_661' title='bbox 3962 4495 4067 4533; x_wconf 82' lang='lat' dir='ltr'><strong>no-</strong></span> 
     </span>
    </p>
   </div>
   <div class='ocr_carea' id='block_1_102' title="bbox 2476 4571 4071 4643">
    <p class='ocr_par' dir='ltr' id='par_1_102' title="bbox 2476 4571 4071 4643">
     <span class='ocr_line' id='line_1_102' title="bbox 2476 4571 4071 4643; baseline -0.003 -14"><span class='ocrx_word' id='word_1_662' title='bbox 2476 4587 2589 4629; x_wconf 90' lang='lat' dir='ltr'><strong>stra</strong></span> <span class='ocrx_word' id='word_1_663' title='bbox 2636 4587 3059 4642; x_wconf 90' lang='lat' dir='ltr'><strong>nostrorumque</strong></span> <span class='ocrx_word' id='word_1_664' title='bbox 3088 4574 3290 4643; x_wconf 85' lang='lat' dir='ltr'><strong>judicio</strong></span> <span class='ocrx_word' id='word_1_665' title='bbox 3334 4581 3605 4628; x_wconf 74' lang='lat' dir='ltr'><strong>tantorum</strong></span> <span class='ocrx_word' id='word_1_666' title='bbox 3636 4571 3878 4634; x_wconf 87' lang='lat' dir='ltr'><strong>Patrum,</strong></span> <span class='ocrx_word' id='word_1_667' title='bbox 3917 4572 4071 4640; x_wconf 89' lang='lat' dir='ltr'><strong>isque</strong></span> 
     </span>
    </p>
   </div>
   <div class='ocr_carea' id='block_1_103' title="bbox 2476 4659 4073 4732">
    <p class='ocr_par' dir='ltr' id='par_1_103' title="bbox 2476 4659 4073 4732">
     <span class='ocr_line' id='line_1_103' title="bbox 2476 4659 4073 4732; baseline -0.004 -12"><span class='ocrx_word' id='word_1_668' title='bbox 2476 4664 2632 4720; x_wconf 89' lang='lat' dir='ltr'><strong>nobis</strong></span> <span class='ocrx_word' id='word_1_669' title='bbox 2662 4663 2960 4717; x_wconf 88' lang='lat' dir='ltr'><strong>habebitur</strong></span> <span class='ocrx_word' id='word_1_670' title='bbox 2995 4663 3187 4726; x_wconf 90' lang='lat' dir='ltr'><strong>hostis,</strong></span> <span class='ocrx_word' id='word_1_671' title='bbox 3220 4660 3311 4732; x_wconf 91' lang='lat' dir='ltr'><strong>qui</strong></span> <span class='ocrx_word' id='word_1_672' title='bbox 3347 4662 3397 4714; x_wconf 90' lang='lat' dir='ltr'><strong>in</strong></span> <span class='ocrx_word' id='word_1_673' title='bbox 3428 4661 3754 4716; x_wconf 87' lang='lat' dir='ltr'><strong>sententiain</strong></span> <span class='ocrx_word' id='word_1_674' title='bbox 3790 4659 4073 4714; x_wconf 82' lang='lat' dir='ltr'><strong>reverendi</strong></span> 
     </span>
    </p>
   </div>
   <div class='ocr_carea' id='block_1_104' title="bbox 2473 4749 4070 4824">
    <p class='ocr_par' dir='ltr' id='par_1_104' title="bbox 2473 4749 4070 4824">
     <span class='ocr_line' id='line_1_104' title="bbox 2473 4749 4070 4824; baseline -0.002 -18"><span class='ocrx_word' id='word_1_675' title='bbox 2473 4754 2643 4824; x_wconf 87' lang='lat' dir='ltr'><strong>patris</strong></span> <span class='ocrx_word' id='word_1_676' title='bbox 2668 4750 2871 4815; x_wconf 83' lang='lat' dir='ltr'><strong>Maioli,</strong></span> <span class='ocrx_word' id='word_1_677' title='bbox 2904 4751 3115 4806; x_wconf 89' lang='lat' dir='ltr'><strong>colendi</strong></span> <span class='ocrx_word' id='word_1_678' title='bbox 3163 4751 3332 4819; x_wconf 89' lang='lat' dir='ltr'><strong>patris</strong></span> <span class='ocrx_word' id='word_1_679' title='bbox 3376 4749 3603 4805; x_wconf 85' lang='lat' dir='ltr'><strong>Ecberdi</strong></span> <span class='ocrx_word' id='word_1_680' title='bbox 3637 4751 3817 4803; x_wconf 90' lang='lat' dir='ltr'><strong>dicere</strong></span> <span class='ocrx_word' id='word_1_681' title='bbox 3849 4764 3952 4803; x_wconf 92' lang='lat' dir='ltr'><strong>non</strong></span> <span class='ocrx_word' id='word_1_682' title='bbox 3982 4750 4070 4803; x_wconf 86' lang='lat' dir='ltr'><strong>ili-</strong></span> 
     </span>
    </p>
   </div>
   <div class='ocr_carea' id='block_1_105' title="bbox 2476 4839 4071 4912">
    <p class='ocr_par' dir='ltr' id='par_1_105' title="bbox 2476 4839 4071 4912">
     <span class='ocr_line' id='line_1_105' title="bbox 2476 4839 4071 4912; baseline -0.003 -11"><span class='ocrx_word' id='word_1_683' title='bbox 2476 4846 2644 4901; x_wconf 86' lang='lat' dir='ltr'><strong>cenda</strong></span> <span class='ocrx_word' id='word_1_684' title='bbox 2672 4844 2978 4899; x_wconf 89' lang='lat' dir='ltr'><strong>attentabit.</strong></span> <span class='ocrx_word' id='word_1_685' title='bbox 3004 4842 3153 4909; x_wconf 87' lang='lat' dir='ltr'><strong>Quod</strong></span> <span class='ocrx_word' id='word_1_686' title='bbox 3182 4843 3225 4896; x_wconf 88' lang='lat' dir='ltr'><strong>si</strong></span> <span class='ocrx_word' id='word_1_687' title='bbox 3256 4842 3549 4897; x_wconf 87' lang='lat' dir='ltr'><strong>Divinitate</strong></span> <span class='ocrx_word' id='word_1_688' title='bbox 3576 4841 3805 4912; x_wconf 88' lang='lat' dir='ltr'><strong>propitia</strong></span> <span class='ocrx_word' id='word_1_689' title='bbox 3829 4839 4071 4896; x_wconf 84' lang='lat' dir='ltr'><strong>favorem</strong></span> 
     </span>
    </p>
   </div>
   <div class='ocr_carea' id='block_1_106' title="bbox 2481 4930 4074 5009">
    <p class='ocr_par' dir='ltr' id='par_1_106' title="bbox 2481 4930 4074 5009">
     <span class='ocr_line' id='line_1_106' title="bbox 2481 4930 4074 5009; baseline -0.004 -17"><span class='ocrx_word' id='word_1_690' title='bbox 2481 4937 2783 5009; x_wconf 90' lang='lat' dir='ltr'><strong>principum</strong></span> <span class='ocrx_word' id='word_1_691' title='bbox 2816 4934 3183 4991; x_wconf 87' lang='lat' dir='ltr'><strong>obtinebiinus</strong></span> <span class='ocrx_word' id='word_1_692' title='bbox 3210 4973 3223 4996; x_wconf 85' lang='lat'><strong><em>.</em></strong></span> <span class='ocrx_word' id='word_1_693' title='bbox 3280 4935 3346 4989; x_wconf 85' lang='lat' dir='ltr'><strong>ad</strong></span> <span class='ocrx_word' id='word_1_694' title='bbox 3390 4935 3506 4989; x_wconf 71' lang='lat' dir='ltr'><strong>litec</strong></span> <span class='ocrx_word' id='word_1_695' title='bbox 3531 4934 3685 4988; x_wconf 82' lang='lat' dir='ltr'><strong>utilia</strong></span> <span class='ocrx_word' id='word_1_696' title='bbox 3720 4932 3920 5001; x_wconf 81' lang='lat' dir='ltr'><strong>majora</strong></span> <span class='ocrx_word' id='word_1_697' title='bbox 3945 4930 4074 5001; x_wconf 86' lang='lat' dir='ltr'><strong>jun-</strong></span> 
     </span>
    </p>
   </div>
   <div class='ocr_carea' id='block_1_107' title="bbox 2485 5041 2694 5099">
    <p class='ocr_par' dir='ltr' id='par_1_107' title="bbox 2485 5041 2694 5099">
     <span class='ocr_line' id='line_1_107' title="bbox 2485 5041 2694 5099; baseline -0.014 -16"><span class='ocrx_word' id='word_1_698' title='bbox 2485 5041 2694 5099; x_wconf 85' lang='lat' dir='ltr'><strong>gemas.</strong></span> 
     </span>
    </p>
   </div>
   <div class='ocr_carea' id='block_1_108' title="bbox 3005 5113 3570 5170">
    <p class='ocr_par' dir='ltr' id='par_1_108' title="bbox 3005 5113 3570 5170">
     <span class='ocr_line' id='line_1_108' title="bbox 3005 5113 3570 5170; baseline -0.002 0"><span class='ocrx_word' id='word_1_699' title='bbox 3005 5113 3342 5170; x_wconf 80' lang='lat' dir='ltr'><strong>EPISTOLA</strong></span> <span class='ocrx_word' id='word_1_700' title='bbox 3381 5114 3570 5169; x_wconf 57' lang='lat' dir='ltr'><strong>XXIV.</strong></span> 
     </span>
    </p>
   </div>
   <div class='ocr_carea' id='block_1_109' title="bbox 2696 5219 4002 5232">
    <p class='ocr_par' dir='ltr' id='par_1_109' title="bbox 2696 5219 4002 5232">
     <span class='ocr_line' id='line_1_109' title="bbox 2696 5219 4002 5232; baseline 0 0"><span class='ocrx_word' id='word_1_701' title='bbox 2696 5224 2827 5232; x_wconf 65' lang='grc' dir='ltr'><strong>-ι--ο</strong></span> <span class='ocrx_word' id='word_1_702' title='bbox 2846 5224 2855 5232; x_wconf 74' lang='grc' dir='ltr'><strong>ι</strong></span> <span class='ocrx_word' id='word_1_703' title='bbox 2875 5222 3073 5232; x_wconf 66' lang='grc' dir='ltr'><strong>..-σι-σι-.</strong></span> <span class='ocrx_word' id='word_1_704' title='bbox 3134 5221 3505 5232; x_wconf 63' lang='grc' dir='ltr'><strong>-οο-Αυιαιυολιι</strong></span> <span class='ocrx_word' id='word_1_705' title='bbox 3566 5222 3633 5232; x_wconf 73' lang='grc' dir='ltr'><strong>σι-</strong></span> <span class='ocrx_word' id='word_1_706' title='bbox 3701 5222 3756 5232; x_wconf 54' lang='lat' dir='ltr'><strong>At;</strong></span> <span class='ocrx_word' id='word_1_707' title='bbox 3820 5219 3891 5232; x_wconf 66' lang='lat' dir='ltr'><strong>CIII</strong></span> <span class='ocrx_word' id='word_1_708' title='bbox 3908 5219 4002 5232; x_wconf 67' lang='grc' dir='ltr'><strong>..νυ</strong></span> 
     </span>
    </p>
   </div>
  </div>
