4516 5500
453 436 553 488 5ιῦ

1897 435 2270 490 ΕΡΙΞΤΟΙΑἸ.

3592 447 3693 505 ιςιι

447 543 819 614 jusjurandum
863 547 1153 600 secundum
1208 559 1392 598 eorum
1443 545 1738 608 libidinem,
1773 556 1865 598 aut
1896 546 2026 598 urbe
2057 550 2099 606 Α
2132 557 2315 595 nacam
2367 559 2544 598 vn.am
2598 550 2850 615 pervasit,
2879 552 3029 618 quasi
3079 552 3130 604 in
3189 553 3440 610 ultionem
3481 572 3701 626 regtnm,

453 650 723 705 regnoque
749 637 1029 689 excedere.
1061 635 1459 688 Interserebant
1487 637 1757 702 antiquam
1792 637 2021 688 benevo-

451 725 666 778 lentiam
695 725 799 778 divi
831 725 1042 794 augusti
1075 725 1136 778 Ο.
1174 726 1317 778 circa
1350 740 1464 786 nos,
1495 736 1843 792 nostrumque
1874 724 2024 776 fatui-

452 814 581 869 liare
604 815 940 883 obsequium.
968 813 1088 867 lbet:
1116 824 1168 868 et
1197 815 1279 868 his
1307 815 1500 868 similia
1531 817 1756 884 propriae
1787 815 1944 867 saluti
1972 816 2023 867 in

451 906 857 972 prmsentiarum
889 905 1161 958 obstitere.
1208 904 1366 958 Ferte
1391 921 1518 975 ergo
1544 915 1746 959 certum
1777 905 2023 958 solatium

452 1004 689 1063 tempore
738 995 961 1055 incerto,
997 1011 1094 1049 nec
1134 996 1290 1049 dubia
1344 1010 1438 1065 spe
1483 996 1818 1058 deludanmr,
1849 997 1937 1064 qui
1971 996 2023 1049 in

449 1086 813 1138 conservanda
882 1087 1034 1140 vobis
1105 1087 1207 1140 Iide
1289 1102 1560 1156 nunquam
1640 1088 2020 1141 dubitavimus.

450 1190 500 1226 vt
532 1174 642 1227 Kal.
685 1176 1166 1242 April.conventus
1195 1177 1246 1230 in
1296 1176 1623 1232 Francorum
1662 1179 1887 1232 indictus
1922 1188 2021 1241 est,

452 1265 628 1333 ibique
653 1267 877 1319 crimine
915 1267 1242 1321 infidelitatis
1269 1268 1616 1338 pulsabimur,
1645 1271 1784 1338 quod
1819 1271 2028 1339 episco-

451 1371 575 1425 pum
611 1355 1002 1410 Virdunensem
1035 1358 1246 1412 licentia
1271 1361 1667 1422 donaveriunts,
1693 1361 1939 1430 quodque
1973 1362 2022 1413 iu

451 1445 769 1512 presbyterii
821 1444 1078 1498 honorem
1110 1449 1555 1513 promoverituus,
1605 1458 1659 1501 et
1696 1460 1753 1501 ut
1799 1464 1884 1502 res
1935 1449 2026 1503 fiat

449 1535 792 1604 impossibilis
821 1552 847 1590 a
879 1538 1032 1591 nobis
1082 1538 1220 1592 idem
1254 1539 1588 1608 repetendus.
1641 1539 1696 1592 Si
1729 1540 1840 1593 hare
1868 1540 1936 1592 ita
1969 1553 2024 1593 se

448 1624 772 1684 habuerint,
827 1627 991 1679 vestri
1022 1628 1299 1694 nostrique
1350 1628 1570 1690 ﬁdeles.
1621 1629 1914 1682 Gerbcrtus
1961 1643 2024 1682 ac

450 1711 730 1773 Renierus,
763 1714 1059 1768 secundum
1091 1716 1232 1783 quod
1264 1716 1525 1773 voluistis.
1572 1715 1899 1784 Noviornago
1929 1731 2018 1768 vo-

448 1800 530 1854 bis
563 1803 782 1854 minime
821 1818 1106 1858 occurrere
1139 1814 1406 1872 poterunt.
1442 1805 1547 1859 Sed
1584 1817 1758 1859 vestra
1790 1806 2021 1858 clemen-

448 1894 518 1943 tia
568 1892 802 1946 Coloniae
830 1933 843 1953 ,
899 1910 1004 1961 quo
1053 1911 1085 1962 p
1109 1905 1170 1949 -st
1221 1898 1429 1950 venturi
1461 1905 1584 1950 sunt
1611 1937 1624 1957 ,
1660 1905 1806 1949 tanto
1833 1897 2020 1950 ducem
2055 1891 2098 1949 Β

449 1991 628 2049 aptqu
664 1982 836 2033 itineri
869 1983 948 2034 eis
981 1980 1277 2048 ptovidcat.
1324 1996 1359 2032 II
1412 1984 1528 2032 Kal.
1579 1983 1732 2032 Mart.
1766 1983 2018 2035 Ottouem

447 2079 500 2123 et
537 2070 877 2124 Heribertum
908 2072 1133 2124 comites
1174 2070 1528 2139 alloquemur,
1556 2071 1855 2139 iterumque
1885 2072 2021 2124 datis

448 2159 722 2214 obsidibus
764 2176 898 2230 quos
946 2162 1248 2229 recepimus
1277 2202 1290 2223 ,
1338 2160 1557 2214 fratrem
1609 2177 1782 2214 meum
1832 2171 2022 2214 vestrze

449 2249 690 2302 servituti
746 2251 1018 2303 remittere
1064 2252 1469 2304 attentabimus.
1517 2250 1718 2316 Quibus
1764 2251 2021 2317 anguStiis

448 2336 517 2388 ob
545 2335 702 2390 fidem
731 2338 880 2391 vobis
908 2350 1176 2393 servatam
1208 2354 1523 2408 semperque
1551 2342 1865 2393 servandam
1899 2356 2021 2409 pre-

451 2441 682 2489 tnamur,
713 2427 896 2495 paucis
925 2431 1309 2496 expressimus.
1333 2429 1578 2482 Salutare
1609 2439 1842 2483 vestrum
1874 2430 2022 2482 auxi-

450 2516 580 2569 lium
611 2527 786 2572 vestra
819 2535 881 2572 ex
917 2531 1066 2587 parte
1093 2521 1363 2574 constanti
1406 2521 1584 2574 animo
1621 2530 2020 2590 exspectamus,

447 2618 501 2660 et
533 2619 588 2661 ut
619 2610 717 2662 hoc
751 2611 923 2677 ipsum
961 2611 1141 2665 hostes
1172 2611 1333 2664 lateat
1363 2613 1734 2674 obsecramus,
1767 2629 1829 2666 ne
1853 2613 2024 2666 acrior

449 2711 634 2750 eorum
671 2698 720 2749 in
760 2714 856 2751 nos
894 2703 1212 2754 exardescnt
1245 2702 1342 2753 ira.

943 2788 1209 2842 Distichon
1256 2792 1308 2842 in
1353 2791 1530 2844 calice.

451 2878 586 2932 Hinc
612 2879 730 2933 sitis
769 2890 927 2948 atque
965 2881 1132 2934 fames
1173 2882 1397 2949 fugiunt,
1430 2891 1712 2949 properate
1745 2881 1946 2935 fideles.

454 2968 652 3021 Dividit
679 2969 730 3022 in
761 2969 981 3038 populos
1013 2971 1108 3022 bas
1143 2971 1333 3037 prmsul
1373 2971 1636 3024 Adalbero
1666 2986 1842 3040 gazas.

1061 3060 1123 3111 In
1159 3061 1411 3113 donariis.

450 3151 612 3222 Virgo
641 3152 804 3206 Maria
837 3163 960 3206 tuus
1001 3154 1092 3206 tibi
1123 3153 1314 3220 ῃιτιθειιι
1350 3154 1610 3209 Adalbero
1643 3169 1850 3208 munus.

965 3241 1296 3295 EPISTULA
1337 3242 1502 3295 XXV.

799 3349 864 3386 AD
895 3347 1183 3385 EPISCOPUI
1221 3347 1676 3387 BELLOVACENSEH.

523 3419 873 3488 Respondere
905 3421 1122 3490 scriptis
1163 3422 1356 3474 vestris
1386 3423 1744 3476 necessarium
1778 3423 1841 3475 ad
1889 3438 2022 3492 prte-

450 3524 572 3563 sens
605 3526 704 3564 non
745 3511 1016 3572 duximus,
1043 3527 1166 3564 cum
1195 3511 1258 3563 ad
1307 3511 1563 3563 indictum
1606 3512 1930 3578 colloquium
1965 3514 2028 3566 de

451 3601 678 3670 singulis
707 3616 803 3668 pro
840 3601 1055 3654 modulo
1090 3610 1274 3653 nostro
1323 3601 1629 3653 accuratius
1677 3602 1825 3653 vobis
1870 3601 2029 3653 satis-

456 3687 633 3742 facere
662 3689 948 3758 possimus.
979 3689 1044 3742 Et
1083 3689 1335 3758 quoniam
1379 3698 1618 3742 nostrum
1669 3690 1737 3742 ob
1789 3705 2029 3744 amorem

451 3782 657 3850 privata
698 3779 1034 3849 postltabetis
1059 3781 1295 3851 negotia,
1327 3781 1631 3849 nostrisque
1676 3781 1860 3836 sedulo
1903 3793 2031 3850 ope-

452 3888 566 3924 ram
596 3873 757 3935 datis,
787 3873 931 3926 inter
957 3873 1222 3942 praecipua
1271 3872 1540 3942 ponimus,
1576 3874 1798 3926 memori
1845 3874 2028 3928 animo

451 3963 822 4024 recondimus.
856 3964 1111 4033 prmstitis
1151 3979 1255 4016 non
1311 3963 1517 4017 minora
1569 3965 2026 4032 recompensaturi

450 4053 729 4117 beneficia,
755 4055 797 4107 si
829 4069 888 4108 se
918 4053 1079 4108 infida
1112 4054 1389 4108 retorserit
1415 4052 1648 4108 fortuna.

965 4164 1296 4218 EPISTOLA
1328 4163 1516 4218 XXVI.

627 4271 692 4308 Αι)
734 4269 971 4308 υΟὶΙΙΝΑΙ
1015 4270 1386 4308 ἸἮΕΟΙῚΙΛΝΙΑΙ
1429 4269 1847 4311 IMPERATRICEI.

527 4344 640 4398 XVI
670 4345 788 4399 Kal.
823 4343 968 4397 Junii
999 4343 1168 4400 fratre
1196 4360 1315 4399 meo
1337 4346 1402 4398 de
1424 4345 1615 4399 inferni
1645 4348 1878 4400 tenebris
1901 4347 2032 4401 Iibe-

455 4445 595 4496 rato,
623 4435 867 4503 quaedam
911 4434 996 4487 lux
1039 4436 1206 4488 vestri
1238 4435 1458 4489 bonoris
1488 4436 1616 4490 oriri
1650 4436 1760 4489 visa
1787 4446 1889 4490 est.
1925 4436 2030 4490 Sed

452 4541 570 4580 eam
608 4526 776 4579 lucem
804 4541 948 4579 caeco
980 4526 1101 4595 igne
1136 4527 1449 4595 cupiditatis
1477 4526 1604 4582 Otto
1631 4536 1684 4581 et
1715 4527 2027 4581 Heribertus

453 4615 677 4669 comites
706 4626 1076 4686 corrumpant,
1107 4632 1445 4686 summopere
1479 4616 1882 4672 elaborandum.
1925 4617 2027 4670 Ita-

452 4721 558 4776 que
571 4705 744 4774 justas
775 4717 828 4761 et
859 4697 1111 4763 honestas
1135 4709 1418 4778 petitiones
1438 4708 1620 4764 fratris
1647 4725 1749 4764 met
1785 4710 2022 4764 clemen-

452 4807 537 4853 ter
565 4799 816 4864 audietis,
845 4815 966 4853 cum
1009 4816 1107 4870 pro
1148 4802 1230 4854 sui
1280 4802 1495 4865 merito,
1547 4812 1658 4855 tum
1710 4817 1806 4872 pro
1848 4813 2024 4856 vestra

449 4887 824 4943 benevolentia
857 4889 909 4942 iu
943 4903 1060 4943 n;e:
1099 4877 1322 4959 injustas
1347 4899 1552 4954 autem,
1584 4899 1638 4946 et
1666 4907 1801 4960 quas
1841 4901 2023 4961 tyran-

451 4994 554 5033 nus
580 4979 1026 5035 irrationabiliter
1047 4982 1296 5046 extorsit,
1325 4982 1378 5035 in
1403 4982 1821 5038 destructionem
1852 4983 2025 5037 eccle-

450 5073 654 5125 siarum
682 5073 910 5135 Domini,
929 5088 991 5126 ac
1019 5073 1068 5126 in
1091 5072 1320 5128 dedecus
1340 5074 1503 5128 vestri
1529 5074 2027 5145 generis,prudenti

449 5162 680 5216 consilio
702 5163 1002 5218 deviabitis.
1035 5161 1168 5216 Num
1204 5163 1357 5218 villas
1386 5163 1735 5220 Virdunensis
1769 5165 2025 5234 episcopi,

447 5270 584 5323 quas
613 5269 712 5325 pro
737 5256 1098 5324 redemptione
1126 5273 1241 5318 sua,
1271 5273 1372 5311 una
1407 5272 1525 5311 cum
1560 5256 1668 5312 filio
1691 5258 2030 5313 Adalberouc

447 5347 707 5414 episcopo
737 5345 934 5398 invitus
982 5345 1146 5398 donat
1199 5346 1520 5400 Godefridus
1578 5363 1782 5414 comes,
1823 5346 2029 5416 jureju-

1681 5439 1796 5459 |.°.-_
1818 5441 1840 5459 ο
1898 5436 2026 5459 Μ--.-

1016 5451 1062 5459 ..Α
1111 5438 1170 5459 ΑΙ..
1226 5438 1452 5459 Π--1.-2-
1505 5436 1706 5459 -ΙΣΑ..-1,

446 5436 622 5459 ---ΛΑ
656 5436 707 5459 ἒ..-
749 5444 1008 5459 ἰΑ--Αίιιιι

2128 634 2474 689 Juveniacum
2507 640 2759 706 oppidum
2800 656 2855 692 se
2899 642 3147 696 invadere
3194 643 3481 705 simulant,
3527 648 3702 700 scelus

2130 724 2320 780 facturi
2364 729 2408 780 si
2443 729 2718 782 vobiscum
2763 745 2984 797 paucam
3038 736 3401 801 persenserint
3459 751 3694 788 manum.

2130 817 2251 871 Haec
2289 819 2418 881 dixi,
2448 830 2684 872 mentem
2719 835 2814 889 pro
2842 822 2992 876 vobis
3027 824 3246 876 omnino
3283 824 3562 877 sollicitam
3603 827 3700 878 ba-

2128 905 2279 968 beus,
2305 917 2358 960 et
2396 907 2548 976 plena
2584 908 2683 962 fide
2727 921 3080 963 exsecuturus
3125 927 3455 980 quaecunque
3495 927 3589 980 per
3633 914 3698 966 (ἰ.

2129 997 2279 1050 vobis
2310 997 2626 1052 fidissimum
2673 999 3039 1068 significastis,
3069 1002 3157 1069 qui
3211 1001 3313 1054 hoc
3364 1002 3461 1055 sibi
3516 1004 3702 1058 donari

2129 1087 2283 1155 petit,
2302 1096 2360 1141 ut
2382 1097 2576 1142 vestra:
2601 1089 2769 1158 partis
2803 1090 2963 1143 fuerit
2987 1091 3296 1144 verissimus
3323 1091 3607 1162 interpres.

2626 1195 2956 1251 EPISTULA
2988 1197 3028 1250 Χ
3041 1196 3196 1250 XVII.

2270 1300 2335 1337 AD
2367 1301 2644 1339 ECBERTL'II
2690 1301 3052 1340 TBEVIRENSEM
3091 1303 3559 1345 ARCIIIEPISCOPL‘N.

2201 1397 2475 1452 Destinato
2505 1400 2652 1466 operi
2685 1399 2991 1469 designatas
3035 1401 3298 1454 mittimus
3346 1403 3574 1470 Species,
3609 1403 3704 1454 ad-

2133 1487 2432 1541 mirabilem
2466 1488 2710 1550 forntam,
2734 1499 2786 1541 et
2816 1505 2933 1556 quae
2958 1501 3188 1542 montem
3221 1501 3271 1542 et
3292 1492 3472 1543 orulos
3495 1501 3700 1559 pascat,

2129 1575 2297 1629 frater
2326 1575 2521 1630 efficiet
2553 1576 2724 1640 fratri,
2747 1593 2898 1632 soror
2919 1581 3110 1632 sorori.
3138 1580 3392 1648 Exiguam
3425 1583 3702 1634 mata-riam

2129 1673 2406 1727 nostram,
2458 1681 2708 1734 maguum
2766 1682 2828 1718 ac
2880 1667 3091 1720 celebre
3152 1669 3417 1736 ἰιιεειιιὶιιιιι
3469 1679 3702 1722 vestrum

2128 1755 2450 1818 nobilitabit,
2483 1771 2601 1808 cum
2636 1756 2934 1823 adjectiouc
2966 1758 3108 1820 vitri,
3155 1767 3265 1810 tum
3317 1760 3704 1827 compositione

2127 1842 2351 1897 artificis
2380 1843 2660 1914 elegantis.

2619 1957 2944 2012 EPlS'l‘OLA
2983 1958 3213 2012 XXVIII.

2476 2061 2542 2096 Αο
2593 2062 2831 2098 FRATRES
2863 2064 3347 2102 ιιιΑλυιλιΑςεκςεε.

2196 2131 2483 2202 Quousque
2513 2131 2803 2186 abutemini
2835 2135 3108 2202 Patientia,
3137 2137 3376 2190 fidissimi
3409 2138 3700 2205 quondam,

2126 2221 2730 2288 utputabatur,amici?
2774 2222 3103 2276 Cltaritatem
3147 2225 3430 2278 verborum
3472 2237 3702 2294 prmteu-

2126 2311 2250 2364 ditis
2278 2353 2290 2372 ,
2332 2314 2572 2381 rapinam
2615 2329 2872 2368 exercere
2913 2317 3105 2382 parati.
3154 2316 3262 2368 Cur
3307 2319 3702 2371 sanctissimam

2126 2403 2436 2456 societatem
2510 2404 2872 2473 abrumpitis?
2937 2408 3205 2470 Quosdam
3271 2410 3482 2461 codices
3549 2411 3701 2461 nobis

2125 2505 2300 2548 vestra
2327 2505 2516 2562 sponte
2547 2495 2838 2563 obtulistis,
2867 2497 2957 2549 sed
3007 2499 3174 2548 uestri
3217 2497 3355 2565 jttris
3403 2509 3702 2566 nostra-que

2127 2586 2376 2639 Ecclesia:
2413 2596 2596 2640 contra
2629 2588 2835 2641 divinas
2869 2589 3240 2656 Inttnanasque
3267 2590 3405 2657 leges
3440 2591 3699 2644 retinetis.

2125 2677 2228 2728 Aut
2254 2675 2512 2729 librorum
2559 2679 2893 2731 restitutione
2921 2694 3041 2731 cum
3068 2679 3319 2745 adjuncto
3340 2679 3576 2733 charitas
3614 2695 3701 2732 re-

2126 2767 2538 2835 diulegrabitur,
2577 2777 2668 2820 aut
2715 2769 3015 2836 depositum
3068 2770 3207 2823 male
3254 2780 3520 2824 retentum
3570 2772 3704 2825 bene

2127 2855 2320 2909 merito
2350 2859 2611 2911 suonlicio
2639 2859 3102 2911 condemnabitur.

2638 2992 2966 3048 EI'ISTOLA
3000 2995 3190 3048 XXIX.

2265 3115 2331 3154 AD
2362 3115 2641 3156 ECBERTUM
2682 3119 3127 3158 ARCIIIEPISCOI’UH
3162 3121 3549 3160 TBEVIBENSEM.

2195 3213 2327 3281 Quia
2370 3216 2456 3268 ditt
2486 3226 2668 3284 optato
2700 3218 2921 3271 consilio
2972 3228 3148 3272 vestro
3192 3236 3295 3273 non
3351 3220 3698 3289 pcrfruimur,

2130 3321 2237 3359 non
2265 3309 2394 3360 satis
2432 3309 2653 3376 patienti
2706 3309 2885 3361 animo
2933 3309 3245 3372 toleramus,
3291 3310 3572 3373 instamus,
3617 3327 3708 3364 ca-

2131 3409 2327 3462 susque
2355 3396 2796 3464 interstrepcntcs
2815 3397 3087 3450 revincere
3117 3397 3436 3450 laboramus.
3458 3399 3705 3467 Synodus

2133 3483 2183 3536 in
2217 3485 2460 3554 partibus
2501 3485 2694 3545 Rheni,
2727 3498 2783 3538 ut
2831 3485 2969 3537 fama
3019 3495 3122 3547 est,
3174 3486 3370 3539 indicta
3429 3503 3440 3538 :
3497 3498 3711 3540 nostro-

2135 3589 2360 3642 rumque
2409 3576 2788 3642 episcoporum
2846 3591 2967 3629 eum
3019 3576 3308 3628 validiores
3360 3577 3550 3640 morbi,
3598 3586 3709 3630 tum

2131 3662 2294 3716 etiam
2340 3665 2483 3732 regia
2537 3665 2772 3732 negotia,
2812 3680 2973 3732 quam
3018 3681 3119 3717 una
3155 3665 3419 3718 voluimus
3454 3665 3710 3719 intertur-

2130 3750 2259 3804 bant
2287 3753 2567 3821 synodum.
2597 3751 2700 3805 δα]
2737 3769 2799 3803 ne
2834 3753 3048 3804 interim
3079 3753 3190 3806 etio
3215 3763 3541 3820 torpeamus,
3569 3755 3709 3807 bcali

2132 3843 2342 3898 Ottonis
2369 3843 2621 3913 suffragia
2654 3844 2718 3895 ad
2761 3860 2995 3912 praesens
3031 3855 3285 3912 expetere
3317 3845 3577 3898 inanimo
3604 3856 3710 3909 est,

2132 3937 2271 3989 unde
2292 3951 2386 4004 per
2401 3950 2493 3988 vos
2518 3936 2748 3990 reditum
2777 3935 2977 3989 habere
2993 3935 3347 4004 disponimus,
3369 3946 3424 3988 ut
3447 3935 3710 4005 prolixam

2132 4025 2548 4096 disjunctionetn
2585 4034 2822 4077 nostram
2853 4040 2913 4078 ea
2950 4025 3331 4092 conjunctione
3363 4025 3710 4094 castigemus.

2133 4117 2197 4170 Et
2224 4117 2478 4186 quoniam
2515 4130 2608 4183 per
2642 4116 2948 4168 Verdunum
2982 4115 3085 4168 iter
3129 4115 3283 4168 nobis
3326 4125 3424 4177 est,
3475 4130 3540 4169 eo
3585 4130 3712 4167 cru-

2135 4226 2249 4264 cem
2278 4218 2457 4263 vestra
2488 4207 2713 4262 scicntia
2747 4217 2798 4258 ut
2841 4220 3123 4274 speramus
3152 4205 3502 4265 elaboratam,
3531 4205 3572 4257 si
3601 4204 3713 4257 fieri

2133 4310 2332 4370 potest,
2366 4299 2481 4352 Kal.
2527 4297 2842 4351 Novembris
2877 4297 3109 4364 dirigite.
3155 4295 3332 4363 sitque
3376 4295 3476 4348 boc
3524 4296 3715 4364 pignus

2133 4393 2402 4446 amicitia;
2461 4390 2535 4443 Ita
2605 4405 2738 4457 Opus
2786 4389 3004 4456 placens
3057 4387 3184 4440 dum
3245 4385 3416 4438 oculis
3464 4386 3711 4439 crebrius

2137 4485 2432 4553 ingeretur,
2465 4480 2854 4536 indissolubilis
2893 4494 3045 4532 amor
3085 4479 3135 4531 in
3178 4479 3294 4532 dics
3339 4478 3702 4546 augmentabi-

2060 4574 2103 4631 D
2133 4584 2238 4628 tur.

2654 4661 2984 4716 EPISTOLA
3018 4659 3186 4713 XXX.

2276 4794 2342 4834 AD
2377 4792 2659 4833 ECBEBTUM
2691 4789 3140 4830 ABCHIEPISCOPUM
3183 4789 3570 4847 τιιειίιιεκεειι.

2202 4895 2314 4950 Etsi
2339 4892 2613 4948 beneﬁciis
2631 4890 2827 4946 vestris
2850 4889 2901 4944 in
2931 4889 3112 4941 animo
3133 4897 3215 4942 est
3239 4903 3336 4942 suo
3362 4897 3602 4957 tempore
3633 4903 3717 4942 re-

2134 4989 2416 5056 spondere,
2435 4995 2611 5039 tamen
2641 4984 2718 5037 uti
2744 4984 2857 5036 lucc
2875 4981 3060 5034 eadem
3081 4979 3510 5039 acettmulentur.
3529 4990 3716 5034 sancta

2137 5077 2374 5132 societas
2400 5073 2696 5145 praesumit.
2735 5071 2816 5127 Sit
2853 5086 2984 5140 ergo
3028 5079 3215 5126 ucstro
3266 5071 3488 5124 obtentu
3541 5068 3720 5123 llidilo

2138 5167 2323 5222 fratris
2353 5168 2458 5221 mei
2489 5165 2771 5236 presbyter
2795 5177 2930 5216 nexu
2953 5161 3532 5216 excommunicationis
3563 5159 3720 5220 liber.

2137 5258 2309 5313 donec
2335 5258 2388 5310 in
2421 5255 2668 5328 proximo
2710 5262 2972 5313 conventu
3005 5269 3165 5308 causa
3201 5251 3318 5320 ejus
3363 5251 3598 5305 discussa
3632 5261 3728 5303 aut

2141 5349 2486 5404 innocentem
2526 5345 2742 5412 reddat.
2775 5353 2864 5400 aut
2891 5358 2988 5396 nos
3025 5347 3092 5399 ab
3117 5346 3312 5414 iniusta
3347 5342 3598 5410 petitione
3625 5340 3726 5392 ab-

2298 5449 2310 5457 .
2364 5439 2443 5457 ῆι.
2487 5438 2632 5457 μιε-ημ
2680 5444 2693 5456 ο
2763 5436 2840 5457 -ηε
2883 5435 3084 5457 --1-ι-..
3118 5445 3416 5457 -,,ι--..--.--
3468 5433 3726 5455 121...Α...-.αι
