4516 5500
863 434 967 489 515

1373 556 1693 613 ΕΡΙΞΤΟΙΑ
1730 556 1917 611 XXXI.

1486 666 1553 705 AD
1580 666 1817 705 EL'IIDEI.

932 734 1091 790 Omni
1124 735 1432 791 difficultate
1458 753 1637 791 rerum
1664 755 1691 791 a
1713 746 1890 808 empto
1916 738 2108 792 itinere
2132 735 2427 797 interclusi.

858 828 1214 896 expetendum
1249 829 1556 882 censuimus
1584 840 1799 900 portum
1825 830 2037 884 salutis.
2085 828 2218 882 Nam
2268 828 2431 881 decli-

858 916 1002 968 viuru
1032 918 1290 971 montium
1323 928 1590 974 torrentes
1615 922 1855 974 continui
1888 920 2255 989 intercipiunt,
2285 934 2430 972 cam-

857 1003 1059 1071 pestria
1090 1006 1167 1060 sic
1196 1005 1354 1077 juges
1386 1022 1539 1076 aqua:
1566 1010 1801 1063 vestiunt
1821 1049 1834 1071 ,
1865 1018 1923 1062 ut
1957 1008 2098 1061 villis
2121 1022 2241 1061 cum
2274 1007 2427 1060 habi-

859 1094 1127 1149 tatoribus
1155 1096 1402 1161 sublatis,
1434 1100 1695 1152 armentis
1724 1099 1950 1162 enectis,
1990 1107 2249 1151 terrorem
2279 1098 2427 1167 iuge-

856 1193 979 1242 rant
1012 1183 1197 1240 diluvii
1221 1187 1514 1241 renovandi
1543 1205 1555 1240 :
1587 1203 1677 1257 spe
1703 1188 1938 1241 melioris
1960 1203 2103 1241 aura:
2134 1203 2163 1239 ιι
2191 1187 2430 1256 physicis

855 1282 1085 1336 sublata.
1113 1280 1427 1351 Rcfugimus
1456 1280 1639 1349 itaque
1664 1280 1728 1332 ad
1752 1296 1844 1333 vos
1867 1288 2119 1347 tanquam
2149 1282 2214 1333 ad
2247 1294 2428 1333 aream

854 1371 986 1435 Noe,
1014 1373 1398 1440 Treverimque
1430 1372 1663 1426 invisere
1695 1372 1818 1425 totis
1852 1373 2055 1426 viribus
2100 1387 2360 1425 conamur
2412 1389 2425 1424 :

854 1464 998 1517 beati
1029 1464 1240 1517 Ottouis
1268 1478 1365 1530 per
1389 1462 1493 1515 vim
1530 1472 1741 1516 extorta
1771 1462 2031 1530 obsequia
2061 1462 2111 1513 in
2145 1461 2285 1514 heati
2328 1461 2429 1515 Pe-

855 1555 918 1607 tri
951 1554 1315 1623 apostolorqu
1350 1552 1608 1620 principis
1634 1552 1974 1604 devotionem
2011 1550 2247 1604 relaturi.

1357 1644 1535 1697 EPIS'I
1552 1642 1685 1697 οιΑ
1717 1642 1929 1696 XXXII.

1247 1751 1324 1789 AD
1364 1748 2026 1788 CONPROVINCIALES.

920 1826 1086 1882 Multa
1108 1840 1269 1893 super
1287 1834 1427 1879 statu
1452 1824 1800 1877 ecclesiarum
1825 1822 2058 1891 Domini,
2075 1823 2239 1876 multa
2267 1839 2429 1893 super

1898 439 2373 495 ADALBERONIS
2412 439 2725 495 ARCIIIEP.
2771 442 3060 499 REMENS.

3998 450 4102 505 516

2461 560 2508 615 Α
2540 556 2697 610 tionis
2726 556 2777 610 in
2806 556 3006 625 palatio
3038 557 3349 628 Ingelhcim,
3379 570 3432 615 et
3471 560 3645 616 videte
3694 563 3739 616 si
3792 564 3930 633 quod
3978 580 4104 633 pro-

2534 646 2655 699 misi
2682 646 2831 700 vobis
2867 648 2931 700 de
2984 662 3114 716 pace
3172 647 3313 703 inter
3369 664 3522 719 reges
3566 650 3654 705 diu
3710 653 3929 719 quaesita
3981 668 4103 721 per—

2533 747 2709 789 actum
2745 746 2847 791 est.
2880 739 3092 792 Interim
3126 738 3350 793 fideliter
3372 742 3659 805 admoneo,
3688 753 3745 796 ut
3776 744 4014 813 reginam
4039 761 4104 800 ac

2531 830 2839 899 episc0pum
2870 831 3164 885 secundum
3190 832 3504 901 dignitatem
3553 842 3782 887 vestram
3833 834 4104 888 lenissime

2534 921 2777 975 tractetis
2820 930 2873 975 et
2905 912 2969 986 ne
2992 937 3087 977 vos
3114 922 3356 975 concludi
3408 923 3547 978 inter
3597 925 3793 978 mmnia
3841 925 4107 982 ullatenus

2533 1012 2830 1079 patiamini.

3205 1102 3440 1156 XXXVI.

2919 1208 2986 1245 AD
3036 1208 3271 1247 DOIIINAI
3331 1210 3718 1249 TllEOPIlANiAu.

2604 1282 2828 1351 Semper
2850 1284 3067 1352 quidem
3114 1285 3331 1339 utilitati
3379 1297 3572 1339 vestrae
3616 1285 3921 1355 prospicere
3960 1284 4109 1339 volu-

2532 1388 2684 1437 mus,
2717 1389 2781 1427 ac
2832 1374 3208 1443 prospiciendo
3238 1378 3533 1443 gaudemus
3577 1394 3587 1427 :
3628 1376 3823 1445 quippe
3865 1375 3955 1443 qui
4008 1391 4107 1427 nos

2534 1472 2826 1533 nostraque
2852 1465 3032 1517 omnia
3062 1475 3256 1518 vestrm
3290 1466 3533 1519 servituti
3585 1466 3975 1520 devovenimus.
4029 1465 4106 1517 Ex

2534 1561 2685 1605 tanto
2713 1568 2842 1623 ergo
2870 1552 3064 1607 affectu
3092 1564 3348 1624 tantoque
3376 1570 3583 1619 amore,
3612 1571 3641 1608 a
3671 1564 3847 1609 vestra
3894 1556 4107 1608 munifi-

2533 1644 2704 1696 centia
2728 1644 3101 1712 priesumimus
3136 1656 3317 1714 petere
3342 1647 3483 1714 quod
3527 1647 3728 1700 scimus
3772 1661 3867 1714 per
3909 1646 4107 1699 fidissi-

2534 1746 2649 1784 mos
2674 1732 2891 1785 nuntios
2921 1732 3045 1785 olim
3076 1733 3230 1787 nobis
3263 1748 3578 1788 concessum
3610 1748 3731 1788 esse
3764 1750 3777 1785 :
3836 1734 3887 1785 id
3940 1740 4023 1785 est
4059 1732 4105 1785 si

2534 1821 2587 1874 in
2618 1836 2899 1890 regnorum
2928 1822 3159 1877 confinio
3181 1824 3417 1892 quolibet
3467 1824 3694 1877 ecclesia
3750 1832 3967 1876 vacaret
4012 1837 4106 1891 pa-

848 1919 1082 1989 publicis
1128 1916 1460 1986 privatisque
1499 1914 1725 1981 negotiis
1760 1914 2155 1977 ratiocinaturi,
2182 1928 2302 1967 cum
2332 1930 2426 1966 uo-
2460 1896 2501 1953 Β
2530 1921 2706 1973 store,
2736 1912 2786 1963 in
2827 1926 2888 1965 ea
2917 1928 3021 1965 non
3065 1912 3227 1966 alium
3279 1913 3735 1976 constituendum,
3794 1911 3896 1965 nisi
3946 1925 4105 1980 quem

848 2018 975 2061 strae
1008 2006 1307 2059 dioeceseos
1337 2002 1702 2057 confratrihus
1726 2001 2045 2055 charissimo
2086 2018 2180 2053 vos
2228 2003 2426 2052 invita-

847 2112 969 2149 mus
1005 2094 1222 2155 affectu,
1269 2109 1375 2145 non
1427 2101 1630 2143 tantum
1693 2090 1898 2153 nostri,
1947 2100 2209 2157 quantum
2263 2092 2425 2144 vestri

846 2201 1008 2241 causa
1042 2185 1261 2238 honoris
1289 2200 1352 2235 ac
1404 2183 1669 2235 utilitatis.
1728 2181 1901 2235 Locus
1956 2181 2227 2250 loquendi,
2277 2182 2428 2238 Mons

847 2287 1049 2331 saneta:
1093 2275 1275 2328 Mariae
1323 2274 1705 2338 Terdonensis,
1738 2282 1947 2342 tempus
1992 2288 2051 2327 ιιι
2098 2274 2278 2327 Iduum
2322 2276 2425 2329 De-

846 2366 1022 2420 cemb.
1053 2364 1256 2419 Valete.

1334 2451 1667 2507 EPISTOLA
1698 2450 1935 2505 XXXIII.

948 2563 1016 2599 AD
1048 2559 1374 2599 ROTIIARDUII
1401 2557 1850 2596 ARCHIEPISCOPUM
1880 2557 2316 2599 CAIERACENSEII.

915 2636 1009 2690 llis
1038 2635 1233 2689 litteris
1274 2634 1513 2702 acceptis
1554 2632 1878 2687 Balduinum
1899 2674 1912 2697 ,
1938 2650 2097 2703 quem
2133 2652 2303 2704 nuper
2328 2651 2425 2689 ex-

844 2726 1382 2788 communieavimus,
1416 2724 1905 2789 excommunicate,
1930 2726 1998 2778 ob
2026 2741 2175 2779 suam
2207 2742 2425 2780 uxorem

842 2820 984 2875 male
1030 2818 1370 2881 derelictam,
1418 2828 1473 2871 et
1513 2816 1655 2885 quod
1712 2817 2032 2887 negligentia
2092 2819 2289 2872 diutius
2348 2829 2429 2873 est

842 2909 1105 2973 dilatum,
1138 2907 1444 2961 obedientia
1487 2906 1809 2975 corrigatur.
1860 2904 2111 2975 Nihilque
2152 2908 2255 2961 sibi
2304 2923 2427 2976 pro-

840 3002 1008 3057 fuerit
1062 3001 1287 3054 Romam
1334 2998 1531 3061 adisse,
1563 2998 1839 3051 dominum
1890 3013 2083 3067 papam
2130 2999 2425 3053 mendaciis

841 3092 1122 3155 delusisse,
1152 3106 1274 3145 eum
1303 3088 1502 3143 Paulus
1529 3088 1674 3142 dicat
1704 3106 1716 3141 :
1748 3087 1811 3143 Si
1845 3089 1964 3157 quis
1990 3089 2128 3141 vobis
2160 3090 2307 3141 aliud
2329 3104 2425 3141 an-

840 3183 1157 3236 nuntiarerit
1212 3189 1562 3249 pra'lerquam
1613 3180 1909 3246 accepistis,
1959 3180 2115 3232 etiam
2169 3178 2420 3247 angelus,

838 3273 1119 3326 anathema
1148 3271 1234 3322 sit.
1266 3270 1453 3323 Estote
1500 3283 1629 3336 ergo
1676 3268 1953 3321 nobiscum
2002 3269 2307 3322 divinarum
2356 3269 2425 3323 le-

838 3378 966 3433 gum
999 3361 1334 3424 defensores,
1359 3360 1449 3429 qui
1482 3358 1836 3413 sacerdotalis
1866 3359 2142 3429 dignitatis
2176 3360 2423 3429 gaudetis

838 3473 957 3514 esse
983 3456 1292 3527 participes.
1738 3448 1743 3451 ’

1329 3542 1662 3599 EPISTOLA
1704 3543 1942 3598 XXXIV.

1474 3652 1791 3690 AD.....

911 3732 1151 3789 Molestia
1176 3737 1359 3783 vestra
1386 3726 1577 3795 dejecti
1605 3725 1935 3780 relevatione
1960 3725 2178 3779 relevati
2212 3742 2422 3790 sumus,

836 3824 1170 3885 addidimus,
1196 3819 1357 3873 etiam
1410 3826 1463 3872 et
1518 3816 1779 3870 addemus
1829 3816 2250 3884 supplicationes
2290 3832 2423 3885 quas

835 3917 1158 3989 poterimus,
1182 3922 1237 3967 et
1267 3913 1315 3967 si
1362 3911 1489 3980 quid
1536 3926 1626 3965 ars
1671 3911 1952 3966 medicina:
2011 3911 2179 3964 labori
2239 3920 2424 3964 nostro

835 4014 1111 4077 suggeret,
1154 4017 1315 4071 quam
1372 4000 1620 4071 proxime
1663 4000 1984 4071 dirigemus.
2039 3999 2415 4055 Permovemui

836 4111 1021 4155 autem
1052 4093 1441 4165 aliquantulum
1482 4094 1626 4162 quod
1660 4102 1765 4147 tam
1798 4108 1920 4147 sero
1960 4106 2080 4162 quze
2128 4091 2275 4147 circa
2329 4108 2422 4145 vos

835 4196 1021 4245 essent
1067 4184 1224 4239 nobis
1258 4181 1624 4251 significastis,
1672 4190 1728 4236 et
1778 4182 2012 4236 maxime
2056 4196 2218 4250 super
2262 4195 2421 4234 causa

837 4280 1024 4335 fratris
1046 4293 1109 4332 ac
1133 4274 1344 4346 nepotis
1373 4272 1566 4328 nostri.
1604 4271 1726 4327 Mox
1752 4272 1950 4342 quippe
1982 4280 2040 4324 ut
2075 4279 2255 4326 vestra
2288 4270 2420 4340 legi—

837 4386 975 4431 mus,
1008 4384 1071 4424 ac
1093 4376 1337 4423 nostrum
1368 4364 1601 4436 legatum
1646 4378 1677 4416 a
1722 4362 1923 4431 palatio
1970 4362 2295 4430 accepimus,
2331 4362 2420 4430 qui

837 4465 1015 4521 omnia
1040 4476 1159 4532 quae
1189 4458 1445 4522 fuissent,
1469 4458 1566 4511 Ar.
1597 4456 1767 4509 filium
1798 4454 1916 4522 ejus
1961 4452 2111 4523 regio
2154 4453 2295 4507 dono
2332 4468 2423 4507 ac-

837 4554 1045 4625 cepisse
1069 4552 1326 4606 firmaret.
1355 4548 1412 4603 In
1438 4563 1545 4618 quo
1568 4547 1711 4600 aliud
1735 4545 1985 4600 solatium
2007 4560 2110 4597 non
2137 4544 2419 4604 habemus,

836 4648 938 4701 nisi
966 4645 1107 4715 quod
1142 4642 1341 4697 milites
1388 4638 1680 4711 plurimum
1739 4638 1808 4691 ab
1856 4651 1921 4690 eo
1977 4634 2265 4689 dissentire
2312 4636 2418 4689 sci-

839 4756 976 4795 mus.
1010 4738 1179 4793 I’orro
1213 4746 1267 4792 et
1308 4737 1361 4791 in
1394 4737 1497 4791 hoc
1541 4734 1961 4795 elaborabimus,
1992 4731 2045 4785 in
2096 4731 2290 4799 quibus
2333 4746 2421 4785 ve-

838 4816 1006 4892 itrum
1032 4831 1169 4887 velle
1193 4844 1600 4900 cognoscemus.

838 4910 843 4940 ³
1272 4919 1683 4976 EPISTOLA
1738 4917 1982 4973 XXXV.

1332 5028 1396 5065 AD
1432 5026 1677 5067 CAROLUM
1728 5025 1901 5066 DUCEII
1913 5051 1923 5061 .

908 5107 965 5162 Si
996 5106 1122 5177 quid
1153 5104 1490 5160 excellentia:
1534 5112 1729 5156 vestrae
1778 5108 1965 5154 nostra
2016 5099 2250 5153 servitus
2294 5114 2421 5152 con-

836 5196 982 5251 ferre
1012 5205 1225 5266 potest,
1256 5195 1308 5248 iu
1336 5194 1437 5247 hoc
1468 5192 1761 5262 plurimum
1808 5189 2123 5260 gaudemus.
2177 5188 2243 5241 Et
2294 5188 2417 5255 quia

837 5302 981 5334 nunc
1007 5288 1071 5334 ad
1099 5301 1196 5334 vos
1224 5284 1522 5334 secundum
1553 5281 1839 5334 imperium
1866 5288 2103 5333 vestrum
2141 5294 2243 5331 non
2277 5278 2422 5330 veni—

2530 2006 2722 2049 vestrm
2768 1997 2985 2050 utilitati
3026 1999 3333 2054 omnimode
3363 2010 3543 2069 aptum
3572 2018 3703 2057 sano
3734 2002 3935 2069 judicio
3964 2003 4107 2058 dele-

2530 2088 2789 2156 gerimus.
2838 2088 2905 2141 Et
2969 2090 3092 2156 quia
3149 2092 3399 2145 omnibus
3446 2094 3866 2162 provincialibus
3922 2102 4103 2147 notum

2529 2175 2677 2229 Italia
2701 2177 3004 2245 expulsum,
3049 2179 3141 2231 sed
3190 2180 3241 2231 in
3290 2180 3393 2234 fide
3446 2198 3550 2235 non
3598 2184 3720 2236 ficta
3779 2192 4103 2251 perstantem

2533 2266 2795 2321 habemus
2822 2269 3067 2323 abbatem
3096 2270 3439 2337 Gen-bertam,
3471 2274 3612 2327 hunc
3631 2274 3871 2328 ecclesia:
3907 2275 4104 2343 praefici

2531 2357 2701 2411 modis
2728 2358 2923 2426 quibus
2950 2374 3232 2428 possumus
3271 2376 3507 2417 oramus.
3549 2364 3648 2429 Qui
3677 2366 3832 2419 nobis
3887 2367 4103 2434 quidem

2527 2454 2611 2500 est
2634 2462 2790 2500 verus
2816 2447 2974 2511 filius,
3010 2451 3160 2504 vobis
3186 2466 3310 2504 vero
3354 2467 3449 2521 per
3476 2455 3656 2507 omnia
3685 2456 4103 2525 obsequentissi-

2528 2554 2649 2592 mus
2675 2553 2882 2593 servus.
2913 2541 3077 2610 Cujus
3107 2542 3348 2597 absentia
3388 2545 3488 2597 etsi
3530 2547 3751 2599 nimium
3797 2562 4101 2616 gravamur,

2531 2636 2708 2679 tamen
2738 2628 2807 2681 ob
2830 2630 3133 2683 communia
3160 2630 3417 2686 beneficia
3464 2634 3671 2701 privata
3702 2637 4100 2703 posthabemus.

2530 2716 2704 2786 Super
2742 2719 2825 2771 his
2865 2728 3099 2773 vestrum
3131 2721 3265 2775 velle
3304 2724 3537 2791 experiri
3581 2726 3901 2792 quantocius
3939 2725 4104 2779 sacris

2530 2810 2809 2878 rescriptis
2839 2810 3039 2863 obnixe
3064 2808 3437 2882 eﬂlagitamus.

2994 2899 3322 2957 EPISTOLA
3364 2903 3624 2958 XXXVII.

2865 3006 2869 3019 ι
2918 3006 2983 3042 ΔΙ)
3013 3006 3223 3045 ειειιωι
3253 3008 3320 3046 ΕΤ
3354 3008 3614 3049 POPULUI.
3653 3032 3666 3046 .
3705 3032 3718 3046 .

2598 3081 2819 3134 Multum
2882 3084 3133 3138 mteroris
3190 3085 3523 3154 multumque
3584 3088 3871 3140 anxiel-tis
3931 3086 4108 3140 intulit

2528 3174 2683 3225 nobis
2712 3176 2904 3226 acerba
2934 3190 3077 3228 mors
3106 3177 3267 3230 vestri
3325 3176 3502 3229 Patris
3551 3177 3825 3246 nostrique
3872 3177 4107 3230 dilectis-

2528 3264 2648 3316 simi
2687 3263 2886 3317 fratris.
2940 3264 3092 3319 Nunc
3135 3266 3316 3335 itaque
3358 3266 3498 3320 Deus
3530 3268 3656 3321 totis
3683 3268 3971 3335 pulsandus
3999 3283 4106 3320 me-

2528 3354 2687 3408 dullis
2712 3398 2726 3420 ,
2760 3366 2816 3409 ut
2856 3356 3005 3409 vobis
3034 3355 3248 3411 Patrem
3273 3373 3334 3410 ac
3365 3359 3519 3412 nobis
3562 3360 3810 3412 idonemu
3857 3359 4106 3413 restituat

2526 3442 2769 3499 fratrem.
2813 3444 2896 3500 Sit
2935 3447 3147 3501 interim
3179 3456 3355 3501 vestra
3393 3448 3612 3517 pervigil
3642 3463 3773 3501 cura
3822 3458 3879 3501 ut
3915 3463 4108 3501 secun-

2527 3536 2653 3589 dum
2679 3536 2890 3589 divinas
2930 3545 2985 3589 et
3016 3538 3277 3591 humanas
3303 3539 3446 3605 leges
3480 3554 3563 3591 res
3589 3538 3825 3593 defuncti
3850 3539 4103 3608 epiStopi,

2530 3632 2637 3677 tam
2671 3624 2896 3680 mobiles
2937 3641 3097 3693 quam
3146 3628 3482 3693 inmobiles.
3534 3627 3715 3681 futuro
3772 3640 4109 3683 reserventur

2526 3716 2779 3785 episc0po
2815 3734 2825 3767 :
2870 3730 2936 3769 ne
2966 3717 3033 3779 si,
3065 3717 3204 3785 quod
3237 3718 3394 3781 absit,
3430 3735 3477 3771 ιιι
3518 3719 3567 3773 Ie
3598 3726 3812 3773 cautum
3843 3718 4023 3780 fuerit,
4054 3718 4107 3770 in

2527 3805 2856 3877 negligentes
2886 3823 3005 3861 eum
3031 3808 3225 3875 regalis
3255 3824 3503 3873 censura,
3540 3821 3648 3863 tum
3689 3811 3851 3863 etiam
3892 3809 4109 3879 gra\ior

2528 3900 2847 3953 adhibeatur
2873 3900 3050 3952 divina
3080 3901 3364 3954 sententia.

2988 3988 3319 4043 EPISTOLA
3362 3990 3643 4044 XXXVIII.

2823 4095 2889 4133 AD
2952 4096 3319 4135 TREVIRENSEI
3370 4098 3419 4133 ν.
3472 4098 3523 4134 γ.
3568 4099 3620 4136 D.
3674 4098 3727 4135 Κ.
3772 4100 3822 4135 Α.

2596 4169 2713 4225 Non
2747 4179 2945 4224 temere
2975 4186 3094 4225 esse
3120 4172 3447 4226 credendum
3478 4174 3784 4228 rumoribus
3812 4190 3933 4228 cum
3964 4189 4107 4243 saepe

2526 4260 2643 4315 sitis
2665 4260 2892 4329 experti,
2930 4277 3073 4316 nunc
3100 4262 3441 4331 experimini.
3478 4261 3668 4317 Divina
3699 4264 3896 4332 quippe
3930 4264 4105 4333 gratia

2526 4352 2909 4419 praeveniente,
2934 4367 2997 4407 ac
3037 4368 3255 4422 precum
3298 4362 3599 4408 vestrarum
3632 4354 3886 4408 instantia
3914 4354 4096 4408 suffra-

2524 4450 2705 4510 gante,
2736 4442 2987 4495 omnibus
3023 4442 3280 4511 episc0pii
3310 4443 3469 4497 rebus
3500 4445 3733 4513 potimur
3760 4453 3817 4497 ut
3847 4453 4107 4509 ante,ncc

2527 4531 2817 4600 quidquam
2859 4546 2926 4585 ex
2980 4542 3125 4585 tanta
3173 4533 3315 4586 fama
3355 4532 3497 4586 aliud
3533 4531 3651 4594 fuit,
3686 4532 3785 4585 nisi
3816 4533 3956 4601 quod
3986 4540 4109 4602 post

2530 4620 2805 4673 meridiem
2833 4622 3109 4690 occupatis
3142 4621 3401 4675 militibus
3440 4622 3600 4691 regiis
3635 4622 3762 4675 vino
3804 4631 3859 4675 et
3890 4636 4104 4685 somno,

2528 4709 2779 4777 oppidani
2809 4710 2935 4763 totis
2972 4710 3176 4765 viribus
3206 4711 3542 4780 eruptionem
3589 4710 3856 4777 fecerunt,
3881 4712 4108 4765 nostris-

2526 4813 2629 4867 que
2654 4799 3030 4854 resistentibus
3058 4815 3122 4854 ac
3156 4815 3249 4855 eos
3298 4801 3677 4870 repellentibus
3698 4841 3714 4866 ,
3763 4816 3793 4855 a
3845 4802 4108 4856 mendicis

2526 4901 2765 4945 cremata
2797 4901 2921 4947 sunt
2948 4901 3159 4959 castra;
3189 4908 3295 4962 quo
3326 4894 3573 4949 incendio
3605 4896 3780 4949 omnis
3817 4904 4108 4965 apparatus

2525 4986 2818 5039 obsidionis
2845 4986 3160 5055 absumptus
3182 4995 3283 5040 cst.
3316 4986 3444 5052 Qua:
3469 4987 3659 5040 damna
3683 5002 3775 5039 vui
3811 4986 3927 5040 Kal.
3952 4985 4102 5056 Sept.

2524 5077 2870 5145 multiplicius
2896 5080 3246 5132 restauranda
3277 5089 3422 5131 sunt.
3453 5078 3745 5132 limnensas
3770 5094 3929 5147 porro
3954 5078 4105 5131 vobis

2523 5169 2868 5237 rependimus
2897 5179 3095 5238 grates,
3120 5170 3263 5238 quod
3305 5180 3411 5224 tam
3442 5173 3712 5239 praacipuo
3758 5169 3953 5223 affectu
4005 5185 4107 5222 no-

2522 5260 2619 5312 stri
2651 5260 2837 5327 geritis
2856 5276 3060 5314 curam.
3088 5260 3239 5325 Quod
3264 5262 3564 5315 continuari
3588 5277 3709 5315 cum
3739 5261 3941 5316 sanctis
3970 5261 4109 5330 peti-
