4516 5500
393 469 490 525 5i7

971 456 1434 514 INTRODUCTIO
1476 448 1952 510 MONACilOllURI
1991 447 2054 500 IN
2091 446 2585 503 \IONXSTERIL'II
2620 449 3063 506 MOSOMENSE.

3554 454 3657 509 5I8

393 579 624 639 minatis,
667 575 752 630 cui
783 574 945 627 vitam
977 582 1299 639 extorquere
1332 566 1525 620 vultis?
1581 564 1818 632 Denique
1867 574 1968 614 non
2001 562 2049 619 Α
2082 561 2307 618 febrium
2377 567 2614 636 graviter
2674 568 2974 635 exagitatus
3001 609 3014 624 .
3079 570 3350 622 sincerum
3403 570 3653 627 affectum

392 676 468 728 sic
490 669 776 742 promerui.
814 667 904 720 sed
929 665 1260 735 perditorum
1293 663 1569 714 hominum
1623 658 1800 710 dolosa
1849 671 1975 709 con-

392 764 508 818 silia
546 774 760 829 semper
788 757 918 827 fugi,
943 771 1004 808 ac
1044 753 1204 822 fugio,
1240 768 1342 805 non
1374 752 1439 804 de
1481 750 1630 802 vobis
1679 749 1817 802 dico.
1873 746 1975 798 Ile—

391 853 713 913 cordamini,
747 851 872 918 quia
915 847 1095 900 dicitis
1128 854 1185 897 ut
1223 841 1494 903 recorder,
1529 841 1655 911 quid
1701 841 1975 892 vobiscum

393 943 715 998 contulerim
746 940 812 993 de
833 947 1011 991 vestra
1047 934 1241 998 salute,
1269 949 1390 988 cum
1426 933 1657 1001 primum
1705 945 1802 981 nos
1861 927 1977 980 adi-

393 1035 512 1095 stis,
538 1031 662 1102 quid
691 1029 898 1084 consilii
929 1026 1171 1082 dederim
1218 1039 1380 1094 super
1406 1021 1664 1075 adeundis
1692 1019 1840 1087 regni
1871 1017 1979 1086 pri-

398 1125 652 1176 matibus.
689 1119 820 1172 Nam
849 1118 970 1186 quis
1009 1132 1182 1177 eram,
1217 1124 1274 1167 ut
1313 1113 1459 1168 solus
1507 1127 1684 1181 regem
1735 1112 1978 1178 impone-

398 1228 505 1267 rem
535 1210 795 1266 Francis?
840 1207 1054 1260 Publica
1099 1215 1223 1258 sunt
1264 1205 1376 1256 lure
1425 1202 1659 1271 negotia,
1717 1217 1819 1251 non
1876 1198 1981 1265 pri-

395 1312 538 1356 vata.
573 1301 764 1356 Odisse
796 1315 878 1352 me
907 1299 1107 1367 putatis
1145 1297 1348 1366 regium
1388 1293 1593 1364 geaus?
1645 1291 1837 1344 Testor
1882 1290 1984 1342 Re-

398 1393 731 1458 demptorem
763 1405 937 1454 meum
967 1388 1091 1456 quia
1135 1402 1238 1440 non
1280 1387 1390 1457 odi.
1451 1385 1588 1450 Quid
1641 1382 1980 1451 potissimum

395 1481 546 1533 vobis
571 1480 638 1533 sit
664 1478 967 1532 faciendum
993 1477 1256 1545 qttteritis.
1289 1474 1397 1528 lIoe
1427 1490 1545 1526 cum
1572 1472 1785 1525 dtllieile
1836 1472 1979 1524 dictu

400 1573 492 1633 sit,
523 1586 624 1624 nec
655 1571 784 1624 satis
814 1570 946 1632 scio,
969 1584 1066 1622 nec
1090 1569 1132 1622 si
1164 1569 1330 1620 sciam
1361 1568 1539 1620 dicere
1569 1566 1758 1618 ausim.
1785 1564 1986 1617 Amici-

399 1664 527 1715 tiam
553 1676 725 1714 meam
759 1660 1086 1728 exposcitis?
1135 1659 1350 1714 Utinam
1397 1659 1538 1710 a'sit
1590 1672 1652 1709 ea
1717 1657 1833 1710 dies
1881 1672 1983 1723 qua

399 1752 623 1804 honeste
653 1749 810 1802 liceat
844 1749 1040 1802 vestris
1074 1749 1336 1802 interesse
1385 1746 1682 1811 obsequiis.
1729 1745 1985 1810 Quamvis

394 1839 538 1890 enim
572 1837 938 1889 sanctuarium
973 1836 1184 1889 Domini
1215 1835 1584 1904 pervaseritis,
1617 1835 1876 1902 reginam,
1901 1835 1983 1887 cui

2079 673 2197 710 meo
2226 678 2250 706 ιτ
2280 658 2421 709 circa
2451 667 2522 718 te,
2549 657 2853 710 dulcissime
2890 657 3073 718 frater,
3105 659 3373 726 explicare
3399 677 3501 715 non
3528 666 3656 717 satis

2079 751 2249 802 valeo.
2281 749 2387 803 Iloe
2422 759 2628 802 tantum
2659 750 2923 818 significo,
2979 752 3212 820 impera,
3269 753 3655 821 obsequemur.

2080 845 2257 910 sitque
2309 851 2488 895 nostra
2543 842 2777 894 amicitia
2831 842 3016 894 eadem
3063 842 3198 894 velle
3252 851 3411 911 atque
3469 845 3656 898 eadem

2082 935 2240 990 nolle.
2269 934 2329 986 Et
2357 933 2482 1001 quia
2510 932 2649 984 inter
2678 948 2872 996 graves
2896 944 3059 986 :estus
3088 949 3342 988 curarum
3387 935 3498 989 sola
3543 937 3659 1004 phi-

2083 1024 2322 1092 losophia
2349 1024 2497 1091 quasi
2535 1023 2800 1092 quoddam
2846 1024 3138 1076 remedium
3170 1038 3290 1078 esse
3315 1034 3514 1093 potest,
3538 1027 3654 1079 ubi-

2083 1131 2294 1185 cunque
2322 1125 2504 1184 partes
2539 1114 2654 1181 ejus
2705 1115 3046 1184 imperfectas
3095 1116 3380 1180 habemus,
3417 1118 3662 1188 suppleat

2084 1207 2346 1259 industria
2377 1215 2577 1259 vestra.
2619 1206 2698 1259 Ad
2731 1221 2965 1274 prtesens
2993 1218 3171 1260 autem
3219 1209 3500 1262 rescribite
3546 1218 3660 1262 tan-

2086 1309 2196 1351 tum
2225 1298 2364 1368 quod
2395 1299 2543 1352 deest
2573 1298 2724 1351 nobis
2773 1299 2821 1350 in
2868 1298 3041 1366 primo
3089 1299 3356 1352 volumine
3414 1301 3662 1353 secundze

2085 1393 2339 1446 editionis
2365 1391 2531 1445 Boetii
2567 1392 2616 1444 in
2650 1391 2786 1445 libro
2814 1389 2930 1444 Peri
2967 1391 3295 1454 hermcnias,
3325 1392 3423 1444 hoc
3467 1401 3549 1446 est
3595 1393 3663 1445 ab

2085 1498 2150 1536 eo
2177 1484 2292 1535 loco
2320 1482 2408 1535 ttbi
2435 1483 2692 1550 scriptum
2721 1491 2820 1534 est.
2861 1478 2981 1533 Non
3010 1483 3169 1533 currit
3211 1498 3324 1534 vero
3367 1491 3412 1532 ct
3458 1498 3558 1533 non
3588 1481 3666 1534 la-

2087 1574 2252 1626 borat.
2278 1569 2397 1623 Non
2424 1572 2627 1623 verbum
2645 1571 2761 1623 dico
2792 1587 2907 1622 cum
2933 1572 3191 1640 signiﬁcat
3213 1572 3420 1640 quidem
3444 1581 3665 1639 tempus,

2089 1678 2260 1729 usque
2289 1662 2351 1713 ad
2380 1677 2502 1714 eum
2534 1661 2711 1714 locum
2745 1660 2830 1713 ubi
2857 1661 3080 1723 dicitur,
3109 1661 3218 1730 ipsa
3245 1662 3448 1727 quidem
3493 1677 3670 1713 serun-

2089 1756 2214 1807 dum
2244 1770 2297 1806 se
2332 1754 2471 1804 dicta
2511 1752 2661 1804 verba
2711 1751 2920 1804 nomina
2967 1761 3108 1815 sunt,
3138 1762 3183 1803 et
3224 1750 3518 1818 signiﬁcant
3568 1749 3669 1800 alio

2091 1844 2216 1912 quid
2237 1843 2318 1894 hic
2347 1842 2645 1910 praeceptis,
2675 1841 2812 1893 idem
2857 1848 3008 1907 parte
3060 1839 3357 1892 deficientis
3397 1854 3671 1892 commen-

395 1941 513 1993 qua:
547 1926 792 1978 novimus
817 1925 1067 1992 jurastis,
1099 1926 1646 1994 comprehenderitis,
1673 1925 1981 1991 episcopum
2016 1907 2060 1964 Β
2095 1935 2239 1986 tarii.
2269 1932 2522 1987 Beneficii
2549 1931 2712 1985 vestri
2747 1945 2849 1983 non
2874 1930 3076 1983 erimus
3120 1930 3483 1990 immemores,
3513 1928 3669 1980 fidem

394 2015 803 2069 Laudunenscm
843 2011 1054 2064 carceri
1094 2011 1558 2078 mancipavcritis,
1606 2011 1983 2078 episcoporum

404 2107 690 2158 anathema
743 2104 1107 2170 neglexeritis,
1150 2115 1300 2156 taceo
1331 2103 1396 2156 de
1436 2104 1648 2157 seniore
1681 2118 1823 2162 meo,
1852 2117 1985 2156 con-

399 2207 478 2248 tra
509 2211 668 2264 quem
703 2194 842 2248 ultra
869 2196 1008 2248 vires
1037 2194 1308 2264 negotium
1368 2194 1681 2262 suscepistis
1734 2211 1746 2245 :
1808 2203 1984 2247 tamen

403 2287 668 2346 beneficii,
699 2301 804 2353 quo
835 2301 960 2354 erga
990 2301 1071 2337 me
1101 2286 1180 2337 usi
1224 2285 1354 2338 estis
1384 2300 1506 2337 cum
1562 2284 1680 2338 telis
1728 2285 1984 2348 hostium,

401 2390 518 2443 quae
562 2373 912 2434 subduxisﬁs,
949 2374 1232 2426 immemor
1261 2388 1380 2426 esse
1413 2389 1516 2426 non
1559 2389 1796 2442 possunt.
1831 2375 1986 2427 Plura

400 2469 660 2530 dicerem,
693 2475 745 2521 et
775 2469 916 2535 quod
949 2467 1112 2521 vestri
1151 2465 1394 2521 fautores
1417 2467 1665 2538 inprimis
1705 2469 1812 2522 sint
1838 2471 1991 2525 dece'

398 2568 602 2628 ptores,
636 2571 700 2611 ac
737 2573 956 2611 suorum
987 2557 1322 2626 negotiorum
1362 2574 1458 2627 per
1494 2574 1608 2623 vos,
1640 2570 1696 2611 ιιι
1735 2561 1987 2630 experie-

402 2650 555 2712 mini,
587 2647 891 2702 eIIectorcs.
925 2647 1030 2702 Sed
1063 2665 1166 2703 non
1203 2659 1286 2702 est
1324 2651 1482 2720 hujus
1531 2654 1806 2721 temporis.
1855 2653 1989 2707 Nam

405 2749 580 2793 metus
608 2750 693 2793 est
720 2739 835 2793 hate
857 2739 1046 2793 eadem
1076 2740 1279 2795 dixisse
1329 2757 1394 2796 ac
1448 2744 1719 2813 prioribus
1775 2745 1992 2814 scriptis

403 2831 601 2884 vestris
625 2845 730 2884 non
764 2829 1122 2897 respondisse.
1157 2830 1298 2886 Idem
1329 2841 1413 2887 est
1453 2836 1503 2886 in
1525 2850 1707 2898 causa,
1733 2837 1988 2904 quoniam

407 2931 566 2978 caute
596 2933 844 2978 tenemus
877 2922 1163 2991 scriptum.
1207 2921 1482 2994 Nusquam
1532 2935 1641 2980 tuta
1686 2927 1836 2981 fides.
1876 2928 1986 2981 Ra-

409 3014 581 3068 tiones
604 3015 795 3067 harum
827 3029 1006 3068 rerum
1051 3023 1322 3079 tractare,
1375 3018 1643 3081 conferre,
1687 3020 1988 3072 communi-

408 3121 532 3160 care
564 3106 805 3175 quolibet
851 3109 1008 3161 modo
1054 3107 1262 3172 liceret,
1295 3110 1339 3164 si
1373 3109 1437 3163 Β.
1474 3111 1534 3164 Κ.
1567 3112 1605 3165 I.
1637 3112 1700 3166 (Ξ.
1736 3113 1798 3165 Η.
1828 3112 1892 3167 Il.
1926 3112 1986 3166 T.

407 3198 468 3252 Ζ.
509 3197 567 3250 V.
597 3199 739 3254 datis
769 3200 1048 3255 obsidibus
1071 3202 1136 3255 ad
1165 3218 1261 3257 nos
1295 3219 1464 3272 usque
1491 3208 1772 3273 pervenire
1790 3217 1988 3276 posset,

404 3293 491 3344 cui
525 3292 649 3346 talia
683 3293 908 3348 credere
930 3293 1010 3347 fas
1036 3303 1141 3357 est,
1172 3295 1287 3349 sine
1317 3312 1424 3365 quo
1455 3298 1586 3350 nihil
1617 3301 1798 3354 talium
1832 3315 1993 3370 agere

404 3397 687 3450 possumus
713 3393 763 3438 cl
785 3383 1065 3438 debemus.

960 3475 1289 3532 EPISTOLA
1326 3478 1438 3532 XL.

511 3583 577 3621 AD
617 3583 969 3624 THIETHARUM
1019 3585 1366 3625 MOGUNTINUI
1410 3587 1882 3627 Αειιςιιιεριεςορωι.

471 3654 682 3712 Labore
711 3657 1009 3714 obsidionis
1047 3659 1102 3712 in
1142 3660 1393 3716 Carolum
1441 3659 1785 3732 defatigatus,
1829 3679 1892 3719 ac
1941 3665 1989 3717 vi

405 3801 3603 3840 __________________________,_____________—

2094 2031 2272 2073 mente
2297 2031 2610 2087 conceptam
2645 2037 2750 2074 non
2793 2021 3124 2083 deseremus,
3159 2021 3302 2090 quod
3353 2021 3540 2074 voletis
3573 2035 3670 2087 pro

2094 2109 2298 2162 viribus
2317 2124 2698 2177 exsequemur.

2621 2242 2950 2297 EPISTULA
3005 2242 3134 2296 XLI.

2625 2374 2690 2410 AD
2719 2371 3141 2411 COSS'IANTINISSI.

2165 2469 2615 2538 Congratulamur
2641 2467 2768 2531 tibi,
2811 2468 3118 2522 dulcissime
3164 2467 3350 2532 frater,
3385 2480 3672 2534 pervasere

2095 2570 2258 2630 atque
2288 2562 2440 2614 hoste
2472 2561 2781 2613 monasticte
2809 2557 3099 2626 religionis,
3125 2557 3190 2610 ad
3215 2556 3504 2610 multorum
3533 2553 3674 2608 salu—

2096 2663 2203 2706 tem
2261 2651 2508 2706 humanis
2554 2649 2716 2703 rebus
2744 2658 3014 2715 exempto.
3057 2647 3198 2700 Iusta
3227 2663 3374 2716 ergo,
3405 2657 3458 2700 et
3485 2646 3528 2700 si
3561 2644 3672 2711 jam

2095 2753 2304 2812 patrem
2349 2752 2436 2796 tua
2485 2756 2549 2794 ac
2603 2739 2829 2794 fratrum
2880 2738 3167 2793 dilectione
3216 2739 3433 2806 dignum
3487 2739 3671 2798 habes,

2097 2837 2391 2891 habeamus
2417 2850 2536 2888 eum
2560 2841 2615 2887 et
2650 2847 2747 2886 nos
2777 2840 3092 2899 praesentem
3118 2839 3204 2882 tua
3237 2844 3399 2897 opera
3432 2828 3675 2897 proxime

2099 2930 2150 2982 in
2183 2927 2317 2981 festo
2354 2925 2495 2980 beati
2540 2923 2789 2990 Ilcmigii,
2824 2930 2880 2973 ut
2925 2918 3146 2973 affectus
3186 2927 3368 2971 noster
3399 2932 3426 2970 a
3473 2915 3678 2970 Floria-

2099 3021 2353 3075 censibus
2404 3029 2455 3072 te
2502 3018 2732 3072 faciente
2771 3014 3046 3085 paululum
3097 3010 3454 3073 abalienatus,
3500 3017 3550 3062 te
3603 3007 3679 3060 fa-

2100 3115 2276 3168 ciente
2302 3114 2372 3166 sit
2400 3111 2689 3180 plttrimum
2722 3105 3118 3161 reconciliatus.
3153 3100 3305 3168 Quod
3333 3101 3375 3154 si
3416 3100 3528 3152 haec
3557 3113 3677 3151 om-

2105 3207 2190 3261 nia
2231 3205 2342 3260 fieri
2370 3204 2545 3257 minus
2572 3201 2797 3269 possint,
2829 3197 2988 3251 liceat
3031 3194 3185 3248 nobis
3229 3201 3284 3246 et
3328 3199 3413 3243 tua
3469 3195 3680 3241 tantum

2100 3294 2302 3365 perfrui
2365 3291 2681 3361 praesentia,
2746 3287 2788 3341 si
2850 3285 2976 3354 quid
3040 3297 3272 3351 unquam
3333 3277 3681 3347 prmstitimus

2100 3389 2241 3458 quod
2267 3385 2548 3456 placuerit,
2580 3390 2632 3435 et
2661 3384 2703 3435 si
2732 3379 2970 3449 dignaris
2996 3385 3250 3446 praestare
3289 3372 3430 3442 quod
3467 3370 3680 3438 placere

2099 3481 2288 3548 possit.

1007 3972 1996 4088 INTRODUCTIO
2084 3964 3079 4086 MONACHORUM

1524 4215 1584 4256 IN
1633 4213 2091 4256 MONASTEBIUM
2137 4208 2543 4254 MOSOMENSE.

1090 4359 1183 4421 (Ex
1214 4359 1449 4411 Chronico
1474 4356 1776 4417 ﬂammanti,
1802 4357 1928 4406 anud
1956 4356 2237 4412 Acherium,
2275 4350 2442 4415 Spicil.
2472 4359 2582 4399 tom.
2609 4347 2716 4406 VII,
2738 4360 2845 4406 pag.
2870 4344 3002 4404 σιξ.)

407 4625 650 4683 Textus
694 4619 805 4699 qui
871 4619 1174 4699 sequitur
1217 4614 1524 4678 describit
1561 4611 1855 4699 qualiter
1885 4611 2017 4699 ipe
2060 4609 2286 4699 praesul
2335 4608 2656 4699 Adalbero

2712 4623 2825 4686 per
2869 4604 3140 4665 Romani
3188 4608 3466 4686 syrmata
3503 4604 3683 4682 Papae

485 4683 878 4776 consiliique
938 4683 1047 4776 s‘ui
1103 4695 1428 4756 decretum
1456 4737 1478 4776 ,
1525 4683 1863 4776 constituit
1907 4683 1976 4748 ut
2035 4683 2377 4750 monachos
2427 4690 2603 4749 locus
2650 4683 2752 4774 hic
2798 4686 3124 4776 Mosomus
3188 4683 3473 4776 haberet,
3516 4699 3679 4762 quos

487 4762 821 4840 cohiberet
876 4775 1094 4854 regula
1161 4780 1375 4854 sancte
1422 4771 1679 4854 vivere,
1717 4769 1960 4847 quique
2003 4786 2115 4846 pro
2162 4786 2229 4828 se
2279 4784 2525 4847 proque
2572 4765 2707 4825 suis
2758 4762 3339 4842 praedecessoribus
3385 4762 3451 4821 in
3497 4777 3675 4840 spem

485 4865 742 4920 aeternas
788 4856 930 4916 vitae
951 4848 1262 4914 'divinum
1309 4851 1559 4912 Numen
1606 4848 1894 4911 adorent.

483 5064 496 5075 .
541 5060 554 5074 .
599 5059 614 5073 .
659 5059 674 5073 .
715 5016 1076 5073 Pnecedentis
1112 5015 1294 5083 itaque
1323 5014 1463 5068 serie
1492 5027 1757 5068 sermoms
1783 5013 1848 5068 de
1880 5012 1985 5066 vita
2021 5013 2066 5071 D
2093 5012 2313 5067 beronis
2364 5011 2601 5081 episc0pi
2637 5009 2852 5067 devotio
2902 5006 3196 5070 exstiterit,
3246 5005 3369 5074 quia
3425 5020 3522 5073 per
3545 5006 3686 5059 hunc

405 5120 464 5169 et
499 5113 733 5167 transitu
774 5111 943 5165 sancti
993 5108 1246 5178 martyris
1302 5105 1507 5161 Arnttlfi
1555 5108 1990 5176 compendiosum

409 5203 639 5259 fecimus
670 5181 1004 5260 relatiOnem,
1034 5199 1120 5252 ubi
1152 5197 1311 5251 fuerit
1334 5197 1595 5267 sepultus,
1619 5197 1851 5267 qualiter
1871 5197 1994 5252 infe

406 5303 723 5362 assumptus
745 5292 808 5344 ad
839 5289 1142 5346 Guiledium
1176 5288 1455 5357 trajectus,
1509 5289 1722 5342 demum
1777 5303 1993 5360 quoque

405 5386 494 5417 nn:
537 5383 908 5417 πι-ιῖυΔΙ-ἶιιηιιιίιίοὶ
951 5381 1264 5417 rlicnnnnnfn
1322 5383 1385 5417 on!
1419 5383 1553 5417 honn
1601 5380 1986 5417 Mncnmnncnun

2094 5113 2345 5158 sanctum
2397 5117 2551 5158 suum
2592 5099 2877 5158 Arnulfum
2927 5108 3167 5152 mentem
3221 5095 3406 5164 ipsius,
3440 5103 3501 5147 ut
3528 5107 3690 5162 supra

2097 5196 2412 5260 retulimus,
2436 5191 2630 5248 visibili
2664 5187 3046 5251 miraculorum
3083 5183 3479 5245 illuminatione
3509 5182 3693 5236 Domi-

2096 5303 2198 5344 nus
2224 5287 2553 5350 admonuit,
2606 5289 2682 5344 ad
2736 5291 2976 5361 posteros
3024 5284 3252 5340 mittere
3272 5275 3698 5361 memorandum,

2098 5393 2205 5417 nnn
2255 5377 2542 5417 intlinnnm
2593 5360 2984 5417 inmanimus.
3029 5377 3092 5417 ut
3114 5360 3704 5417 divinisbenellciisiu-
