4516 5500
861 386 966 441 519

1923 379 2403 437 ΑωιΒΕϊιΟΝιδ
2442 380 2759 436 ARCIIIEP.
2801 383 3093 438 RESlENS.

4010 381 4118 437 520

861 513 982 567 quae
1028 496 1195 567 priori
1241 496 1511 551 sermone'
1541 494 1921 557 tractavimus,
1980 494 2045 546 de
2097 491 2445 545 translatione
2473 496 2518 550 Α
2550 491 2691 545 tibus
2743 506 3023 562 emergens
3070 492 3293 555 malitia,
3347 502 3490 547 tanta
3531 494 3767 563 gentium
3818 494 3953 547 intra
3995 494 4118 549 Gal-

862 587 1112 641 videlicet
1159 586 1401 654 atquein
1431 584 1823 637 Mosomensem
1882 582 2168 635 ecclesiam
2206 580 2443 633 illatioue

863 675 1138 727 beatorum
1186 674 1385 726 ossium
1420 672 1659 741 prmdicti
1690 671 1941 740 martyris
1971 685 2113 723 anno
2145 677 2442 738 nongeute-

863 765 1001 817 simo
1021 763 1417 831 septuagesimo
1450 763 1622 831 primo
1681 762 1974 816 Dominicte
2030 760 2438 822 incarnationis,

862 852 1151 905 indictione
1176 860 1366 919 quarta
1407 851 1637 912 decima,
1684 864 1866 904 mense
1891 847 2052 913 Julio,
2084 862 2225 902 nono
2248 847 2443 901 Kalen-

860 940 958 995 das
995 939 1238 1009 Augusti.

930 1027 1074 1083 Visis
1110 1029 1292 1097 itaque
1342 1035 1398 1080 et
1443 1026 1641 1079 auditis
1691 1024 2019 1079 reverendus
2067 1022 2306 1093 pontifex
2333 1034 2441 1078 tam

860 1119 1066 1174 sanetis
1099 1132 1261 1187 quam
1318 1116 1472 1170 laude
1522 1124 1576 1170 et
1629 1116 1987 1169 admiratione
2027 1115 2203 1182 dignis
2250 1115 2444 1168 divime

858 1209 1079 1263 virtutis
1140 1207 1434 1270 miraculis,
1487 1221 1606 1275 qme
1642 1206 1741 1259 sub
1787 1206 1935 1259 brevi
1987 1221 2097 1259 sum
2146 1206 2444 1274 prmsentite

858 1311 1098 1371 tempore
1142 1299 1304 1367 hujus
1347 1299 1491 1352 beati
1543 1297 1939 1352 exhibebantur
1994 1296 2202 1349 meritis
2255 1311 2319 1350 ac
2351 1311 2444 1349 no-

864 1392 1030 1454 mine,
1087 1404 1193 1444 non
1224 1389 1340 1443 tulit
1372 1387 1578 1441 diutius
1604 1402 1723 1455 quae
1754 1385 1912 1455 longe
1938 1392 2067 1438 ante
2094 1385 2227 1438 satis
2263 1387 2443 1440 animo

858 1490 1201 1551 conceperat,
1236 1481 1330 1535 sed
1357 1488 1567 1533 mature
1596 1494 1731 1548 Opus
1772 1476 1917 1531 facto
1946 1477 2229 1544 disposuit,
2276 1492 2340 1530 ne
2371 1476 2445 1529 al-

862 1580 1032 1634 terius
1072 1587 1218 1633 esset
1255 1576 1435 1646 operis
1487 1574 1628 1643 quod
1662 1582 1779 1628 erat
1823 1588 1933 1627 suae
1979 1572 2313 1635 intentionis,
2389 1581 2445 1626 et

857 1670 983 1724 inde
1015 1670 1116 1723 sibi
1145 1669 1190 1723 si
1242 1668 1535 1738 negligerct
1570 1665 1747 1719 meriti
1797 1664 1951 1718 fieret
2010 1663 2393 1717 detrimentum
2425 1681 2439 1727 ;

857 1758 1000 1813 unde
1045 1758 1181 1811 alter
1220 1756 1312 1826 qui
1367 1756 1417 1810 id
1465 1754 1693 1809 fideliter
1724 1753 1977 1813 efficeret,
2016 1769 2275 1807 coronam
2319 1770 2442 1823 por-

854 1856 999 1904 taret
1024 1857 1079 1901 et
1103 1848 1403 1917 prtemium.
1436 1844 1587 1899 Unde
1620 1846 1761 1899 intra
1790 1843 1986 1898 mentis
2011 1858 2121 1896 suae
2144 1853 2437 1907 secretum,

856 1948 1115 2009 tanquam
1172 1938 1311 1993 intra
1352 1936 1627 2007 speculum
1661 1935 1992 2005 amplissime
2027 1932 2439 1998 contemplando

854 2029 1248 2097 collectis,qu:c
1277 2028 1403 2088 sint,
1437 2039 1557 2091 qua:
1590 2024 1810 2083 fuerint,
1835 2035 1955 2088 qum
1978 2029 2100 2087 post
2140 2018 2318 2071 futura
2349 2034 2437 2073 se-

855 2127 1093 2188 quantur
1123 2118 1207 2187 (ex
1239 2115 1528 2186 praeteritis
1576 2114 1718 2166 enim
1761 2125 2000 2181 persmpe
2031 2117 2255 2164 ventura
2312 2126 2439 2164 con-

858 2206 1144 2279 jiciuntur)
1182 2206 1442 2276 quosdam
1504 2218 1789 2273 procerum
1852 2218 2093 2263 suorum,
2155 2210 2261 2255 tazn
2310 2202 2437 2255 eli-ri

858 2313 1022 2367 quam
1064 2297 1271 2350 militia:
1294 2310 1403 2348 sua:
1460 2293 1666 2347 nobiles
1694 2293 1744 2345 in
1773 2291 2023 2361 prsesenti
2054 2290 2153 2344 sibi
2185 2306 2438 2345 coessen-

856 2395 940 2440 tes
989 2385 1236 2448 advocat,
1277 2392 1332 2437 et
1381 2383 1508 2451 quid
1550 2382 1655 2435 voti
1700 2390 1878 2433 mente
1909 2381 2110 2434 diutius
2155 2380 2437 2435 collectum

856 2486 1154 2546 supportet,
1202 2473 1537 2544 expostulata
1565 2472 1643 2525 sui
1672 2472 1843 2540 gratia
1875 2470 2107 2531 consilii,
2142 2486 2209 2523 an
2241 2485 2438 2539 appro-

856 2565 986 2619 bent
1010 2579 1103 2617 seu
1150 2563 1321 2633 magis
1375 2560 1679 2630 improbent
1724 2558 1910 2612 audire
1963 2569 2019 2612 et
2069 2557 2271 2612 referre
2323 2573 2440 2611 mo-

858 2664 971 2719 net,
1013 2654 1234 2708 dicens:
1275 2653 1394 2720 Quo
1436 2652 1664 2706 consilio
1709 2662 1763 2704 et
1821 2652 2435 2721 sententiajudiciorum

854 2744 949 2798 Dei
994 2744 1061 2797 ad
1090 2744 1229 2798 hanc
1249 2743 1539 2813 pastoralis
1578 2736 1720 2795 cura:
1765 2742 2100 2810 pervenerim
2136 2751 2189 2796 et
2216 2742 2437 2795 ordina-

852 2846 941 2892 tus
989 2838 1088 2890 sim
1128 2836 1605 2905 dispensationem,
1650 2834 1865 2903 penitus
1897 2834 2122 2904 ignoro;
2179 2834 2272 2888 sed
2294 2835 2437 2903 quod

852 2940 1069 2995 semper
1120 2924 1313 2978 timere
1345 2924 1515 2977 debeo
1550 2934 1805 2991 tanquam
1854 2923 2125 2977 irruentes
2153 2939 2317 2992 super
2354 2938 2439 2977 me

850 3015 1064 3079 fluctus,
1118 3016 1197 3069 sic
1244 3029 1380 3069 onus
1408 3014 1549 3067 istud
1576 3014 1786 3082 quoties
1810 3028 2001 3082 penso,
2059 3014 2216 3068 toties
2268 3013 2439 3068 refor-

850 3114 1018 3167 mido.
1079 3111 1444 3165 Consideratis
1502 3125 1735 3178 namque
1788 3109 1947 3177 hujus
2001 3111 2257 3179 episcopii
2315 3112 2435 3179 qui-

850 3202 1078 3255 busdam
1128 3199 1522 3268 antiquissimis
1554 3198 1706 3263 locis,
1738 3198 1863 3251 olim
1897 3200 2020 3251 dum
2057 3200 2431 3253 misericordia

850 3302 905 3347 et
935 3292 1133 3344 veritas
1161 3291 1445 3344 obviarent
1476 3290 1602 3353 sibi,
1638 3289 1763 3343 dum
1808 3287 2093 3355 sejustitia
2124 3300 2178 3343 et
2208 3306 2307 3360 pax
2352 3306 2439 3345 os-

850 3380 1041 3435 culatze
1066 3381 1193 3444 sint,
1235 3380 1361 3435 dum
1399 3379 1602 3433 veritas
1629 3377 1695 3431 de
1726 3389 1865 3431 terra
1908 3380 2167 3443 oriretur,
2207 3380 2435 3447 etjusti-

850 3472 926 3525 tia
950 3472 1013 3526 de
1034 3471 1170 3525 cutio
1191 3471 1525 3540 pr03piceret
1551 3467 1724 3535 (l’sal.
1750 3486 1969 3533 Lxxxtv,
2001 3472 2087 3533 ll,
2123 3472 2212 3540 12)
2247 3490 2258 3524 :
2286 3472 2434 3535 olim,

851 3562 1094 3631 inquam,
1143 3562 1242 3615 sub
1301 3560 1558 3630 religione
1604 3558 1863 3623 fundatis,
1908 3568 2031 3613 tunc
2053 3562 2270 3629 quidem
2315 3576 2440 3630 pro-

852 3652 1195 3723 sperantibus
1220 3659 1275 3705 et
1318 3650 1457 3705 felici
1488 3649 1699 3703 fortuna
1751 3663 1869 3703 sese
1906 3652 2208 3719 agentibus,
2252 3650 2437 3704 Domi-

850 3760 954 3799 nus
1028 3744 1183 3798 dabat
1234 3743 1656 3811 benignitatcm.
1711 3751 1766 3795 et
1842 3752 1982 3795 terra
2037 3752 2218 3795 nostra
2276 3743 2435 3797 dabat

850 3835 1087 3891 fructum
1126 3851 1279 3890 suum
1306 3836 1494 3906 (lbid.,
1528 3835 1615 3905 l3)
1644 3853 1656 3887 :
1690 3834 1849 3889 modo
1883 3845 2063 3888 autem
2089 3851 2310 3903 prorsus
2346 3852 2438 3890 nc-

852 3928 1059 3997 glectis,
1093 3926 1363 3996 aliquibus
1393 3926 1561 3981 solam
1611 3927 1846 3980 nominis
1874 3925 2073 3979 famam
2098 3928 2437 3994 praetenden—

850 4019 1015 4083 tibus,
1059 4018 1329 4087 aliquibus
1364 4018 1442 4073 sic
1491 4018 1558 4072 ad
1596 4017 1766 4071 solum
1809 4018 2001 4071 dirutis
2055 4027 2111 4070 ut
2162 4033 2261 4071 nec.
2292 4016 2433 4071 fama

851 4112 1087 4181 supersit
1114 4110 1379 4174 nominis,
1418 4110 1742 4177 quibusdam
1774 4110 1899 4163 dum
1934 4110 2208 4162 emendari
2240 4110 2437 4163 debue-

851 4212 980 4257 runt
1029 4202 1081 4256 in
1132 4202 1341 4263 melius,
1386 4201 1451 4253 ad
1476 4200 1745 4253 deteriora
1776 4202 2082 4268 perventis;
2123 4216 2310 4255 eorum
2340 4201 2437 4253 ali.

848 4306 1008 4361 quem
1058 4290 1211 4359 cujus
1242 4290 1438 4359 incepti
1467 4288 1698 4344 artificio
1728 4288 2027 4343 reformare
2076 4291 2223 4358 prius
2260 4301 2436 4343 atten-

848 4392 979 4451 tem,
1023 4384 1204 4437 multae
1231 4382 1599 4452 ambiguitatis
1622 4382 1903 4452 naufragio
1926 4382 2197 4450 pendulus
2223 4383 2399 4435 haereo
2416 4422 2432 4446 ,

847 4484 902 4530 et
932 4475 1107 4530 dubiis
1138 4473 1473 4529 anfractibus
1506 4472 1837 4537 intricatum,
1868 4481 1923 4525 et
1952 4474 2037 4526 vix
2071 4487 2127 4526 se
2159 4473 2433 4542 CXplicalt—
2463 4500 2513 4559 ο

847 4576 955 4619 tem
993 4565 1232 4619 animum
1264 4578 1414 4632 gero.

917 4653 1024 4708 Res
1062 4653 1204 4707 enim
1244 4653 1487 4708 locorum
1520 4652 1733 4707 illorum
1785 4666 2121 4723 quaecunque
2157 4651 2209 4705 iu
2261 4653 2435 4707 mobi-

865 4742 986 4797 ibus
1016 4741 1251 4807 fuerunt,
1285 4743 1365 4797 vel
1391 4758 1509 4797 esse
1546 4750 1863 4813 potuerunt,
1906 4756 2041 4794 auro
2071 4740 2319 4795 videlicet
2345 4757 2439 4795 ar-

880 4841 1110 4901 entoque
1146 4848 1237 4887 seu
1288 4832 1576 4902 cujuslibet
1615 4830 1922 4885 ornamenti
1978 4830 2319 4884 substantiali
2347 4846 2435 4883 su—

844 4912 1125 4992 pellectile,
1176 4933 1363 4993 utpote
1394 4933 1639 4987 vastatze,
1682 4923 1928 4991 direptze,
1962 4923 2245 4975 vetustatis
2270 4924 2432 4976 etiam

844 5014 993 5067 senio
1031 5013 1271 5083 dilapsze,
1310 5013 1421 5081 jam
1448 5012 1605 5066 nullae
1632 5020 1779 5066 sunt.
1838 5009 2007 5073 Villat,
2046 5010 2174 5073 vici,
2202 5010 2431 5073 ancillar,

844 5099 1015 5165 servi,
1070 5100 1334 5162 ecclesite,
1393 5100 1706 5165 molendini,
1744 5108 1799 5153 et
1846 5097 2090 5153 omnium
2152 5098 2432 5151 habenda—

844 5204 962 5243 rum
990 5192 1360 5258 possessiones
1394 5206 1572 5245 rerum
1599 5230 1615 5255 ,
1672 5205 1700 5242 a
1732 5187 2048 5258 potentibus
2075 5194 2128 5239 et
2163 5186 2427 5254 tyrannis,

844 5281 1102 5350 regnique
1130 5281 1481 5350 eptimatibus
1510 5294 1773 5350 pervasae,
1808 5278 2054 5340 donaLe,
2098 5276 2429 5340 confiscatze,

841 5375 942 5427 sub
965 5373 1245 5428 beneﬁciis
1275 5372 1559 5442 delegata},
1590 5372 1811 5441 quando
1842 5378 2157 5423 sanctorum
2187 5366 2318 5421 locis
2335 5384 2432 5421 nec

841 5474 942 5500 m-n
970 5462 1310 5500 nnlinnilnlia
1339 5477 1449 5500 eum
1478 5461 1664 5500 dnhitn
1695 5458 1814 5500 ἰιιιιρ
1894 5472 1993 5500 non
2025 5473 2124 5500 nm
2169 5457 2433 5500 mtilmsli-

2547 580 2646 633 lias
2713 583 3033 637 irruentium
3093 593 3145 638 et
3194 584 3479 639 adversum
3531 600 3589 639 se
3648 588 4112 655 depugnantium!

2545 672 2725 725 hostili
2783 674 2931 728 rabie
2970 675 3249 729 exundans
3303 676 3511 729 exstitit
3568 675 3728 745 impia
3757 685 3811 731 et
3859 691 4116 746 perquam

2546 759 2725 828 iniqua
2750 764 2951 816 saevitia
2978 765 2990 816 !

2618 852 2830 906 Accidit
2853 854 2975 907 huic
2998 854 3138 910 bono
3167 854 3265 926 [f..
3302 855 3465 927 malo]
3512 859 3863 926 quorumdam
3906 870 4121 913 nostro-

2544 952 2662 993 rum
2693 941 2972 996 laudabilis
3002 943 3112 1015 [[1,
3138 945 3489 1017 illaudabilis]
3525 948 3628 999 vita
3657 949 3994 1015 pontificum,
4023 952 4116 1018 qui

2544 1030 2587 1084 si
2620 1028 2759 1083 forte
2783 1032 3055 1101 quidpiam
3088 1043 3391 1101 supererat,
3431 1045 3489 1089 nt
3511 1035 3609 1089 sibi
3640 1036 3927 1090 fidissimos
3956 1054 4130 1106 para--

2544 1131 2685 1183 rent,
2724 1136 2952 1189 quorum
2988 1124 3317 1193 impudentia
3348 1134 3400 1179 et
3425 1124 3611 1179 fraude
3648 1128 3746 1181 tuti
3774 1138 3978 1181 essent.
4010 1128 4115 1181 Pa—

2543 1206 2726 1262 latinis
2754 1211 2982 1265 canibus
3018 1212 3199 1266 omnia
3229 1216 3634 1268 contradebant.
3663 1214 3771 1267 Nec
3794 1230 4116 1283 quemquam

2544 1300 2626 1354 fas
2674 1310 2755 1354 est
2787 1303 3095 1368 nominare,
3135 1319 3256 1357 cum
3284 1304 3437 1373 culpa
3473 1321 3537 1358 ex
3570 1306 3731 1358 dubio
3754 1306 3998 1358 videatur
4032 1320 4121 1357 ve-

2543 1392 2682 1456 nire,
2719 1400 2773 1445 et
2799 1391 2999 1446 factum
3038 1394 3139 1447 hoc
3168 1394 3339 1464 magis
3361 1395 3661 1464 expostulet
3694 1395 3928 1457 veniam,
3953 1412 4116 1465 quam

2544 1484 2775 1550 aliquam
2806 1484 3146 1552 repromittat
3178 1487 3436 1553 gratiam,
3489 1495 3544 1539 et
3591 1486 3782 1539 melius
3812 1502 3907 1554 pro
3944 1486 4121 1538 multi-

2545 1576 2729 1627 tudine
2770 1574 3115 1630 factiosorum
3149 1586 3417 1640 taceatur,
3458 1593 3618 1646 quam
3665 1577 3968 1647 corrigentli
3996 1591 4120 1646 spes

2544 1664 2645 1717 ulla
2702 1664 2947 1717 donetur.
2992 1666 3329 1736 Quapropter
3374 1668 3488 1721 haec
3524 1669 3685 1721 missa
3724 1667 4006 1731 faciamus,
4050 1667 4116 1719 ad

2544 1770 2658 1808 rem
2692 1757 2991 1810 redeamus.

2471 1826 2514 1884 Β
2613 1846 2880 1900 Locorum
2917 1844 2983 1901 de
3012 1848 3210 1910 quibus
3236 1848 3459 1913 agimus.
3514 1847 3783 1899 Mosomus
3836 1855 3920 1899 est
3960 1861 4116 1909 unus,

2463 3162 2509 3224 C

2541 1938 2739 1984 sancta:
2768 1932 2859 1985 Dei
2889 1933 3167 2002 genitricis
3193 1934 3373 1989 Maria:
3395 1936 3519 1990 olim
3552 1938 3776 2007 insignis
3806 1939 4019 1993 nomine
4063 1948 4115 1993 et

2543 2021 2765 2075 honore.
2816 2021 2911 2076 Hic
2961 2024 3105 2076 Mosa
3148 2024 3401 2079 influente
3457 2028 3877 2092 amtenissimus,
3935 2043 4119 2082 mona-

2540 2113 2762 2166 chorum
2811 2115 3126 2169 habitationi
3170 2118 3298 2171 mihi
3348 2118 3562 2171 videtur
3608 2119 4115 2187 opportunissimus.

2540 2200 2732 2256 Omnia
2780 2220 3012 2273 namque
3063 2206 3308 2259 humanae
3347 2208 3467 2259 vita:
3528 2206 3767 2275 jucunda
3833 2224 3931 2277 pro
3978 2210 4119 2263 aeris

2540 2292 2799 2359 qualitate
2852 2303 3073 2363 przestat
3122 2304 3175 2348 et
3219 2297 3544 2361 commoda;
3599 2308 3794 2366 praeter
3854 2298 3994 2368 quod
4036 2298 4116 2349 vi-

2542 2397 2768 2435 nearum
2822 2384 2892 2437 ibi
2932 2394 3226 2452 proventus
3285 2384 3417 2438 adeo
3496 2401 3600 2438 non
3652 2386 3933 2441 exuberat.
4008 2385 4115 2439 Nec

2542 2472 2684 2524 enim
2728 2471 3159 2526 inhabitantibus
3212 2473 3261 2525 id
3313 2474 3409 2527 fuit
3438 2474 3660 2543 negotii,
3698 2490 3797 2528 nec
3827 2490 3889 2528 ea
3921 2474 4121 2529 sollici—

2544 2561 2691 2624 tudo,
2731 2562 3031 2629 prresertim
3069 2577 3191 2615 cum
3236 2572 3423 2616 natura
3475 2564 3545 2616 sit
3588 2565 3887 2629 vinearum,
3917 2574 4119 2633 tempe-

2542 2651 2643 2704 rati
2698 2653 2867 2718 magis
2924 2659 2979 2705 et
3027 2668 3133 2706 non
3164 2652 3340 2721 frigidi
3380 2654 3599 2721 cespitis
3626 2669 3807 2707 amare
3839 2654 4029 2708 solum.
4065 2655 4120 2707 In

2541 2759 2647 2813 quo
2688 2752 2865 2797 tamen
2896 2744 3025 2797 mihi
3068 2744 3291 2797 minima
3337 2760 3501 2809 cura;
3559 2748 3811 2815 quoniam
3871 2746 3915 2798 si
3979 2744 4120 2798 Deus

2541 2844 2723 2889 votum
2749 2850 2927 2889 meum
2952 2847 3314 2905 prosperar:.-t,
3348 2837 3519 2890 habeo
3542 2853 3607 2890 ex
3625 2838 3949 2906 patrimonio
3977 2853 4043 2890 tn:
4063 2851 4116 2900 ο,

2544 2932 2598 2978 et
2622 2938 2687 2977 ex
2719 2924 2848 2977 mibi
2891 2924 3219 2994 contingenti
3261 2936 3661 2980 antecessorum
3714 2940 3955 2980 meorum
4002 2925 4123 2993 jue

2542 3016 2745 3079 debito,
2795 3016 2936 3069 unde
2983 3016 3119 3070 hanc
3153 3017 3251 3071 sibi
3304 3019 3579 3086 penuriam
3610 3017 3810 3087 pellere
3833 3035 3888 3081 ιι,
3950 3027 4000 3070 et
4028 3036 4122 3085 op-

2542 3107 2656 3160 timi
2698 3107 2806 3159 viui
2836 3122 2957 3161 cum
3011 3109 3225 3162 czeteris
3272 3110 3573 3162 reddituum
3606 3124 3827 3164 suorum
3893 3110 4119 3164 benedi-

2542 3197 2811 3249 ctionibus
2836 3211 2993 3250 veros
3041 3198 3288 3253 dominos
3341 3207 3395 3252 et
3434 3198 3628 3253 divites
3684 3214 4042 3268 pesscssores,
4079 3202 4123 3253 si

2540 3303 2831 3357 procurare
2857 3289 2909 3341 id
2939 3289 3133 3353 sciant,
3166 3304 3263 3344 eos
3300 3290 3589 3345 eﬂicerem.

2610 3378 2749 3433 Olim
2794 3378 2944 3433 locus
2997 3379 3085 3434 ille
3132 3378 3486 3435 Mosomensis
3545 3382 3597 3435 in
3647 3383 3852 3437 honore
3909 3382 4125 3453 Regina:

2539 3472 2659 3525 eteli
2697 3480 2753 3522 et
2810 3471 3031 3539 virginis
3082 3473 3269 3525 matris
3300 3472 3482 3526 Marim
3514 3490 3609 3541 pro
3642 3490 3770 3528 vera
3819 3475 4019 3543 pietate
4065 3484 4121 3526 et

2540 3569 2665 3613 voto
2691 3558 2949 3623 fidelium,
2982 3559 3081 3613 sub
3102 3560 3292 3614 ordine
3320 3560 3420 3615 fuit
3448 3564 3807 3631 praetitulatus
3831 3564 4123 3619 sanctimo-

2542 3648 2785 3714 nialium,
2814 3653 2907 3702 sed
2942 3650 3154 3703 turbine
3185 3652 3439 3706 saeviente
3464 3653 3749 3715 malorum,
3774 3669 4000 3723 quorum
4032 3670 4125 3708 su-

2541 3756 2634 3810 pra
2666 3742 2750 3794 vix
2774 3740 3084 3809 a’ttingendo
3124 3742 3485 3805 meminimus,
3531 3757 3653 3796 cum
3683 3745 3900 3798 nomine
3944 3746 4123 3813 perdi-

2541 3830 2733 3883 derunt
2756 3836 2809 3882 et
2830 3844 2971 3883 esse.
3006 3829 3186 3899 Nuper
3206 3839 3382 3885 autem
3414 3833 3582 3886 beatae
3614 3835 3887 3887 memoriae
3921 3834 3982 3887 D.
4016 3834 4123 3889 lle-

2541 3918 2939 3986 riveus,bujns
2963 3921 3108 3975 sedis
3162 3931 3346 3990 pastor
3396 3932 3452 3976 et
3502 3932 3684 3977 rector
3735 3922 4119 3986 fidelissimus,

2538 4023 2731 4077 magno
2769 4008 3041 4077 religionis
3077 4007 3268 4063 affectu
3320 4012 3463 4064 hunc
3510 4011 3738 4079 diligens
3780 4012 3978 4076 locum,
4018 4014 4121 4067 sub

2541 4100 2823 4168 titulojam
2852 4100 2967 4154 vice
3009 4101 3178 4155 altera
3208 4101 3536 4171 dilapsorum
3569 4103 3805 4157 restituit
3830 4112 3884 4159 et
3905 4106 4122 4159 ordina-

2539 4191 2617 4242 vit
2662 4204 3069 4243 ranontcnrum.

2609 4280 2887 4334 lnveniens
2933 4295 3165 4349 namque
3205 4282 3455 4337 omnibus
3501 4283 3660 4338 rebus
3704 4292 3759 4338 et
3802 4286 3914 4355 ipsa
3956 4288 4120 4341 etiam

2539 4371 2932 4425 inhabitatione
2959 4372 3294 4435 destitutam,
3319 4389 3381 4427 ex
3401 4372 3751 4430 fundamento
3774 4378 4126 4433 retedificavit

2540 4459 2861 4523 ecclesiam,
2906 4475 3026 4529 quae
3072 4461 3303 4516 flammis
3349 4477 3469 4516 eam
3522 4464 3873 4519 exurentibus
3912 4473 3965 4519 et
4019 4466 4125 4519 im-

2541 4551 2745 4618 pluvio,
2777 4550 3049 4621 multaque
3085 4552 3225 4623 longi
3259 4554 3515 4623 temporis
3558 4555 3878 4625 negligentia
3910 4556 4123 4610 detritis

2540 4644 2858 4712 parietibus,
2905 4645 3251 4699 solitudinem
3298 4656 3503 4700 tantum
3555 4649 3880 4702 horrendam
3922 4664 4124 4719 reprae-

2541 4735 2785 4787 sentabat
2815 4734 3219 4803 aspicientibus.
3257 4736 3387 4803 Quae
3415 4736 3702 4791 reformata
3749 4748 3804 4792 et
3838 4738 3889 4792 in
3921 4748 4121 4793 statum

2540 4826 2829 4894 pristinum
2887 4826 3187 4879 recollectis
3241 4827 3626 4895 praebendariis
3692 4837 3989 4888 exornata,
4052 4830 4124 4883 ab

2540 4918 2695 4970 initio
2727 4917 2977 4969 nimirum
3012 4919 3089 4971 sui
3140 4932 3234 4987 pro
3276 4919 3540 4987 dignitate
3589 4918 3712 4984 loci,
3756 4927 3812 4973 et
3857 4935 4121 4989 generosa

2541 5006 2895 5075 populositate
2954 5008 3171 5059 t-ivium.
3236 5006 3481 5060 Secunda
3530 5009 3685 5062 sedes
3734 5010 3821 5062 hic
3861 5010 4125 5079 agebatur

2542 5098 2888 5152 ltemensium
2917 5116 2929 5161 ;
2960 5097 3119 5164 hujus
3154 5098 3287 5151 tituli
3334 5099 3543 5153 scilicet
3570 5100 3846 5154 canonica
3892 5116 3996 5154 non
4042 5103 4123 5153 di-

2540 5205 2659 5241 cam
2709 5188 2869 5250 viue,
2926 5190 3019 5241 sed
3068 5187 3302 5241 simulati
3334 5188 3717 5241 cauonicorum
3766 5190 4001 5243 nominis
4037 5198 4126 5241 ut-

2540 5294 2751 5347 cunque
2799 5289 3040 5332 tenorem
3102 5289 3280 5332 servat
3329 5279 3631 5347 antiquum.
3685 5280 3788 5333 Sed
3837 5296 3960 5334 cum
4011 5282 4123 5332 haec

2539 5386 2723 5423 eorum
2751 5370 2858 5421 vita
2891 5370 3022 5423 nihil
3072 5384 3100 5421 a
3153 5369 3410 5422 laicorum
3460 5367 3671 5423 differat
3718 5370 4122 5424 cohabitatione

2540 5462 2763 5500 (ruitnliic
2792 5461 2987 5500 nnian
3023 5460 3274 5500 fruuntur
3339 5460 3567 5500 ﬁlinrnm
3614 5471 3662 5500 nl
3716 5460 3943 5500 filiarum
3976 5476 4124 5500 num-
