4516 5500
408 388 507 444 521

976 384 1439 441 INTRODUCTIO
1478 377 1957 436 nuxxcusnuu
2001 375 2062 429 ιη
2103 374 2593 430 MONASTERIUM
2638 376 3070 434 .uusouexsu.

3550 388 3655 441 522

410 498 672 560 nominis,
705 498 871 551 beata:
900 494 1079 549 Maria:
1105 496 1223 549 dico
1255 507 1466 561 semper
1494 490 1716 559 virginis
1742 529 1755 550 ,
1783 488 1983 553 absque
2016 488 2058 544 Α
2090 484 2326 537 lcntione
2350 484 2748 554 multiplicibus,
2778 499 2833 541 et
2858 489 2923 542 ad
2959 490 3384 557 persuadendum
3416 493 3655 547 quidm

410 587 615 642 honore
654 587 834 640 debito
887 594 1102 639 maneat
1152 584 1384 653 rel'giosi
1425 582 1649 634 ordinis.
1699 579 1821 630 .\lihi
1868 592 1982 629 crc—

407 676 539 739 dite,
571 691 724 728 amur
760 673 917 741 hujus
945 674 1068 727 facti
1103 682 1307 726 tantum
1341 672 1468 725 mihi
1494 671 1689 725 crescit
1720 670 1770 721 in
1798 668 1978 731 horas,

530 763 772 822 Quantum
796 775 913 812 vere
938 773 1061 812 novo
1096 762 1256 810 viridis
1276 773 1332 809 se
1354 761 1561 820 subrigit
1581 758 1732 807 alnus.

478 855 540 909 Et
562 870 666 924 qua
694 856 906 909 ratione
936 854 987 908 id
1021 855 1252 922 primum
1278 852 1561 924 aggrediar
1585 892 1599 915 ,
1628 852 1827 913 audite,
1854 866 1981 919 pau-

404 947 485 999 cis
512 945 750 1014 cloquar.
794 945 888 999 Est
920 947 968 998 in
995 944 1151 1012 hujus
1183 944 1496 998 Portuensis
1540 943 1816 997 COlllillV:B
1857 956 1981 1008 par-

408 1036 551 1089 tibus
577 1043 701 1089 octo
731 1036 1113 1089 monachorum
1136 1051 1258 1089 cum
1300 1035 1491 1089 abbate
1519 1035 1619 1090 sibi
1646 1036 1983 1104 θυρίδι-μοδίιο

401 1138 603 1193 parvus
625 1126 911 1180 admodum
941 1135 992 1179 et
1022 1140 1225 1195 pauper
1256 1126 1484 1188 loculus,
1507 1139 1664 1192 quem
1702 1124 1985 1177 Frcdnidis

407 1222 651 1268 matrona
680 1214 895 1279 nobilis,
926 1232 1048 1270 cum
1094 1216 1285 1269 illustri
1336 1217 1449 1270 viro
1495 1231 1592 1269 suo
1641 1216 1838 1270 comite
1864 1214 1978 1269 Stc-

405 1304 607 1370 phano,
650 1303 775 1371 quia
822 1318 943 1371 spes
973 1319 1067 1357 eos
1121 1304 1376 1358 frustrata
1418 1304 1597 1359 fuerat
1627 1306 1981 1374 posmritatis,

404 1394 616 1448 collatis
661 1409 781 1463 qua:
830 1394 957 1448 inibi
1013 1395 1214 1448 habere
1242 1384 1561 1449 videbantur
1607 1396 1821 1463 praediis
1849 1395 1980 1457 suis,

404 1484 505 1536 sub
542 1483 664 1552 jure
709 1491 765 1537 et
812 1482 967 1537 titulo
1005 1484 1398 1538 constituerant
1444 1484 1639 1538 divinae
1675 1487 1980 1549 servitutis,

407 1581 465 1624 ut
498 1587 593 1641 pro
630 1574 1128 1642 recompensatioue
1156 1574 1503 1643 praesentium
1536 1590 1729 1629 nomen
1763 1576 1982 1629 haberet

406 1661 599 1715 melius
647 1676 677 1715 a
732 1660 856 1715 filiis
907 1671 958 1715 et
1010 1662 1219 1717 filiabus
1270 1662 1324 1716 in
1375 1663 1756 1719 cohwrcditate
1822 1665 1983 1719 cmle-

406 1764 589 1808 stium.

2086 583 2364 627 evocatum
2403 586 2643 629 moratur
2688 580 3047 641 sermonibus,
3075 596 3400 651 omnemque
3434 599 3545 637 rem
3574 587 3655 637 sui

2084 664 2292 718 consilii
2323 673 2528 718 secreto
2560 666 2749 734 aperit,
2780 682 2966 721 omnes
3001 667 3325 723 diliieultatis
3366 671 3488 741 [al.,
3524 672 3658 725 difli-

2084 753 2334 825 cultates]
2391 754 2568 811 aditus
2624 758 3033 826 sapientissime
3093 762 3316 815 rationis
3366 778 3475 815 suae
3531 764 3658 817 lima

2084 845 2276 907 erudit,
2311 845 2588 915 abjurandi
2622 848 2820 903 limites
2839 850 3099 913 excludit,
3134 852 3371 921 nihilque
3398 853 3659 923 dispendii

2086 932 2202 989 loco
2229 937 2395 989 sancti
2429 936 2653 1007 Remigii
2685 938 2957 1003 devenire,
2988 943 3080 996 sed
3105 944 3447 997 commutatis
3475 947 3659 1007 rebus,

2085 1039 2204 1092 qua:
2254 1026 2398 1080 inter
2447 1042 2540 1081 cos
2596 1028 2932 1097 complacitis
2962 1032 3317 1099 pactionibus
3367 1034 3659 1097 cederent,

2086 1116 2439 1185 opportunius
2468 1119 2794 1187 repromittit
2844 1135 3001 1184 esse;
3048 1130 3198 1175 tanta
3228 1122 3399 1176 videri
3444 1126 3659 1191 negotia

2086 1219 2205 1270 sua,
2270 1215 2449 1274 utpote
2482 1207 2666 1261 multis
2688 1210 2993 1277 episcopiis,
3020 1219 3073 1264 ct
3097 1224 3276 1264 rerum
3307 1211 3657 1281 plenitudine,

2086 1306 2137 1349 et
2169 1298 2426 1366 dignitate
2459 1299 2693 1353 nominis
2737 1302 3047 1369 prmstanlia
3080 1319 3092 1354 :
3123 1302 3264 1357 hunc
3304 1312 3482 1357 autem
3514 1303 3661 1358 locu-

2088 1383 2193 1436 lum
2254 1386 2519 1439 modicum
2572 1402 2693 1441 cum
2740 1389 2948 1444 modico
2997 1391 3491 1456 communicatum,
3528 1407 3661 1462 opus

2088 1476 2284 1529 habere
2309 1476 2579 1531 vicinitate
2595 1480 2982 1545 communium,
3006 1490 3059 1535 et
3081 1482 3347 1535 laboriosa
3374 1482 3662 1536 vivacitate

2088 1566 2305 1630 virium,
2329 1581 2446 1620 sese
2468 1568 2603 1622 bene
2622 1576 2671 1621 et
2694 1570 2986 1638 prudenter
3013 1586 3194 1641 agere.
3222 1572 3265 1625 si
3300 1573 3439 1626 unde
3468 1573 3661 1627 divina:

2086 1657 2364 1711 servitutis
2392 1658 2562 1711 honor
2591 1670 2882 1727 cresceret,
2924 1672 3173 1731 prompto
3203 1673 3256 1717 et
3300 1663 3437 1718 ﬁdeli
3481 1664 3661 1716 animo

2086 1746 2337 1800 ordinare
2376 1757 2429 1799 et
2467 1749 2797 1803 constituere
2844 1761 3141 1819 satageret;
3198 1752 3430 1820 scipsum
3476 1761 3656 1805 autem

476 1841 629 1898 nunc
670 1856 798 1914 ergo
839 1859 936 1914 per
979 1844 1261 1899 consilium
1292 1844 1473 1901 δοηιηί
1501 1846 1728 1902 αρε-παῖ
1766 1849 1977 1902 abimus
2009 1834 2049 1889 R
2084 1838 2171 1907 qui
2219 1838 2333 1893 haec
2357 1848 2610 1910 expetere
2653 1841 2935 1897 videbatur
2976 1844 3075 1898 sibi
3109 1846 3499 1901 unanimiorem
3544 1845 3657 1902 cili-

403 1935 503 1988 viri
534 1935 657 1989 vita:
684 1936 1041 2001 venerabilis,
1072 1938 1163 2007 qui
1198 1946 1323 1992 tunc
1374 1939 1629 2007 temporis
1665 1955 1762 2008 pro
1794 1943 1985 1995 merito

402 2026 486 2079 sui
521 2027 753 2080 nominis
779 2036 832 2080 ct
864 2027 1126 2096 religiosa:
1157 2029 1615 2092 conversationis,
1650 2029 1890 2099 pluribus
1928 2035 1979 2085 in

399 2121 629 2176 Francia
664 2134 893 2192 praeerat
934 2126 1323 2179 monachorum
1366 2125 1653 2188 etenobiis,
1698 2126 1837 2179 inter
1864 2138 1983 2194 qum

399 2221 455 2267 et
502 2214 815 2267 monasterii
861 2216 1034 2268 sancti
1080 2215 1305 2285 Remigii
1357 2231 1541 2268 curam
1590 2217 1799 2281 agebat.
1832 2215 1981 2267 llunc

397 2303 670 2367 eumdem,
710 2303 965 2372 inquam,
1009 2302 1183 2357 locum
1233 2312 1421 2358 saneto
1455 2303 1701 2373 Remigio
1747 2311 1805 2356 ut
1853 2303 1980 2356 sub-

388 2388 595 2456 jectum
627 2391 869 2455 haberet,
900 2408 963 2447 ac
988 2392 1328 2462 procurando
1359 2400 1602 2445 servaret
1628 2433 1640 2455 ,
1673 2390 1811 2446 fideli
1856 2401 1981 2445 voto

401 2479 756 2535 tradiderunt.
808 2481 904 2536 llic
938 2482 988 2535 in
1042 2482 1247 2536 honore
1294 2483 1463 2535 sancti
1494 2481 1734 2547 ριιίιιιίιιὶ
1785 2496 1977 2535 conse-

398 2579 603 2636 cratus,
636 2581 690 2625 et
736 2572 1010 2626 radicibus
1039 2572 1304 2627 Aldiniaci
1334 2572 1531 2625 montis
1573 2572 1779 2624 adsitus
1806 2613 1816 2630 .
1852 2586 1880 2624 a
1907 2573 1979 2624 ri—

398 2657 523 2711 vulo
573 2657 739 2713 fontis
786 2659 877 2728 qui
930 2659 1060 2713 inibi
1117 2660 1367 2714 exoriens
1412 2658 1725 2729 praeterfluit
1778 2659 1980 2728 Tignus

392 2748 833 2817 cognominatur.
880 2748 985 2804 Sed
1019 2750 1558 2804 circummanentium
1611 2750 1978 2819 inquietudine

395 2835 712 2899 satellitum,
738 2850 803 2888 ex
833 2837 1055 2890 castello
1088 2838 1333 2904 proxime
1375 2838 1699 2899 imminenti,
1730 2839 1870 2905 quod
1911 2839 1979 2891 ob

391 2925 637 2995 palustre
673 2940 911 2990 caenum,
942 2925 995 2979 in
1020 2926 1173 2995 cujus
1211 2927 1390 2981 medio
1424 2926 1642 2990 residet,
1676 2928 1976 2980 Cantarana

396 3017 630 3081 dicitur,
693 3016 1027 3086 frequentius
1075 3028 1382 3085 urgeretur,
1436 3018 1817 3087 molestiasque
1860 3035 1978 3073 cre-

394 3106 523 3159 bras
548 3106 797 3173 patiens,
851 3106 1324 3175 contemplationis
1378 3122 1488 3162 suae
1545 3109 1783 3163 studium
1838 3125 1977 3179 saepe

394 3195 646 3247 amittere
675 3194 906 3263 cogitur.
934 3194 1087 3249 Hunc
1117 3211 1240 3250 cum
1273 3196 1470 3252 abbate
1495 3207 1550 3251 et
1588 3198 1847 3253 fratribus
1874 3177 1975 3253 loci
2006 3177 2046 3235 C

389 3284 570 3337 sancti
616 3281 846 3351 Remigii
895 3298 993 3351 per
1038 3286 1413 3341 concambium
1454 3302 1519 3341 ex
1553 3288 1711 3344 rebus
1738 3290 1980 3345 ecclesia:

396 3385 595 3431 nostra:
641 3376 784 3443 volo,
816 3377 863 3431 si
894 3376 1034 3431 Deus
1078 3388 1298 3441 annuat,
1344 3391 1699 3447 commutare,
1744 3383 1979 3451 mihique

394 3465 644 3535 legaliter
678 3468 1041 3523 contraditum
1068 3484 1189 3522 cum
1224 3469 1543 3524 Mosomensi
1571 3470 1687 3541 [ul.,
1712 3471 1981 3527 Mosoma-

394 3554 570 3628 gensi]
605 3555 722 3611 loco
763 3572 928 3612 unum
955 3556 1187 3621 ellicere,
1236 3565 1437 3612 utcum
1478 3561 1756 3617 monachis
1784 3562 1978 3618 abbate

394 3645 472 3699 ibi
501 3646 846 3714 transposito,
878 3660 944 3699 ex
972 3644 1181 3699 duobus
1211 3646 1457 3715 quamvis
1494 3648 1791 3703 minoribus
1814 3667 1976 3705 unum

396 3733 600 3801 aliquid
630 3733 725 3787 fiat
749 3732 923 3801 majus
953 3743 1006 3788 et
1034 3734 1245 3787 melius.
1281 3735 1419 3787 Ecce
1446 3737 1556 3788 luce
1583 3746 1706 3789 sunt
1740 3754 1858 3806 qua:
1886 3755 1977 3793 vos

396 3826 614 3881 interim
646 3827 836 3880 audire
886 3826 1049 3890 volui,
1088 3836 1141 3879 et
1169 3826 1211 3879 si
1255 3842 1319 3879 ex
1364 3826 1473 3879 Deo
1500 3827 1609 3879 sint
1636 3827 1789 3894 cujus
1820 3832 1980 3884 misc-

397 3920 646 3975 ricordia:
676 3920 978 3981 innitimur,
1013 3919 1298 3974 consilium
1329 3935 1396 3974 ne
1424 3921 1745 3975 cunctemini
1775 3922 1978 3977 referre

393 4012 541 4083 quod
571 4012 754 4066 utilius
774 4010 1105 4082 judicabitis’.

467 4100 587 4155 Mox
634 4101 708 4155 illi
741 4117 877 4171 opus
905 4103 1122 4170 pietatis
1147 4103 1508 4167 attendentes,
1540 4114 1591 4159 et
1636 4106 1773 4159 viam
1824 4108 1978 4162 bona:

390 4191 630 4246 actionis
657 4192 1100 4248 considerantes:
1128 4193 1170 4247 Ο
1198 4194 1391 4258 fausta,
1420 4196 1693 4265 inquiunt,
1714 4199 1970 4255 intentio!

392 4289 451 4335 et
497 4281 541 4335 si
582 4278 829 4335 effectum
879 4282 1110 4347 habeat,
1162 4298 1324 4351 quam
1373 4294 1518 4340 certa
1561 4296 1615 4339 et
1655 4285 1780 4341 felix
1825 4291 1977 4344 bonae

388 4368 687 4424 voluntatis
725 4369 830 4423 erit
877 4373 1273 4425 remuneratio!
1318 4372 1464 4425 Talia
1510 4374 1728 4429 differre
1770 4393 1874 4431 non
1908 4381 1977 4433 sit

388 4458 701 4523 consilium,
731 4474 867 4530 opus
895 4461 1039 4516 enim
1070 4462 1170 4517 hoc
1198 4464 1503 4519 accelerare
1527 4467 1744 4521 caeleste
1773 4479 1855 4523 est
1884 4482 1975 4524 ne-

386 4550 621 4621 gotium.
651 4550 797 4620 Opus
826 4551 1025 4606 bonum
1057 4552 1103 4607 si
1133 4553 1203 4607 sit
1229 4555 1279 4607 in
1311 4554 1617 4620 voluntate,
1646 4573 1710 4613 ex
1756 4560 1847 4614 Dei
1881 4562 1976 4616 ad-

391 4640 590 4699 iutorio
644 4640 751 4695 erit
800 4641 851 4695 in
894 4640 1242 4711 perfectione.
1296 4643 1445 4698 Talia
1500 4648 1762 4714 siquidem
1814 4660 1968 4717 vota,

386 4730 637 4799 quamvis
687 4744 757 4783 ex
802 4729 1113 4785 ditiicultate
1158 4732 1423 4797 titubent,
1470 4736 1641 4804 magis
1678 4746 1855 4792 autem
1904 4755 1971 4794 ex

388 4818 598 4873 desidia
662 4819 710 4873 si
756 4820 1080 4874 omittantur
1124 4830 1356 4889 nocent;
1391 4823 1516 4892 quia
1560 4836 1764 4892 quanto
1803 4828 1969 4885 ardua

385 4920 441 4965 et
473 4910 665 4966 altiora
712 4911 837 4981 quis
872 4915 1210 4984 aggreditur,
1262 4924 1413 4971 tanto
1452 4917 1670 4986 majoris
1698 4924 1969 4989 praeconio

383 5000 563 5057 laudis
610 5003 658 5058 si
698 5001 977 5058 efﬁciendo
1006 5015 1243 5074 superet,
1288 5008 1484 5079 dignus
1508 5011 1793 5066 attollitur.
1830 5014 1972 5079 Qua-

381 5102 611 5164 propter
639 5094 801 5163 .quod
849 5111 945 5151 vos
994 5099 1181 5152 audire
1219 5109 1414 5155 vestrae
1447 5100 1636 5169 gratia:
1681 5105 1973 5161 auctoritas

380 5184 609 5251 dignata
638 5192 744 5248 est,
774 5186 955 5239 omine
975 5192 1182 5240 tantum
1212 5188 1399 5244 dextro
1419 5188 1560 5242 Deus
1592 5193 1839 5262 aspiciat,
1875 5210 1969 5249 no-

381 5274 463 5327 bis
511 5273 780 5343 optimum
822 5274 971 5331 factu
1029 5277 1274 5343 videtur,
1317 5290 1369 5334 et
1425 5278 1576 5333 vobis
1629 5284 1968 5340 salutiferum

377 5361 875 5418 connumerabitur.

448 5450 544 5500 His
578 5450 927 5500 relationibus
960 5458 1191 5500 nocentia
1234 5463 1519 5500 nnicnnmm
1568 5462 1770 5500 (omnim-
1820 5467 1966 5500 ηηῖηι

2085 1941 2246 1984 CCI‘OL

2153 2023 2334 2079 Abbas
2361 2024 2426 2079 de
2472 2026 2554 2080 his
2584 2041 2702 2096 qum
2750 2028 2993 2083 audierat
3032 2028 3344 2083 consulendi
3377 2028 3574 2093 locum,
3608 2039 3664 2081 et

2083 2130 2203 2169 eum
2237 2115 2496 2171 fratribus
2542 2118 2854 2173 conferendi
2905 2120 3157 2189 postulat.
3200 2120 3316 2188 Quo
3368 2120 3662 2175 clementer

2085 2204 2313 2267 indulto,
2364 2204 2563 2260 fratres
2591 2207 2759 2262 abbas
2791 2208 2995 2272 revisit,
3042 2210 3359 2264 coadunatis
3388 2219 3442 2263 et
3474 2223 3663 2264 conse-

2081 2291 2331 2345 dentibus
2364 2308 2485 2362 qua:
2530 2296 2601 2347 sit
2639 2297 2928 2363 postulatio
2973 2299 3229 2367 episc0pi,
3258 2298 3467 2367 quodve
3499 2301 3664 2354 totius

2082 2381 2402 2449 profundum
2434 2384 2641 2437 consilii
2676 2386 2876 2453 apertis
2900 2396 2953 2439 et
2986 2386 3237 2441 brevibus
3264 2389 3443 2441 verbis
3485 2388 3663 2443 absol-

2082 2476 2177 2528 vit.
2211 2475 2432 2530 Fratres
2463 2478 2644 2545 itaque
2686 2478 2896 2532 diversa
2925 2480 3241 2543 sentientes,
3280 2488 3462 2550 atque,
3491 2492 3551 2535 ut
3580 2491 3665 2535 est

2084 2565 2355 2634 ingenium
2383 2567 2658 2620 mobilium
2689 2569 2971 2634 mentium,
2995 2571 3154 2639 idque
3178 2571 3354 2639 potius
3378 2572 3661 2640 jnvenum,

2084 2672 2185 2708 non
2214 2656 2398 2711 eadem
2428 2657 2719 2723 mirantes;
2772 2660 2987 2713 interim
3034 2661 3319 2716 vacillante
3365 2662 3658 2727 sententia,

2081 2755 2133 2799 ct
2183 2755 2408 2801 nutante
2458 2750 2732 2802 seniorum
2778 2748 3022 2816 judicio,
3078 2752 3202 2806 dum
3254 2768 3363 2807 sua:
3422 2753 3662 2821 opinioni

2081 2836 2307 2904 quisque
2335 2837 2508 2904 magis
2544 2838 2791 2891 innititur
2811 2879 2825 2903 ,
2868 2840 3045 2908 primo
3084 2842 3322 2896 abnuere
3354 2858 3453 2897 nec
3481 2859 3663 2898 assen-

2084 2932 2169 2984 tiri
2202 2931 2353 2997 velle,
2386 2933 2527 3002 qnod
2558 2935 2721 2987 semel
2758 2946 3079 3003 acceperant
3115 2952 3213 2990 cur
3254 2937 3409 2992 alteri
3459 2953 3659 2993 curan-

2084 3023 2209 3075 dum
2249 3038 2408 3091 quam
2440 3023 2538 3076 sibi
2568 3024 2810 3087 credant,
2845 3035 3025 3080 votum
3058 3026 3225 3081 fidelis
3254 3028 3495 3084 mulieris
3525 3030 3664 3084 elee—

2085 3126 2361 3181 mosynam
2413 3110 2661 3167 facientis
2700 3129 2916 3168 manere
2977 3114 3210 3179 debere,
3266 3116 3367 3170 sibi
3416 3117 3663 3173 subtrahi

2080 3204 2219 3273 quod
2257 3201 2392 3257 alter
2420 3202 2620 3258 faceret
2642 3244 2657 3269 ,
2702 3206 2802 3259 sibi
2832 3206 2998 3259 minui
3036 3208 3175 3261 unde
3203 3206 3341 3262 alius
3370 3220 3661 3276 cresceret,

2083 3297 2181 3348 hoc
2218 3295 2357 3364 apud
2390 3295 2643 3363 populum
2672 3311 2776 3349 non
2819 3311 2938 3350 esse
2986 3298 3159 3351 laudis
3189 3300 3537 3365 prrrconium,
3568 3302 3662 3356 sed

2080 3388 2247 3442 videri
2278 3389 2399 3443 vitae
2425 3389 2705 3457 degeneris
2735 3396 2788 3441 ct
2816 3389 3220 3444 contumeliosue
3254 3390 3662 3464 improbationis

2080 3477 2166 3548 [f.,
2200 3477 2688 3549 improperationis]
2716 3477 2968 3549 elogium.

2149 3570 2298 3624 Talia
2343 3572 2771 3635 renarrantibus,
2824 3582 3080 3644 motuque
3141 3573 3294 3627 vario
3332 3574 3660 3629 dissonanti-

2078 3660 2198 3722 bus,
2230 3660 2397 3715 abbas
2428 3661 2699 3714 silentium
2743 3662 2992 3730 imperat,
3026 3662 3277 3733 fandique
3307 3667 3653 3731 auctoritate,

2078 3760 2131 3803 et
2155 3752 2302 3805 vocis
2328 3752 2574 3805 libertate
2605 3752 2671 3804 ad
2703 3754 3149 3822 compescendam
3195 3758 3488 3813 murmuris
3513 3766 3654 3812 stre-

2080 3843 2246 3910 pitum
2294 3853 2575 3907 arrectus,
2631 3845 2730 3914 piae
2765 3847 3161 3901 exhortationis
3211 3849 3535 3904 allocutione
3581 3852 3657 3904 sic

2080 3934 2337 3986 incl.oat:
2389 3933 2607 3988 Fratres
2668 3935 3008 4000 dulcissimi,
3065 3937 3286 4007 Deoque
3332 3941 3656 4003 cbarissimi,

2079 4022 2236 4083 verba
2266 4034 2390 4076 sunt
2433 4025 2531 4078 ista
2561 4026 2787 4080 dicentis
2818 4028 3053 4094 Apostoli
3092 4048 3102 4080 :
3140 4029 3287 4083 Nihil
3314 4047 3406 4099 per
3448 4044 3659 4085 conten—

2078 4113 2291 4175 tionem,
2318 4130 2477 4183 neque
2506 4132 2597 4182 per
2641 4116 2846 4169 inanem
2874 4117 3135 4187 glorium';
3167 4121 3256 4174 sed
3284 4121 3336 4173 in
3367 4121 3660 4175 humilitate

2077 4208 2368 4275 superiores
2397 4208 2494 4260 sibi
2523 4209 2737 4261 invicem
2783 4211 3117 4277 arbitrantes,
3150 4230 3251 4265 non
3273 4231 3390 4282 qua:
3415 4232 3511 4268 sua
3540 4226 3657 4268 sunt

2078 4297 2271 4366 singuli
2308 4298 2733 4363 considerantes,
2781 4302 2870 4355 sed
2914 4318 3031 4371 qua:
3060 4302 3285 4356 aliorum
3342 4303 3565 4375 (Philip.
3597 4324 3656 4369 ti,

2077 4389 2231 4459 2,5).
2277 4387 2401 4443 Hmc
2455 4389 2692 4459 Apostoli
2746 4391 2907 4444 verba
2937 4400 3081 4460 sunt
3132 4395 3283 4462 quasi
3333 4394 3656 4450 fermentum

2009 4516 2053 4574 υ
2080 4482 2231 4535 bona:
2258 4482 2656 4550 conspersionis
2686 4481 2736 4533 in
2771 4490 2953 4535 nostra
2982 4483 3361 4555 intelligentia,
3391 4496 3448 4542 ut
3474 4489 3657 4544 omnia

2080 4584 2199 4637 quze
2226 4568 2470 4631 facimus,
2506 4570 2614 4623 sint
2646 4570 2762 4625 sine
2798 4574 3313 4631 murmurationibus
3349 4585 3405 4631 ct
3444 4579 3658 4634 haesita-

2082 4657 2359 4711 tionibus:
2398 4654 2464 4709 Ut
2509 4658 2672 4710 simus
2721 4660 2831 4713 sine
2876 4661 3086 4728 querela
3134 4673 3182 4715 et
3222 4665 3479 4735 simplices
3524 4669 3657 4722 sicut

2077 4747 2178 4815 ﬁlii
2205 4747 2322 4812 Dei,
2352 4748 2462 4802 sine
2483 4751 2877 4816 reprehensione
2901 4752 2955 4804 in
2987 4754 3158 4807 medio
3208 4759 3437 4811 nationis
3480 4778 3659 4829 praem

2077 4847 2124 4890 et
2152 4854 2403 4905 perversa:
2430 4852 2448 4889 :
2493 4840 2626 4891 inter
2646 4856 2774 4906 quos
2822 4839 3026 4905 lucetis,
3070 4846 3164 4909 ait,
3210 4848 3343 4899 sicut
3374 4847 3659 4902 luminaria

2074 4928 2128 4980 in
2154 4929 2368 4993 mundo,
2390 4929 2594 4982 verbum
2617 4931 2733 4984 vita:
2751 4931 3072 4987 continentes
3094 4934 3313 5006 (Philip.
3345 4951 3405 5003 tt,
3433 4937 3517 5003 15,
3556 4940 3659 5008 lii).

2076 5024 2142 5077 Et
2170 5025 2295 5080 alibi
2324 5042 2336 5078 :
2371 5023 2594 5079 Solliciti
2622 5037 2781 5080 estote
2805 5042 3012 5081 servare
3052 5036 3307 5087 unitatem
3339 5034 3575 5097 spiritus,
3610 5038 3664 5086 in

2073 5118 2281 5174 vinculo
2326 5120 2488 5187 pacis.
2541 5114 2719 5172 Unum
2760 5133 2950 5185 corpus
2981 5130 3026 5173 et
3081 5140 3216 5180 unus
3261 5126 3504 5193 spiritus,
3534 5128 3665 5178 sicut

2072 5208 2243 5259 vocati
2290 5206 2411 5259 estis
2446 5206 2503 5257 in
2557 5219 2666 5260 una
2722 5222 2809 5261 soe
2859 5208 3155 5269 vocationis
3215 5222 3394 5266 vestrae
3439 5210 3667 5281 (Ephes.

2072 5307 2143 5354 tv,
2176 5294 2239 5362 3,
2269 5295 2343 5368 4).
3042 5344 3045 5345 ν

2148 5380 2329 5450 Unde,
2369 5384 2563 5438 fratres
2620 5389 2762 5451 mei,
2812 5384 2856 5439 si
2904 5382 2956 5437 in
3002 5385 3107 5450 his
3134 5406 3252 5465 quae
3282 5390 3372 5445 Dei
3404 5399 3528 5443 sunt
3565 5407 3679 5445 mo-

2701 5481 2751 5500 II!
2800 5464 2948 5500 Δηιιιλι
2991 5494 3041 5500 --

2074 5485 2198 5500 ,ιι-ιη.
2259 5485 2529 5500 -..ἱ.-Α-..ιιιι
