4516 5500
882 455 1001 511 ’523

1947 445 2424 504 ADALBERONIS
2460 444 2776 499 ARCHIEP.
2820 445 3115 500 REMENS.

4025 448 4129 503 5H

894 565 1129 620 tentionc
1175 565 1289 624 sui,
1338 563 1552 618 videtur
1591 562 1743 615 nobis
1787 560 2001 629 prodire
2041 571 2105 609 ex
2155 557 2313 611 insito
2355 554 2453 610 sibi
2486 556 2533 615 Α
2564 552 2820 622 ampliare
2846 562 3021 606 autem
3056 552 3141 605 illa
3178 561 3370 621 potest,
3402 552 3550 621 cujus
3575 551 3750 606 omnia
3778 563 3920 607 sunt.

892 658 1083 711 timore
1111 664 1165 709 et
1200 668 1384 707 amore
1434 652 1565 717 Dei;
1599 651 1737 704 unde
1779 663 1877 703 nos
1922 664 2019 701 nec
2056 648 2200 716 juste
2248 646 2463 714 quimus

891 744 1176 807 obsistere,
1206 756 1306 796 nec
1353 754 1417 794 ea
1447 755 1565 811 qua:
1611 738 1677 793 ad
1724 737 1925 791 cultum
1967 736 2160 791 divina:
2187 734 2461 789 servitutis

888 834 1157 905 pertinere
1180 831 1463 895 sentimus,
1490 828 1745 884 debemus
1774 843 1904 881 ausu
1939 828 2224 881 temerario
2246 842 2461 894 perver-

890 934 1022 980 tere.
1056 922 1111 978 Si
1140 920 1511 977 diminutionis
1537 920 1791 974 damnum
1815 918 2067 989 plaugitis
2086 957 2099 983 ,
2129 932 2191 971 ea
2214 932 2334 987 quae
2360 930 2457 970 no-

886 1015 972 1071 bis
1003 1016 1054 1068 in
1096 1010 1597 1083 recompensatione
1629 1011 1929 1065 concambii
1962 1010 2027 1064 ad
2055 1024 2289 1079 praesens
2322 1018 2459 1063 tran-

880 1104 1097 1168 scribit,
1138 1118 1243 1158 non
1292 1103 1423 1156 satis
1451 1102 1672 1172 provide
1717 1100 1993 1154 attenditis
2024 1116 2036 1152 :
2071 1098 2125 1154 Si
2156 1109 2335 1152 autem
2374 1099 2456 1153 fa-

878 1208 1042 1251 vores
1088 1208 1152 1248 ex
1194 1192 1397 1263 judicio
1456 1190 1637 1262 p0puli
1682 1192 1997 1255 assumitis,
2052 1190 2347 1244 cavendum
2392 1205 2458 1244 ne

882 1285 1091 1341 arundo
1118 1293 1280 1339 vento
1299 1282 1494 1351 agitata
1516 1280 1728 1351 (Matth.
1758 1296 1833 1345 xi,
1866 1281 1918 1348 7)
1941 1292 2058 1334 esse
2080 1279 2275 1333 velitis.
2306 1278 2457 1345 Quod

880 1382 1062 1429 autem
1090 1381 1271 1426 votum
1302 1370 1546 1425 mulieris
1572 1384 1791 1425 manere
1826 1369 2021 1423 debere
2054 1368 2317 1433 asseritis,
2346 1383 2456 1419 ma-

877 1465 978 1535 jori
1029 1464 1191 1519 credo
1238 1462 1606 1516 misericordia
1653 1461 1818 1515 stabit
1866 1459 2152 1515 subnixum
2202 1459 2345 1529 quod
2402 1458 2453 1511 in

882 1570 1008 1610 usus
1036 1554 1189 1609 cedet
1236 1566 1532 1623 pauperum
1564 1560 1617 1605 et
1644 1564 1935 1621 egenorum
1962 1588 1976 1613 ,
2030 1549 2169 1603 sicut
2197 1548 2454 1618 scriptum

879 1652 959 1698 est
987 1661 999 1697 :
1030 1643 1307 1710 Dispersit,
1348 1642 1488 1694 dedit
1530 1640 1882 1709 pauperibus:
1904 1639 2113 1707 justitia
2148 1638 2261 1706 ejus
2284 1646 2453 1690 manet

880 1736 934 1787 in
957 1733 1203 1787 swculum
1232 1732 1410 1785 sazcuti
1440 1728 1612 1800 (Psat.
1638 1744 1745 1794 cxi,
1777 1730 1852 1799 8).
1890 1728 2023 1781 Cum
2054 1742 2183 1797 ergo
2217 1725 2455 1781 abunde-

882 1839 1001 1879 mus
1026 1834 1079 1879 et
1116 1821 1645 1893 superabundemus,
1695 1819 1993 1873 cavendum
2038 1818 2194 1873 nobis
2232 1827 2353 1883 est,
2386 1831 2453 1871 ne

2632 644 2879 698 Crastino
2905 654 3082 698 autem
3114 645 3275 708 facto,
3315 644 3443 697 hora
3480 644 3583 697 diei
3625 644 3776 712 quasi
3803 646 3993 712 prima,
4018 643 4131 712 jam

2560 733 2841 802 episcopus
2869 733 3160 787 monachos
3186 748 3311 788 suos
3342 732 3391 786 in
3420 733 3665 803 proximo
3706 732 3893 787 adesse
3929 735 4131 789 sciebat

2561 825 2715 892 (puer
2739 824 2933 893 quippe
2966 824 3017 876 in
3043 824 3258 891 specula
3303 824 3528 893 positus,
3555 824 3605 877 id
3630 838 3740 892 prae
3776 823 3944 878 oculis
3974 823 4134 881 facile

2560 915 2781 978 habens,
2814 915 3117 969 certissime
3154 915 3475 985 nuntiabat),
3500 916 3551 969 in
3590 916 3882 970 secretario
3906 914 4136 972 clericos

2558 1021 2744 1060 omnes
2786 1007 3077 1061 coatlnnari
3120 1005 3265 1071 facit,
3313 1015 3368 1062 et
3413 1017 3674 1076 prcesente
3718 1006 3844 1062 forti
3890 1008 4133 1063 custodia

2558 1097 2658 1161 sui,
2691 1096 3203 1151 circumsedentibus
3226 1097 3473 1151 omnibus
3496 1098 3576 1151 sic
3602 1112 3758 1151 orsus
3784 1097 3851 1151 ab
3878 1097 3984 1151 alto
4006 1108 4090 1151 est
4115 1114 4131 1151 :

2558 1184 2717 1239 Multa
2745 1194 2825 1240 est
2854 1186 3015 1241 nimis
3058 1186 3258 1239 malitia
3298 1186 3475 1241 smculi
3518 1186 3672 1254 hujus
3708 1194 3763 1241 et
3790 1201 3913 1241 vere
3941 1196 4130 1240 natura

2557 1274 2831 1331 hominum
2856 1275 2923 1329 ab
2948 1273 3304 1329 adolescentia
3329 1290 3423 1329 sua
3449 1288 3661 1344 semper
3688 1275 3939 1345 proclivis
3967 1285 4049 1331 est
4074 1276 4129 1330 in

2557 1364 2753 1420 malum
2781 1364 2933 1433 (Gen.
2963 1380 3035 1428 vt,
3065 1364 3155 1434 5);
3184 1380 3301 1435 quae
3327 1366 3392 1419 ad
3427 1366 3827 1421 similitudinem
3858 1368 4007 1423 navis
4033 1384 4131 1439 po-

2556 1456 2672 1510 sitae
2697 1456 2749 1509 in
2779 1456 2955 1510 medio
2978 1456 3254 1520 fluctuant,
3297 1455 3398 1509 nisi
3443 1455 3625 1511 sedulo
3656 1456 3709 1510 in
3736 1458 4004 1512 anteriora
4032 1473 4133 1514 ex-

2554 1553 2839 1613 pungatur,
2883 1544 3081 1614 jugiter
3121 1546 3267 1599 vadit
3318 1555 3631 1600 retrorsum.
3680 1546 3850 1612 Quam
3890 1562 3999 1601 rem
4030 1563 4133 1603 cur

2556 1638 2925 1708 proposuerim
2967 1638 3152 1708 paucis
3189 1638 3480 1693 absolvam.
3532 1638 3703 1693 Locus
3732 1640 3832 1693 iste
3856 1638 3955 1694 sub
3976 1639 4131 1695 titulo

2555 1728 2856 1797 assignatus
2897 1738 3095 1782 sanetae
3133 1728 3226 1783 Dei
3264 1728 3543 1799 genitricis
3587 1728 3793 1794 Maria),
3836 1730 4127 1784 secundum

2554 1815 2636 1869 sui
2694 1815 2925 1871 nominis
2977 1816 3291 1887 dignitatem
3344 1817 3618 1888 religionis
3670 1833 3775 1877 non
3819 1818 3980 1875 habet
4032 1821 4128 1877 ho-

880 1916 979 1971 sub
1006 1916 1184 1985 specie
1230 1914 1444 1984 pietatis
1478 1921 1531 1968 et
1553 1912 1707 1981 quasi
1736 1911 2081 1966 defendendae
2114 1910 2451 1964 rectitudinis
2484 1894 2527 1953 Β
2556 1920 2765 1959 norem.

881 2022 1168 2075 arguantur
1191 2005 1433 2070 sceleris,
1465 2004 1705 2058 avaritia:
1728 2012 1783 2057 et
1807 2001 2135 2071 cupiditatis.
2175 2000 2299 2055 Ideo
2324 2014 2453 2068 rogo

882 2114 995 2163 vos,
1022 2097 1236 2160 fratres,
1261 2106 1319 2150 ut
1345 2094 1544 2151 saniori
1577 2094 1800 2150 consilio
1826 2102 2032 2148 mentes
2079 2101 2272 2146 vestrae
2299 2092 2452 2145 incli-

880 2199 1076 2243 nentur
1103 2197 1155 2244 et
1189 2187 1565 2257 acquiescant,
1596 2184 1824 2254 utjnxta
1854 2184 2170 2253 Apostolum
2197 2201 2211 2238 :
2263 2182 2452 2237 Omnia

879 2288 1047 2333 cestra
1066 2280 1120 2331 in
1147 2277 1401 2331 cliaritate
1422 2276 1553 2345 ﬁant
1587 2273 1635 2345 (I
1668 2273 1791 2327 Cor.
1825 2289 1954 2338 xm,
1987 2272 2098 2343 Η).

948 2367 1043 2422 llis
1080 2375 1135 2421 et
1165 2365 1466 2435 bujusmodi
1506 2363 1689 2417 multis
1714 2372 1875 2429 atque
1926 2361 2292 2413 saluberrimis
2323 2360 2455 2413 allo-

877 2460 1186 2516 cutionibus
1230 2457 1402 2510 fracta
1453 2464 1507 2509 et
1554 2452 1793 2508 emollita
1822 2452 1971 2521 prius
2015 2450 2451 2520 exasperantium

864 2547 1221 2605 cervicositas
1270 2546 1322 2600 in
1351 2544 1584 2615 gratiam
1614 2541 1940 2597 assentiendi
1969 2541 2125 2603 redit,
2173 2550 2228 2595 et
2266 2541 2455 2595 annuit

878 2652 1209 2707 quaecunque
1255 2636 1325 2689 sit
1364 2633 1599 2704 episcopi
1647 2642 1701 2687 et
1748 2631 1959 2685 abbatis
2002 2630 2269 2686 voluntas.
2317 2630 2457 2695 flint.

875 2729 985 2779 itur
1022 2726 1088 2781 ad
1130 2726 1472 2796 episcopum,
1522 2738 1640 2792 quae
1690 2720 1916 2774 fratrum
1964 2718 2133 2773 fuerit
2178 2719 2457 2776 obauditio

874 2817 1190 2885 exponitur;
1239 2814 1367 2871 licet
1408 2814 1642 2884 primum
1674 2812 1830 2865 reniti
1870 2820 1922 2865 et
1963 2810 2223 2864 obsistere
2273 2809 2453 2864 volue-

874 2909 1002 2970 rint,
1036 2917 1213 2960 tamen
1244 2905 1451 2958 ratione
1480 2904 1652 2956 vietos
1697 2915 1849 2955 suam
1894 2896 2167 2953 reflexisse
2196 2899 2450 2953 intentio.

872 3012 1014 3059 nem,
1045 3005 1098 3052 et
1126 2995 1279 3049 bona:
1316 2992 1606 3047 voluntatis
1639 2990 1753 3059 ejus
1797 3002 1905 3042 non
1948 2989 2226 3057 aspernari
2261 3002 2452 3057 opera-

872 3090 1092 3144 tionem.
1144 3086 1446 3155 Episc0pus
1506 3081 1735 3151 benigne
1775 3080 2014 3149 accepit,
2070 3079 2274 3149 gratias
2315 3081 2447 3149 egit,

861 3178 1244 3245 ordinatisque
1275 3191 1341 3229 ex
1392 3173 1663 3230 contmuni
1690 3186 1953 3228 consensu
1976 3172 2263 3241 opportuni
2295 3173 2445 3226 testi-

2625 1995 2750 2049 l'ost
2780 1994 2921 2049 illam
2950 2010 3180 2066 namque
3214 1995 3506 2065 miseriam,
3530 2013 3689 2069 quam
3719 2013 3855 2071 pene
3878 2002 4130 2057 omnibus

2554 2084 2809 2154 importat
2836 2086 3013 2140 szeculi
3052 2087 3273 2153 malitia,
3328 2088 3417 2142 vix
3462 2091 3737 2159 pertenuis
3782 2092 4022 2157 scientia,
4071 2103 4131 2148 et

2553 2190 2717 2245 prope
2748 2175 2893 2229 nulla
2934 2176 3197 2232 clericalis
3223 2192 3316 2232 seu
3346 2180 3587 2234 canonici
3623 2181 3825 2235 ordinis
3854 2184 3918 2236 ad
3948 2184 4127 2237 scien-

2556 2265 2680 2319 dum
2724 2274 2777 2319 et
2816 2265 3215 2335 intelligendum
3258 2267 3426 2322 Deum
3463 2284 3558 2324 vos
3604 2280 3827 2325 exornat
3866 2273 4128 2340 sapientia

2553 2364 2609 2409 et
2636 2354 2983 2409 continentia.
3041 2356 3152 2411 Nec
3198 2374 3378 2413 moras
3410 2361 3560 2415 vobis
3588 2360 3779 2415 faciam
3819 2364 3870 2417 in
3904 2363 4127 2418 multum

2554 2444 2849 2515 loquendo;
2883 2446 3110 2501 duorum
3148 2448 3296 2504 vobis
3318 2450 3476 2504 datur
3504 2452 3650 2521 optio
3674 2469 3688 2517 ;
3717 2452 3878 2521 eligat
3902 2456 4131 2524 quisque

2552 2539 2692 2607 quod
2721 2538 2821 2594 sibi
2859 2542 3041 2597 utilius
3083 2545 3315 2609 videtur,
3365 2556 3453 2601 aut
3502 2548 3617 2602 fieri
3667 2550 4007 2616 monachum,
4037 2560 4131 2604 aut

2552 2634 2792 2688 cedendo
2847 2650 3076 2690 vacuare
3124 2636 3317 2692 locum.
3370 2638 3467 2694 Cui
3514 2641 3689 2710 placet
3739 2644 3791 2695 in
3844 2642 4127 2709 monacho,

2552 2724 2810 2792 spondeat
2836 2726 2888 2780 in
2925 2729 3195 2795 prtesenti.
3250 2729 3511 2786 ltefutans
3545 2742 3595 2787 et
3632 2733 3817 2788 nolens
3842 2742 4008 2789 mutet
4037 2749 4117 2788 se-

2551 2812 2711 2877 dem,
2760 2824 2815 2868 et
2858 2824 3033 2869 exeat.
3108 2816 3245 2872 Ecce
3302 2819 3473 2874 habeo
3519 2821 3646 2875 mihi
3698 2823 3985 2877 monachos
4029 2822 4131 2878 sub

2550 2918 2735 2957 norma
2757 2905 2927 2959 sancti
2951 2906 3222 2961 Benedicti
3250 2909 3504 2965 victuros.
3543 2912 3724 2965 Abbas
3747 2926 3977 2981 namque
4002 2928 4125 2966 eum

2549 2993 2662 3047 suis
2689 2992 2945 3049 fratribus
2967 2997 3251 3061 egrediens
3277 3012 3306 3051 a
3337 3000 3479 3062 navi,
3509 3002 3979 3069 nuntiabaturjam
4006 3018 4130 3057 esse

2549 3098 2659 3152 pra:
2709 3084 2935 3139 foribus.
2996 3086 3094 3142 Hic
3143 3089 3367 3144 turbatis
3410 3091 3657 3145 omnibus
3698 3091 3885 3161 (durus
3934 3094 4129 3163 quippe

2550 3189 2729 3229 sermo
2754 3175 2900 3229 visus
2928 3183 3009 3230 est
3030 3176 3107 3231 eis
3131 3177 3196 3232 de
3217 3180 3526 3249 monacho),
3560 3180 3687 3235 nulli
3720 3183 3817 3236 fttit
3845 3184 4127 3238 consilium

870 3268 1034 3325 monii
1059 3267 1277 3337 optimis
1304 3265 1357 3318 in
1377 3262 1686 3318 attestando
1714 3262 1865 3327 viris,
1892 3263 2445 3331 recompensationcm
2475 3242 2518 3305 (ἶ
2549 3271 2745 3333 praeter
2780 3278 2981 3334 paucos
3018 3280 3151 3334 quos
3188 3267 3268 3322 rei
3304 3267 3586 3323 familiaris
3623 3272 3851 3338 angebat
3890 3275 4125 3328 necessi-

860 3375 1053 3416 rernm
1082 3372 1199 3427 qua:
1223 3372 1290 3411 ex
1317 3355 1564 3409 condicto
1590 3354 1903 3423 placuerant
1931 3369 2029 3423 per
2068 3354 2451 3408 commutatio-

868 3464 992 3505 nem
1020 3446 1213 3503 datiet
1236 3446 1437 3514 accepti
1466 3444 1749 3513 episcopus
1778 3444 1982 3513 pariter
2010 3452 2065 3499 et
2108 3443 2276 3498 abbas
2302 3443 2446 3513 lega-

872 3540 997 3594 liter
1022 3537 1247 3600 faciunt,
1275 3544 1329 3590 et
1356 3544 1414 3589 ut
1437 3535 1632 3603 cuique
1657 3533 1800 3603 quod
1834 3534 1885 3587 in
1922 3534 2175 3602 praesenti
2205 3534 2447 3601 assigna-

868 3632 1002 3687 bant
1066 3628 1483 3683 determinatum
1546 3633 1603 3677 et
1663 3622 2034 3677 inconvulsum
2092 3631 2442 3692 perseveret,

2548 3352 2696 3417 tudo,
2724 3354 2876 3423 sequi
2905 3354 3107 3409 bonum
3134 3358 3277 3427 quod
3316 3358 3509 3427 prcesul
3542 3358 3649 3413 Deo
3694 3360 3884 3429 dignus
3928 3365 4124 3418 suade-

2546 3442 2639 3496 bat
2678 3445 2961 3510 agendum.

2618 3534 2706 3589 Sic
2736 3536 3018 3605 episcopus
3045 3536 3370 3594 intromissis
3403 3554 3524 3593 cum
3553 3541 3753 3595 honore
3779 3556 4013 3612 congruo
4033 3544 4125 3598 ab~

2544 3624 2668 3680 bate
2716 3635 2771 3680 et
2815 3627 3094 3681 monachis
3137 3628 3193 3682 in
3254 3630 3618 3683 sanctuarium
3657 3649 3670 3683 :
3706 3630 3873 3696 Ecce,
3926 3634 4120 3703 inquit,

868 3719 1100 3774 vadibus
1117 3716 1227 3785 juri
1258 3714 1573 3771 cedentibus
1596 3712 1694 3769 sub
1722 3711 2103 3783 astipulatioue
2128 3721 2305 3768 ratum
2337 3721 2448 3767 tra-
2544 3730 2699 3784 quam
2739 3714 2926 3767 bonum
2950 3726 2997 3769 et
3026 3732 3181 3785 quam
3216 3717 3512 3786 jucundum
3558 3719 3791 3774 habitare
3837 3722 4024 3789 fratres
4066 3726 4123 3778 in

868 3812 1035 3867 ditur.

936 3899 1068 3954 Pcst
1113 3898 1202 3952 ubi
1244 3897 1423 3952 omnia
1469 3911 1587 3965 quae
1632 3904 2023 3966 praeoptaverat
2055 3896 2339 3965 episcopus
2377 3911 2440 3951 ex

868 3991 1131 4047 sententia
1176 3986 1523 4059 comparavit,
1565 3986 1667 4041 iter
1701 4002 1822 4041 cum
1848 4002 1945 4041 suo
1970 3986 2228 4041 comitatu
2265 3986 2442 4041 Mace-

868 4083 978 4136 rias
1009 4077 1311 4144 castellum,
1340 4077 1481 4146 quod
1510 4086 1635 4131 tunc
1668 4076 1835 4131 frater
1860 4076 1975 4146 ejus
2003 4075 2323 4131 Godefridus
2352 4093 2443 4132 eo-

869 4187 984 4227 mes
1010 4168 1387 4227 constabilibat
1410 4169 1659 4238 arripuit,
1679 4177 1734 4223 et
1764 4167 1911 4223 illum
1944 4166 2224 4236 Tingensis
2255 4181 2440 4221 emno-

869 4262 992 4317 bioli
1017 4258 1397 4331 pauperculum
1422 4258 1690 4323 abbatem,
1712 4256 2007 4312 Lietaldum
2029 4256 2265 4321 nomine,
2280 4271 2443 4326 quam

868 4352 1147 4407 celerrime
1178 4349 1422 4410 advocat,
1451 4357 1504 4403 et
1531 4348 1629 4403 sub
1657 4348 1878 4403 testibus
1907 4346 2183 4417 sanctique
2214 4345 2443 4415 Remigii

868 4439 1177 4511 praeposito,
1214 4453 1306 4494 seu
1344 4436 1465 4493 aliis
1502 4437 1655 4492 bona:
1688 4436 1810 4491 fidei
1842 4436 1971 4490 viris
2006 4443 2251 4490 renarrat
2294 4435 2445 4504 quid-

869 4532 998 4602 quid
1028 4540 1265 4586 taxatum
1295 4530 1491 4586 fuerat.
1548 4528 1684 4595 Quid
1714 4528 1906 4584 deinde
1932 4543 1989 4586 se
2022 4530 2334 4585 obedienter
2364 4528 2439 4583 fa-

868 4637 991 4679 cere
1019 4621 1146 4677 velit
1185 4622 1435 4693 privatim
1462 4620 1699 4687 mandat,
1727 4631 1781 4675 et
1808 4629 1869 4675 ut
1888 4635 2007 4676 cum
2031 4620 2143 4677 suis
2164 4620 2441 4675 monachis

866 4714 1045 4769 navim
1069 4714 1469 4778 conscenderet,
1501 4727 1659 4782 quam
1698 4712 1811 4780 ipse
1842 4712 2033 4783 praesul
2069 4714 2147 4768 eis
2193 4714 2441 4782 imposito

865 4810 1171 4859 commeatu
1216 4808 1590 4871 apparaverat,
1632 4811 1687 4855 et
1730 4816 1944 4856 cursum
1987 4817 2091 4856 non
2137 4801 2443 4857 deﬂecteret

866 4892 1038 4947 donec
1061 4891 1210 4962 prius
1246 4889 1543 4947 Mosomum
1579 4892 1785 4946 veniret
1826 4892 2075 4962 imperat.
2123 4892 2329 4960 Quibus
2366 4895 2438 4949 ita

865 4982 1158 5053 dispositis,
1187 4980 1416 5037 domnus
1444 4981 1711 5037 Adalbero
1746 4983 2056 5037 conscensis
2084 4985 2237 5053 cquis
2274 5000 2440 5054 nego-

868 5072 997 5126 tium
1025 5070 1166 5140 quod
1188 5070 1489 5127 intenderat
1513 5070 1866 5141 perfecturus,
1899 5072 1965 5127 ad
1994 5072 2133 5127 hanc
2167 5089 2276 5129 sum
2303 5076 2446 5128 sedis

856 5163 1148 5219 ecclesiam
1191 5162 1465 5232 pervenit,
1516 5170 1569 5217 et
1607 5178 1730 5217 eum
1773 5162 1974 5217 honore
2016 5174 2294 5234 susceptus
2343 5173 2441 5228 est,

865 5250 1017 5306 Tune
1049 5251 1260 5321 priores
1288 5248 1528 5305 ecclesiae
1556 5249 1824 5322 appellare
1849 5250 2032 5321 coepit,
2065 5253 2168 5307 alia
2196 5270 2293 5323 pro
2327 5256 2445 5313 aliis

863 5342 1018 5413 quasi
1069 5340 1453 5397 dissimulando
1480 5341 1709 5413 fingens,
1737 5340 1908 5412 deque
1932 5343 2035 5397 situ
2069 5355 2123 5399 et
2151 5355 2290 5401 statu
2342 5348 2444 5404 loci

864 5431 1213 5462 ml':nl|::llnlll\
1238 5430 1543 5464 nnmnncilic
1580 5430 1926 5466 nnnfnhnlnna
1974 5433 2016 5466 οἶ
2042 5434 2167 5466 ηηῖιι
2210 5436 2260 5468 ἶη
2309 5452 2438 5468 nun-us

2469 4579 2519 4640 D

2545 3817 2727 3855 unum.
2786 3801 2868 3857 Sit
2890 3804 3038 3857 vobis
3065 3806 3197 3857 sicut
3230 3820 3543 3875 unguenIum
3572 3810 3625 3860 in
3652 3810 3838 3875 capite,
3862 3812 3999 3880 quod
4029 3814 4125 3865 de-

2542 3895 2738 3948 scendit
2767 3895 2821 3947 in
2846 3896 3080 3959 barbam,
3112 3895 3325 3948 barbam
3356 3898 3550 3951 Aaron.
3592 3898 3659 3951 Et
3693 3901 3831 3969 quod
3858 3902 4119 3973 descendit

2542 3987 2597 4040 in
2644 4002 2788 4039 oram
2830 3987 3113 4040 vestimenti
3150 3988 3263 4057 ejus
3290 4004 3308 4041 :
3335 4003 3379 4041 et
3429 3990 3557 4042 sicut
3606 4007 3690 4045 ros
3736 3991 3983 4056 Hermon,
4027 3998 4118 4063 qui

2543 4078 2703 4131 stillat
2732 4078 2851 4150 [al.,
2877 4078 3161 4149 descendit]
3193 4080 3246 4133 in
3274 4093 3494 4133 montem
3524 4079 3669 4135 Sion.
3710 4082 3774 4137 Ut
3800 4085 3883 4138 hic
3911 4088 4116 4139 mandet

2542 4168 2797 4222 Dominus
2842 4168 3241 4222 benedictionem
3290 4180 3333 4221 et
3380 4170 3537 4223 vitam
3585 4173 3637 4224 in
3666 4173 3910 4225 swculunt
3943 4174 4112 4245 (Psul.

2542 4275 2747 4323 sunt],
2778 4259 2919 4329 1-4).

2613 4350 2852 4417 Cumque
2892 4362 3077 4404 omnes
3118 4350 3557 4421 respondissent:
3585 4354 3773 4407 Amen.
3823 4353 4118 4425 Episc0pus

2544 4439 2727 4493 abbati
2762 4438 2969 4495 locutus
3006 4448 3088 4494 est
3124 4451 3176 4494 et
3212 4438 3503 4495 fratribus:
3532 4443 3647 4497 Non
3692 4442 3889 4498 frustra
3940 4460 4117 4513 neque

2544 4534 2660 4588 sine
2690 4546 2851 4587 causa
2878 4531 2968 4596 sit,
2996 4532 3137 4600 quod
3167 4532 3254 4587 bic
3278 4548 3371 4587 vos
3397 4534 3747 4599 admittimus,
3774 4535 3915 4603 quod
3941 4544 4119 4589 muta-

2546 4623 2689 4677 tione
2722 4621 2860 4676 facta
2885 4620 3123 4675 ordinem
3171 4621 3488 4676 clericorum
3539 4623 3688 4677 vobis
3722 4624 4115 4693 postponimus,

2545 4714 2637 4768 sed
2670 4724 2888 4782 pensate
2928 4712 3071 4782 quod
3100 4713 3334 4766 dicitur:
3369 4714 3563 4778 Amice,
3613 4715 3681 4768 ad
3718 4716 3842 4785 quid
3885 4716 4120 4769 venisti.’

2544 4804 2757 4875 (Matth.
2782 4819 2925 4867 xxvi,
2948 4802 3061 4872 50.)
3093 4803 3289 4857 Servite
3316 4802 3536 4857 Domino
3558 4806 3609 4857 in
3638 4804 3841 4869 timore,
3869 4814 3915 4857 et
3941 4804 4119 4858 exsul-

2543 4904 2648 4947 tate
2694 4894 2741 4945 ei
2778 4908 2895 4945 cum
2938 4903 3158 4946 tremore
3186 4906 3203 4943 :
3231 4894 3594 4962 apprehendite
3638 4894 4002 4963 disciplinam,
4052 4912 4118 4949 tte

2544 4981 2750 5053 quando
2783 4983 3038 5037 irascatur
3073 4983 3351 5048 Dominus,
3394 4994 3440 5037 et
3483 4985 3705 5052 pereatis
3746 4984 3810 5038 de
3852 4986 3932 5039 via
3967 4988 4115 5054 justa

2549 5074 2719 5146 (Psal.
2762 5091 2823 5138 ll,
2867 5075 2946 5137 ll,
2980 5074 3086 5143 12).
3131 5072 3377 5127 Vestrum
3406 5075 3592 5143 sitpro
3620 5076 3772 5129 nobis
3795 5090 3979 5142 orare;
4020 5092 4115 5129 no-

2547 5175 2717 5220 strum
2771 5164 2917 5230 erit,
2974 5164 3083 5218 Deo
3132 5164 3364 5217 donante
3396 5204 3410 5228 ,
3465 5163 3711 5219 victualia
3771 5164 3921 5220 vobis
3970 5167 4115 5221 ordi-

2548 5271 2700 5309 nare.

2616 5344 2867 5399 Claustra
2907 5344 3215 5399 monasterii
3237 5353 3289 5397 et
3310 5342 3597 5398 ollicinales
3626 5344 3773 5398 vobis
3792 5344 3977 5400 domos
4006 5361 4113 5400 me-

2551 5438 2781 5468 οηιιῖηηιιιθ
2829 5444 2879 5468 Λ.
2904 5437 3225 5468 ηνΛηιιᾹοηΙο
3268 5445 3507 5468 Ian-nurn
3547 5448 3839 5468 Annae-luna
3892 5455 4007 5468 nam
4026 5456 4112 5468 ..ιιι
