4516 5500
376 378 479 437 523

962 375 1423 433 INTRODUCTIO
1460 370 1934 429 MONACIIORL‘M
1971 367 2037 421 |.\'
2077 366 2569 422 MON.\S'fEllil'.\l
2614 367 2745 420 MOS

1268 375 1423 432 CTIO
1460 370 1934 429 MONACIIORL‘M
1971 367 2037 421 |.\'
2077 366 2569 422 MON.\S'fEllil'.\l
2614 366 3045 420 MOSUMENSE.

3522 362 3621 418 526

374 497 453 549 lus
482 496 591 564 ejus
620 503 792 557 erunt,
820 503 865 546 et
894 493 999 561 ipse
1025 491 1166 545 Deus
1195 508 1311 544 cum
1350 494 1420 545 cis
1454 492 1549 544 erit
1580 506 1755 544 eorum
1806 486 1942 539 Deus
1977 499 2018 551 Α
2050 483 2197 536 lianc
2226 482 2404 534 villam
2443 490 2567 534 tunc
2604 480 2919 541 llichardus,
2945 492 3123 533 eomes
3154 477 3421 537 .lletensis,
3448 493 3509 532 ex
3536 496 3627 531 aa-

374 587 557 655 (Apoc.
587 600 700 647 XXI,
726 583 800 651 5).
854 582 1167 650 Quicunque
1202 596 1295 635 vos
1325 582 1375 634 in
1404 581 1504 635 hoc
1532 580 1649 634 loco
1695 582 1947 645 degentes

375 672 657 742 permulta
685 686 944 725 annorum
972 670 1235 724 curricula
1260 678 1665 738 praecesserunt,
1691 669 1801 721 sive
1822 683 1945 720 san-

374 762 760 817 ctimonialium
775 762 981 824 diebus,
998 776 1089 815 seu
1105 760 1419 815 clericorum
1437 759 1668 814 secunda
1686 769 1952 827 permuta-

378 854 520 905 tione
565 852 670 919 iam
714 853 814 905 sibi
857 852 1280 913 succedentium,
1325 850 1786 919 concupiscentias
1827 864 1952 901 snas

376 954 662 1012 sequentes
688 943 968 996 desideriis
996 942 1107 995 suis
1136 946 1314 1011 pravis
1344 941 1480 995 male
1511 942 1836 995 inhaeserant
1861 981 1874 1004 ,
1900 949 1955 993 et

376 1032 503 1086 facti
541 1034 672 1085 sicut
702 1048 862 1101 equus
905 1041 950 1085 ct
991 1032 1182 1093 mulus,
1210 1032 1394 1101 quibus
1425 1048 1525 1085 non
1551 1040 1625 1083 est
1669 1030 1953 1083 inteNectus

379 1124 548 1193 (Psal.
578 1140 729 1189 xxxi,
770 1125 845 1193 9),
902 1124 953 1176 in
1004 1132 1240 1177 stercore
1286 1137 1395 1176 suae
1432 1120 1793 1190 corruptiblis
1835 1120 1955 1173 vita:

377 1216 518 1267 sicut
540 1214 777 1281 jmnenta
807 1222 1264 1280 computrucruat.
1319 1211 1385 1264 Et
1420 1212 1540 1280 qttia
1570 1227 1674 1264 non
1699 1209 1955 1278 probave-

379 1313 504 1355 runt
533 1304 699 1356 Deum
729 1302 924 1355 habere
952 1302 1003 1353 in
1032 1301 1241 1363 notitia,
1274 1300 1491 1353 tradidit
1527 1298 1643 1352 illos
1681 1300 1732 1352 in
1775 1314 1957 1365 repro-

377 1393 505 1447 bum
533 1408 767 1455 sensum,
792 1402 848 1445 ct
868 1393 1207 1445 obscuratum
1232 1401 1313 1445 est
1340 1406 1433 1445 cor
1462 1407 1644 1445 eorum
1678 1392 1952 1459 insipiens,

376 1494 438 1537 ut
486 1486 720 1539 tacerent
749 1500 807 1539 ea
844 1499 961 1553 qum
1006 1499 1109 1537 non
1150 1483 1540 1538 conveniebant
1567 1482 1736 1551 (Rom.
1772 1500 1809 1547 ι,
1840 1484 1949 1550 28).

377 1574 446 1627 Et
491 1574 629 1628 sicut
667 1574 903 1643 loquitur
951 1574 1090 1627 Dens
1131 1574 1181 1627 in
1230 1574 1444 1628 cantico
1490 1572 1830 1643 Moysi:lpsi
1877 1590 1956 1626 me

376 1679 777 1735 prouocauerunt
808 1668 860 1719 in
885 1682 943 1719 eo
962 1668 1048 1735 qui
1082 1683 1182 1718 non
1213 1677 1323 1718 erat
1353 1665 1515 1729 Deus,
1546 1675 1591 1718 et
1622 1666 1954 1717 irritaverant

376 1759 431 1810 in
475 1759 791 1810 vanitatibus
814 1774 831 1810 :
854 1768 899 1810 et
927 1774 1016 1826 rgo
1046 1759 1331 1821 provocabo
1366 1774 1451 1811 eos
1479 1758 1533 1809 in
1558 1774 1616 1810 eo
1642 1757 1731 1825 qui
1756 1774 1857 1809 non
1884 1766 1955 1809 est

2052 576 2198 641 liquo
2231 574 2279 625 in
2310 572 2568 626 beneficio
2601 572 2664 623 de
2690 570 2959 638 cpiscopio
2987 578 3237 637 tanquam
3261 568 3382 634 jure
3411 572 3627 637 proprio

2052 660 2377 731 possidebat,
2413 675 2572 727 quam
2618 660 2786 711 bonus
2827 659 2912 711 ille
2956 660 3145 724 praesul
3194 660 3331 711 sicut
3385 660 3629 726 prmnisit

2053 749 2219 802 multo
2245 750 2343 803 sibi
2375 749 2562 801 annisu
2589 750 2863 802 attrabcns
2884 756 3165 814 antequam
3190 748 3296 800 vita
3324 748 3627 810 decederet.

2055 840 2179 892 lmic
2207 838 2523 892 Mosonteasi
2551 837 2790 891 ecclesim
2815 836 2933 903 jure
2961 838 3176 905 proprio
3204 836 3252 889 in
3281 838 3486 905 reliquo
3509 854 3631 906 pos-

2054 925 2330 980 sidendam
2356 924 2593 995 legaliter
2622 926 2965 978 contradidit.

2062 1057 2073 1074 .
2126 1019 2215 1071 Sic
2250 1018 2530 1086 cpiscopus
2563 1033 2742 1071 coram
2776 1017 3062 1070 multorum
3106 1016 3407 1085 frequentia
3459 1018 3629 1085 ipson.

2056 1106 2302 1161 abbatem
2326 1116 2380 1157 et
2403 1104 2596 1159 fratres
2626 1105 2925 1173 alloquens,
2955 1113 3009 1158 et
3035 1113 3089 1157 ιιι
3115 1106 3194 1159 sui
3221 1103 3422 1174 jngiter
3450 1118 3633 1159 sancte

2054 1208 2105 1252 et
2139 1198 2224 1265 pie
2252 1197 2478 1251 vivendo
2510 1212 2773 1251 memores
2806 1205 2987 1250 essent
3016 1210 3248 1250 exorans
3268 1238 3281 1257 .
3313 1197 3366 1251 in
3395 1211 3523 1264 pace
3553 1197 3635 1248 di-

2057 1290 2201 1342 misit
2228 1291 2565 1345 benedicens.
2625 1290 2819 1345 Mensis
2862 1298 2979 1343 erat
3021 1288 3340 1354 November,
3390 1305 3460 1343 vn
3514 1289 3635 1341 Idus

2056 1381 2315 1447 agebatur
2352 1381 2489 1443 dies,
2522 1382 2732 1449 quando
2774 1382 2823 1433 in
2872 1382 2971 1434 hoc
3017 1381 3131 1435 loco
3185 1382 3461 1435 constituti
3511 1388 3637 1434 sunt

2058 1468 2283 1533 fr..tres,
2313 1482 2367 1523 ct
2397 1485 2516 1524 cum
2563 1472 2647 1524 illa
2697 1469 2947 1540 Tingcnsi
2997 1471 3262 1525 ahbatiola
3304 1470 3636 1526 Mosomeuse

2055 1560 2359 1613 cmnohium
2409 1576 2601 1615 nomen
2655 1562 2838 1615 habuit
2884 1570 2939 1614 et
2989 1562 3349 1631 participium,
3408 1570 3465 1614 ut
3512 1576 3637 1616 cum

2058 1648 2217 1702 verbo
2256 1652 2644 1719 pra-positionis
2679 1652 2989 1705 adverbium
3025 1651 3175 1704 fieret
3206 1650 3635 1720 conjunctionis,

2056 1756 2277 1797 servans
2309 1754 2544 1798 tenorem
2585 1746 2929 1813 pratnominis
2976 1752 3193 1814 propter
3218 1743 3474 1797 mentales
3512 1741 3641 1795 alle-

376 1850 597 1917 populus
618 1891 631 1913 ,
660 1860 705 1902 et
733 1852 785 1902 in
813 1859 958 1919 gente
982 1849 1142 1902 stulta
1174 1851 1391 1902 irritabo
1426 1850 1542 1902 illos
1571 1848 1747 1920 (Deut.
1782 1864 1953 1914 χχχιι,
1988 1847 2029 1905 Il
2058 1842 2159 1885 υίυε

1856 1864 1953 1914 χι,³
1988 1847 2029 1905 ιι
2058 1842 2179 1887 ctus
2204 1834 2618 1904 conjunctionis.
2666 1836 2747 1890 Ab
2796 1839 3163 1890 incarnatione
3208 1847 3384 1890 autem
3429 1834 3638 1889 Domini

374 1936 488 2007 2t).
546 1937 718 1992 Nolite
746 1954 871 2007 ergo
893 1935 1025 1991 eﬂici
1057 1939 1342 2006 participes
1369 1955 1575 1993 eorum.

449 2026 531 2081 Sit
590 2030 739 2083 vobis
787 2031 936 2083 bonze
987 2031 1299 2085 imitationis
1348 2031 1517 2086 forma
1569 2039 1625 2083 et
1680 2030 1953 2100 speculum

376 2117 523 2171 beati
576 2118 842 2171 Benedicti
892 2118 1093 2187 regula,
1147 2134 1440 2188 omnesque
1493 2134 1611 2172 eam
1662 2128 1957 2188 sequantur

378 2213 633 2274 tanquam
678 2207 1011 2275 magistram,
1046 2223 1218 2278 neque
1246 2210 1311 2261 ab
1338 2224 1397 2261 ea
1433 2218 1634 2261 temere
1662 2210 1959 2261 declinetur

378 2310 410 2349 a
442 2310 732 2364 quoquam.
786 2294 893 2351 Oro
922 2296 1099 2363 itaque
1133 2311 1225 2350 vos
1260 2306 1313 2350 et
1340 2296 1563 2351 obsecro
1586 2337 1599 2361 ,
1632 2296 1701 2349 sit
1725 2295 1957 2349 fructuo-

380 2400 471 2439 sus
499 2386 796 2440 devotionis
823 2400 952 2439 meae
979 2385 1146 2450 labor,
1195 2396 1252 2441 ut
1301 2390 1442 2457 quod
1485 2387 1551 2440 de
1598 2387 1747 2441 vobis
1798 2403 1958 2457 agere

380 2476 542 2544 C(Bpi,
586 2483 639 2529 et
686 2476 862 2531 facere
901 2478 1078 2545 cupio,
1134 2491 1230 2546 per
1265 2478 1530 2546 primitias
1565 2476 1722 2545 hujus
1750 2477 1899 2531 bona:
1928 2493 1957 2529 a

379 2564 493 2619 Deo
517 2565 846 2635 complacita:
876 2565 1061 2637 frugis,
1089 2569 1155 2621 ad
1186 2566 1394 2636 plenam
1425 2582 1653 2621 messem
1680 2568 1960 2636 pervenire

380 2658 581 2724 possim
604 2657 798 2712 divina:
834 2658 1220 2712 benedictionis
1263 2666 1318 2713 et
1352 2667 1566 2713 aeternae
1596 2658 1956 2713 beatitudinis.

383 2750 475 2803 Sic
495 2750 812 2818 Operamini,
852 2749 1181 2803 dilectissimi
1218 2749 1435 2813 fratres,
1477 2758 1531 2805 et
1564 2751 1641 2805 sic
1681 2750 1862 2815 vivite,
1902 2761 1962 2805 ut

384 2840 438 2893 in
468 2840 758 2893 novissimo
802 2840 922 2893 vita:
962 2838 1121 2907 hujus
1145 2840 1231 2894 die
1262 2857 1364 2894 non
1393 2851 1575 2909 pereat
1603 2843 1655 2894 in
1687 2842 1836 2895 vobis
1864 2843 1962 2896 mi-

385 2932 671 2987 sericordia
708 2930 1102 3001 Redemptoris,
1143 2932 1235 2985 sed
1275 2941 1496 2986 coronet
1542 2934 1593 2985 in
1630 2934 1801 3002 gratia
1846 2949 1964 3002 pre-

386 3028 521 3080 tium
567 3036 762 3079 nostra:
799 3025 1180 3095 redemptionis
1208 3041 1304 3094 per
1328 3025 1508 3079 Jesum
1537 3024 1810 3081 Christum
1852 3027 1960 3082 Do-

384 3117 587 3169 minam
617 3125 877 3170 nostrum.

2061 1928 2493 1993 nongentcsitnus
2523 1928 2943 1996 septuagesimns
2980 1928 3184 1997 primus
3213 1927 3641 1996 perlimitahatur

2059 2029 2230 2068 :nnms
2258 2018 2471 2083 quando
2505 2017 2615 2070 haec
2643 2017 2780 2070 facta
2816 2026 2958 2081 sunt,
3005 2017 3292 2071 indictione
3334 2017 3515 2086 quinta
3547 2016 3637 2070 de-

2057 2102 2216 2167 cima,
2259 2114 2446 2173 cpacta
2489 2108 2740 2160 vicesima
2785 2106 3055 2171 secunda,
3103 2116 3455 2160 concurrente
3490 2115 3641 2159 sexto

2057 2195 2496 2265 quinquagesimo
2521 2199 2754 2253 secundo
2768 2199 2949 2253 decem
2971 2199 3253 2253 novennali
3272 2198 3444 2269 cyclo,
3467 2198 3642 2252 lunari

2062 2298 2202 2335 nono
2225 2286 2452 2340 decimo.

2130 2373 2259 2427 Post
2291 2377 2402 2429 haec
2436 2376 2578 2432 dicta
2623 2388 2677 2433 ct
2724 2379 2863 2434 facta
2907 2381 3133 2437 domnus
3161 2382 3426 2437 Adalbero
3452 2400 3639 2438 secun-

2061 2465 2187 2517 dmn
2219 2471 2501 2536 pastoralis
2530 2472 2647 2525 libri
2672 2476 2988 2526 sententiam
3019 2490 3138 2542 qnze
3166 2477 3293 2528 dicit
3322 2494 3332 2527 :
3366 2476 3443 2529 Sit
3479 2486 3644 2528 rector

2062 2556 2382 2611 internarum
2433 2578 2611 2614 curant
2660 2565 2971 2617 exteriorum
3024 2569 3359 2636 occupatione
3403 2585 3504 2621 non
3550 2570 3643 2620 nti-

2061 2662 2223 2700 nuens
2270 2648 2350 2717 (S.
2394 2649 2560 2704 Gneo.
2612 2650 2754 2705 Post.
2798 2671 2937 2707 cura:
2982 2667 3119 2724 part.
3154 2658 3443 2726 tt,cap.7,
3478 2658 3644 2725 init.),

2062 2736 2389 2789 exteriorum
2421 2740 2805 2807 providentiam
2840 2742 2889 2794 in
2923 2742 3255 2798 internarum
3289 2745 3646 2801 sollicitudine

2062 2839 2166 2875 non
2212 2826 2543 2893 relinquens,
2582 2844 2646 2881 ne
2685 2841 2776 2883 aut
2802 2833 3159 2888 exterioribus
3186 2835 3397 2889 deditus
3426 2837 3492 2889 ab
3526 2838 3647 2889 inti.

2064 2914 2164 2967 mis
2208 2927 2445 2981 corruat,
2496 2933 2583 2971 aut
2632 2922 2756 2973 solis
2805 2923 3147 2979 interioribus
3192 2938 3484 2996 occupaius
3530 2944 3646 2997 qua:

2062 3004 2194 3059 loris
2237 3008 2395 3061 debet
2437 3012 2692 3078 proximis
2734 3027 2837 3065 non
2876 3016 3165 3083 impendat.
3209 3016 3337 3083 Quae
3367 3019 3417 3070 in
3448 3020 3647 3087 pal..tio

2064 3104 2217 3149 erant
2258 3099 2465 3152 consilii
2514 3102 2593 3153 sui
2646 3103 2825 3171 vigore
2874 3108 3220 3171 confirmans,
3252 3123 3372 3177 qua:
3400 3110 3450 3162 in
3483 3124 3647 3178 regno

456 3206 594 3261 Ecce
616 3206 727 3276 jam
760 3207 811 3259 ίη
844 3207 1094 3276 ρηερηιί
1135 3221 1313 3260 comm
1360 3207 1467 3261 Deo
1514 3217 1567 3262 οι
1623 3208 1846 3263 testibus
1895 3210 1961 3263 ad
1992 3179 2033 3242 C
2067 3196 2220 3241 crant
2251 3190 2484 3242 curanda
2530 3206 2742 3256 cavens,
2776 3197 3230 3263 magnanimitatis
3268 3214 3377 3254 suae
3415 3201 3647 3254 auctori-

382 3307 621 3350 vestrum
650 3296 924 3350 servitium
955 3310 1050 3365 pro
1079 3297 1271 3350 anima:
1305 3312 1435 3352 mea:
1466 3298 1725 3361 remedio,
1759 3315 1964 3368 proque

383 3387 838 3456 prmdecessorum
876 3397 1038 3455 atque
1084 3402 1453 3441 successorum
1510 3404 1751 3443 meorum
1793 3392 1964 3445 beata:

383 3477 835 3532 remunerationis
864 3478 1208 3541 commercio,
1241 3480 1306 3533 de
1350 3493 1465 3532 mea
1511 3480 1752 3534 mensula
1803 3496 1961 3534 unam

379 3567 586 3631 villam,
613 3566 875 3621 0duntem
902 3568 1141 3631 nomine,
1168 3584 1289 3622 cum
1322 3569 1465 3623 omni
1501 3569 1679 3624 banno
1716 3586 1813 3626 suo
1841 3574 1965 3625 sub-

384 3660 587 3714 traho:
622 3668 675 3712 et
718 3658 940 3713 alteram
971 3659 1206 3713 villulam
1247 3658 1478 3725 Scciam,
1533 3672 1790 3730 quantum
1833 3662 1961 3715 inibi

386 3750 442 3802 in
482 3747 601 3816 jnr'e
650 3763 770 3802 tneo
810 3750 977 3801 venit.
1032 3748 1268 3817 Itemque
1307 3751 1448 3818 apud
1499 3752 1863 3805 liomeliacum
1912 3762 1965 3807 et

382 3840 729 3894 Alleicurtem
776 3839 1030 3907 quidquid
1062 3839 1210 3901 mihi,
1254 3855 1442 3909 parum
1487 3840 1723 3909 quidem,
1766 3841 1961 3895 ibidem

383 3931 658 3999 competit,
686 3930 736 3981 in
768 3930 1120 3997 promerendo
1140 3930 1251 3999 jugi
1283 3931 1535 3999 sull‘ragio
1573 3932 1801 3986 dominae
1837 3948 1965 3985 mea:

382 4032 586 4077 sancta:
616 4022 707 4075 Dei
742 4022 1017 4092 genitricis
1044 4021 1226 4075 Maria:
1256 4024 1439 4078 usibus
1465 4023 1564 4077 sibi
1594 4022 1823 4079 ﬁdeliter
1854 4040 1963 4079 ser-

382 4112 646 4167 vientium
671 4113 1055 4166 monachorum
1087 4112 1256 4166 libens
1278 4122 1534 4183 perpetuo
1562 4115 1804 4170 habenda
1834 4114 1966 4171 oﬂ'e-

383 4217 471 4263 ro,
504 4210 559 4257 et
590 4202 930 4266 auctoritate,
973 4217 1077 4271 qua
1121 4204 1288 4258 debeo
1332 4203 1417 4258 vel
1463 4206 1682 4273 possim,
1726 4206 1966 4275 legaliter

381 4291 559 4344 trado.
600 4291 675 4345 De
708 4291 1030 4361 patrimonio
1075 4302 1251 4348 autem
1298 4307 1440 4356 meo,
1485 4295 1627 4363 quod
1666 4294 1717 4347 in
1756 4304 1964 4363 partem

380 4380 517 4436 mihi
547 4381 709 4445 cedit,
738 4382 781 4435 si
810 4380 1028 4435 fratrem
1062 4397 1235 4436 meum
1274 4383 1620 4438 Godel‘ridum
1662 4398 1821 4454 super
1863 4386 1967 4440 hoc

380 4482 574 4527 sancto
602 4473 836 4542 negotio,
860 4474 1057 4529 Christi
1088 4474 1502 4530 adminiculante
1521 4478 1713 4543 gratia,
1744 4493 1963 4548 persua-

2070 3292 2177 3337 tate
2206 3294 2490 3353 prmstans,
2518 3288 2741 3342 summis
2762 3298 2815 3342 et
2844 3288 2962 3345 imis
2983 3291 3229 3363 idemque
3251 3310 3387 3350 unus
3415 3296 3644 3351 mitiﬁca-

2068 3376 2157 3427 bat
2193 3377 2385 3432 divites
2422 3394 2541 3433 cum
2578 3382 2919 3449 pauperibus.

2136 3465 2277 3535 Ergo
2306 3466 2477 3521 Natali
2494 3469 2712 3547 .Domini
2736 3473 3021 3539 celebrato,
3046 3475 3251 3547 legatos
3270 3496 3394 3534 suos
3418 3481 3642 3539 Romam

2066 3571 2187 3608 cum
2232 3556 2425 3612 litteris
2470 3559 2675 3630 dirigit,
2724 3563 2976 3618 domuum
3020 3564 3281 3622 Joannem
3311 3585 3526 3640 papam,
3556 3590 3647 3627 co-

2067 3656 2355 3712 gnomento
2406 3649 2599 3704 Albam
2649 3651 2937 3719 Gallinam,
2978 3658 3067 3724 qui
3124 3673 3153 3711 a
3204 3658 3502 3725 juvculutis
3534 3679 3643 3720 sua:

2068 3737 2254 3802 primis
2305 3738 2462 3791 annis
2517 3743 2831 3796 reverentiae
2868 3747 3221 3813 competcn'tis
3268 3759 3325 3803 et
3371 3751 3647 3821 dignitatis

2066 3829 2319 3899 angelica:
2347 3830 2560 3886 albebat
2587 3833 2758 3897 canis,
2790 3836 3324 3905 magnificentissima
3364 3842 3645 3914 largitione

2068 3922 2345 3992 condignis
2375 3924 2601 3977 honorat
2641 3928 2972 3994 muneribus,
3002 3940 3056 3983 ct
3095 3948 3215 4001 quae
3246 3949 3424 3989 secum
3472 3939 3555 3992 vel
3590 3942 3642 3993 ia

2067 4011 2253 4067 Galliis
2281 4026 2508 4083 agantur
2531 4016 2749 4085 exponit
2775 4020 3230 4087 inundationibus,
3264 4042 3428 4094 seque
3459 4044 3642 4084 mense

2070 4102 2206 4157 Maio
2234 4105 2430 4158 habere
2454 4105 2649 4161 debere
2677 4110 2960 4162 concilium
2992 4123 3213 4166 enarrat
3240 4130 3332 4183 per
3358 4117 3640 4171 internun-

2071 4194 2222 4247 tium.
2255 4193 2309 4247 Si
2341 4194 2467 4263 quid
2498 4210 2607 4249 sua)
2648 4197 3002 4254 ordinationis
3049 4201 3100 4254 in
3142 4218 3206 4255 eo
3234 4205 3530 4260 consistere
3554 4223 3644 4261 ve-

2069 4288 2150 4352 lit,
2204 4303 2313 4340 suze
2361 4288 2669 4356 apostolica:
2716 4292 3053 4365 auctoritatis
3099 4294 3271 4346 virum
3327 4294 3544 4364 dignmn
3578 4313 3641 4349 eo

2069 4377 2266 4430 mittat.
2296 4376 2420 4431 lnde
2444 4394 2549 4446 quo
2562 4379 2583 4431 ,ι
2607 4380 2776 4448 magis
2794 4382 3095 4450 expostulet
3112 4398 3270 4453 super
3290 4384 3642 4442 Mosomensis

2069 4467 2299 4522 emnobii
2331 4478 2493 4533 statu,
2524 4470 2793 4539 totiusque
2823 4470 2946 4524 facti
2978 4488 3170 4528 causas
3201 4490 3263 4529 ex
3298 4478 3557 4532 amussim
3576 4483 3641 4534 de

377 4560 563 4617 dendo
589 4563 838 4618 evincere
871 4573 1114 4632 potuero,
1139 4564 1399 4634 quidquid
1423 4564 1474 4617 in
1503 4565 1725 4620 Metensi
1746 4543 1963 4634 episco-
1998 4543 2042 4596 ί)
2069 4563 2318 4617 omnibus
2342 4563 2637 4617 secundum
2670 4573 2981 4632 conceptam
3012 4566 3167 4621 bona:
3210 4569 3500 4623 voluntatis
3532 4586 3643 4625 sua:

377 4654 477 4723 pio
518 4653 711 4716 habeo,
764 4653 815 4706 in
871 4653 1010 4707 villis
1054 4653 1301 4707 videlicet
1346 4652 1671 4722 Bretenaco,
1726 4654 1962 4722 Rothila,

379 4740 723 4813 Madrengias
762 4742 828 4795 ad
869 4757 1085 4796 mansos
1120 4742 1303 4809 viginti
1338 4752 1479 4798 octo.

454 4833 693 4903 Itemque
722 4834 786 4888 de
811 4844 951 4887 terra
983 4850 1144 4905 quam
1180 4835 1366 4889 dicunt
1401 4834 1591 4892 Sulcos
1638 4838 1809 4893 sancti
1861 4838 1967 4894 Re-

378 4921 558 4990 migii,
585 4922 638 4976 in
667 4922 872 4977 duobus
897 4922 1027 4976 locis
1050 4922 1294 4979 Roseolis
1330 4932 1386 4980 et
1424 4924 1674 4991 Castello,
1706 4928 1772 4981 ad
1810 4944 1965 4983 man-

379 5028 474 5068 sos
524 5011 825 5076 duodecim,
880 5027 945 5066 ne
988 5013 1277 5083 indigentia
1318 5013 1426 5067 vini
1469 5015 1600 5070 satis
1648 5018 1831 5087 optimi
1872 5033 1965 5074 vos

378 5112 698 5175 coangustet
724 5103 1003 5160 sublevare
1029 5103 1250 5159 curabo.
1288 5106 1671 5162 Bervelliacum
1720 5123 1846 5163 vero
1897 5113 1963 5165 ad

378 5196 487 5248 tria
536 5194 694 5248 millia
746 5194 877 5249 hinc
921 5195 1171 5261 positam,
1201 5199 1267 5251 ad
1300 5198 1601 5251 faciendam
1631 5199 1875 5270 saginam
1909 5202 1960 5255 in

378 5286 626 5355 pastione
652 5298 942 5353 porcorum
976 5296 1275 5343 vestrorum
1298 5330 1313 5354 ,
1342 5302 1464 5343 cum
1493 5290 1741 5345 omnibus
1764 5305 1965 5362 appen-

378 5376 555 5436 diciis,
592 5384 644 5427 ut
677 5374 796 5448 [al.,
850 5370 962 5444 ubi]
1004 5377 1069 5431 de
1118 5379 1362 5434 manibus
1419 5376 1525 5431 illis
1569 5396 1688 5450 qua:
1714 5396 1856 5436 nunc
1906 5383 1959 5437 in

376 5464 632 5500 Ιιηηηηρῖη
674 5471 866 5500 lunari.
912 5473 999 5500 nn!
1045 5470 1285 5500 ηΙΙΔΛιιι-ἶη
1361 5475 1449 5500 nul
1502 5469 1815 5500 ΛΛηιιηηιιιζη
1872 5479 1957 5500 nn.

2057 4651 2325 4720 justitiam
2380 4654 2655 4718 informat,
2704 4664 2757 4710 et
2800 4665 2858 4709 nt
2897 4672 3007 4710 sua:
3038 4659 3378 4713 auctoritatis
3422 4669 3477 4714 et
3500 4662 3643 4716 beati

2069 4743 2209 4798 Petri
2241 4745 2601 4813 apostolorum
2628 4745 2888 4816 principis
2918 4747 2982 4800 ad
3012 4748 3280 4803 internum
3315 4766 3646 4806 conservan-

2067 4834 2192 4887 dmn
2226 4844 2526 4888 mereretur
2566 4835 2923 4905 privilegium,
2957 4836 3232 4892 humiliter
3255 4851 3320 4891 ex
3351 4839 3443 4896 Dei
3470 4842 3648 4911 gratia

2066 4922 2238 4993 poscit
2259 4931 2315 4977 et
2340 4923 2588 4994 implorat
2612 4924 2952 4979 beneficium.

2138 5014 2282 5082 Papa
2319 5028 2537 5069 suorum
2567 5014 2872 5071 ofﬁcialium
2904 5027 2957 5070 et
2988 5021 3437 5077 consacerdotum
3469 5024 3523 5076 in
3568 5024 3654 5077 his

2063 5103 2320 5159 omnibus
2363 5104 2685 5159 sentcntiale
2723 5104 2950 5173 requirit
2991 5107 3273 5176 judicium,
3310 5122 3368 5163 et
3413 5126 3507 5181 per
3560 5111 3653 5165 Ι)«ει

2064 5192 2294 5262 gratiam
2327 5202 2387 5247 ut
2423 5200 2573 5247 tanto
2606 5192 3009 5263 viro,:pontilici
3039 5196 3285 5251 videlicet
3328 5210 3535 5263 nostro,
3562 5214 3660 5253 an-

2066 5293 2278 5353 nuerel,
2326 5304 2491 5342 unum
2535 5290 2780 5344 omnium
2828 5287 2878 5340 in
2909 5288 3017 5345 hoc
3050 5295 3190 5350 bono
3226 5304 3394 5359 opere
3432 5296 3662 5349 assensit

2065 5384 2372 5439 consilium.
2402 5382 2641 5441 Proinde
2665 5383 2837 5439 accito
2865 5387 3107 5450 nOtario,
3135 5394 3190 5439 et
3222 5386 3518 5440 secundum
3550 5384 3660 5439 Ro-

2064 5488 2228 5500 m‘n.|~
2301 5472 2575 5500 λῖηηῖοηίζη
2619 5472 3063 5500 ηΑ-ιιιιιηίιίλτηιι...
3102 5474 3303 5500 ..Αηηιζη
3340 5475 3663 5500 ηΑ-ξ-ιΙ;-ιιιι.-
