4516 5500
871 458 972 511 5ἳ7
1539 450 2016 507 ADALBERONIS
2057 445 2373 502 AllClIIEP.
2417 446 2713 501 REMENS.
2747 448 3230 519 INTRODUCTIO,
3276 454 3422 509 ETC.

4011 456 4118 510 528

867 578 1183 641 perpetuum
1217 575 1474 630 tueretur,
1507 568 1741 635 quandiu
1780 566 1925 620 illum
1957 565 2134 619 divina
2160 564 2443 619 clementia
2473 565 2518 623 A
2553 581 2571 614 ‹
2610 562 2829 617 Mosomi
2866 563 3179 619 cmnobialis
3207 564 3354 619 locus
3381 563 3715 631 antiquitatis
3740 564 3918 618 studio
3943 578 4121 620 certa-

868 660 1189 715 servandum
1241 660 1568 727 disponeret,
1624 673 1686 710 ac
1738 659 1788 711 in
1842 672 1938 711 suo
1989 658 2215 711 concilio
2258 673 2440 711 coram

868 750 1137 819 episcopis
1156 758 1209 803 et
1230 749 1467 817 generali
1496 749 1699 819 synodo
1730 750 2012 803 recitatum
2052 751 2215 804 misit.
2258 750 2441 818 ltaque

866 843 937 894 ad
956 856 1013 895 se
1034 854 1151 894 cum
1169 838 1227 894 S.
1248 838 1500 893 [tentante
1522 838 1773 893 Ecclesia:
1795 840 2157 907 apocrisiariis
2183 842 2442 909 regressis

864 937 1029 990 etiam
1078 934 1477 1005 reSponsalibus
1512 934 1643 1002 suis,
1679 933 1872 1003 prtesul
1911 933 2020 987 Deo
2058 932 2250 1004 dignus
2279 933 2437 987 Adal-

864 1026 994 1078 hcro
1034 1033 1389 1078 convocatum
1417 1022 1651 1091 undique
1682 1038 1777 1092 pro
1807 1022 2103 1077 eanonibus
2132 1021 2436 1093 rcligendis,

859 1126 912 1169 et
946 1115 1125 1169 causis
1159 1124 1358 1169 sancta:
1389 1113 1643 1168 Ecclesia:
1673 1114 1726 1168 in
1758 1113 1948 1168 melius
1982 1113 2352 1177 conciliandis,
2386 1116 2437 1168 in

859 1220 999 1275 pago
1038 1204 1373 1260 Tardanensi
1406 1204 1544 1274 apud
1572 1203 1802 1259 Montem
1831 1213 2030 1260 sanctae
2059 1204 2238 1259 Mariae
2280 1205 2443 1259 colle-

859 1298 935 1365 git
974 1312 1163 1353 mense
1210 1296 1348 1352 Maio
1400 1297 1705 1352 concilium.
1740 1298 1839 1353 Ubi
1886 1298 2147 1353 ordinatis
2192 1299 2441 1368 justeque

859 1388 1139 1456 dispositis
1170 1402 1505 1457 quarcunque
1536 1388 1856 1443 videbantur
1884 1389 2187 1444 necessaria
2216 1399 2269 1444 et
2296 1390 2441 1444 ordi-

860 1480 1084 1545 nabilia,
1119 1482 1228 1535 voti
1277 1480 1357 1534 sui
1402 1494 1497 1549 pro
1543 1494 1649 1548 quo
1697 1479 1925 1535 Romam
1958 1480 2177 1535 miserat
2209 1497 2310 1535 non
2342 1482 2441 1534 im-

862 1587 1089 1637 memor,
1139 1587 1320 1626 coram
1371 1572 1695 1626 venerandis
1746 1572 1995 1628 Patribus
2048 1582 2100 1627 et
2136 1574 2295 1627 ‘omni
2350 1573 2438 1627 illa

858 1672 1048 1717 sancta
1084 1662 1289 1732 synodo
1318 1662 1394 1715 sic
1435 1677 1661 1716 exorsus
1691 1663 1941 1716 dominus
1971 1672 2054 1717 est
2082 1663 2367 1717 Adalbero.

938 1772 954 1805 ι
985 1754 1195 1809 Domini
1230 1754 1437 1817 Patres,
1481 1768 1543 1807 ac
1587 1754 1919 1808 dilectissimi
1964 1754 2183 1817 fratres,
2234 1755 2435 1817 audite,

865 1869 881 1899 ι
912 1862 1114 1917 quazso,
1150 1855 1203 1902 et
1230 1846 1490 1901 intendite
1518 1846 1836 1901 humilitatis
1881 1861 2014 1900 mete
2057 1861 2276 1915 preces;
2307 1862 2438 1914 quo-

2552 670 2569 702 i
2610 653 2704 705 tim
2735 662 3096 717 constructus,
3128 654 3194 707 ab
3229 653 3451 707 exordio
3489 653 3697 706 scilicet
3733 656 4119 709 sanctimonia-

2550 759 2566 791 ι
2608 740 2734 795 lium
2767 743 2888 796 vita:
2916 751 3151 811 aptatus,
3186 745 3524 811 postmodum
3554 756 3679 796 vero
3706 744 3999 797 canonicali
4027 761 4121 799 or-

2551 850 2565 878 i
2603 831 2727 883 dine
2759 832 2825 884 ab
2853 830 3061 885 llcrveo
3097 831 3492 899 prtedecessore
3522 838 3706 883 nostro
3742 830 3931 885 melius
3961 831 4121 885 infor-

2549 936 2566 969 ι
2605 930 2802 982 matus,
2862 929 3023 989 atque
3079 921 3131 973 in
3186 922 3389 974 honore
3443 928 3643 973 sancta:
3690 919 3784 973 Dei
3845 922 4124 991 genitricis

2550 1030 2565 1060 ‹
2608 1010 2785 1065 Maria!
2832 1012 2989 1081 digne
3042 1020 3391 1067 consecratus
3422 1051 3435 1074 ,
3496 1012 3591 1064 sed
3647 1010 3892 1067 nefandis
3938 1012 4126 1067 usibus

2550 1119 2565 1149 ι
2600 1101 2883 1169 utrobique
2912 1102 3243 1172 negligenter
3285 1100 3539 1165 incultus,
3574 1102 3733 1156 rebus
3762 1102 3975 1172 quidem
4005 1118 4126 1173 par-

2551 1210 2566 1242 ι
2603 1192 2694 1246 tim
2725 1193 3031 1257 subtractis,
3075 1194 3268 1263 partim
3301 1208 3428 1248 vero
3457 1193 3799 1249 currentibus
3827 1194 4005 1259 malis,
4038 1195 4116 1250 si-

2550 1301 2567 1333 ι
2604 1283 2785 1336 nistrze
2812 1284 2974 1337 cessit
2997 1282 3247 1337 fortunar.

2620 1389 2636 1420 ι
2678 1370 2793 1437 Quo
2825 1372 2985 1441 igitur
3012 1380 3289 1441 comperto
3314 1388 3464 1427 mens
3491 1381 3696 1438 nostra,
3725 1374 3966 1429 adhibito
3996 1374 4126 1429 fide-

2551 1480 2566 1512 (
2604 1461 2731 1515 lium
2766 1472 3070 1517 nostrorum
3100 1464 3342 1534 diligenti
3384 1464 3628 1527 consilio,
3662 1464 3865 1533 liquido
3893 1479 4126 1533 perpen-

2552 1570 2568 1601 ι
2608 1552 2738 1607 dens
2785 1552 3033 1608 eumdem
3087 1554 3261 1608 locum
3316 1570 3414 1624 pro
3472 1555 3655 1609 mundi
3702 1554 4016 1611 infelicitate
4069 1562 4125 1609 tu

2552 1662 2568 1694 ι
2606 1645 2903 1699 canonicali
2952 1645 3141 1699 ordine
3179 1646 3385 1699 utiliter
3415 1654 3559 1700 stare
3601 1661 3708 1699 non
3752 1661 3931 1714 posse,
3963 1655 4126 1700 teter-

2552 1750 2793 1790 inorum
2839 1750 2962 1805 Spe,
3013 1743 3172 1805 prout
3222 1746 3586 1805 opportunum
3642 1737 3871 1801 exstitit,
3928 1737 4122 1791 ibideu:

2552 1846 2567 1877 ι
2604 1827 2916 1881 monasticae
2950 1826 3224 1897 religionis
3268 1828 3433 1881 vitam
3478 1827 3727 1882 ordinato
3771 1829 3963 1883 abbate
3995 1828 4128 1881 Leo-

866 1959 882 1991 σ
915 1940 1058 1994 niam
1092 1939 1231 1994 sicut
1277 1939 1365 1993 hic
1406 1954 1503 1992 nos
1548 1937 1893 2007 congregavit
1924 1937 2160 2005 Spiritus
2200 1946 2435 1998 sanctus,
2473 1917 2514 1975 Β
2551 1934 2567 1965 ί
2604 1924 2649 1969 ιδ

2342 1917 2514 1998 “15,8
2551 1934 2567 1965 ι
2604 1916 2747 1971 taldo
2796 1916 2890 1987 [αι.
2957 1916 3213 1988 Ledaldo]
3266 1916 3569 1980 constituit,
3618 1926 3677 1971 ut
3727 1917 3965 1987 ejusdem
4022 1917 4125 1972 loci

864 2052 882 2082 ι
916 2033 987 2085 ita
1044 2029 1302 2099 quidquid
1349 2045 1416 2084 ex
1466 2027 1581 2096 ejus
1632 2030 1981 2097 inspiratione
2034 2029 2295 2083 sentimus
2345 2042 2441 2097 per

863 2142 879 2172 ι
919 2123 1087 2191 ipsius
1118 2122 1281 2176 etiam
1321 2118 1646 2175 infusionem
1692 2130 1743 2173 et
1796 2120 2231 2190 cooperationem
2271 2119 2441 2173 admi-

862 2231 879 2262 ι
918 2212 1137 2267 nistrari
1182 2227 1280 2281 per
1328 2212 1616 2266 adventum
1653 2212 1769 2281 ejus
1812 2227 1974 2279 super
2018 2226 2117 2265 nos
2152 2220 2439 2265 exorantes

862 2323 877 2352 i
917 2304 1353 2373 prmoptavimus,
1399 2312 1453 2357 et
1503 2304 1778 2357 consecuti
1810 2318 2026 2367 sumus;
2062 2318 2227 2357 unum
2275 2310 2439 2356 restat

862 2414 877 2443 ι
918 2394 1211 2460 modicum,
1244 2394 1297 2447 in
1331 2408 1438 2463 quo
1468 2404 1686 2447 auctore
1714 2394 2084 2461 omnipotente
2115 2393 2245 2457 Deo,
2275 2394 2437 2447 etiam

863 2504 876 2534 ι
916 2492 1153 2539 vestrum
1181 2484 1461 2553 expostulo
1492 2483 1754 2547 favorem,
1796 2483 2081 2537 consilium
2117 2490 2170 2536 et
2214 2484 2438 2537 benedi—

860 2595 877 2624 ι
900 2574 1154 2628 ctionem.
1172 2572 1442 2629 Mosomus
1462 2573 1608 2627 locus
1623 2573 1838 2643 quidam
1856 2582 1938 2627 cst
1956 2572 2204 2627 dioecesis
2218 2581 2434 2636 nostrie,

848 2686 877 2716 4
911 2675 1263 2720 consecratus
1290 2666 1388 2719 sub
1420 2665 1574 2719 titulo
1617 2672 1671 2718 et
1716 2665 1933 2719 nomine
1978 2674 2179 2719 sanctae
2217 2663 2309 2717 Dei
2348 2680 2439 2734 ge-

856 2775 876 2803 ι
908 2756 1118 2810 ultricis
1156 2756 1355 2819 Maria),
1406 2755 1533 2810 olim
1567 2754 1635 2808 ab
1676 2756 1900 2809 exordio
1947 2755 2437 2809 sanctimonialium

848 2863 875 2892 ι
914 2844 1326 2915 congregatione
1354 2842 1612 2905 famosus,
1637 2844 1731 2898 sed
1755 2844 1939 2897 mundi
1969 2844 2438 2898 crebrescentibus

858 2958 878 2990 ι
919 2938 1151 2992 malisin
1186 2953 1293 3006 quo
1325 2946 1443 2991 erat
1481 2946 1623 2991 statu
1657 2938 1856 2991 durare
1893 2952 1998 2990 non
2024 2939 2214 3006 potuit,
2248 2945 2435 3005 postea

857 3051 875 3082 c
919 3046 947 3084 a
980 3030 1225 3085 fidelibus
1276 3030 1597 3084 clericorum
1643 3028 1725 3082 vel
1771 3028 2154 3083 canonicorum
2198 3027 2310 3094 jam
2354 3026 2437 3079 bis

858 3142 877 3173 ‹
916 3123 1195 3177 restitutus
1242 3122 1579 3181 collectione,
1632 3120 1758 3174 dum
1805 3134 1903 3172 sua
1951 3127 2199 3187 qumrunt
2248 3132 2436 3171 omnes

850 3232 875 3263 ν(
916 3227 1023 3266 ηοη
1063 3226 1181 3280 qua:
1226 3210 1354 3265 Jesu
1395 3209 1618 3272 Christi,
1672 3208 1893 3275 dilapsis
1928 3207 2091 3261 rebus
2137 3216 2190 3260 et
2239 3206 2432 3273 partim

858 3323 875 3355 ι
916 3304 1229 3363 subtractis,
1260 3316 1398 3371 pene
1448 3299 1513 3353 ad
1562 3298 1785 3353 nihilum
1826 3296 2075 3350 redactus
2118 3304 2215 3350 est.
2258 3294 2431 3353 Unde.

859 3416 876 3447 ι
914 3405 971 3449 ut
1002 3396 1183 3459 credo,
1215 3410 1280 3446 ex
1315 3390 1670 3462 inspiratione
1694 3390 1787 3443 Dei
1819 3389 1989 3442 visum
2026 3396 2108 3441 est
2134 3388 2286 3449 mihi,
2321 3401 2435 3440 m0-

857 3509 873 3538 ι
912 3487 1208 3541 nachorum
1262 3482 1451 3537 ordine
1486 3489 1540 3534 et
1594 3477 1874 3548 disciplina
1909 3475 2211 3531 secundum
2264 3474 2434 3527 sancti

860 3594 876 3626 ι
914 3573 1190 3629 Benedicti
1244 3569 1480 3641 regulam
1516 3568 1691 3621 locum
1747 3566 1892 3620 illum
1947 3567 1998 3619 in
2044 3564 2237 3618 melius
2268 3561 2437 3617 refor-

858 3685 875 3713 ι
911 3679 1078 3717 mare.
1133 3662 1286 3728 Quod
1340 3669 1394 3713 et
1444 3657 1701 3721 eﬂiciens,
1760 3656 1960 3711 domini
1992 3655 2159 3709 nostri
2184 3655 2439 3709 Romanae

858 3776 873 3803 ι
910 3754 1055 3808 sedis
1085 3753 1299 3805 antislis
1331 3749 1611 3804 consilium
1658 3756 1820 3817 atque
1864 3747 2238 3801 auctoritatem
2276 3762 2440 3815 super

858 3866 874 3896 ι
915 3846 1015 3899 hoc
1050 3843 1191 3897 facto
1214 3852 1470 3912 expetens
1505 3840 1777 3909 requisivi.
1810 3838 1960 3894 Unde
2002 3848 2060 3893 ut
2106 3840 2157 3893 in
2188 3838 2437 3908 prmsenti

857 3957 874 3986 ι
909 3935 1144 3989 audituri
1178 3935 1330 3997 estis,
1360 3941 1634 4003 praeeunte
1673 3931 1873 3986 Christi
1924 3931 2095 4001 gratia
2124 3939 2186 3986 et
2214 3930 2436 4000 privile-

862 4048 880 4078 ς
918 4029 1063 4099 gium
1102 4025 1444 4080 auctoritatis
1466 4028 1592 4091 jsua:
1624 4025 1778 4079 nobis
1808 4024 2127 4087 transmisit,
2171 4032 2225 4077 et
2254 4023 2440 4077 decre-

859 4138 877 4169 i
924 4128 1036 4173 tum
1070 4116 1407 4171 constituens
1440 4115 1540 4169 sub
1576 4116 1768 4185 pagina
1802 4115 1974 4169 sancti
2005 4114 2149 4169 Petri
2183 4115 2437 4168 corrobo-

860 4227 877 4258 ι
914 4209 1070 4271 ravit,
1100 4216 1155 4261 et
1183 4220 1315 4259 ausu
1365 4206 1652 4259 temerario
1692 4204 1985 4273 infringere
2018 4212 2285 4258 tentantes
2311 4220 2441 4256 ana.-

856 4320 874 4349 ι
914 4296 1368 4365 thematisjaculo
1400 4296 1683 4365 impetivit,
1709 4296 1849 4351 sicut
1872 4295 2012 4349 infra
2036 4297 2296 4365 scriptum
2321 4305 2435 4350 est:

928 4407 945 4439 ‹
974 4387 1205 4443 Jomsss
1244 4388 1550 4455 episcopus,
1578 4402 1765 4441 servus
1811 4401 2090 4441 servorum
2127 4387 2249 4451 Dei,
2288 4405 2304 4436 ι
2333 4395 2438 4441 etc.

857 4480 1076 4549 lleliqua
1140 4480 1255 4533 vide
1304 4480 1439 4532 inter
1492 4476 1735 4547 epistolas
1789 4487 1837 4531 et
1891 4476 2160 4546 privilegia
2218 4477 2439 4531 Joannis

853 4585 999 4638 papa:
1022 4567 1195 4623 XIII.

923 4656 1057 4723 Quia
1089 4658 1253 4727 igitur
1286 4658 1486 4713 domini
1526 4658 1807 4728 apostolici
1843 4660 2115 4714 decretum
2144 4667 2197 4714 et
2224 4660 2435 4713 vidistis

852 4763 905 4804 et
936 4750 1183 4815 audistis,
1212 4751 1257 4803 si
1291 4750 1466 4819 placet
1508 4760 1565 4805 ut
1608 4750 1791 4805 itidem
1825 4750 1981 4821 hujus
2007 4757 2207 4805 sancta:
2243 4751 2434 4819 synodi

854 4841 1095 4896 unanimi
1144 4841 1455 4896 testimonio
1504 4852 1558 4896 et
1614 4850 1811 4896 nostra:
1868 4841 2187 4895 humilitatis
2233 4840 2436 4908 scripto

853 4930 1258 4998 corroboretur,
1290 4932 1393 4989 hoc
1416 4931 1615 4988 factum
1645 4932 1938 4986 decernite.
1970 4930 2155 4999 Itaque
2183 4930 2434 4983 Omnibus

852 5023 951 5078 sub
985 5038 1091 5078 uno
1122 5038 1404 5079 assensum
1433 5024 1799 5094 praebentibus
1844 5021 2243 5089 conscriptione
2295 5019 2433 5072 facta

851 5113 927 5167 sic
960 5113 1241 5169 recitatqu
1265 5123 1349 5169 est
1374 5133 1386 5168 :

929 5221 945 5251 ι
978 5202 1267 5269 Adalbero,
1294 5203 1473 5257 divina
1507 5201 1835 5273 prepitiante
1883 5199 2189 5262 clementia,
2237 5205 2437 5252 sancta:

853 5314 869 5345 ‹
915 5293 1203 5346 Bernensis
1265 5295 1518 5346 Ecclesiaa
1578 5294 2035 5346 archiepiscopus.
2091 5290 2286 5345 Notum
2347 5289 2433 5343 fiat

2549 2026 2565 2057 ι
2602 2007 2838 2062 cultores
2868 2007 3102 2077 religiosi
3138 2016 3244 2061 tam
3278 2007 3437 2062 rebus
3464 2006 3738 2076 delegatis,
3768 2021 3930 2076 quam
3960 2007 4125 2061 etiam

2548 2115 2564 2147 ι
2602 2095 2736 2151 forte
2784 2096 3093 2167 delegandis
3141 2105 3379 2160 utentes,
3427 2096 3679 2151 continua
3726 2106 3848 2151 vota
3879 2097 3987 2150 Deo
4012 2095 4125 2150 sol-

2549 2208 2564 2236 ι
2601 2195 2809 2251 ventes,
2846 2189 2953 2241 sint
2991 2197 3044 2242 et
3075 2202 3171 2256 pro
3210 2188 3365 2241 nobis
3412 2196 3465 2240 et
3516 2203 3612 2255 pro
3646 2188 3878 2254 posteris
3922 2188 4127 2241 nostris

2547 2298 2564 2329 ι
2601 2279 2923 2347 ρωιρτίδῳιο
2970 2278 3249 2332 ordinibus
3286 2276 3485 2347 jugiter
3527 2287 3835 2331 exorantes.
3862 2277 4125 2344 Quocirca

2548 2387 2563 2418 ι
2602 2368 2983 2436 paternitatetn
3015 2368 3133 2423 loco
3163 2368 3334 2421 nostri
3386 2368 3549 2422 vestri
3582 2368 4041 2437 subrogandorum
4071 2370 4125 2421 in

2547 2477 2564 2509 ι
2600 2459 2688 2513 illa
2714 2460 2979 2513 charitate
3025 2459 3119 2513 Dei
3144 2459 3356 2513 enixius
3401 2459 3755 2528 imploramus
3784 2459 3903 2530 [al.,
3935 2459 4126 2530 implo-

2545 2570 2563 2600 ι
2598 2547 2803 2621 rantes]
2836 2564 2940 2617 quo
2996 2550 3093 2603 sub
3122 2549 3288 2603 divini
3332 2550 3533 2603 amoris
3583 2560 3825 2618 respectu
3864 2549 4019 2617 hujus
4046 2551 4122 2603 rei

2547 2660 2561 2691 ι
2598 2648 2761 2711 gestae
2784 2638 3112 2694 conducibili
3140 2640 3354 2707 negotio
3382 2648 3757 2693 consentaneae
3784 2640 4000 2709 pietatis
4042 2640 4123 2692 fa-

2546 2752 2561 2783 ‹
2598 2740 2756 2787 veant
2782 2731 2917 2795 zelo,
2948 2731 3108 2799 idque
3146 2730 3382 2785 liberalis
3426 2731 3609 2784 auxilii
3643 2731 3970 2785 indeficienti
3992 2732 4125 2785 base

2546 2826 2891 2895 «dignentur
2946 2833 3248 2894 temporum
3309 2824 3592 2879 curriculis
3644 2826 3908 2881 consolari
3962 2836 4125 2895 atque

2544 2937 2559 2967 ι
2596 2915 2803 2978 fulcire,
2833 2924 2890 2969 ut
2912 2930 2977 2967 ex
3007 2930 3071 2969 eo
3100 2915 3329 2983 gratiam
3354 2914 3449 2968 Dei
3482 2915 3712 2970 feliciter
3738 2918 4121 2985 adipiscentes,

2545 3027 2561 3058 ‹
2596 3006 2753 3075 hujus
2823 3006 3214 3075 pra'stantioris
3256 3004 3599 3059 emolumenti
3656 3015 3966 3060 mereantur
4007 3005 4125 3060 fore

2544 3118 2561 3149 ι
2599 3104 2895 3152 consortes.
2932 3094 3037 3148 Sed
3080 3102 3134 3146 et
3176 3094 3277 3147 hoc
3307 3108 3371 3146 ex
3404 3094 3635 3149 decretis
3666 3102 3976 3149 sanctorum
4018 3094 4123 3147 Pa-

2546 3208 2561 3239 ι
2601 3198 2743 3242 trum
2772 3186 2871 3243 sub
2902 3186 3224 3239 auctoritate
3266 3184 3522 3255 pastorali
3570 3170 4125 3239 omnimodisinhibe-

2464 3252 2508 3313 ί)
2547 3298 2564 3331 ι
2604 3296 2742 3345 mus,
2770 3280 2878 3335 imo
2904 3283 3064 3335 etiam
3098 3298 3221 3336 cum
3266 3282 3431 3337 divini
3478 3281 3713 3334 nominis
3760 3280 4122 3334 obtestatione

2545 3392 2560 3423 ι
2595 3372 2815 3426 omnino
2842 3374 3232 3438 interdicimus,
3294 3387 3361 3427 ne
3404 3387 3639 3441 unquam
3680 3368 3980 3437 hujusmodi
4011 3380 4124 3424 sta-

2544 3481 2560 3511 ι
2598 3472 2770 3515 tutum
2799 3464 3039 3531 qualibet
3089 3465 3393 3518 temeritate
3440 3464 3508 3517 ab
3559 3462 3665 3516 ullo
3707 3463 3874 3516 nostri
3916 3462 4124 3515 ordinis

2545 3572 2561 3604 ι
2602 3554 2847 3617 violetur,
2876 3557 3005 3623 quin
3038 3556 3215 3624 potius
3259 3556 3313 3608 in
3344 3555 3608 3622 reliquum
3640 3552 3830 3607 stabile
3858 3561 3909 3605 et
3939 3552 4119 3605 incen-

2546 3665 2562 3697 ‹
2597 3661 2812 3701 cussum
2848 3646 2968 3715 jure
2996 3655 3255 3716 perpetuo
3304 3646 3535 3714 idipsum
3584 3642 3968 3698 venerabiliter
3998 3657 4123 3695 con-

2547 3756 2563 3787 i
2595 3748 2857 3792 servetur.
2904 3738 3036 3791 Nam
3078 3740 3120 3792 si
3169 3754 3263 3807 per
3294 3738 3460 3792 laicos
3503 3737 3555 3790 in
3604 3750 3715 3803 rem
3747 3736 3887 3790 hanc
3928 3733 4121 3802 injuria

2547 3850 2563 3880 ι
2598 3831 2904 3893 invehatur,
2942 3832 2991 3881 in
3020 3844 3110 3883 eos
3146 3829 3334 3898 procul
3362 3829 3520 3883 dubio
3548 3826 4123 3882 excommunicationis

2547 3941 2564 3970 ι
2598 3920 2835 3989 jaculum
2869 3936 2990 3973 cum
3022 3921 3365 3973 anathemate
3394 3920 3783 3986 intorqucalur.
3812 3938 3832 3971 ι
4078 3990 4085 3993 Α

2612 4012 2767 4065 Anno
2797 4010 2957 4080 igitur
3002 4012 3068 4063 ab
3097 4010 3467 4063 incarnatione
3499 4009 3727 4082 Domini
3756 4006 3880 4063 Jesu
3921 4007 4121 4062 Christi

2540 4102 2643 4156 975
2671 4100 2764 4171 [αι.
2816 4098 2941 4171 985]
2976 4140 2990 4164 ,
3036 4099 3351 4167 provinciali
3383 4098 3589 4168 synodo
3621 4112 3805 4152 mense
3830 4096 3969 4151 Maio
3997 4113 4122 4151 con-

2541 4195 2749 4256 stituta,
2784 4191 3105 4261 generaliter
3130 4200 3453 4260 congregata
3483 4189 3624 4259 apud
3656 4189 3886 4244 Montem
3923 4199 4122 4243 sancta:

2543 4282 2722 4336 Maria:
2754 4282 2804 4335 in
2849 4297 2984 4351 pago
3013 4281 3366 4345 Tardanensi,
3418 4281 3519 4335 hoc
3560 4281 3831 4335 decretum
3864 4279 4119 4333 solemni-

2543 4383 2621 4427 ter
2652 4372 2934 4426 recitatum
2970 4380 3052 4425 est
3094 4386 3277 4425 coram
3321 4370 3644 4424 venerandis
3695 4370 3981 4437 episcopis,
4020 4369 4116 4422 ab-

2542 4462 3094 4530 batibus,c:eterisque
3112 4460 3528 4531 [al.creterisque
3545 4460 3834 4531 nonnullis]
3854 4460 4116 4523 fidelibus,

2545 4553 2668 4608 huic
2695 4562 2891 4606 nostrae
2919 4551 3240 4604 institutioni
3270 4552 3359 4618 pio
3384 4564 3606 4604 assensu
3658 4549 3979 4613 faventibus,
4013 4549 4120 4601 imo

2543 4645 2701 4698 etiam
2726 4642 3150 4697 collaudantibus
3174 4648 3332 4708 atque
3365 4640 3846 4695 confirmantibus:
3893 4653 4116 4707 quorum

2547 4730 2792 4784 videlicet
2818 4729 3021 4797 primus
3046 4743 3145 4795 ego
3162 4728 3424 4781 Adalbero
3440 4728 3552 4796 jam
3570 4728 3917 4796 praescriptus
3944 4725 4117 4780 archi-

2544 4818 2736 4889 pruesul
2760 4819 2931 4871 eidem
2955 4816 3181 4870 concilio
3196 4816 3305 4869 Deo
3327 4825 3546 4870 auctore
3575 4814 3862 4884 pontificali
3888 4815 4119 4869 auctori-

2548 4920 2653 4963 tate
2696 4908 3006 4976 prresidens,
3056 4922 3216 4959 manu
3247 4916 3426 4959 nostra
3458 4904 3839 4968 subscribens,
3872 4904 4009 4957 idem
4036 4916 4117 4954 ro-

2547 5000 2748 5063 boravi;
2777 4999 2870 5052 sed
2903 5007 2956 5051 et
2982 4997 3161 5051 caeteri
3185 4998 3324 5051 haud
3348 5011 3502 5051 secus
3527 5007 3853 5051 censuerunt
3874 4994 4121 5049 manibus

2550 5093 2814 5163 impositis
2851 5090 3069 5144 solidari
3106 5091 3207 5144 hoc
3234 5090 3406 5157 ipsum
3468 5088 3775 5158 pontificale
3834 5097 4117 5152 statutum,

2546 5186 2853 5256 apostolicae
2899 5183 3235 5238 auctoritatis
3266 5182 3545 5253 privilegio
3598 5182 3873 5251 petitionis
3923 5192 4120 5236 nostra:

2542 5280 2763 5333 obtentu
2811 5276 3162 5343 undecunque
3206 5274 3496 5327 subnixum
3526 5312 3540 5335 ,
3595 5287 3657 5327 ac
3694 5288 3792 5342 per
3832 5273 3936 5328 hoc
3974 5287 4118 5328 Slllll-
