4516 5500
859 451 956 509 551

1924 453 2240 507 I"0l.Cl'lNl
2285 454 2569 509 ABBATlS
2608 453 3010 517 LMlBlE-NSIS

3989 463 4095 522 532

858 580 1165 624 sanctorum
1197 571 1248 624 in
1277 567 1568 624 Morinensi
1609 572 1866 638 parccliia
1911 572 2300 638 ﬂllit'Sf‘Olllillm
2331 571 2430 624 ςιῖί
2464 575 2506 630 Λ
2538 585 2753 628 ventum
2802 585 2884 631 est
2931 584 2996 628 ειη
3043 577 3211 630 sancti
3245 579 3342 632 viri
3388 577 3624 632 tumbam
3665 591 3785 633 cum
3830 580 4000 632 cereis
4043 589 4101 631 ρι

860 641 1023 711 tuitti,
1065 640 1187 711 quia
1229 641 1279 694 in
1307 642 1710 711 consecratione
1751 642 1991 696 ecclesia:
2024 642 2111 695 Dei
2158 641 2435 711 genitricis

863 710 1032 762 altare
1064 710 1129 762 ab
1174 711 1290 778 ipso
1317 710 1572 765 Fulcoino
1617 712 2060 766 consecrandum.
2093 723 2141 763 et
2164 710 2237 762 ex
2270 712 2434 776 ipsius

858 781 1135 846 parochia:
1171 780 1408 848 reliquiis
1432 781 1804 835 honorandum
1834 782 2189 849 prcharaliat.
2224 799 2242 832 ι
2288 781 2436 834 Inve-

862 850 1009 902 nitur
1061 850 1224 907 etiam
1275 851 1651 916 subscripsisse
1699 850 1899 905 Odonis
1955 851 2291 905 ltelvaceusis
2320 851 2437 918 epi-

861 920 1008 981 scopi
1041 919 1231 971 litteris
1262 935 1288 971 a
1321 919 1608 973 Sirmnntlo
1636 919 1792 974 e-lilis
1817 922 1866 974 in
1910 921 2013 974 line
2045 922 2171 974 totni
2199 921 2259 974 Ill
2297 920 2436 973 Con-

861 990 1106 1043 ciliorun:
1141 989 1346 1043 Callim.
1382 987 1438 1039 κον.
1462 1006 1576 1042 rum
1612 999 1696 1042 aut
1739 1005 1815 1043 eae
1843 990 2031 1042 litterae
2059 991 2271 1059 scriptas
2316 998 2439 1044 sunt

863 1067 989 1113 ante
1023 1059 1168 1128 regni
1196 1059 1371 1112 Caroli
1405 1059 1550 1111 Calvi
1577 1074 1774 1112 annum
1803 1061 2130 1113 tricesimum
2164 1061 2433 1126 quintum,

863 1139 956 1198 aut
987 1129 1049 1198 ijs
1079 1129 1416 1182 subscribere
1443 1145 1545 1198 non
1569 1130 1739 1196 potuit
1772 1128 2079 1188 Foleuiuus.
2107 1146 2265 1198 quem
2297 1144 2437 1181 anno

862 1197 1038 1252 Caroli
1085 1213 1174 1259 xv,
1205 1198 1401 1251 Christi
1446 1197 1548 1251 835
1578 1199 1772 1250 abiisse
1804 1209 2035 1253 constat.
2069 1197 2142 1253 De
2172 1199 2287 1264 ejus
2318 1214 2440 1252 suc-

864 1281 1078 1323 cessore
1110 1266 1393 1321 Huntftido
1428 1271 1688 1336 agendum
1724 1265 1856 1320 infra
1887 1268 1949 1320 ad
1980 1286 2176 1321 annutn
2208 1269 2328 1323 869.

933 1338 988 1390 4.
1046 1337 1118 1391 De
1141 1337 1312 1407 sancti
1349 1336 1586 1389 Folcniui
1633 1353 1828 1399 peuerc
1870 1347 1922 1390 et
1964 1339 2249 1407 pra-cipnis
2282 1339 2440 1391 rebus

863 1407 1028 1490 gestis
1059 1406 1504 1490 agit.Folcwit_ins
1533 1407 1817 1490 Sithignsis
1849 1406 2144 1490 lﬂOlllﬂCllUS
2187 1417 2240 1461 et
2273 1407 2438 1490 levita

864 1477 916 1531 in
947 1477 1220 1530 chartario
1259 1477 1488 1529 cmnohii
1531 1477 1610 1530 sui
1653 1479 1718 1530 ab
1765 1492 1821 1531 se
1848 1478 2096 1531 ordinato
2127 1493 2270 1531 anno
2313 1477 2437 1538 96!,

861 1558 921 1601 nt
971 1546 1087 1616 legi
1117 1547 1166 1616 iu
1202 1546 1548 1616 menda-aueo
1593 1547 1802 1610 codice,
1847 1563 2005 1615 quem
2051 1548 2437 1616 autographum

862 1632 982 1671 esse
1009 1615 1282 1696 existimo.
1314 1613 1427 1696 "l-lC
1464 1617 1761 1696 fragmenta
1805 1613 2050 1696 quasdam
2102 1613 2309 1696 referre
2336 1616 2439 1696 _ju-

864 1696 972 1739 vat.
1010 1703 1026 1734 ι
1060 1685 1324 1756 Tempore
1364 1685 1618 1756 laidovici
1650 1687 1872 1756 Augusti
1906 1687 2147 1738 exoritur
2172 1687 2436 1756 quoddam

864 1756 1042 1809 lumen
1093 1754 1345 1808 Eeclesim
1393 1755 1694 1810 Folcvvinus
1744 1754 1983 1817 homine,
2037 1758 2176 1824 quod
2225 1773 2293 1810 ne
2340 1755 2438 1808 sub

863 1825 1063 1895 modio
1109 1823 1375 1895 celarctnr
1429 1826 1772 1895 absconsum,
1821 1824 1888 1878 ab
1947 1823 2064 1893 ipso
2105 1840 2228 1895 rege
2278 1839 2441 1891 super

861 1893 1116 1983 ‘Ec‘cle‘site
1155 1894 1444 1983 imponitur
1476 1894 1878 1983 candelabrum,
1912 1893 2259 1977 Tervvaneitsi
2297 1895 2435 1976 .civ'i-
2467 1923 2510 1983 Β
2539 1909 2640 1983 est;

861 1966 961 2018 lati
995 1963 1412 2032 dcsignatnrad
1457 1965 1824 2030 pontiliCatum
1862 1980 2002 2017 anno
2051 1965 2434 2019 incarnationis

862 2033 1075 2090 Domini
1107 2034 1228 2091 89.7,
1263 2041 1316 2086 et
1337 2034 1543 2101 przel'ati
1575 2035 1712 2102 regis
1737 2034 1789 2087 4.
1830 2035 1905 2088 De
1935 2035 2085 2102 cujus
2106 2035 2212 2088 vita
2245 2043 2297 2089 et
2327 2036 2437 2086 vir-

862 2105 1067 2159 tutibus
1099 2104 1321 2155 mullum
1357 2103 1496 2170 quod
1537 2103 1878 2172 loqueremur
1905 2117 2044 2167 erat,
2083 2115 2434 2172 oplarcmqne

861 2191 922 2229 ea
953 2190 1072 2243 qiuu
1100 2173 1150 2225 in
1185 2174 1282 2243 hoc
1303 2175 1510 2243 mundo
1549 2174 1734 2243 gessit,
1769 2185 2138 2228 summotenus
2178 2175 2435 2242 perstrin-

862 2241 1007 2315 gere.
1044 2242 1148 2297 Sed
1182 2241 1481 2297 fatuitatem
1503 2241 1682 2315 meam
1711 2243 1823 2315 ipse
1850 2241 2204 2312 perpendens,
2240 2245 2435 2315 horreo

860 2314 1052 2368 saltem
1087 2323 1326 2383 tangere,
1373 2314 1513 2383 quod
1544 2314 1642 2367 viri
1670 2314 1978 2382 peritissimi
2024 2323 2244 2381 possent
2272 2314 2434 2383 etiam

862 2382 1483 2449 formidare.'Snperant
1521 2383 1663 2436 enim
1701 2383 2123 2451 pliilosupliicam
2152 2382 2436 2436 mundana:

862 2454 1140 2523 sapientia:
1182 2453 1617 2523 disputationem.
1663 2491 1674 2502 .
1717 2488 1731 2503 .
1773 2489 1786 2502 .
1823 2489 1844 2523 _.
1892 2489 1905 2501 .
2057 2489 2072 2504 .
2117 2489 2130 2503 .
2176 2491 2188 2504 .
2238 2490 2250 2503 .
2360 2488 2374 2503 .
2419 2487 2434 2503 .

864 2518 988 2577 llzec
1017 2518 1352 2577 solnmmoito
1386 2523 1436 2574 in
1468 2521 1583 2589 ejus
1612 2521 1924 2573 memoriam
1949 2518 2091 2572 fatua
2125 2519 2438 2589 garrulitate

863 2593 1214 2661 deprompsi:
1262 2592 1463 2656 reliqua
1510 2591 1677 2658 ipsins
1719 2605 1881 2661 opera
1925 2591 2192 2661 auctioris
2240 2590 2436 2661 ingenii

862 2658 981 2717 viro
1011 2658 1256 2728 relinquo
1287 2661 1725 2727 investiganda...
1757 2658 1890 2725 Quia
1922 2660 2084 2728 igitur
2107 2659 2438 2714 mentionem

863 2734 1005 2787 Lcati
1035 2731 1292 2786 Folcwiui
1326 2730 1518 2784 fecisse
1549 2746 1634 2785 me
1665 2731 1910 2788 memini,
1965 2730 2089 2783 libet
2133 2731 2308 2783 adhuc
2353 2729 2439 2783 hic

865 2819 1028 2856 unum
1061 2802 1177 2868 ejus
1201 2817 1336 2870 opus
1369 2801 1631 2863 intexere,
1666 2801 1808 2870 quod
1838 2801 2012 2852 recolo
2044 2817 2126 2852 me
2158 2800 2441 2868 agnovisse

864 2873 1129 2927 \Vicl'rido
1153 2869 1406 2940 pontifice
1430 2879 1702 2923 narrante.
1734 2869 1932 2940 Longa,
1955 2871 2146 2936 inquit,
2167 2878 2441 2940 senectute

866 2943 1041 2999 fessus
1073 2939 1241 2996 isdem
1275 2943 1463 2994 beatus
1494 2941 1722 2992 antistes
1750 2939 2072 3000 Folcwiuns,
2112 2953 2166 2991 ιιι
2194 2948 2320 3006 puta
2349 2939 2439 3006 qui

865 3014 1335 3083 quadragesimum
1366 3012 1417 3064 in
1448 3011 1754 3083 episcopatu
1782 3008 1892 3083 fet'e
1917 3019 2194 3083 peregerat
2219 3024 2440 3083 annum,

869 3079 988 3137 cum
1014 3079 1125 3152 jam
1157 3099 1262 3135 non
1294 3091 1477 3149 posset
1509 3079 2322 3152 publieemissarumsolemnia
2349 3093 2443 3152 cet

869 3146 1111 3215 iebra're;
1145 3146 1359 3221 cognito
1390 3146 1638 3211 hoc—rex,
1688 3149 1777 3202 illo
1813 3147 1985 3199 adhuc
2013 3149 2253 3221 vivente,
2300 3146 2440 3215 quod

869 3233 1058 3279 contra
1109 3218 1342 3276 canones
1391 3230 1548 3279 erat,
1613 3231 1980 3272 successorem
2034 3218 2082 3270 ei
2133 3219 2441 3285 episcopum

2539 645 2990 714 tliytuiamateriis
3029 655 3082 698 et
3123 648 3288 701 choro
3317 648 3654 714 psallentium
3682 666 3696 702 :
3729 648 4101 702 elcvavcrnut-

2536 730 2640 783 que
2670 731 2865 782 corpus
2896 714 3072 770 Idibus
3101 715 3437 777 Novembris,
3471 716 3598 772 feria
3631 717 3835 785 quinta,
3869 717 3952 769 die
3981 718 4100 769 illii-

2537 794 2816 855 cesreutc:
2844 797 3381 855 prteparaveruntquc
3413 803 3568 853 supra
3601 788 3723 840 dicti
3755 786 4098 839 refectionem

2538 854 2817 911 fratribus.
2850 854 3310 923 prontopoterant.
3363 856 3552 909 Vinum
3587 871 3816 923 namque
3844 864 3896 906 et
3921 855 4100 908 omnia

2539 924 2840 978 necessaria
2871 924 3147 978 venientes
3183 941 3362 978 secum
3394 927 3713 980 detulerant.
3747 925 3949 992 Quibus
3980 940 4103 991 per-

2538 995 2695 1054 actis,
2727 994 3022 1058 gaudentes
3052 995 3115 1046 ad
3145 995 3355 1060 propria
3391 1006 3511 1047 sunt
3545 997 3764 1048 reversi.
3817 996 3978 1049 Emut
4007 1010 4102 1046 att-

2540 1072 2666 1126 tem,
2702 1064 2866 1136 isdem
2889 1063 3486 1136 videlicetFolcwinus,
3518 1076 3568 1136 et
3596 1065 3909 1136 cheuvvala
3934 1065 4102 1119 frater

2539 1149 2698 1204 suus,
2728 1132 3084 1204 ililii‘Odwini
3135 1133 3224 1187 lilii
3277 1135 3498 1188 alterius
3547 1132 3788 1199 Odwini,
3845 1136 3934 1204 qui
3981 1143 4100 1189 erat

2539 1203 2705 1257 frater
2727 1202 2868 1274 beati
2896 1204 3138 1274 praisulis
3169 1204 3420 1258 Folcwiui
3449 1223 3459 1256 :
3487 1215 3639 1273 pater
3660 1215 3837 1259 autem
3864 1202 4101 1274 ejusdem

2539 1275 2732 1345 sancti__
2776 1273 3233 1345 episcopi__(lictus
3281 1285 3361 1327 est
3412 1274 3764 1345 Hieronymus
3807 1292 3820 1327 :
3872 1273 4098 1343 genitrix

2539 1358 2665 1396 vero
2694 1341 3069 1412 Ermentrudis
3099 1353 3183 1397 est
3212 1354 3420 1399 vocata.
3455 1365 3472 1396 ι
3517 1345 3593 1398 En
3612 1341 3852 1398 'stetuma
3877 1341 4105 1412 gentili-

2540 1414 2671 1483 tium
2698 1413 2868 1483 sancti
2890 1411 3166 1483 Folcwiui,
3195 1416 3452 1469 hactenus
3476 1429 3576 1467 non
3600 1415 3730 1468 satis
3755 1411 4101 1483 explicatum.

2540 1481 2830 1553 Folcninus
2869 1480 3034 1535 abbas
3072 1493 3298 1538 matrem
3339 1485 3454 1553 ejus
3491 1495 3644 1537 vocat
3685 1480 4063 1553 Ercensindatn
4087 1519 4103 1542 ,

2540 1553 2626 1622 hic
2665 1551 3105 1622 Ermcntrmlem,
3154 1569 3219 1606 ex
3252 1551 3606 1622 qno‘apparct
3631 1569 3748 1607 eam
3780 1552 4105 1622 hiuotninem

2541 1621 2721 1675 fuisse.
2764 1619 2921 1673 Pater
2945 1619 3302 1690 Hieronymus
3324 1619 3497 1677 Caroli
3525 1623 3734 1676 Tuditis
3757 1638 3847 1675 seu
3879 1619 4103 1674 Martelli

2541 1691 2680 1744 filius
2706 1699 2820 1743 erat
2842 1730 2854 1751 ,
2902 1699 3051 1758 pater
3081 1691 3287 1745 Oiwiui
3326 1702 3379 1745 et
3413 1691 3624 1745 Fulradi
3657 1692 3864 1745 abbatis
3890 1690 4103 1756 Quinti-

2539 1761 2682 1814 niani
2710 1775 2723 1820 ;
2767 1758 2936 1830 frater
2965 1774 3092 1830 vero
3122 1760 3376 1814 Bernardi
3417 1763 3586 1830 patris
3617 1765 3782 1814 sancti
3816 1758 4102 1830 Adelhardi

2542 1831 2750 1884 abbatis
2798 1829 3182 1896 Corheieusis,
3255 1829 3428 1900 Cujus
3459 1832 3580 1884 \‘ita
3633 1830 3878 1900 superius
3934 1829 4104 1884 relata

2608 1969 2661 2022 5.
2703 1968 2983 2022 Diversum
3023 1983 3142 2023 eSse
3170 1968 3484 2022 Folcuinum
3525 1986 3617 2023 Sen
3654 1969 3984 2023 Folcvvinum
4025 1967 4103 2021 le—

2535 2039 2700 2093 vitam
2727 2055 2753 2091 a
2780 2039 3042 2092 Fulcuino
3069 2038 3349 2092 Lanbiensi
3377 2040 3589 2101 abbate,
3613 2041 3854 2108 qua-dam
3882 2037 4106 2108 suadent

2537 2118 2872 2178 argumenta.
2934 2108 3173 2176 Uterque
3219 2125 3281 2163 ex
3331 2124 3495 2175 regno
3526 2107 3764 2164 Lotharii
3797 2117 3946 2161 ortus
3973 2107 4102 2169 fuit,

2537 2190 2762 2246 uterque.
2782 2180 2941 2230 etiam
2966 2179 3260 2232 monachus
3282 2178 3586 2243 Sitbieusis,
3610 2189 3658 2231 et
3683 2180 3893 2245 quidem
3920 2178 4105 2230 eodem

2537 2259 2800 2317 tempore.
2845 2247 2977 2300 Nam
3023 2247 3310 2300 Folcninus
3350 2248 3508 2301 levita
3553 2249 3922 2317 collectionem
3949 2248 4106 2299 char-

2539 2315 2716 2372 tarum
2746 2318 3058 2371 monasterii
3097 2317 3176 2370 sui
3205 2318 3468 2370 ordinavit
3493 2333 3634 2370 anno
3663 2317 3753 2370 96l
3780 2333 3793 2377 ;
3823 2315 3957 2368 alter
3979 2329 4106 2368 vero

2539 2388 2604 2440 ad
2631 2387 2864 2454 regimen
2892 2384 3208 2437 Laubiensis
3228 2385 3456 2437 abbatite
3479 2395 3699 2439 vocatus
3721 2395 3800 2439 est
3823 2400 3963 2438 anno
3981 2383 4103 2446 965,

2539 2455 2616 2510 nti
2665 2457 2775 2522 ipse
2820 2455 3009 2507 scribit
3056 2456 3106 2507 iu
3147 2455 3412 2508 Chronico
3461 2455 3767 2508 Lauhiensi.
3833 2455 3939 2507 Cur
3980 2467 4106 2506 vero

2541 2525 2676 2578 duos
2720 2523 2883 2576 fuisse
2927 2533 3131 2591 putem,
3174 2525 3256 2577 lue
3299 2533 3422 2577 sunt
3464 2539 3680 2577 causze:
3725 2524 3926 2590 prima,
3966 2522 4108 2591 quod

2540 2595 2834 2648 Folcuinus
2874 2593 3040 2646 abbas
3083 2593 3133 2645 in
3176 2595 3417 2661 sequenti
3457 2593 3590 2655 Vita,
3627 2595 3727 2646 etsi
3770 2594 4110 2661 iiSiletirfere

2541 2665 2720 2718 verbis
2765 2673 2966 2723 utatur,
3015 2662 3192 2728 aliqua
3238 2660 3410 2716 tamen
3455 2665 3662 2716 diversa
3717 2663 3922 2715 miscet.
3976 2660 4106 2714 Nam

2545 2735 2705 2787 levita
2733 2734 2904 2787 sancti
2933 2732 3169 2786 ["ulcuiui
3200 2742 3424 2785 matrem
3466 2743 3620 2786 vocat
3664 2732 4106 2793 Ermeutrudem;

2545 2805 2711 2858 abbas
2759 2803 3174 2872 Ercensendatn.
3241 2802 3331 2854 llle
3377 2802 3611 2871 episcopi
3657 2802 4110 2872 consanguineum

2545 2889 2602 2928 se
2648 2873 2813 2928 fuisse
2851 2871 3009 2933 dicit;
3062 2872 3147 2925 hic
3194 2879 3351 2924 tacet.
3403 2872 3614 2925 Primus
3656 2871 3880 2934 scribit,
3917 2884 4112 2938 equum

2545 2945 2719 2998 sancti
2761 2943 2858 2995 viri
2910 2941 3081 2994 funeri
3123 2943 3363 3008 praeisse,
3415 2941 3548 2994 alter
3585 2942 3729 2994 addit
3758 2941 4111 3010 lacrymasse;

2545 3023 2594 3066 et
2630 3013 2794 3066 abbas
2831 3011 2965 3064 male
3009 3011 3236 3064 reddidit
3281 3011 3598 3064 sententiam
3637 3010 3813 3064 levita:
3856 3025 4001 3062 num.
4026 3009 4114 3071 18.

2548 3083 2591 3135 si
2640 3092 2813 3136 tamen
2863 3081 3100 3133 auctoris
3145 3091 3381 3133 erratum
3428 3091 3546 3142 est,
3601 3096 3704 3133 non
3754 3079 4114 3132 librariorum.

2548 3153 2789 3219 Dunique
2833 3151 2938 3204 duo
2983 3151 3222 3203 Folcuiui
3268 3149 3426 3204 simul
3470 3151 3650 3204 vixere
3694 3149 3746 3202 in
3792 3147 4118 3219 monasterio

2553 3216 2842 3281 Sitbiensi,
2891 3231 3023 3273 teste
3071 3219 3328 3272 Fulruino
3373 3220 3566 3280 levita,
3618 3220 3707 3288 qui
3756 3220 3806 3271 in
3853 3218 3952 3270 line
3993 3216 4116 3270 Col-

872 3294 1182 3357 destinauit,
1214 3312 1230 3342 ι
1260 3300 1310 3345 ct
1343 3303 1532 3344 cretera
1564 3289 1753 3342 iisdem
1786 3287 1982 3349 verbis,
2013 3295 2068 3338 ut
2097 3287 2145 3339 iu
2171 3288 2444 3353 sequentis
2475 3285 2518 3346 C
2551 3291 2794 3344 lectionis
2834 3306 2940 3343 sua:
2969 3305 3256 3343 recensens
3285 3291 3498 3344 nomina
3530 3285 3772 3349 fratrum,
3801 3288 4116 3355 quibuscum

873 3366 1010 3417 Vita:
1040 3379 1188 3417 mtm.
1220 3363 1284 3414 l3
1311 3373 1363 3414 et
1394 3361 1473 3413 ill.
1509 3381 1526 3410 ι
1561 3360 1860 3426 [legaverat
1902 3368 2075 3409 autent
2114 3358 2280 3409 isdem
2309 3371 2443 3422 pon-

875 3435 1032 3488 tifex.
1077 3444 1133 3485 ut
1174 3433 1342 3487 sicubi
1377 3433 1550 3484 exitus
1582 3429 1696 3497 ejus
1737 3427 2035 3489 accidrret,
2075 3442 2270 3497 corpus
2309 3428 2448 3497 illitis

875 3505 942 3558 ad
991 3502 1161 3557 Sit/tiu
1205 3496 1618 3556 tuonasteriunr
1647 3501 1697 3553 in
1752 3498 1976 3550 basilica
2027 3499 2194 3550 sam-ti
2241 3496 2445 3550 Bertiui

873 3583 1182 3644 portaretur
1220 3572 1612 3625 tumulandum.
1653 3566 1934 3644 _Dcftt_i_icto
1977 3578 2154 3644 autem
2201 3567 2290 3644 illo
2324 3582 2449 3622 cum

875 3637 1055 3698 clerici
1079 3642 1194 3711 ejus
1217 3651 1520 3711 quaererent
1543 3638 1940 3711 qualiterillum
1970 3638 2034 3690 ad
2061 3654 2218 3706 supra
2247 3637 2447 3711 dictum

878 3716 1052 3768 locmn
1105 3708 1323 3782 portare
1374 3713 1684 3782 debuissent
1714 3749 1727 3771 ,
1784 3708 1835 3761 in
1885 3710 1995 3776 ipsa
2045 3722 2236 3782 nocte,
2291 3709 2451 3782 flante

880 3793 1041 3838 vequ
1086 3777 1344 3842 australi,
1401 3782 1578 3834 omnis
1632 3780 1716 3832 illa
1767 3793 2026 3844 aquarum
2085 3777 2452 3832 imlimetibilis

921 3853 1247 3916 rofunditas,
1288 3867 1391 3920 qua
1431 3851 1665 3919 cingitur
1692 3849 1866 3901 Sitbiu
1901 3847 2105 3905 insula.
2149 3849 2218 3920 ita
2238 3864 2450 3920 ‘t-ouge-

902 3924 1044 3987 avit,
1088 3933 1145 3977 ut
1176 3917 1332 3975 mane
1361 3917 1644 3988 exsequias
1679 3920 1850 3972 sancti
1886 3921 2128 3985 corporis
2157 3917 2450 3988 deferenti-

879 3996 980 4049 bus
1005 3993 1368 4047 firmissiuuun
1392 3987 1528 4058 aqua
1555 4006 1794 4057 gressum
1823 4004 1918 4056 per
1939 3989 2162 4056 glaciem
2191 3987 2454 4058 przrberet

878 4065 1163 4125 euntibus,
1204 4064 1343 4131 quod
1388 4057 1453 4113 in,
1481 4060 1694 4114 hiemali
1724 4069 1968 4131 tempore
1999 4059 2081 4110 vix
2113 4066 2322 4131 septem
2347 4057 2456 4131 die:

881 4150 998 4190 rum
1039 4133 1186 4203 algor
1214 4126 1388 4203 potest
1431 4131 1664 4203 ellicere.
1721 4129 2077 4203 Deporlantes
2106 4139 2283 4203 autem
2312 4126 2453 4203 beati

879 4205 980 4258 \it'i
1020 4196 1228 4273 corpus
1249 4202 1311 4254 ad
1345 4202 1520 4253 Sitbiu
1557 4199 1994 4273 monasterium,‘
2015 4200 2079 4273 ad
2118 4196 2454 4273 latussancti

879 4274 1082 4328 Dertini
1115 4267 1362 4326 dextrum
1397 4281 1480 4324 est
1513 4269 1850 4322 tutnulatum.
1888 4288 1905 4318 ι
1955 4267 2152 4320 Eadem
2196 4268 2461 4321 habentur

882 4347 935 4399 iu
969 4345 1223 4413 subjecta:
1255 4341 1385 4394 Vita:
1418 4357 1564 4413 ιιιιιιι.
1597 4339 1680 4413 15.
1725 4337 2224 4413 I’et'git_Fult-ttiitus
2257 4337 2412 4413 levita
2444 4351 2456 4388 :

887 4433 905 4464 ι
930 4405 1123 4468 Fertur
1149 4423 1325 4466 autem
1354 4410 1599 4463 eumdem
1630 4410 1800 4461 virum
1834 4408 1924 4460 Dei
1953 4422 2148 4474 equum
2174 4405 2460 4474 quemdam

883 4485 1140 4540 habuisse
1159 4525 1172 4548 ,
1215 4483 1304 4550 qui
1337 4482 1550 4548 quoties
1581 4481 1681 4532 iter
1707 4478 1992 4550 aliquoties
2019 4492 2241 4544 carpere
2267 4476 2457 4550 vellet,

884 4555 952 4608 ad
999 4546 1270 4623 obsequia
1302 4546 1399 4623 viri
1454 4550 1544 4602 Dei
1597 4563 1770 4623 genita
1818 4547 2090 4623 flecteret,
2150 4556 2208 4600 ut
2257 4546 2463 4623 scilicet

882 4626 1090 4694 absque
1120 4617 1228 4677 u'llo
1250 4621 1625 4694 Jaborc_tcrgo
1657 4617 2170 4694 illiuscquitaturns
2205 4617 2462 4694 ascende-

889 4685 1189 4748 retfﬂunc
1217 4701 1395 4745 autem
1433 4685 1616 4743 ferunt
1651 4685 1906 4741 fratribus
1937 4687 2168 4740 dandum
2199 4695 2322 4740 ante
2349 4685 2463 4753 ejus

883 4766 1143 4819 feretrum
1186 4762 1445 4831 praeisse,
1498 4759 1588 4814 sed
1633 4773 1845 4812 onmem
1887 4757 2144 4831 deinceps
2192 4756 2460 4831 hominem

888 4835 1030 4888 ferre
1061 4825 1362 4895 recusasse,
1396 4851 1411 4881 ι
1446 4839 1575 4894 etc.,
1609 4839 1664 4881 ιιι
1699 4843 1844 4881 ιιιιιη.
1879 4826 1966 4891 l6,
2017 4827 2116 4881 nisi
2161 4827 2302 4896 quod
2345 4825 2463 4880 loco

887 4905 1224 4973 superiorum
1269 4903 1558 4973 verborum
1610 4900 1906 4973 legitur,_r
1959 4895 2460 4973 equ_um_’fere_trum

887 4967 1218 5044 praeeuntem
1268 4967 1682 5044 Lac_rytnasse,§
1731 4969 1872 5044 quod
1920 4968 2096 5037 arguit
2143 4967 2458 5044 Folcuitiinn

893 5037 1142 5098 abbatem
1195 5059 1224 5097 a
1270 5037 1528 5096 Foléuiuo
1577 5037 2055 5095 levita’diversuin
2105 5051 2244 5091 esse.
2304 5037 2466 5089 Addit

886 5115 1179 5172 Folcuinns
1236 5112 1394 5166 levita
1453 5127 1571 5178 quae
1629 5118 1930 5179 sequuntur
1979 5108 2044 5161 de
2099 5121 2292 5179 genere
2347 5121 2464 5179 suo.

894 5205 913 5239 ι
941 5185 1098 5238 Auno
1127 5192 1245 5252 post
1275 5183 1385 5236 haec
1416 5175 1522 5236 9228
1560 5175 2311 5252 felicissitiiuincarnationis
2341 5175 2467 5252 Jesu

893 5255 1092 5310 Christi
1127 5246 1337 5308 Domini
1372 5253 1571 5314 uOstri,
1607 5261 1846 5318 tempore
1874 5246 2053 5302 Caroli
2089 5247 2313 5300 reclausi
2336 5287 2350 5310 ,
2384 5247 2464 5299 in-

897 5325 1131 5404 dictione
1161 5323 1557 5402 primanmeus
1585 5322 1674 5389 qui
1706 5317 1809 5404 [ioc
1841 5319 2013 5388 ipsum
2045 5317 2241 5379 scribo,
2293 5326 2467 5386 pater,

2553 3362 2603 3414 in
2649 3376 2712 3414 eo
2758 3361 3084 3412 monasterio
3117 3363 3343 3421 vixerat,
3397 3360 3633 3414 nominat
3661 3357 4022 3419 Foli-vvinum;
4066 3365 4121 3409 et

2551 3430 2839 3485 Folcuinns
2879 3429 3044 3481 abbas
3084 3430 3167 3482 hic
3207 3431 3316 3498 agit
3359 3431 3423 3482 de
3465 3429 3723 3482 miraculo
3770 3428 3907 3498 facto
3943 3426 4007 3480 ad
4039 3434 4122 3478 tu-

2550 3501 2752 3554 mulum
2798 3503 2969 3552 sancti
3017 3497 3262 3568 Folcuiui
3302 3500 3353 3552 in
3401 3515 3629 3568 persona
3661 3497 4124 3568 r‘olcriitii_tttori:i-

2551 3571 2661 3634 chi,
2705 3583 2864 3638 quem
2913 3579 3038 3638 puto
3079 3585 3196 3622 esse
3242 3565 3557 3622 Folcu'iuum
3596 3570 3830 3623 levitam.
3859 3565 3974 3638 rSic
3998 3579 4121 3619 eum

2550 3657 2614 3696 ex
2664 3637 2950 3693 traditione
2998 3639 3266 3708 appellant
3313 3640 3612 3694 Sithienses
3661 3637 3978 3708 cmuobitae,
4038 3644 4122 3687 ta-

2554 3712 2706 3765 metsi
2756 3727 2862 3764 non
2905 3707 3041 3764 mihi
3084 3718 3294 3765 constat
3337 3725 3402 3764 an
3458 3710 3510 3764 in
3557 3709 3730 3764 levita:
3778 3707 3948 3778 gradu
3995 3719 4124 3776 per-

2553 3781 2830 3836 manserit.

2623 3852 2675 3904 6.
2737 3849 2811 3904 De
2865 3865 2921 3901 se
2974 3848 3085 3918 ipse
3140 3849 3210 3902 ita
3262 3849 3450 3902 scribit
3502 3849 3552 3902 in
3607 3863 3700 3902 sua
3752 3845 4121 3918 Colleclione:

2561 3943 2578 3974 ι
2611 3922 2766 3974 Anno
2804 3915 3020 3974 9H”...
3066 3919 3234 3973 abbas
3273 3919 3451 3982 Wido,
3494 3919 3617 3986 quia
3663 3919 3823 3971 nimis
3863 3933 4009 3970 vana:
4041 3915 4128 3983 ju-

2554 3993 2792 4046 ventutis
2836 3991 3026 4057 gaudia
3070 3992 3396 4054 sectabatur,
3442 3989 3579 4058 apud
3625 3989 3874 4058 comitem
3919 3988 4128 4058 incusa-

2557 4073 2660 4120 tus,
2712 4061 2920 4113 abbatia
2970 4070 3052 4113 est
3093 4061 3393 4123 fraudatus,
3437 4057 3490 4113 et
3535 4060 3703 4112 sancti
3744 4057 3974 4110 Bavonis
4015 4073 4128 4111 mo-

2559 4131 2794 4186 nasterio
2853 4130 3019 4183 abbas
3077 4140 3154 4183 est
3217 4131 3538 4184 destinatus.
3605 4129 3890 4183 Womarus
3949 4135 4126 4179 autem

2561 4202 2795 4268 regimen
2851 4201 3204 4253 monasticam
3251 4201 3351 4254 sub
3396 4199 3625 4268 regulari
3677 4200 3894 4267 regebat
3944 4196 4128 4268 distri-
4195 4247 4200 4250 _

2558 4264 2756 4327 etioue.
2813 4269 2930 4336 Quo
2974 4279 3215 4331 tempore
3259 4283 3357 4338 ego
3402 4264 3513 4338 ipse
3561 4270 3674 4338 lucc
3719 4264 3962 4322 scribens
4008 4264 4131 4319 Fol-

2562 4342 2768 4395 cvvinus
2812 4356 2840 4392 a
2886 4349 3035 4406 patre
3074 4337 3348 4392 Folcvvino
3389 4354 3548 4406 supra
3588 4337 3698 4404 jam
3742 4344 4038 4392 memorato
4077 4345 4132 4406 et

2564 4421 2737 4465 matre
2777 4403 3030 4463 Tbiedala
3083 4409 3148 4462 de
3196 4423 3359 4475 regno
3409 4403 3646 4462 Lotharii
3693 4408 3837 4460 dicto
3884 4407 3986 4460 huc
4033 4403 4128 4475 ads

2565 4482 2757 4534 ductus
2783 4493 2924 4532 anno
2952 4474 3341 4532 incarnationis
3379 4476 3703 4532 felicissima:
3728 4476 3935 4529 Domini
3964 4474 4129 4528 nostri

2566 4550 2690 4604 Jesu
2725 4548 2926 4604 Christi
2969 4547 3091 4612 948,
3135 4548 3222 4601 die
3267 4547 3573 4601 festivitatis
3613 4546 3925 4601 elevatiouis
3964 4543 4132 4598 sancti

2568 4619 2790 4684 Bertini,
2836 4633 2955 4687 quae
2997 4618 3256 4687 succedit,
3283 4618 3522 4671 oumium
3564 4617 3883 4687 Sanctorum
3927 4612 4132 4687 festivi:

2573 4691 2692 4751 tati,
2721 4682 2905 4742 sancio
2934 4688 3150 4742 Bertiuo
3176 4686 3405 4744 oblatus.
3436 4685 3899 4754 monacltus(proh
3928 4683 4074 4738 dolor
4095 4682 4132 4754 2)

2572 4749 2867 4814 facietenus
2893 4772 3009 4810 sum
3038 4756 3277 4811 eﬂ'ectus.
3305 4776 3321 4808 ι
3354 4756 3679 4812 Elevationis
3700 4749 3941 4824 corporis
3964 4749 4134 4824 sancti

2563 4830 2771 4893 Bertini
2809 4828 3007 4881 mentio
3035 4827 3196 4896 (quod
3238 4829 3426 4892 sciam)
3456 4827 3599 4879 nulla
3625 4834 3748 4879 ante
3775 4820 3971 4896 annum
4001 4820 4136 4896 1952

2572 4901 2798 4953 habetur
2840 4899 2894 4951 in
2937 4890 3100 4952 variis
3144 4890 3507 4952 monumentis
3546 4896 3612 4950 de
3654 4910 3719 4951 eo
3759 4894 3920 4949 editis
3947 4895 3998 4947 in
4026 4890 4140 4945 Ste-

2570 4969 2672 5024 culi
2702 4969 2740 5022 ll
2771 4977 2921 5036 parte
2948 4982 2984 5020 ι.
3113 5033 3157 5036 Α
3349 4970 3358 4981 ’
3735 5034 3746 5036 _
4124 4939 4165 5036 _i

2647 5040 2697 5092 7.
2740 5029 3025 5093 Fotcuiuus
3075 5033 3242 5091 abbas
3284 5036 3484 5093 diserte
3534 5037 3587 5092 in
3638 5034 3855 5105 prologo
3895 5029 4137 5100 sequenti

2573 5109 2764 5164 scribit
2801 5123 2858 5162 se
2903 5123 3007 5161 non
3049 5113 3159 5159 tam
3201 5107 3488 5171 volentem,
3527 5121 3685 5176 quam
3731 5113 3996 5164 coactum,
4029 5117 4134 5176 ces-

2574 5180 2807 5233 santibus
2833 5177 3037 5233 scilicet
3062 5177 3124 5229 ob
3145 5178 3504 5231 multimodam
3531 5171 3907 5244 infestationem
3935 5171 4142 5240 propin-

2573 5267 2792 5319 quorum
2821 5249 2980 5310 curis,
3016 5247 3067 5299 in
3114 5246 3388 5301 Sitbiense
3418 5245 3800 5319 monasterium
3827 5243 4138 5319 accessisse,

2578 5312 2664 5398 tibi
2719 5334 2776 5373 se
2829 5319 2893 5398 at:
2949 5319 3244 5398 ipsiipene.
3285 5317 3612 5398 .ctepuudiis.
3647 5315 3930 5396 educatppt
3982 5312 4142 5364 fuisse
