4516 5500
414 402 519 457 533

1366 407 1453 462 DE
1495 407 1651 461 “TA
1689 406 1749 465 8.
1788 407 2105 466 FULCUINI
2145 409 2684 467 TARVENNENSIS.

3538 418 3653 473 534"

416 607 3647 638 ——————-———————-———-—-—-——————_

1467 759 2007 837 PROLOGUS
2065 759 2595 839 AUCTORIS.

493 1043 1231 1101 LDilectissimisinChristo
1254 1045 1426 1099 sancti
1450 1043 1736 1100 Sithiensis
1764 1043 1993 1099 cwnobii
2023 1043 2075 1103 Δ
2102 1042 2499 1103 luereditariam
2549 1051 2947 1108 successionem
2994 1054 3168 1109 sortiti
3215 1056 3347 1111 estis
3397 1071 3516 1111 cum
3563 1073 3661 1113 no-

418 1137 713 1200 fratribus,
759 1152 921 1190 uuam
966 1136 1319 1205 eamdemque
1362 1135 1638 1190 nobiscum
1687 1134 1991 1187 tenentibus

418 1226 611 1290 fidem,
659 1226 999 1295 sperantibus
1038 1241 1222 1294 spem,
1269 1225 1714 1293 amplectentibus
1756 1224 1993 1277 charita-

420 1328 567 1382 tem,
615 1317 918 1379 FOLQCINUS
957 1328 1231 1385 peccator,
1279 1331 1436 1391 quem
1478 1314 1861 1369 Laubiensium
1908 1314 1992 1368 di-

418 1417 549 1463 cunt
588 1409 836 1462 abbatem
864 1446 878 1471 ,
922 1408 1116 1462 summi
1167 1406 1525 1476 specialisque
1568 1406 1745 1476 gaudii
1796 1404 1848 1457 in
1893 1418 1992 1469 eo,

419 1499 512 1565 qui
561 1512 689 1552 vere
740 1505 862 1560 est,
929 1511 1054 1550 cum
1117 1497 1320 1549 sanctis
1380 1494 1495 1562 ejus
1556 1496 1992 1566 perpetuitatem.

419 1587 624 1643 Memor
663 1588 827 1643 vestri
875 1601 1086 1656 semper
1127 1586 1179 1639 in
1220 1585 1593 1651 orationibus,
1641 1586 1694 1639 in
1736 1600 1796 1639 ea
1846 1594 1997 1655 parte

418 1694 547 1749 erga
587 1695 685 1734 vos
730 1680 983 1743 arbitror,
1027 1678 1151 1746 quia
1192 1692 1287 1732 ero
1329 1687 1659 1747 perpetuus,
1709 1678 1832 1745 quia
1880 1685 2000 1745 post

419 1768 587 1822 Deum
629 1770 680 1822 in
720 1769 985 1823 charitate
1027 1766 1324 1835 diligendus
1368 1775 1451 1819 est
1494 1766 1788 1835 proximus,
1834 1762 1997 1818 fortu-

420 1876 545 1913 nam
581 1859 788 1915 scilicet
817 1874 989 1912 meam
1016 1858 1278 1928 deputans
1301 1873 1396 1912 vos
1419 1856 1620 1920 valere,
1655 1863 1999 1922 vestrumque

419 1964 545 2004 cum
586 1950 940 2018 prosperitate
982 1962 1292 2002 successum
1327 1963 1391 2002 ac
1426 1948 1469 2001 si
1508 1961 1685 2001 meum
1725 1953 1917 2013 optans
1946 1943 1999 1996 in

418 2041 637 2096 Christo
684 2050 1000 2110 perpetuum
1041 2038 1177 2093 fore.
1224 2039 1303 2092 Ad
1344 2037 1486 2107 quod
1526 2050 1612 2091 me
1654 2043 1833 2089 vestra
1879 2034 2000 2103 qui—

420 2132 566 2195 dem,
612 2131 804 2197 fateor,
847 2131 1081 2199 primum
1121 2129 1297 2183 studia
1341 2127 1739 2189 accenderunt,
1784 2140 1905 2179 cum
1948 2124 2001 2177 in

422 2223 554 2291 ipsis
592 2237 729 2292 pene
756 2224 837 2292 (ut
880 2222 953 2276 ita
997 2219 1196 2289 dicam)
1224 2220 1532 2289 crepundiis
1573 2216 1885 2272 multimoda
1918 2216 2002 2270 in-

422 2310 711 2365 festatione
732 2311 1081 2365 'cessantibus
1116 2310 1539 2378 propinquorum
1582 2309 1747 2370 curis,
1780 2308 1920 2360 hanc
1952 2308 2002 2359 in

2097 1137 2241 1191 mine
2286 1139 2670 1199 (Audomarum
2716 1152 2878 1211 atque
2918 1144 3190 1198 Bertinum
3236 1147 3400 1217 dico),
3426 1149 3667 1217 antiquo-

2097 1243 2215 1281 rum
2264 1230 2396 1284 satis
2439 1233 2849 1288 commendabat
2897 1236 3231 1301 auctoritas,
3290 1239 3380 1305 qui
3413 1278 3427 1302 ,
3482 1249 3668 1308 utpote

2095 1321 2521 1389 contemporales
2559 1324 2693 1388 sibi,
2737 1325 2810 1378 ita
2848 1326 3076 1394 quadam
3122 1326 3401 1383 vicinitate
3444 1339 3669 1384 nectun-

2097 1416 2204 1473 tur,
2248 1419 2325 1471 ut,
2370 1411 2494 1466 dum
2537 1428 2699 1467 unum
2731 1415 2986 1479 audieris,
3026 1416 3254 1471 alterum
3298 1418 3589 1489 intelligas,
3616 1428 3672 1473 et

2100 1498 2153 1552 ln
2200 1499 2355 1564 hujus
2396 1516 2578 1570 opere,
2630 1505 2751 1571 quis
2794 1505 2882 1560 ille
2926 1504 3110 1571 fuerit,
3157 1506 3666 1576 facilcprzcnoscas.

2100 1587 2333 1643 Sanctus
2361 1606 2573 1661 quoque
2594 1592 2911 1657 Winnocus,
2940 1610 3061 1649 cum
3094 1610 3161 1651 ex
3198 1611 3306 1651 uno
3337 1598 3669 1665 superiorum

2099 1683 2351 1752 pendeat,
2369 1694 2421 1738 et
2446 1685 2556 1753 ipse
2578 1686 2711 1741 satis
2732 1686 3029 1756 descriptus
3052 1696 3190 1750 erat,
3206 1689 3474 1756 quomodo
3494 1696 3673 1744 vestra

2101 1772 2346 1840 palaestra
2385 1774 2505 1829 ﬁdei
2543 1786 2736 1832 unctus
2771 1778 2911 1832 olivo
2947 1786 3108 1847 atque
3130 1778 3326 1834 virtute
3357 1778 3671 1841 instructus.

2101 1862 2274 1931 patris
2290 1863 2482 1918 ductus
2498 1865 2716 1930 laureis,
2735 1868 2921 1923 eadem
2948 1883 3051 1937 qua
3074 1876 3371 1938 praeceptor
3385 1868 3502 1936 ejus
3522 1868 3678 1925 laude

2103 1953 2368 2018 cucurrit,
2397 1955 2765 2025 mundumque
2798 1958 2899 2011 sibi
2934 1958 3284 2013 rebellantem
3326 1956 3526 2013 Christi
3570 1960 3679 2014 vir-

2102 2050 2215 2096 tute
2243 2042 2537 2099 decoravit.
2576 2042 2681 2100 Sed
2708 2062 2739 2101 ο
2762 2054 2944 2102 nostra
2976 2055 3240 2118 tempora,
3268 2062 3300 2102 ο
3329 2049 3538 2103 mores!
3590 2060 3681 2103 ve-

2106 2133 2399 2188 nerabilem
2459 2136 2722 2205 siquidem
2754 2146 2809 2191 et
2857 2146 2970 2193 toto
3022 2139 3221 2193 mundo
3257 2137 3678 2208 prmdicandum,

2108 2233 2355 2279 sanetum
2388 2225 2639 2280 videlicet
2661 2225 3007 2296 Folquinum,
3033 2228 3408 2281 modernornm
3425 2228 3558 2283 adeo
3584 2244 3682 2281 ne-

2109 2312 2273 2379 glexit
2304 2314 2532 2377 incuria,
2565 2325 2622 2369 ut
2668 2315 2810 2369 nulla
2838 2317 2951 2385 ejus
3002 2326 3196 2384 prmter
3223 2331 3493 2372 rumorem
3521 2331 3709 2388 popu--

423 2402 601 2465 vobis,
642 2417 749 2455 non
793 2402 914 2455 dico
948 2400 1399 2462 vicissitudinem,
1437 2399 1530 2452 sed
1572 2398 1861 2468 gratuitam
1894 2394 2002 2449 fra-
2035 2408 2077 2466 Β
2105 2400 2272 2455 larem
2305 2403 2578 2457 videretur
2600 2418 2720 2459 esse
2752 2406 3007 2459 memoria
3034 2420 3243 2460 eorum.

424 2494 735 2547 ternitateut
766 2531 780 2556 ,
828 2498 886 2545 ut
934 2490 1272 2559 explorarent
1316 2487 1730 2558 compulerunt;
1782 2502 1885 2556 qua
1931 2486 2004 2540 ita

425 2598 555 2637 usus
596 2598 736 2644 sum,
775 2590 835 2634 ut
875 2595 1018 2634 nunc
1060 2579 1203 2632 illam
1249 2579 1453 2631 violare
1498 2577 1836 2645 sacrilegium
1865 2590 2003 2639 esse,

427 2675 627 2744 illaque
682 2689 868 2729 carere
918 2672 1127 2726 facinus
1184 2671 1317 2724 mihi
1360 2670 1611 2723 videatur
1651 2667 2002 2722 exsecrabile.

426 2768 715 2823 Enimvero
769 2768 1109 2837 sacrilegium
1170 2766 1330 2835 digne
1392 2765 1620 2819 dixerim
1686 2762 2008 2817 charitatem

426 2856 653 2923 violare,
698 2858 741 2911 si
786 2857 1003 2925 quidem
1046 2856 1114 2908 ab
1154 2854 1408 2924 Apostolo
1454 2868 1561 2907 non
1605 2852 1835 2921 amplius
1879 2852 2008 2913 illa,

428 2960 594 3015 quam
638 2946 781 3015 quod
830 2946 970 2999 Deus
1015 2952 1128 3007 est,
1173 2943 1539 2997 couunendari
1582 2942 1785 3011 potuit,
1832 2942 1909 2995 sic
1947 2956 2013 2995 eu

431 3038 681 3092 dicente:
728 3036 865 3089 Deus
907 3036 1136 3088 Charitas
1177 3045 1250 3088 est
1300 3034 1351 3104 (1
1393 3033 1554 3087 Joan.
1597 3048 1671 3097 tv,
1714 3032 1825 3100 16).
1872 3032 2013 3103 Ergo

432 3131 575 3186 hanc
618 3128 822 3183 violare
863 3127 1138 3181 Christum
1186 3134 1271 3179 est
1315 3126 1627 3194 abuegare;
1685 3123 1827 3192 quod
1879 3122 2011 3176 mihi

433 3223 649 3275 videtur
697 3219 818 3288 plus
871 3232 1032 3287 quam
1078 3216 1420 3286 sacrilegium
1469 3229 1609 3269 esse.
1679 3214 1843 3279 Quae,
1892 3213 2017 3267 licet

435 3312 658 3367 dilatato
700 3312 823 3365 sinu
870 3309 1016 3378 ipsos
1054 3308 1305 3374 inimicos
1350 3306 1620 3370 admittat,
1645 3307 1907 3360 ordinatae
1939 3314 2018 3358 ta-

436 3416 559 3455 men
585 3400 888 3453 dilectionis
916 3399 1131 3452 modum
1167 3397 1403 3451 maxime
1447 3396 1502 3450 in
1545 3394 1871 3450 domesticos
1894 3394 2025 3449 fidei

436 3487 581 3559 (Cal.
604 3506 679 3554 vt,
708 3490 793 3559 10)
828 3498 1011 3543 tenere
1041 3488 1310 3556 cognovit.

506 3582 562 3636 2.
594 3581 797 3635 Praeter
820 3595 950 3650 ergo
987 3581 1126 3633 hanc
1146 3578 1487 3633 dilectionem
1513 3577 1745 3633 debitam
1770 3576 2019 3631 omnibus

437 3671 965 3725 communicantibus
992 3669 1112 3724 fidei
1139 3668 1276 3738 ejus,
1304 3669 1553 3723 videlicet
1579 3683 1697 3737 quae
1726 3668 2015 3731 catholica,

2177 2493 2423 2564 3.]gitur
2466 2496 2805 2564 negligentiae
2850 2496 2966 2566 (seu
3024 2496 3109 2550 illa
3151 2496 3331 2567 potius
3361 2498 3565 2552 incuria
3597 2497 3680 2551 di-

2108 2582 2275 2637 cenda
2308 2583 2413 2652 est)
2456 2585 2862 2649 succensebam,
2902 2593 2956 2640 et
3003 2585 3196 2640 tacitus
3238 2601 3361 2640 eum
3392 2586 3473 2641 his
3504 2587 3684 2640 animo

2109 2675 2528 2739 stomachabar;
2591 2675 2805 2729 tandem
2845 2675 3261 2731 colluctantibus
3321 2678 3375 2731 in
3423 2692 3509 2732 me
3556 2692 3682 2732 cum

2111 2778 2294 2818 amore
2323 2766 2496 2819 sancti
2543 2767 2745 2835 pudore
2771 2767 2961 2835 puerili
2991 2778 3045 2822 et
3073 2768 3341 2837 imperitia
3372 2769 3553 2824 cordis
3593 2771 3682 2825 ob-

2113 2855 2237 2917 tusi,
2271 2854 2558 2910 Pisouiano
2589 2857 2678 2911 illo
2709 2858 2836 2910 vitio
2866 2857 3245 2928 laborans,qui
3271 2874 3392 2914 cum
3417 2859 3561 2930 loqui
3589 2876 3683 2916 ne-

2114 2945 2300 3008 sciret,
2335 2954 2512 3000 tacere
2543 2960 2647 2999 non
2675 2948 2884 3015 potuit;
2923 2948 2987 3001 ad
3016 2947 3157 3002 illius
3187 2948 3351 3003 vitam
3380 2949 3689 3005 describen-

2115 3034 2236 3088 dam
2264 3036 2502 3089 animum
2532 3036 2714 3089 induxi
2742 3053 2755 3101 ;
2797 3037 3169 3109 calamumque
3219 3039 3293 3093 illi
3321 3040 3687 3105 committens,

2116 3123 2205 3191 qui
2240 3123 2450 3194 linguas
2480 3125 2762 3179 infantium
2791 3125 2920 3181 facit
2940 3127 3188 3193 disertas,
3220 3144 3390 3184 novus
3421 3129 3564 3183 velut
3590 3129 3690 3182 Ar-

2117 3213 2290 3279 pinas,
2324 3214 2638 3281 repentinus
2653 3222 2842 3270 auctor
2861 3215 3079 3270 emersi.
3107 3215 3302 3271 Verum
3336 3218 3694 3272 reminiscens

2118 3304 2262 3357 illius
2293 3304 2556 3374 Erisippei
2587 3305 2954 3374 sophismatis,
2983 3309 3027 3362 si
3059 3310 3325 3374 mentiris,
3355 3309 3404 3364 id
3436 3310 3575 3380 quod
3605 3326 3694 3365 ve-

2118 3409 2235 3447 rum
2272 3394 2428 3459 dicis,
2457 3397 2732 3463 mentiris;
2764 3398 2895 3453 nihil
2921 3399 3062 3453 aliud
3094 3402 3266 3471 posui,
3299 3402 3425 3457 licet
3446 3403 3512 3458 de
3562 3402 3693 3472 ipsis

2117 3483 2271 3554 plura
2298 3486 2672 3555 praeterierim,
2701 3504 2861 3558 quam
2894 3490 3035 3559 quod
3062 3506 3247 3545 eorum
3276 3493 3488 3561 percepi
3530 3493 3698 3546 tradi-

2123 3575 2288 3637 tione,
2325 3589 2553 3643 quorum
2578 3578 2924 3645 approbanda
2954 3589 3071 3634 erat
3093 3582 3353 3650 gravitas,
3382 3597 3504 3638 cum
3530 3582 3693 3638 refel-

2123 3664 2279 3717 lenda
2312 3679 2417 3718 non
2466 3676 2610 3720 esset
2638 3669 2953 3722 auctoritas.
3006 3669 3176 3725 Porro
3209 3686 3277 3726 ne
3306 3673 3696 3728 contribulibus

440 3763 495 3818 id
532 3772 615 3817 est
654 3760 977 3816 universalis
1016 3762 1236 3825 dicitur,
1272 3770 1355 3816 est
1391 3760 1521 3814 mihi
1558 3760 1697 3828 apud
1728 3774 1823 3812 vos
1851 3760 2019 3827 quod-
2046 3730 2095 3794 α
2130 3768 2323 3808 causas
2349 3755 2545 3809 exinde
2574 3754 2826 3810 oﬂ'crrem
2852 3758 3237 3824 calumniandi,
3270 3768 3430 3816 utest
3463 3776 3692 3817 consue-

440 3853 563 3907 dam
604 3854 959 3921 praecipuum,
1012 3851 1063 3905 id
1107 3860 1209 3912 est,
1254 3860 1313 3905 ut
1354 3851 1720 3905 catechizatus
1756 3850 1905 3904 vobis
1930 3864 2019 3903 ca-

440 3945 838 4000 techizantibus
882 3944 936 3997 in
980 3944 1233 3999 omnibus
1270 3944 1424 3999 bonis
1465 3942 1891 4003 communicem,
1936 3956 2021 3995 se-

438 4033 676 4089 cundum
719 4034 963 4094 Anostoli
1010 4035 1211 4088 dictum
1257 4032 1401 4105 (Gal.
1437 4050 1521 4098 vl,
1561 4033 1650 4103 6);
1700 4042 1810 4086 tum
1857 4032 2021 4086 etiam

441 4134 666 4193 propter
706 4133 967 4194 patronos
1009 4124 1111 4179 loci
1158 4133 1212 4180 et
1255 4133 1566 4179 sanctorum
1607 4125 1892 4194 pignorum
1937 4137 2023 4176 re-

440 4214 679 4283 liquias,
738 4215 935 4283 quibus
992 4231 1105 4284 pm
1162 4215 1414 4270 omnibus
1456 4215 1648 4269 vicinis
1696 4214 2021 4273 abundatis.

442 4319 780 4373 quorumque
824 4306 1144 4373 patrocinio,
1180 4305 1438 4374 singulari
1474 4306 1704 4375 quodam
1743 4303 2022 4373 privilegio

441 4395 749 4461 exsultatis,
778 4411 1027 4464 quorum,
1056 4397 1183 4464 quia
1211 4397 1364 4460 mihi,
1392 4396 1517 4451 licet
1556 4411 1653 4466 per
1694 4395 1861 4448 multa
1892 4395 2020 4448 vitia

441 4484 730 4550 deﬂuenti,
782 4494 1002 4540 exorata
1047 4501 1261 4556 semper
1305 4488 1476 4541 adfuit
1521 4486 1782 4551 defensio,
1829 4494 1889 4539 ut
1932 4502 2025 4541 eos

442 4575 666 4645 speciali
710 4584 833 4643 post
872 4575 1040 4630 Deum
1079 4577 1363 4633 devotione
1403 4578 1751 4648 complectar,
1800 4586 1855 4631 et
1897 4578 2024 4632 utile

440 4667 580 4723 mihi
624 4668 834 4722 videtur
876 4667 1073 4722 bonum
1114 4677 1171 4722 et
1216 4684 1467 4739 magnum
1519 4670 1749 4731 bonum,
1795 4677 1849 4722 et
1890 4683 2025 4736 quo.

441 4773 567 4814 rum
603 4757 811 4813 meritis
843 4756 927 4811 fas
961 4758 1029 4811 sit
1066 4772 1284 4826 sperare
1318 4773 1587 4812 summum
1622 4758 1843 4811 bonum.
1893 4757 2025 4812 llutc

442 4864 579 4918 ergo
618 4849 813 4911 amori,
858 4864 950 4919 qut
994 4863 1201 4903 mecum
1246 4848 1436 4919 primis
1478 4848 1712 4903 adolevit
1751 4849 2023 4918 au5piciis,

443 4955 511 4996 ea
536 4947 867 4994 commutata
912 4947 995 4993 est
1034 4938 1277 4999 intentio,
1320 4954 1427 4993 non
1456 4946 1587 5002 tota,
1612 4946 1671 4992 ut
1696 4939 1823 4993 mihi
1855 4940 2026 4992 visunt

441 5040 571 5095 est,
624 5018 890 5101 puerilis,
952 5039 1011 5082 ut
1055 5029 1196 5084 laudi
1239 5045 1425 5084 eorum
1452 5068 1467 5093 ,
1524 5044 1629 5097 qua
1672 5045 1778 5085 non
1828 5037 2025 5099 egent,

442 5121 781 5180 satisfactum
827 5130 1102 5193 putarem,
1144 5122 1189 5175 si
1235 5120 1509 5190 quidpiam
1548 5121 1702 5175 vobis
1746 5136 1909 5175 manu
1939 5135 2028 5173 ve-

440 5212 620 5266 nisset
661 5210 1049 5280 antiquiorum,
1095 5208 1234 5277 quod
1279 5222 1467 5265 eorum
1513 5210 1708 5280 cuique
1748 5208 2027 5264 festivitati

440 5302 503 5357 in
549 5302 773 5371 singulis
817 5299 1145 5369 quibusque,
1186 5316 1319 5369 quas
1357 5298 1530 5353 ϐηεεί
1559 5315 1792 5370 synaxes
1821 5297 2024 5363 dicunt,

440 5405 743 5460 congruere
784 5400 842 5444 et
897 5387 961 5441 ad
1004 5387 1212 5442 laudem
1254 5391 1346 5444 Dei
1393 5403 1488 5456 per
1528 5406 1767 5448 amorem
1814 5400 2028 5443 sancto—

807 5480 946 5500 ιξ---Α
974 5478 1172 5500 Α--ξ-.ι.ιι..
1200 5480 1443 5500 ξ..-⁹ι-...ιι
1498 5478 1566 5500 h-

2127 3844 2326 3898 tudinis
2357 3847 2716 3914 quorumdam
2749 3862 3071 3916 puerorum;
3104 3864 3165 3903 ea
3192 3866 3311 3918 qum
3340 3850 3693 3916 dictaveram,

2125 3934 2322 3988 silentii
2356 3936 2421 3989 ad
2483 3944 2692 4004 tempus
2740 3937 2992 3993 claustris
3039 3941 3309 4005 commisi,
3360 3952 3522 4011 atque
3576 3942 3700 3996 huic

2126 4027 2375 4093 tempori,
2406 4041 2512 4095 quo
2556 4027 2827 4095 paululum
2863 4030 3232 4085 emcndatiora
3277 4033 3575 4100 prodirent,
3610 4048 3698 4086 re-

2124 4118 2334 4170 servavi
2365 4134 2377 4181 ;
2427 4126 2483 4171 et
2516 4118 2642 4188 quia
2676 4134 2811 4188 opus
2854 4129 2972 4173 erat
3014 4122 3386 4190 astipulatore,
3418 4123 3569 4191 cujus
3599 4124 3702 4177 hoc

2124 4220 2259 4274 Opus
2290 4205 2596 4260 firmaretur
2645 4208 3003 4274 auctoritate;
3071 4212 3312 4266 dedicavi
3360 4212 3487 4265 illud
3527 4212 3698 4274 vobis,

2128 4297 2330 4366 tibique
2374 4313 2535 4366 quam
2583 4300 2837 4363 maxime,
2899 4302 3207 4355 venerande
3249 4301 3411 4355 Pater
3440 4300 3701 4364 Waltere,

2125 4388 2209 4441 cui
2242 4397 2438 4457 praeter
2464 4388 2538 4453 id,
2570 4389 2710 4457 quod
2738 4403 2859 4442 cum
2891 4391 3103 4444 czeteris
3118 4391 3249 4445 mihi
3280 4400 3362 4445 est
3395 4407 3699 4457 commune,

2126 4478 2401 4548 singulare
2430 4479 2682 4547 quiddam
2704 4479 2891 4544 debeo,
2921 4479 3004 4533 vel
3034 4490 3252 4550 propter
3274 4481 3476 4536 Bertini
3504 4483 3701 4546 vicem,

2126 4568 2207 4621 vel
2239 4578 2460 4638 propter
2488 4584 2629 4633 eam,
2680 4584 2800 4639 quae
2842 4570 3123 4624 nobiscum
3164 4571 3423 4635 accrevit,
3463 4571 3706 4626 dilectio-

2127 4675 2269 4713 nem.
2312 4657 2408 4723 Te,
2443 4658 2684 4728 inquam,
2711 4668 2761 4712 te
2790 4659 3053 4713 arbitrum
3089 4667 3145 4713 et
3185 4660 3521 4715 defensorem
3549 4659 3707 4729 hujus

2126 4750 2307 4818 operis
2342 4750 2569 4814 habens,
2594 4759 2850 4804 caeterum
2874 4749 2941 4803 de
2968 4749 3427 4806 obtrectatoribus
3476 4764 3582 4804 non
3624 4760 3711 4803 est

2131 4839 2302 4904 tanti;
2333 4839 2425 4908 qui
2473 4839 2520 4894 si
2552 4837 2695 4893 forte
2750 4837 3062 4893 calumniati
3090 4838 3291 4895 fuerint
3342 4856 3464 4905 me,
3520 4839 3715 4896 modos

2129 4928 2522 4982 connexionum
2553 4936 2608 4982 et
2627 4938 2844 4990 caetera,
2868 4941 2989 4996 qua:
3014 4927 3088 4982 illi
3116 4929 3182 4983 de
3208 4928 3401 4997 quibus
3423 4930 3521 4984 sub
3548 4927 3720 4984 unius

2132 5018 2312 5086 specie
2345 5017 2563 5081 dicitur,
2600 5032 2720 5085 qua:
2743 5015 3038 5084 sophistice
3070 5016 3328 5085 loquitur,
3362 5016 3579 5071 odibilis
3599 5024 3719 5079 est,

2136 5116 2391 5172 tractant,
2422 5124 2526 5163 non
2557 5110 2875 5165 observasse
2903 5122 2917 5160 :
2952 5108 3201 5162 noverint
3228 5106 3525 5162 Ecclesiam
3554 5104 3732 5159 Chri—

2134 5202 2203 5256 sti
2237 5199 2451 5270 regulas
2477 5202 2593 5262 has,
2630 5197 2876 5271 quamvis
2918 5198 3112 5254 harum
3141 5211 3354 5270 quoque
3385 5196 3576 5254 notitia
3604 5209 3746 5256 nou

2132 5298 2337 5355 careat,
2362 5299 2553 5361 sponte
2580 5291 2913 5363 repudiasse,
2930 5292 3233 5359 praesertim
3255 5303 3379 5342 cum
3404 5290 3561 5360 longe
3588 5296 3758 5348 ante

2137 5402 2236 5441 nos
2267 5384 2474 5440 dictum
2504 5383 2592 5448 sit,
2622 5397 2803 5441 veram
2844 5396 2963 5436 esse
2994 5380 3171 5453 legem
3210 5381 3472 5446 historiae,
3500 5375 3757 5444 simpli—

2195 5489 2275 5500 ι-..
2308 5490 2361 5500 ΛΑ
2418 5491 2529 5500 -..ηδ
2563 5475 2704 5500 θοι...-
2748 5472 2997 5500 -οιιΙηΛηΙΛ
3031 5475 3353 5500 ΛΑΙΙῙι--ιηΙιιη
3407 5473 3472 5500 ιιι.
3505 5472 3689 5500 ἶηειιιι-
