4516 5500
821 528 831 543 .
857 462 958 517 535

1921 463 2237 520 FOLCUINI
2276 466 2561 523 ABBATIS
2604 467 2687 524 LA
2700 470 3007 528 UBIENSIS

4009 476 4115 530 556

857 575 1081 643 proinde
1132 576 1469 630 rumusculos
1515 589 1757 645 quosque
1803 582 1855 627 et
1892 576 2169 643 gloriolam
2219 583 2437 644 captant
2467 582 2511 639 Α
2544 580 2930 647 proximorum,
2960 583 3113 637 nobis
3142 599 3355 653 quoque
3409 586 3578 654 possit
3626 600 3748 641 esse
3787 585 4114 639 consultum.

857 666 1194 736 popularem,
1222 677 1384 738 atque
1412 669 1709 722 secundum
1759 669 2043 735 quemdam
2067 682 2251 719 eorum
2302 681 2431 735 poc-

857 769 984 819 tam,
1028 760 1355 814 ceromatico
1390 758 1567 813 ferant
1600 759 1854 812 nicetetia
1903 758 2071 821 collo;
2139 758 2313 821 nobis,
2344 758 2434 825 qui

853 854 902 906 in
942 853 1125 908 schola
1148 854 1369 917 Christi,
1396 855 1495 907 sub
1524 852 1887 921 apostolorum
1920 852 2230 921 magisterio
2258 851 2431 920 philo-

849 946 1172 1012 sophamus,
1207 945 1537 1015 propositum
1563 954 1666 1009 est,
1698 954 1756 997 ut
1779 943 2121 1013 prudentiam
2167 942 2433 1011 serpentis

848 1034 1161 1091 rolumbina
1205 1035 1549 1105 simplicitate
1581 1043 1969 1105 temperemus:
2000 1040 2057 1087 ut
2082 1034 2207 1086 dum
2238 1031 2434 1086 doctri-

850 1141 915 1180 na
955 1129 1115 1183 simul
1164 1136 1217 1183 et
1268 1128 1581 1197 operatione
1641 1126 1969 1182 consulimus
2016 1122 2432 1180 necessitatibus

2547 671 2620 724 De
2654 684 2873 737 cancro,
2905 672 3122 738 fratres,
3145 675 3454 744 apostolicis
3483 691 3576 730 vos
3616 677 3794 730 verbis
3824 674 4064 743 alloquor
4099 689 4115 727 :

2542 759 2801 823 Gaudete,
2836 762 3057 831 perfecti
3086 774 3278 828 estote,
3321 766 3706 829 exhortamini,
3736 766 3876 820 idem
3920 766 4117 833 sapite,

2542 866 2728 921 pacem
2774 853 2987 918 habete,
3038 856 3251 926 meique
3296 857 3479 911 fratris
3505 858 3669 911 vestri
3720 856 3805 912 vel
3860 855 4119 911 admoniti

2542 954 2900 1011 mementote;
2928 956 2981 1001 et
3019 947 3159 1002 Deus
3189 949 3339 1017 pacis
3367 958 3423 1004 et
3471 949 3777 1005 dilectionis
3805 948 3875 1004 sit
3906 960 4122 1017 semper

2539 1050 2662 1090 eum
2694 1036 2942 1093 omnibus
2969 1038 3139 1093 vobis.
3170 1039 3361 1093 Amen.

1494 1415 2023 1530 INCIPIT
2112 1332 2459 1530 VITA
2545 1413 2660 1524 s.
2758 1412 3466 1527 FOLCUINI.

933 1635 989 1691 4.
1040 1635 1298 1704 Benigno,
1356 1640 1409 1686 et
1475 1631 1759 1687 ineil‘ahilis
1805 1633 2437 1703 omnipotentissimaque

2548 1628 2762 1698 pundiis
2790 1636 3075 1697 parentum
3108 1646 3237 1685 cura
3272 1632 3549 1701 perspexit
3590 1634 3764 1690 sacris
3786 1635 3977 1690 studiis
4005 1635 4126 1707 pol-

858 1729 1053 1792 deitas,
1080 1726 1178 1781 sibi
1229 1725 1329 1794 ipsi
1374 1739 1469 1793 per
1512 1738 1567 1776 se
1594 1722 1860 1779 sufﬁciens
1893 1724 2019 1793 (non
2048 1725 2191 1778 enim
2220 1724 2436 1777 aliunde
2471 1740 2511 1797 Β
2545 1722 2677 1783 lere,
2701 1721 2777 1774 uti
2806 1736 2962 1789 posse
3012 1732 3130 1775 erat
3158 1722 3250 1775 tali
3288 1724 3540 1789 mtatulze,
3601 1726 3773 1781 sacris
3812 1726 4006 1782 litteris
4039 1729 4125 1782 in-

856 1819 1102 1875 exterius
1140 1816 1353 1883 nititur,
1381 1830 1501 1867 cum
1530 1814 1599 1868 sit
1650 1829 1920 1867 summum
1952 1816 2174 1880 bonum)
2223 1814 2439 1869 divitias

854 1911 1116 1966 bonitatis
1146 1924 1257 1963 suae
1284 1908 1334 1961 in
1376 1908 1460 1968 iis,
1487 1921 1621 1975 quos
1666 1916 1791 1960 ante
1844 1908 2038 1961 saecula
2084 1907 2354 1977 praescivit
2386 1917 2441 1961 et

854 1999 1276 2071 prmdestinavit,
1324 1998 1525 2053 sanctis
1569 1996 1936 2066 multipliciter
1960 1998 2324 2065 dispensando
2356 1998 2438 2048 di-

854 2092 1094 2149 stribuit.
1135 2092 1274 2145 Vasa
1306 2091 1448 2144 enim
1478 2091 1569 2143 inc
1616 2100 1739 2157 apta
1772 2090 1823 2142 in
1869 2090 2164 2155 interitum,
2196 2106 2317 2159 qua:
2346 2091 2435 2143 ditt

853 2185 1132 2247 sustinuit,
1168 2185 1219 2236 in
1250 2199 1377 2237 vasa
1424 2182 1809 2236 misericordiae
1859 2184 2251 2245 commutavit;
2294 2192 2347 2235 et
2381 2190 2437 2235 ut

852 2274 1236 2331 sublimitatem
1265 2274 1449 2344 gratia:
1496 2274 1652 2342 hujus
1699 2288 1763 2327 ex
1820 2273 1927 2326 Deo
1962 2287 2081 2327 esse
2130 2275 2354 2339 scirent,
2384 2284 2437 2328 et

854 2385 958 2423 non
981 2383 1043 2424 ex
1070 2368 1397 2437 semetipsis,
1428 2368 1527 2421 hoc
1574 2367 1678 2420 illis
1712 2368 1851 2420 dono
1874 2368 2060 2436 gratia:
2097 2366 2245 2420 dedit
2292 2364 2434 2434 quod

848 2472 1067 2528 poenam
1104 2474 1255 2513 suam
1288 2458 1391 2510 illis
1417 2457 1833 2525 eognoscibilem
1863 2457 2007 2517 fecit,
2038 2468 2146 2511 etc.

920 2545 972 2600 5.
1012 2547 1174 2601 Beata
1224 2545 1576 2599 nihilominus
1615 2554 1789 2597 mater
1815 2545 2079 2611 Ecclesia,
2120 2545 2317 2599 talibus
2346 2561 2436 2599 or-

850 2648 980 2693 nata
1004 2639 1313 2702 monilibus,
1370 2653 1489 2705 quxe
1519 2638 1680 2690 turris
1706 2637 1804 2690 viri
1860 2637 2025 2691 David
2065 2638 2327 2693 :edilicata
2354 2648 2436 2693 est

847 2746 971 2785 cum
1002 2729 1424 2800 propugnaculis
1458 2729 1609 2793 suis;
1649 2738 1726 2782 tot
1765 2729 2005 2799 talesque
2052 2730 2221 2799 elypei
2274 2746 2339 2784 ex
2371 2746 2433 2785 ea

846 2820 1187 2891 dependent,
1244 2820 1476 2889 talisque
1520 2828 1793 2872 tantorum
1844 2830 2119 2872 armatura
2174 2819 2428 2879 fortium,

848 2909 1046 2979 quibus
1080 2908 1286 2961 munita
1319 2915 1375 2962 et
1408 2916 1638 2961 ornatur
1660 2908 1726 2961 ad
1769 2909 2045 2973 meritum,
2078 2916 2133 2962 et
2164 2910 2229 2963 ab
2297 2908 2433 2962 infe-

850 3016 1035 3055 rorum
1066 3001 1276 3055 eruitur
1312 3010 1519 3055 terrore
1545 3010 1843 3069 portarum.
1894 3002 2039 3055 Inter
2068 3016 2186 3069 quae
2236 3016 2432 3070 propu-

2542 1808 2885 1864 formandam
2917 1812 3257 1865 tradiderunt
3283 1812 3480 1867 scholis
3513 1814 3757 1870 ecclesim
3784 1835 3795 1869 :
3824 1817 3875 1871 in
3898 1818 4123 1887 quibus,

2543 1914 2600 1957 ut
2630 1914 2779 1972 puto,
2817 1920 2953 1974 puer
2984 1906 3137 1960 bonae
3165 1906 3381 1972 indolis,
3413 1908 3882 1979 diseiplinabiliter
3907 1914 4125 1983 ingenio

2542 1994 2719 2062 sagaci
2745 1993 3051 2061 proliclens,
3096 1994 3183 2048 ubi
3215 1996 3402 2065 primae
3429 1998 3561 2052 artis
3591 2000 3893 2054 rudimenta
3928 2016 4121 2070 peree-

2540 2090 2636 2157 pit,
2670 2090 2809 2159 quod
2845 2090 3191 2145 vivacitatem
3220 2091 3417 2161 ingenii
3443 2092 3557 2160 ejus
3588 2094 3885 2165 aufugeret,
3918 2096 3991 2150 nil
4019 2112 4123 2165 pou

2541 2192 2652 2235 stea
2684 2182 2802 2235 fuit.
2835 2183 3207 2237 Attestabatur
3261 2185 3581 2239 munditiam
3610 2188 3793 2241 cordis
3823 2188 3939 2258 ejus
3976 2187 4124 2258 jugis

2540 2274 2819 2329 meditatio
2843 2283 2894 2327 et
2923 2276 3191 2329 continuae
3240 2277 3643 2331 exercitationis
3686 2280 3943 2344 studium,
3991 2296 4117 2334 cum

2533 2362 2645 2429 jam
2683 2364 2896 2431 penitus
2948 2365 3123 2417 omnis
3186 2364 3488 2430 hujusmodi
3520 2365 3733 2420 affectio
3774 2369 4029 2423 transiret
4061 2369 4119 2423 in

2541 2452 2803 2506 habitum.
2832 2452 3103 2523 Scriptum
3134 2456 3330 2523 quippe
3353 2465 3436 2509 est
3465 2474 3476 2508 :
3505 2456 3588 2509 Ea:
3623 2460 3812 2513 studiis
3835 2462 3942 2513 suis
3966 2461 4119 2514 intel-

2539 2541 2721 2610 ligitur
2753 2559 2898 2611 puer,
2925 2548 2969 2597 si
3001 2555 3139 2598 recta
3169 2554 3214 2597 el
3246 2547 3440 2598 munda
3470 2548 3571 2600 sint
3607 2564 3761 2616 opera
3798 2551 3910 2619 ejus
3936 2550 4118 2619 (I’rov.

2540 2650 2627 2695 xx,
2655 2635 2732 2701 ‘2).
2767 2635 2949 2688 Talem
2974 2636 3152 2704 itaque
3186 2637 3513 2691 informabat
3544 2638 3806 2694 Dominus
3834 2642 3931 2695 sub
3956 2642 4123 2712 magi-

2538 2737 2772 2779 Strorum
2804 2727 3162 2791 institutione,
3196 2727 3409 2796 qualem
3460 2741 3644 2797 postea
3672 2731 3973 2799 praeficeret
4020 2733 4126 2787 Ec-

2538 2815 2715 2870 clesim
2744 2834 2875 2871 sua).
2921 2817 3216 2871 Pastoralis
3261 2827 3340 2871 est
3376 2819 3519 2871 enim
3559 2820 3763 2888 regula,
3805 2835 3871 2874 ne
3924 2823 4122 2877 audeat

2536 2922 2790 2975 prmessc,
2824 2907 2914 2974 qui
2962 2908 3217 2961 nescierit
3247 2908 3489 2962 subesse.
3537 2910 3740 2964 Deinde
3768 2927 3891 2965 cum
3926 2912 4119 2981 gigan-

2539 2996 2658 3057 teis,
2688 3004 2745 3048 ut
2794 2996 2866 3048 ita
2909 2997 3111 3049 dictum
3153 2998 3241 3058 sit,
3280 2998 3529 3064 passibus
3576 2999 3677 3051 iret
3725 3000 3790 3053 de
3838 3001 4033 3053 virtute
4065 3002 4122 3055 in

846 3093 1096 3164 gnacula,
1130 3108 1232 3146 non
1258 3092 1323 3145 de
1350 3092 1700 3145 inferioribus
1728 3092 1929 3161 clypeis
1953 3108 2113 3145 unum
2146 3102 2428 3160 patronum
2459 3099 2503 3160 ί]
2535 3084 2789 3137 virtutem
2817 3101 2829 3147 ;
2862 3100 2981 3136 cum
3014 3100 3198 3138 sacras
3224 3085 3431 3139 littnras
3455 3086 3753 3152 didicisset,
3781 3088 4123 3159 divinumque

847 3194 902 3238 et
930 3182 1268 3238 defensorem
1294 3181 1449 3234 nobis
1478 3182 1776 3237 Deusdedit
1812 3183 2027 3237 beatum
2055 3194 2108 3237 et
2135 3185 2432 3252 praedicau-

848 3278 976 3331 dum
1029 3275 1240 3330 smcttlis
1302 3273 1619 3327 Folcuinum
1679 3277 2016 3343 episcopum,
2069 3274 2222 3343 cujus
2264 3277 2429 3328 vitam

846 3365 1081 3420 strictim
1108 3373 1163 3418 et
1215 3363 1494 3418 succincte
1520 3363 1797 3417 elucidare
1828 3364 2128 3430 cupientes,
2176 3379 2281 3416 non
2315 3379 2428 3417 ma—

844 3468 1081 3525 gnopere
1133 3455 1413 3508 studemus
1460 3468 1584 3507 eum
1664 3452 1940 3505 miraculis
2000 3453 2426 3517 commendare,

846 3548 1080 3601 scientes
1128 3562 1226 3601 nos
1268 3545 1513 3599 fidelibus
1546 3543 1718 3612 loqui,
1751 3544 1947 3611 quibus
1979 3558 2085 3596 non
2131 3542 2341 3612 linguas
2375 3544 2426 3597 in

843 3636 1085 3707 signum,
1116 3636 1210 3691 sed
1261 3634 1571 3690 infidelibus
1624 3633 1759 3687 dixit
1800 3633 2079 3703 apostolus
2114 3646 2251 3696 esse,
2303 3649 2428 3685 nam

844 3729 1125 3784 miraculis
1148 3744 1335 3797 parum
1362 3728 1515 3782 nobis
1542 3733 1801 3795 expertus
1832 3733 1934 3789 est,
1962 3725 2088 3781 licet
2116 3726 2226 3779 vita
2256 3726 2425 3795 pluri-

845 3836 1014 3883 mum,
1049 3835 1167 3888 qua:
1195 3828 1250 3873 et
1284 3820 1325 3872 si
1382 3818 1527 3881 fecit,
1580 3816 1758 3871 nullus
1806 3817 1898 3870 illo
1954 3817 2127 3887 magis
2167 3816 2423 3871 occuluit.

847 3913 953 3967 Sed
998 3911 1112 3979 jam
1172 3910 1435 3966 locuturis
1487 3910 1551 3965 de
1594 3924 1659 3963 eo
1719 3909 1874 3963 nobis
1909 3910 2164 3977 petimus,
2210 3917 2268 3961 ut
2318 3908 2427 3963 suf-

844 4006 1035 4075 fragiis
1059 4005 1201 4058 adsit
1232 4003 1372 4072 apud
1411 4018 1533 4057 eum
1565 4015 1724 4071 quem
1752 4010 2033 4070 tantopere
2061 4000 2270 4054 dilexit.

914 4096 969 4150 6.
1002 4092 1313 4147 Nativitatis
1357 4108 1487 4162 ergo
1518 4092 1658 4146 beati
1691 4091 1789 4145 viri
1826 4100 1883 4144 ut
1909 4090 2155 4146 dicamus
2181 4091 2422 4153 exordia,

858 4185 1230 4241 excellentiam
1284 4193 1509 4237 terrenae
1563 4183 1840 4251 dignitatis
1891 4184 2050 4253 longo
2079 4192 2132 4238 et
2162 4183 2425 4237 altissimo

858 4275 1023 4330 traxit
1049 4281 1335 4328 stemmate
1372 4272 1687 4327 nobilitatis.
1737 4271 1943 4326 Floruit
1980 4274 2079 4327 sub
2115 4287 2238 4342 rege
2267 4272 2427 4327 Caro-

842 4364 896 4420 lo
923 4376 1035 4419 tum
1060 4363 1336 4433 opulentia
1404 4377 1606 4427 rerum,
1640 4371 1751 4415 tum
1816 4362 2099 4431 procinctu
2133 4362 2419 4426 bellorum,

2534 3172 2725 3243 legem,
2752 3189 3029 3227 sacrorum
3056 3176 3318 3244 graduum
3343 3176 3727 3243 perfectionem
3758 3180 4006 3249 indeptus
4030 3192 4121 3235 est

2532 3280 2628 3333 per
2656 3265 2935 3330 ordinem;
2994 3275 3309 3335 tantamque
3347 3268 3576 3335 gratiam
3603 3269 3652 3322 ei
3687 3271 3911 3324 contulit
3942 3274 4118 3341 gratia

2534 3356 2751 3423 superni
2782 3366 3081 3423 respectus,
3116 3364 3175 3410 ut
3223 3355 3290 3409 ab
3312 3357 3565 3412 omnibus
3589 3369 3944 3414 veneraretur
3966 3377 4122 3416 reve-

2532 3448 2768 3509 rentius,
2798 3447 3110 3517 diligeretur
3146 3447 3512 3502 alfectuosius.

2598 3537 2650 3591 8.
2680 3537 2889 3592 Interea
2926 3538 3062 3607 lapis
3110 3538 3196 3593 ille
3238 3540 3535 3608 spiritualis
3569 3540 3768 3609 politus
3795 3542 4111 3613 multiplici-

2530 3628 2628 3682 bus
2655 3630 2989 3699 argumentis
3018 3640 3071 3683 et
3097 3641 3407 3700 competens
3430 3632 3741 3702 cgelestibus
3762 3636 4120 3700 ornamentis,

2528 3721 2747 3790 dignum
2793 3720 2970 3775 fuerat
3017 3733 3074 3776 ut
3129 3731 3421 3791 poneretur
3464 3724 3515 3777 in
3569 3725 3875 3781 diademate
3906 3726 4112 3797 Regis;

2529 3815 2693 3883 igitur
2736 3830 2801 3867 ue
2864 3816 2963 3868 sub
3018 3815 3196 3882 specie
3237 3816 3572 3883 privatorum
3616 3816 3987 3882 delitesceret;
4021 3820 4120 3873 sed

2527 3908 2618 3977 qui
2647 3918 2873 3960 eatenus
2901 3908 3003 3961 sibi
3038 3915 3243 3962 tantum
3294 3908 3597 3977 profuerat,
3620 3908 3730 3977 jam
3761 3908 3941 3963 multis
3988 3924 4121 3979 pro-

2532 3999 2747 4065 desset;
2783 4000 3025 4054 ecelesia:
3057 3999 3298 4054 fascibus
3346 4000 3719 4055 sublimandus
3744 4002 4031 4069 appetitur,
4062 4006 4121 4056 'et

2527 4090 2767 4143 omnium
2795 4091 3015 4144 vocibus
3031 4090 3385 4143 acclamatur.
3414 4088 3620 4143 Littera
3637 4090 3930 4144 Britannici
3949 4091 4123 4146 Ocea-

2535 4183 2589 4236 ni
2641 4183 2694 4237 in
2748 4176 2945 4238 fmibus
2987 4183 3287 4237 Galliarum
3361 4183 3697 4237 occidentem
3736 4198 3926 4238 versus
3983 4200 4119 4253 gens

2528 4275 2773 4344 quazdam
2830 4274 3038 4340 incolit,
3072 4289 3180 4329 non
3212 4282 3321 4326 tam
3371 4272 3477 4327 lata
3526 4288 3689 4341 quam
3726 4274 3941 4326 valida:
3974 4275 4117 4342 apud

2528 4364 2816 4419 historicos
2861 4364 3077 4431 Morini,
3143 4378 3285 4417 nunc
3341 4378 3373 4415 a
3417 4360 3700 4417 Tarvenua
3754 4363 3886 4416 urbe
3927 4376 4117 4415 eorum

839 4456 1093 4525 quodque
1122 4454 1207 4508 his
1229 4451 1403 4520 majus
1439 4462 1542 4518 est,
1573 4453 1718 4507 cultu
1751 4453 2027 4524 religionis
2055 4463 2109 4508 et
2131 4456 2279 4524 pacis
2304 4456 2423 4525 jure
2456 4460 2501 4517 D
2529 4453 2799 4523 quondam
2829 4452 3257 4522 opulentissima,
3317 4450 3410 4505 sed
3470 4450 3630 4505 modo
3664 4449 3839 4503 diruta
3869 4457 3923 4504 et
3976 4464 4117 4518 pene

840 4546 1225 4618 cognominato
1255 4546 1486 4615 Magno;
1512 4555 1685 4600 matre
1712 4544 2070 4607 Ercensinda.
2100 4556 2255 4616 patre
2297 4548 2425 4602 Ilic-

839 4654 1068 4711 rouymo
1102 4657 1115 4692 :
1141 4654 1372 4708 quorum
1417 4638 1567 4707 prior
1597 4638 1662 4691 de
1689 4647 1847 4707 gente
1870 4638 2171 4693 Gothorum
2217 4639 2421 4694 claram

837 4732 975 4787 satis
998 4738 1107 4783 tam
1133 4744 1330 4800 genere
1352 4744 1511 4799 quam
1542 4728 1733 4797 opibus
1778 4729 2088 4797 prosapiam
2124 4728 2316 4793 traxit;
2346 4728 2423 4780 al-

836 4831 942 4883 ter,
976 4829 1034 4875 ut
1060 4829 1207 4890 puto,
1240 4821 1533 4890 supradicti
1590 4821 1734 4890 regis
1774 4820 2074 4875 avunculus
2126 4820 2266 4875 inter
2293 4820 2424 4874 auli-

837 4930 930 4967 cos
968 4913 1199 4981 primus,
1226 4926 1407 4967 rerum
1436 4911 1732 4966 forensium
1763 4912 2210 4981 privatarumque
2240 4912 2427 4965 mode-

840 5004 1048 5057 ramina
1088 5003 1430 5073 disponebat.
1473 5001 1692 5058 Fratres
1734 5004 1900 5057 etiam
1934 5010 2092 5057 erant
2125 5002 2172 5055 ei
2200 5017 2425 5056 summae

835 5095 1154 5166 dignitatis;
1210 5111 1275 5151 ex
1339 5096 1539 5165 quibus
1583 5095 1874 5151 Folradum
1948 5095 2121 5150 sancti
2181 5094 2426 5160 Quintini

835 5188 1185 5243 commendat
1230 5188 1641 5252 monasterium,
1695 5196 1751 5242 et
1806 5195 1864 5240 ut
1902 5187 2065 5241 altius
2100 5196 2424 5256 repetamus,

841 5290 1126 5302 -ι---....-.....
1167 5280 1277 5302 λε.--
1334 5278 1474 5302 -.-με
1518 5293 1701 5302 -...-....-
1743 5277 2064 5302 _-|.!I!--3....!
2127 5277 2246 5302 ll-v‘fl
2294 5277 2397 5302 Αἶα-ζ

2530 4544 2829 4610 exinanita,
2848 4552 3111 4598 vocantur
3133 4540 3475 4596 Tarvennici.
3495 4540 3736 4595 Meminit
3762 4538 3919 4608 hujus
3941 4540 4117 4610 gentis

2530 4636 2582 4688 in
2610 4648 2771 4703 opere
2810 4648 2908 4688 suo
2937 4632 3078 4701 quod
3108 4648 3206 4701 pro
3236 4630 3390 4684 nobis
3416 4637 3604 4684 contra
3633 4644 3873 4701 paganos
3900 4629 4119 4697 scripsit

2528 4723 2753 4779 Orosius
2783 4724 3068 4793 presbyter
3092 4731 3145 4776 et
3175 4721 3347 4775 fidelis
3378 4720 3845 4790 historiographus
3872 4740 3883 4776 :
3912 4729 3966 4775 et
3986 4720 4115 4789 quia

2529 4813 2784 4883 populosa
2813 4811 2975 4866 fuerit
3016 4812 3168 4880 copia
3200 4810 3441 4875 militari,
3476 4824 3543 4865 ne
3572 4808 3820 4878 cuiquam
3850 4808 4115 4863 exercitui

2530 4906 2775 4961 Romano
2831 4906 3068 4960 obvianti
3102 4904 3192 4976 [f.,
3236 4900 3661 4973 succumberet],
3711 4900 4116 4957 evidentissime

2527 4996 2784 5053 ostendit.
2822 4995 3061 5051 Meminit
3116 5002 3173 5049 et
3210 4993 3360 5049 urbis
3418 4992 3722 5063 Menapum,
3774 4989 3928 5060 cujus
3974 4989 4114 5044 nihil

2527 5099 2725 5159 prmter
2754 5089 2939 5143 ruinas
2968 5097 3022 5142 et
3051 5102 3247 5143 nomen
3280 5087 3441 5141 inane
3487 5094 3569 5141 est
3604 5092 3829 5140 tantum.
3869 5083 4113 5138 Extremi

2529 5192 2709 5236 autem
2736 5182 3017 5236 hominum
3064 5181 3133 5235 ob
3180 5182 3280 5235 hoc
3307 5179 3534 5234 forsitan
3584 5192 3613 5231 a
3655 5185 3812 5246 poeta
3834 5177 4109 5237 dicuntur,

2529 5274 2667 5302 nuun.‘
2696 5272 2946 5302 Dlnnr'n:n
3005 5285 3123 5302 "lim
3151 5286 3272 5302 nni-0
3322 5268 3479 5302 l1";llc
3525 5269 3700 5302 annlic
3724 5276 3805 5302 ne!
3862 5282 3921 5302 οι)
3946 5265 4111 5302 Μανία
