4516 5500
408 472 504 528 537

1372 474 1457 527 DE
1496 473 1645 528 VITA
1694 474 1748 528 S.
1794 474 2106 529 FOLCL'INI
2147 476 2688 532 TARVENNENSIS.

3530 479 3631 532 538

405 603 562 655 quam
589 584 829 641 consiliis
850 595 1023 651 utens,
1050 597 1175 641 etut
1195 596 1319 641 ante
1351 603 1446 642 uos
1475 588 1673 641 dictum
1696 598 1795 647 est.
1827 590 1965 643 mul-
1996 590 2041 647 Α
2074 588 2326 643 fraudans
2352 591 2581 658 sparsit,
2616 590 2666 643 id
2692 589 2793 643 illis
2818 589 3070 653 accrevit,
3096 604 3196 642 nec
3229 590 3432 650 ventri,
3470 603 3527 641 ut
3552 602 3633 642 est

409 689 518 732 tmn
546 678 886 747 eloquentiae,
923 678 1197 746 sapientiae
1222 694 1429 746 parum.
1460 678 1622 745 Cujus
1654 680 1966 733 indomitam

408 766 711 821 barbariem
740 775 794 821 et
816 781 1027 834 semper
1050 768 1114 820 ad
1135 767 1331 820 malum
1363 767 1649 835 proclivem
1682 783 1783 821 non
1814 767 1969 822 facile

406 865 524 909 erat
556 855 829 923 restringi,
870 856 971 909 nisi
1015 856 1296 925 prudentia
1326 865 1381 910 et
1409 857 1737 926 perspicacia
1774 857 1968 910 summi

407 956 461 1000 et
487 946 837 1000 ecclesiastici
862 948 983 1001 viri.

478 1035 528 1089 9.
552 1034 717 1102 igitur
745 1035 915 1103 plebis
940 1035 1094 1103 hujus
1123 1037 1346 1092 ecclesia
1385 1047 1598 1107 pastore
1623 1038 1697 1107 (Ξ)
1732 1048 1850 1091 erat
1878 1039 1971 1092 de-

408 1130 598 1183 stituta
633 1147 643 1181 :
676 1130 768 1183 sed
797 1145 917 1185 cum
950 1131 1014 1184 de
1045 1131 1294 1201 pontifice
1312 1141 1562 1202 ageretur
1579 1133 1971 1198 subslituendo,

410 1218 500 1270 diu
529 1219 783 1272 scrutatis
822 1220 1094 1283 omnibus,
1144 1222 1354 1290 dignior
1398 1236 1555 1278 nemo
1594 1224 1841 1277 inventus
1895 1234 1979 1277 est

412 1309 696 1377 Folquino.
723 1309 779 1364 ln
806 1309 957 1378 cujus
983 1311 1246 1368 electione
1284 1329 1480 1384 anceps
1518 1314 1664 1384 plebs
1688 1322 1771 1367 est
1794 1325 1975 1368 secuta

414 1400 489 1453 nil
524 1401 749 1465 varium,
777 1404 870 1455 sed
906 1404 1041 1457 votis
1085 1404 1337 1458 omnibus
1358 1404 1502 1458 hunc
1530 1405 1630 1458 sibi
1660 1405 1773 1458 dari
1816 1420 1979 1473 pepo-

411 1490 515 1542 scit
555 1489 890 1558 episcopum,
952 1500 1136 1546 secuta
1184 1502 1492 1563 magnatum
1548 1502 1602 1547 et
1652 1494 1814 1547 totius
1850 1494 1977 1547 cleri

412 1592 756 1633 consensum.
792 1578 931 1645 Quid
985 1580 1173 1649 plura?
1200 1580 1557 1649 Complacuit,
1609 1581 1718 1634 Deo
1758 1582 1979 1648 gratias,

414 1667 775 1734 imperatoriae
802 1670 1079 1736 potestati,
1114 1669 1386 1725 Ludovico
1438 1670 1712 1733 videlicet,
1756 1672 1845 1738 qui
1878 1670 1982 1725 Ca-

414 1758 528 1810 rolo
556 1766 889 1811 successerat
915 1759 1085 1826 patri;
1118 1767 1172 1813 et
1214 1774 1278 1815 eo
1321 1762 1652 1816 concedente
1678 1761 1823 1815 urbis
1853 1762 1988 1814 Tar-

414 1858 601 1898 vennte
642 1854 990 1900 consecratur
1028 1848 1276 1913 antistes,
1324 1858 1595 1917 praeeunte
1642 1851 1694 1903 in
1740 1852 1987 1905 omnibus

412 1934 687 1989 voluntate
723 1936 952 1990 Domini.
998 1936 1199 1992 Auctus
1237 1954 1365 2009 ergo
1408 1940 1781 1995 benedictione
1824 1942 1980 2011 Spiri-
2018 1925 2055 1980 Β

414 2026 565 2089 tuali,
593 2026 742 2081 auxit
770 2040 932 2095 opera
964 2028 1177 2096 pietatis
1199 2039 1253 2083 et
1292 2030 1431 2093 fidei,
1458 2031 1701 2100 prmbens
1733 2049 1790 2086 se
1822 2033 1980 2087 talem

413 2116 469 2167 iu
501 2116 769 2179 omnibus,
797 2118 935 2171 sicut
957 2119 1181 2173 decebat
1202 2134 1415 2173 servum
1441 2122 1669 2175 Domini.
1697 2122 1984 2178 Enimvero

413 2207 670 2275 quoniam
703 2218 1061 2277 pugnaturum
1094 2225 1151 2264 se
1184 2221 1371 2265 contra
1407 2214 1704 2281 spiritualia
1736 2215 1985 2283 nequitia:

412 2299 591 2360 Scivit,
622 2308 767 2352 artes
794 2315 975 2354 secum
1025 2302 1547 2371 exercitationesque
1573 2304 1849 2367 virtutum,
1894 2321 1984 2357 ar—

413 2404 501 2441 ma
536 2387 656 2443 fidei
680 2403 790 2458 prae
818 2404 874 2443 se
922 2390 1060 2452 tulit,
1092 2391 1388 2459 disciplina:
1434 2395 1666 2462 vigorem
1697 2396 1768 2447 ita
1799 2397 1984 2449 mode-

415 2487 568 2532 ratus
590 2488 691 2542 est,
726 2488 782 2533 ut
806 2495 926 2533 cum
976 2496 1200 2534 censura
1230 2481 1419 2547 judirii
1465 2501 1622 2537 lttttllO
1673 2485 1760 2538 illo
1816 2487 1985 2555 magis

413 2570 690 2638 pepularis
737 2581 920 2637 esset;
970 2588 1183 2627 rursum
1216 2576 1487 2642 popularis
1518 2592 1638 2630 eum
1667 2588 1825 2641 esset,
1861 2594 1989 2633 cen-

415 2675 558 2713 surze
605 2660 848 2715 ordinem
890 2676 993 2714 non
1030 2664 1318 2716 amitteret.
1370 2664 1459 2718 Sic.
1509 2668 1673 2719 vitam
1735 2668 1984 2732 instituit,

414 2761 475 2804 ut
514 2751 564 2803 in
596 2760 841 2804 neutrum
881 2751 1070 2805 hormn
1115 2754 1334 2820 pronior
1380 2753 1556 2809 fuerit.
1592 2756 1765 2809 Media
1813 2757 1989 2811 chario

418 2849 530 2895 tate
557 2850 831 2896 constrata
861 2851 1007 2906 sunt,
1041 2858 1214 2913 neque
1245 2844 1434 2897 maluit
1478 2862 1606 2900 ovcs
1630 2848 1727 2901 sibi
1757 2849 1991 2903 creditas

418 2947 731 3001 perperam,
756 2949 919 3001 quam
953 2944 1097 2988 recte
1149 2936 1355 3004 egisse:
1385 2937 1475 2991 sed
1508 2952 1604 2989 nee
1651 2938 1851 3005 ignovit
1880 2953 1992 2991 ma-

418 3025 509 3087 lis,
548 3034 605 3078 ut
630 3026 797 3079 bonas
826 3028 1094 3095 perditum
1122 3029 1241 3082 iret.
1290 3029 1493 3084 Revera
1521 3031 1675 3084 scivit
1704 3032 1776 3084 uti
1825 3029 1987 3085 ferro.

421 3115 513 3170 Sic
542 3116 743 3169 etenim
790 3120 995 3171 studuit
1049 3129 1105 3171 ut
1139 3129 1340 3173 sancta:
1395 3122 1553 3173 matri
1597 3121 1852 3175 Ecclesia:
1901 3130 1995 3174 aut

420 3208 755 3262 munimento
803 3217 969 3271 esset,
1019 3220 1110 3263 aut
1140 3219 1460 3265 ornamento
1492 3212 1826 3265 munimento
1849 3220 1993 3265 exte-

422 3298 560 3360 rius,
590 3306 909 3350 ornamento
940 3298 1183 3352 interius.
1212 3298 1315 3353 Sed
1340 3307 1394 3353 et
1425 3301 1476 3352 in
1525 3300 1702 3354 verbis
1724 3300 1839 3369 ejus
1861 3309 1915 3354 et
1941 3301 1991 3353 in

422 3388 691 3442 locutione
717 3390 990 3443 communi
1050 3405 1152 3443 non
1190 3400 1310 3443 erat
1341 3391 1561 3453 levitas;
1604 3390 1992 3445 confabulaba-

422 3486 515 3531 tur
572 3494 809 3549 namque
862 3480 1149 3533 utillimum
1190 3480 1392 3549 aliquid
1445 3495 1565 3534 cum
1632 3480 1853 3548 quovis,
1907 3489 1999 3535 aut

423 3566 785 3621 meditabatur
810 3568 864 3621 id
905 3568 1080 3636 ipsum
1113 3569 1165 3621 in
1199 3570 1412 3639 quovis.
1446 3569 1503 3622 lu
1540 3570 1657 3637 ipso
1679 3570 1998 3638 praesulatus

424 3658 509 3711 sui
542 3658 695 3713 initio
727 3658 805 3714 sic
854 3660 1108 3728 apparuit
1136 3669 1316 3729 aptus,
1352 3676 1415 3715 ac
1460 3661 1502 3714 si
1542 3659 1847 3730 praefuisset
1878 3661 1997 3715 diu-

425 3748 554 3811 tius,
583 3748 649 3802 ad
680 3748 822 3817 quod
866 3750 1075 3804 noviter
1104 3749 1279 3805 fuerat
1302 3750 1731 3816 intbronizatus;
1767 3752 1832 3806 de
1877 3752 2001 3806 reli-

428 3840 605 3909 gione'
625 3838 859 3908 primum
890 3846 945 3893 et
976 3838 1120 3893 cultu
1150 3840 1266 3906 Dei,
1294 3842 1437 3911 quod
1462 3841 1634 3896 ϐπ·ωεί
1667 3842 1999 3896 tbeosebiam

426 3928 633 3993 dicunt,
665 3927 981 3983 canonicam
1005 3937 1061 3985 et
1090 3930 1439 3998 apostolicam
1467 3941 1683 3985 secutus
1704 3940 1787 3987 est
1812 3942 1999 3987 aucto-

428 4020 644 4074 ritatem
665 4062 679 4084 ,
701 4020 949 4074 videlicet
970 4028 1029 4073 ut
1052 4020 1304 4075 omnibus
1329 4021 1522 4089 quibus
1548 4036 1676 4075 cura
1705 4036 1799 4076 sua
1835 4023 2005 4077 inter-

427 4119 567 4175 erat,
598 4126 693 4165 cor
716 4126 880 4164 unum
915 4119 969 4165 et
996 4110 1174 4164 anima
1212 4122 1374 4174 esset;
1398 4120 1451 4166 et
1472 4111 1728 4181 quidquid
1754 4113 2007 4169 indecens

430 4199 486 4254 in
535 4202 759 4257 ecclesia
813 4217 909 4258 sua
956 4202 1039 4257 vel
1082 4200 1450 4258 eﬂ‘eminatum
1484 4202 1730 4268 videbat,
1782 4218 1911 4258 vera
1954 4213 2009 4258 et

428 4292 694 4361 spirituali
752 4293 1161 4348 circumcisione
1229 4293 1638 4364 diligentissime
1698 4306 2001 4360 resecaret,

431 4396 590 4436 suum
621 4384 894 4438 aestimans
927 4383 1305 4438 detrimentum
1329 4423 1343 4448 ,
1378 4384 1637 4452 quidquid
1686 4385 1739 4439 in
1780 4388 2009 4441 subditis

433 4482 719 4540 appareret
742 4471 1004 4540 ineptum;
1032 4488 1186 4526 suum
1211 4472 1716 4542 deputansluerum,
1748 4476 2007 4545 quidquid

433 4561 644 4615 cultura
690 4559 887 4615 Christi
937 4569 1237 4630 reportaret
1289 4560 1663 4627 fructiferum;
1715 4578 1877 4632 quam
1931 4567 2009 4620 sic

436 4654 644 4710 studuit
669 4652 917 4709 excolere
940 4693 955 4717 ,
988 4662 1046 4708 ut
1078 4668 1183 4708 non
1214 4652 1392 4723 aliquo
1415 4654 1679 4725 indigeret
1704 4656 2006 4724 putamine,

434 4757 561 4798 cum
589 4741 791 4796 nullum
821 4742 934 4796 vitii
958 4757 1124 4813 genus
1150 4742 1339 4798 saltem
1360 4758 1425 4798 ex
1460 4744 1636 4798 radice
1659 4744 1862 4799 sineret
1890 4761 2010 4800 eoa-

434 4833 661 4888 lescere.
693 4831 875 4887 Semet
896 4834 1010 4888 suis
1036 4834 1103 4889 ad
1137 4834 1457 4889 imitandum
1486 4836 1759 4903 specimen
1795 4840 2006 4906 praebe-

434 4926 531 4980 bat
559 4932 614 4979 et
639 4924 933 4992 speculum.
977 4922 1092 4980 Non
1134 4926 1276 4980 enim
1316 4926 1417 4980 sibi
1458 4926 1557 4981 soli
1606 4930 2005 4998 negotiabatur,

435 5012 533 5069 sed
561 5015 800 5068 omnium
832 5012 1061 5068 salutem
1088 5014 1287 5070 laboris
1326 5017 1407 5071 sui
1438 5020 1766 5073 commercio
1795 5035 2005 5088 quaere-

436 5108 553 5160 bat.
590 5104 647 5161 Si
676 5105 945 5177 quispiam
986 5121 1236 5177 magnum
1265 5108 1394 5178 quid
1436 5108 1489 5163 in
1518 5110 1778 5181 religione
1818 5112 2005 5168 molie—

438 5198 622 5261 batur,
656 5196 796 5252 hunc
820 5196 979 5267 quasi
1014 5199 1471 5257 succenturiatum
1513 5200 1566 5252 in
1593 5202 1709 5256 acie
1740 5202 1917 5257 divina
1952 5219 2009 5259 se

439 5294 833 5341 sustentantem
869 5286 1110 5355 agnovit.
1151 5287 1227 5343 De
1268 5288 1593 5359 pauperibus
1632 5306 1761 5347 vero
1808 5291 2008 5348 Christi

438 5374 682 5428 nonnihil
705 5376 971 5430 sollicitus
994 5386 1133 5430 erat.
1164 5393 1287 5430 nam
1310 5376 1452 5430 auod
1482 5377 1547 5430 de
1572 5395 1752 5430 mensa
1780 5396 1876 5430 sua
1918 5385 2009 5430 de-

2073 682 2442 733 consuetudini
2489 679 2825 749 quibusdam,
2870 680 3186 742 reservavit,
3215 680 3408 748 quippe
3450 681 3539 747 qui
3570 680 3635 733 tle

2072 770 2309 825 crastino
2359 786 2462 825 nou
2514 771 2739 825 multum
2792 771 3055 825 sollicitus
3110 770 3227 824 fuit.
3281 770 3504 825 Difficile
3554 779 3638 825 est

2073 861 2323 930 prosequi
2357 860 2567 929 qualem
2600 876 2657 914 se
2686 860 2987 913 exhibuerit
3014 874 3199 915 servus
3234 859 3442 913 Domini
3470 876 3483 922 ;
3514 868 3634 914 tan-

2078 960 2188 1004 tum
2226 961 2284 1004 ut
2332 951 2486 1005 dotes
2515 950 2629 1018 ejus
2662 964 3072 1019 prosequamur,
3106 964 3368 1003 summam
3400 950 3636 1003 onmium

2076 1040 2335 1093 virtutum
2366 1040 2445 1093 sic
2474 1039 2774 1101 continuit,
2819 1040 3019 1092 formas
3048 1037 3203 1107 quasi
3232 1048 3421 1091 natura
3449 1038 3641 1093 nativte

2077 1130 2335 1184 bonitatis
2366 1129 2465 1182 sibi
2499 1129 2668 1181 artius
2696 1128 2945 1182 insertas.

2150 1221 2233 1274 iO.
2275 1219 2447 1274 Sitbiu
2482 1227 2565 1273 est
2598 1220 2834 1274 virorum
2885 1220 2977 1273 Dei
3020 1220 3359 1283 coenobium,
3404 1219 3541 1274 etin
3579 1234 3643 1275 eo

2079 1313 2332 1369 memoria
2361 1312 2522 1366 multa
2554 1321 2881 1366 sanctorum.
2918 1312 3174 1367 Parochia
3198 1321 3281 1367 est
3301 1311 3645 1366 Tarvenueu-

2080 1407 2153 1459 sis
2196 1405 2463 1474 episcopi;
2525 1404 2649 1458 licet
2701 1404 3117 1474 imperatorum.
3183 1420 3273 1458 seu
3329 1404 3647 1457 universalis

2081 1508 2266 1563 papae,
2318 1501 2372 1546 et
2417 1493 2586 1560 ipsius
2642 1493 2785 1546 sedis
2833 1494 3202 1561 t‘piscnpumm
3252 1492 3645 1545 iuuuuuitatnm

2082 1584 2372 1653 privilegiis
2405 1582 2620 1651 polleat.
2655 1581 2709 1636 ld
2747 1590 2873 1636 tunc
2906 1583 3056 1651 llugo
3088 1585 3326 1653 regebat,
3357 1584 3440 1636 cui
3473 1581 3647 1637 Ludo-

2085 1677 2233 1729 vicus
2260 1675 2455 1739 frater,
2504 1683 2659 1745 pater
2703 1675 2928 1729 Carolus
2957 1685 3092 1728 erat.
3153 1674 3295 1729 Sane
3342 1674 3647 1728 cmnobium

2087 1764 2212 1818 illud
2243 1764 2553 1832 bipertitum
2585 1771 2687 1817 est.
2722 1762 2851 1815 Nam
2891 1761 3145 1815 inferiora
3176 1762 3461 1826 monachi,
3492 1775 3649 1829 supc-

2093 1857 2231 1910 riora
2262 1855 2503 1909 canonici
2534 1854 2807 1917 obtinent;
2831 1863 2882 1907 et
2912 1854 2963 1907 hi
2996 1853 3311 1919 Audomari,
3344 1851 3417 1906 illi
3448 1844 3650 1906 lkrtini

2089 1946 2395 2017 patrociniis
2420 1946 2674 2012 gaudent.

2158 2037 2243 2090 ll.
2286 2038 2359 2090 De
2391 2036 2737 2089 translatione
2774 2035 2917 2089 beati
2948 2034 3241 2089 Audomari
3265 2075 3278 2097 ,
3328 2032 3557 2101 qualiter
3585 2032 3652 2086 ab

2088 2129 2187 2180 hoc
2214 2128 2372 2180 beato
2396 2125 2647 2195 pontifice
2671 2135 2787 2179 acta
2823 2126 2933 2189 sit,
2966 2134 3020 2179 et
3063 2140 3181 2193 qua:
3216 2139 3342 2191 erga
3377 2123 3652 2194 llugonem

2088 2216 2452 2285 supradictum
2492 2214 2739 2268 abbatem
2775 2214 3011 2277 fuerint,
3054 2213 3198 2282 vulgi
3242 2225 3459 2267 rumore
3511 2212 3651 2266 cele-

2090 2308 2315 2357 brantur
2346 2304 2455 2371 (5);
2493 2304 2544 2355 in
2578 2303 2771 2371 quibus
2796 2303 2926 2355 satis
2957 2302 3199 2355 miranda
3232 2310 3313 2355 est
3352 2300 3522 2355 sancti
3556 2300 3654 2352 viri

2090 2393 2411 2446 constantia.
2445 2392 2637 2444 Abbati
2682 2392 2933 2445 resistere
2964 2390 3119 2445 facile
3156 2404 3261 2443 non
3293 2397 3430 2451 erat,
3460 2389 3658 2458 quippe

2090 2484 2173 2536 rui
2204 2482 2461 2536 natalium
2495 2481 2729 2551 dignitas
2756 2489 2897 2532 tanta
2928 2488 3065 2543 erat,
3094 2480 3341 2535 militaris
3366 2480 3529 2534 etiam
3566 2495 3658 2533 co-

2091 2573 2174 2640 pia
2202 2587 2307 2625 non
2336 2571 2549 2633 deerat;
2598 2569 2690 2623 sed
2727 2570 2807 2622 vir
2846 2570 2937 2623 Dei
2983 2570 3097 2624 haec
3141 2570 3323 2624 omnia
3363 2571 3663 2639 postposuit

2093 2660 2267 2715 timori
2294 2659 2501 2713 Domini
2530 2674 2543 2710 :
2574 2659 2805 2728 denique
2827 2674 2931 2713 non
2962 2658 3246 2728 requievit,
3269 2658 3439 2713 donec
3466 2672 3662 2728 corpus

2092 2761 2335 2806 sanctum
2373 2749 2744 2804 fraudulenter
2790 2748 3057 2803 sublatum
3099 2749 3319 2818 proprio
3350 2750 3661 2804 restitueret

2094 2842 2247 2905 loco,
2302 2843 2425 2895 vita:
2472 2856 2581 2895 suae
2628 2841 2754 2894 licet
2807 2855 3004 2910 magno
3044 2842 3176 2895 satis
3216 2856 3337 2895 cum
3384 2842 3664 2911 periculo,

2093 2934 2344 3001 diemque
2389 2932 2683 2986 solemnem
2734 2930 2937 2986 faceret
2990 2931 3043 2984 in
3092 2946 3274 2986 mense
3314 2930 3505 2995 Junio,
3560 2948 3665 3003 quo

2093 3026 2389 3078 aristantur
2420 3031 2627 3093 segetes
2653 3032 2930 3077 crescente
2956 3022 3152 3077 culmo.
3186 3023 3250 3076 Et
3278 3038 3585 3092 princaver.)
3614 3026 3665 3078 in

2096 3114 2333 3167 futurum
2364 3127 2430 3166 ne
2463 3113 2616 3181 parili
2646 3113 2803 3166 modo
2832 3122 2922 3165 aut
2953 3112 3058 3167 alio
3088 3114 3277 3182 quovis
3308 3113 3523 3183 ingenio
3548 3129 3669 3168 cor-

2099 3221 2195 3273 pus
2227 3204 2530 3258 auferretur
2578 3212 2849 3265 sanctum,
2904 3211 3040 3256 terra
3078 3203 3203 3255 illud
3234 3203 3530 3266 abscondit,
3580 3204 3669 3257 ubi

2097 3310 2194 3365 per
2223 3294 2483 3364 plurimos
2514 3308 2687 3347 annos
2721 3294 2967 3347 homines
2989 3294 3204 3363 quidem
3232 3294 3405 3359 latuit;
3439 3304 3493 3348 at
3524 3309 3670 3350 reve-

2098 3387 2264 3441 latum
2296 3395 2379 3441 est
2414 3386 2502 3440 ubi
2537 3386 2794 3439 Dominus
2823 3385 3007 3439 voluit.
3042 3384 3216 3439 Simili
3249 3386 3407 3441 modo
3448 3396 3501 3439 et
3540 3400 3669 3440 san-

2098 3478 2167 3533 cti
2199 3476 2403 3531 Bertini
2427 3491 2623 3546 corpus
2645 3476 2917 3530 transtulit
2944 3475 3021 3546 (4)
3052 3486 3105 3530 et
3130 3477 3449 3541 recondidit,
3477 3474 3672 3529 solcm-

2100 3584 2329 3638 nemque
2376 3569 2518 3623 hunc
2565 3568 2707 3621 diem
2757 3566 2913 3622 nobis
2942 3582 3063 3622 esse
3111 3567 3372 3631 sancivit,
3408 3566 3548 3635 quod
3592 3576 3675 3621 est

2100 3660 2328 3729 septimo
2357 3658 2567 3713 decimo
2587 3658 2854 3713 Kalendas
2881 3657 3127 3728 Augusti.

2178 3748 2263 3801 12.
2307 3747 2435 3802 Post
2460 3749 2573 3801 haec
2598 3756 2776 3800 autem
2803 3746 2886 3799 Vir
2912 3746 3005 3800 Dei
3048 3745 3340 3815 Folquinus
3366 3755 3567 3817 quanto
3594 3762 3676 3802 se-

2104 3848 2320 3894 nectute
2342 3837 2587 3908 corporis
2615 3838 3048 3907 appropinquare
3089 3837 3239 3891 novit
3268 3838 3409 3893 diem
3441 3854 3550 3893 sua:
3586 3854 3672 3893 re-

2105 3931 2419 3994 solutionis,
2451 3937 2601 3984 tanto
2652 3943 2710 3983 se
2740 3928 3011 3983 assiduum
3046 3927 3280 3983 reddidit
3325 3930 3391 3982 ad
3438 3930 3675 3983 studium

2107 4032 2267 4078 recta:
2293 4023 2643 4092 operationis,
2676 4020 2855 4076 sciens
2885 4021 3185 4090 scriptum:
3228 4019 3379 4074 Beati
3414 4022 3546 4074 servi
3569 4022 3668 4083 illi,

2103 4129 2230 4183 quos
2259 4128 2374 4165 cum
2402 4112 2595 4165 venerit
2624 4110 2904 4175 Dominus,
2944 4112 3194 4165 invenerit
3223 4110 3496 4180 vigilantes
3519 4111 3671 4182 (Luc.

2109 4221 2205 4271 xit,
2233 4206 2346 4277 3'7).
2379 4207 2551 4273 Atque
2577 4204 2711 4259 adeo
2744 4204 2982 4273 quotidie
3005 4204 3070 4258 de
3094 4204 3292 4257 virtute
3344 4205 3395 4257 in
3425 4205 3679 4257 virtutem

2109 4310 2399 4359 crescens,
2447 4293 2673 4348 ardebat
2714 4292 2898 4346 videre
2946 4292 3111 4347 Deum
3145 4293 3366 4347 deorum
3423 4292 3473 4345 in
3520 4290 3670 4346 Sion.

2108 4386 2268 4441 Teste
2295 4398 2528 4454 namque
2553 4382 2753 4436 interni
2787 4381 2930 4436 illius
2958 4382 3159 4435 amoris
3180 4390 3359 4435 -erant
3387 4381 3638 4451 lacryma:
3665 4419 3678 4441 ,

2109 4478 2305 4547 quibus
2328 4476 2658 4545 prodebatur
2686 4474 2935 4527 intimum
2958 4473 3318 4535 conscientiae,
3342 4488 3462 4526 cum
3485 4473 3680 4541 quibus

2040 4598 2083 4655 υ
2112 4567 2475 4637 psalmodians
2511 4564 2723 4620 dicebat
2757 4562 3091 4631 saepissime;
3132 4561 3305 4615 Sitivit
3347 4562 3523 4613 anima
3566 4576 3681 4613 mea

2110 4660 2179 4712 ad
2206 4669 2255 4712 te
2277 4698 2291 4722 ,
2336 4656 2475 4711 Deus
2501 4669 2518 4706 :
2548 4654 2759 4725 quando
2798 4653 2999 4707 veniam
3036 4660 3083 4705 et
3106 4652 3296 4721 parebo
3326 4661 3446 4703 ante
3494 4648 3680 4715 faciem

2111 4750 2207 4805 Dei
2240 4749 2341 4803 mei
2371 4745 2543 4820 (Psal.
2574 4761 2683 4810 xu,
2716 4745 2791 4814 5).
2840 4742 3017 4814 Atque
3044 4743 3223 4796 minus
3246 4740 3460 4796 oculum
3486 4739 3684 4793 mentis

2111 4841 2177 4895 ad
2207 4855 2269 4895 ea
2298 4839 2561 4894 reducens
2581 4850 2700 4905 qua:
2718 4833 2829 4903 jam
2860 4832 3078 4888 Christo
3118 4830 3340 4901 juvante
3372 4837 3681 4898 peregerat,

2111 4932 2407 4989 secundum
2441 4928 2718 5000 apostolici
2752 4927 2985 4990 dictum;
3018 4940 3137 4995 qua:
3168 4933 3291 4981 sunt
3321 4931 3466 4978 retro
3486 4920 3687 4975 oblitus

2116 5024 2184 5077 ad
2212 5038 2273 5077 ea
2299 5037 2418 5092 qua:
2447 5028 2571 5073 ante
2596 5024 2737 5081 sunt,
2765 5016 3064 5071 extendens
3094 5030 3175 5081 se,
3204 5012 3374 5083 magis
3411 5010 3691 5081 magisque

2112 5114 2320 5184 jejunio
2351 5122 2405 5168 et
2435 5109 2629 5180 vigilia:
2656 5121 2876 5178 operam
2904 5106 3075 5170 dans,
3119 5106 3184 5159 ad
3215 5119 3278 5159 ea
3303 5115 3422 5171 quae
3462 5107 3587 5155 sunt
3615 5098 3693 5149 nl-

2121 5209 2257 5262 tiora
2283 5244 2297 5269 ,
2337 5201 2549 5260 studuit
2593 5210 2825 5257 mentem
2874 5196 3092 5252 acutius
3130 5196 3447 5252 defricatam
3474 5190 3649 5260 ignire
3678 5232 3692 5253 ,

2122 5296 2540 5369 ργξεοὶηοιὶδίιυθ
2566 5290 2763 5347 lumbis
2790 5303 2912 5341 cum
2937 5288 3205 5343 bonorum
3232 5297 3455 5356 operum
3492 5280 3696 5347 lampa—

2122 5393 2283 5430 alilmc
2340 5383 2587 5428 anno-nnis
2646 5394 2805 5426 nimie
2842 5380 2963 5426 nlen
3013 5380 3236 5424 rpnlelin
3285 5370 3701 5422 nraastolabalnr
