4516 5500
852 439 956 493 559

1921 434 2239 491 FOLCUINI
2273 432 2561 487 ABBATIS
2599 431 3002 488 LAl'BlENSIS

3977 429 4080 482 ἕω

854 548 1061 602 Domini
1089 548 1169 602 sui
1194 563 1223 601 a
1249 548 1448 616 nuptiis
1468 560 1791 616 regressum,
1816 560 1934 599 cum
1958 559 2065 613 quo
2093 552 2414 613 reg-naturus
2445 546 2491 604 Α
2520 541 2630 595 fere
2657 555 2755 610 per
2775 540 2880 595 duo
2916 540 3080 595 millia
3124 542 3195 593 ita
3224 539 3522 609 congelavit
3545 578 3559 600 ,
3592 547 3650 591 ut
3690 551 3846 591 mane
3881 552 4079 607 corpus

855 638 1082 691 intraret
1111 637 1162 691 in
1192 645 1406 692 zelernze
1454 637 1727 691 fclicitatis
1770 637 2022 707 gaudium
2061 650 2415 698 mansurum;

858 726 1146 796 gregisque
1174 726 1277 780 sibi
1307 726 1579 780 conunissi
1608 740 1792 779 curam
1821 740 2013 795 gerens
2041 725 2119 779 eis
2151 724 2295 779 verbi
2321 726 2420 778 tri-

856 816 1020 868 ticum
1058 814 1400 869 ﬁdelissimus
1449 817 1790 885 dispensator
1843 825 1953 869 toto
1999 816 2189 869 adnisu
2220 816 2424 869 submi-

857 902 1144 967 nistrabat,
1175 903 1437 957 hortando
1463 919 1556 959 cos
1581 944 1595 970 ,
1638 905 1807 958 donec
1843 913 1926 959 est
1950 904 2108 958 hodie
2139 903 2380 957 converti
2405 942 2420 967 ,

855 1004 923 1043 ne
955 990 1274 1059 improvisos
1300 992 1553 1060 coepisset
1576 990 1694 1046 dies
1722 993 1906 1045 ultima
1948 994 2206 1063 reperire.

926 1080 1011 1133 15.
1056 1079 1235 1149 Longa
1276 1096 1405 1149 ergo
1446 1089 1726 1135 senectute
1769 1081 1979 1147 fessus,
2038 1092 2097 1137 ut
2149 1093 2276 1153 puta
2329 1084 2422 1153 qui

854 1169 1323 1238 quadragesimum
1349 1171 1399 1224 in
1424 1172 1734 1239 episcopatu
1762 1171 1871 1226 fere
1894 1185 2172 1243 peregerat
2200 1190 2418 1238 annum,

857 1276 977 1313 cum
1003 1258 1116 1327 jam
1149 1276 1252 1314 non
1284 1270 1468 1330 posset
1498 1262 1709 1330 publice
1734 1263 2019 1316 missarum
2053 1264 2128 1334 (5)
2163 1264 2421 1319 solemnia

860 1350 1157 1411 celebrare,
1185 1350 1401 1416 cognito
1431 1350 1531 1403 hoc
1557 1364 1670 1413 rex,
1708 1349 1797 1404 illo
1823 1351 1999 1405 adhuc
2022 1353 2253 1417 vivente,
2282 1353 2423 1420 quod

856 1448 1042 1493 contra
1070 1455 1306 1495 canones
1330 1450 1467 1505 erat,
1498 1456 1867 1495 successorem
1893 1443 1941 1495 ei
1967 1444 2275 1513 episcopum
2301 1445 2425 1500 des-

857 1532 1079 1596 tinavit;
1114 1531 1253 1601 quod
1282 1534 1506 1587 audiens
1544 1542 1765 1587 sanctus
1792 1534 1982 1602 praasul
2022 1546 2191 1589 semet
2214 1537 2426 1605 episco—

854 1619 963 1689 pali
1010 1635 1159 1675 more
1201 1622 1524 1690 prmparavit
1573 1622 1638 1675 ad
1673 1621 2088 1677 celebrationem
2120 1625 2329 1688 missae,
2371 1634 2425 1679 et

855 1726 1015 1765 omne
1076 1713 1433 1766 ministerium
1482 1714 1884 1782 supplantature
1932 1724 2142 1768 astante
2189 1715 2428 1784 implevit

857 1800 1251 1855 strenuissime.
1283 1802 1357 1864 At,
1378 1802 1466 1855 ubi
1489 1814 1707 1856 ventum
1735 1814 1818 1858 est
1842 1803 1909 1858 ad
1939 1805 2192 1869 dandam,
2231 1814 2286 1856 ut
2314 1805 2422 1873 epi-

2519 642 2763 687 sanctum
2813 632 3182 687 deferentibus
3230 632 3598 685 ﬁrmissimum
3653 643 3790 697 aqua
3835 644 4077 698 gressum

2520 736 2614 789 per
2639 721 2861 790 glaciem
2894 723 3159 789 pratbcret
3198 720 3470 775 euntibus.
3530 718 3849 786 Deportatus
3897 727 4077 772 autem

2523 822 2769 880 receptus
2794 820 2877 863 est
2919 826 3038 863 cum
3080 810 3253 865 cereis
3302 818 3355 862 et
3410 805 3845 862 thimiamateriis
3891 807 3957 859 ab
3989 806 4081 861 illo

2522 903 2907 956 monachorum
2960 902 3395 956 reverentissimo
3456 898 3903 966 sanctissimoquc
3956 912 4086 951 con-

2522 1000 2708 1056 ventu,
2738 991 2951 1045 obviam
2988 992 3156 1045 sacris
3180 989 3503 1059 procedente
3530 988 3801 1056 exsequiis
3830 1002 3951 1041 cum
3983 987 4083 1039 im-

2521 1082 2730 1137 modica
2757 1081 3093 1135 multitudine
3116 1082 3320 1152 plebis;
3354 1082 3550 1151 quibus
3587 1079 3760 1133 ofﬁcia
3790 1092 3911 1131 cum
3936 1077 4085 1130 omni

2522 1172 2822 1236 honestate,
2847 1181 2903 1225 ut
2934 1187 3019 1226 res
3045 1172 3286 1225 funebris
3309 1170 3561 1241 postulat,
3587 1169 4087 1224 eonsummautibus

2526 1264 2764 1318 induitur
2792 1263 2865 1316 uti
2891 1264 3060 1316 sacris
3089 1262 3351 1317 altaribus
3389 1270 3573 1315 astans
3609 1269 3725 1314 erat
3767 1259 3989 1322 solitus,
4032 1265 4090 1310 et

2527 1355 2577 1407 in
2628 1356 2813 1408 eodem
2868 1354 2984 1407 Ioeo
3017 1370 3121 1423 quo
3158 1356 3271 1424 ipse
3299 1354 3569 1420 elegerat,
3618 1352 3890 1406 inducitur
3912 1360 4091 1403 tumu-

2526 1445 2738 1500 landus.
2792 1444 3041 1514 Sepultus
3082 1455 3165 1500 est
3191 1455 3371 1499 autem
3402 1445 3469 1498 ad
3515 1444 3655 1497 latus
3685 1441 3860 1497 sancti
3888 1436 4092 1495 Bertini

2526 1537 2773 1590 dextrum
2798 1551 2901 1590 non
2922 1534 3052 1591 ‘sine
3078 1536 3308 1591 astantis
3332 1535 3513 1606 populi
3548 1535 3780 1588 maximo
3808 1534 3972 1588 luctu.

2598 1628 2684 1682 16.
2722 1628 2917 1682 Fertur
2942 1642 3153 1697 quoque
3184 1643 3213 1681 a
3254 1628 3557 1683 senioribus
3580 1667 3593 1687 ,
3640 1625 3890 1680 eumdem
3917 1623 4090 1678 virum

2528 1721 2621 1774 Dei
2653 1734 2847 1788 equum
2875 1719 3160 1787 quemdam
3187 1719 3439 1773 habuisse
3470 1716 3621 1771 mirae
3657 1716 3917 1771 scientize.
3951 1713 4087 1768 I’ro-

2531 1810 2739 1863 fecturo
2769 1821 3002 1875 namque
3028 1808 3319 1863 secundum
3362 1807 3503 1877 quod
3546 1805 3842 1860 necessitas
3872 1811 4093 1872 expete-

854 1892 1035 1960 scopis
1064 1906 1179 1945 mos
1204 1900 1308 1957 est,
1342 1893 1771 1948 benedictionem
1790 1934 1803 1957 ,
1836 1908 1994 1947 νει-ευ
2031 1894 2219 1948 ordine
2244 1904 2423 1963 protu-
2455 1883 2497 1940 Β
2528 1899 2637 1961 bat,
2670 1899 2893 1969 genibus
2919 1899 3070 1953 ﬂexis
3098 1908 3286 1952 sancto
3314 1898 3465 1952 oneri
3490 1905 3681 1966 sponte
3724 1906 3872 1965 terga
3898 1894 4095 1947 subde-

856 1980 920 2035 Iit
978 1980 1437 2037 maledictionem.
1511 1984 1584 2040 At
1638 1984 1713 2038 illi
1779 1986 1969 2053 trepidi
2014 2000 2135 2040 cum
2185 1986 2427 2040 ascensis

857 2070 1013 2139 cquis
1038 2072 1113 2141 (6)
1142 2072 1207 2125 ad
1244 2073 1460 2142 propria
1484 2084 1746 2142 cuperent
1773 2075 1969 2128 reverti
1995 2091 2008 2139 ;
2043 2076 2095 2128 in
2125 2076 2300 2129 media
2336 2077 2422 2131 via

854 2160 1227 2230 supplantator
1250 2163 1486 2232 episcOpi
1520 2164 1586 2217 de
1629 2179 1769 2235 equo
1806 2164 1988 2234 lapsus
2017 2166 2173 2220 relisa
2217 2169 2427 2223 cervice

855 2250 1103 2317 spiritum
1133 2250 1333 2306 efﬂavit
1355 2253 1499 2317 vitae,
1528 2268 1842 2322 omnesque,
1882 2256 1972 2325 qui
1998 2272 2118 2311 cum
2149 2257 2238 2312 illo
2268 2273 2429 2314 vene-

857 2348 1005 2405 rant,
1032 2340 1171 2394 infra
1204 2356 1405 2395 annum
1435 2344 1601 2397 variis
1622 2342 1865 2398 cladibus
1887 2346 2220 2414 expirat-unt.

925 2430 1013 2484 M.
1054 2431 1220 2501 Igitur
1268 2432 1585 2487 adveniente
1635 2433 1937 2487 vocationis
1985 2450 2094 2487 suae
2146 2444 2425 2504 tempore,

856 2521 1108 2590 quamvis
1148 2520 1391 2590 longzevo
1424 2531 1744 2592 gravaretur
1793 2522 1979 2586 senio,
2027 2524 2286 2593 episeOpii
2346 2526 2427 2579 sui

855 2612 1143 2681 parochias
1170 2613 1405 2667 circuire
1430 2612 1670 2666 decrevit
1693 2652 1707 2673 ,
1741 2612 1843 2666 sibi
1890 2614 2093 2681 pariter
2127 2622 2181 2667 et
2202 2615 2431 2668 subditis

863 2702 1156 2757 salubriter
1184 2714 1438 2773 oportere
1468 2704 1668 2767 sciens,
1702 2713 1761 2756 ut
1785 2703 2040 2757 Ecclesiae
2067 2704 2225 2769 ﬁlios,
2257 2705 2302 2759 si
2334 2705 2433 2758 ali-

859 2794 982 2849 cubi
1010 2809 1041 2847 a
1072 2795 1261 2847 matris
1288 2794 1493 2862 gremio
1520 2802 1797 2847 errasscnt
1818 2793 2103 2858 deviando,
2130 2795 2431 2848 secundum

856 2899 1122 2940 canonum
1170 2893 1373 2938 statuta
1414 2883 1678 2937 flectendo
1720 2885 1787 2938 ad
1824 2885 2069 2937 eamdem
2110 2885 2427 2948 reduceret,

859 2976 1338 3047 prazdicationibus
1367 2975 1723 3030 exhortando.
1757 2974 1874 3028 Tali
1921 2983 2101 3027 autem
2133 2976 2310 3029 studio
2344 2984 2426 3028 ta-

856 3066 1003 3136 lique
1038 3066 1323 3120 devotione
1375 3065 1443 3119 ad
1490 3062 1774 3119 ecclesiam
1823 3064 1877 3117 in
1926 3062 2217 3131 Mempisco
2271 3064 2430 3117 sitam

858 3154 1187 3210 llicclesbeke
1209 3155 1284 3224 (7)
1321 3162 1704 3224 nuncupatam,
1736 3153 1822 3221 pia
1850 3154 2078 3207 accessit
2098 3154 2428 3208 curiositate.

857 3246 991 3300 Inibi
1019 3255 1196 3299 autem
1228 3260 1337 3299 non
1373 3244 1597 3299 multum
1634 3258 2007 3306 connnorans,
2032 3258 2153 3297 cum
2186 3243 2297 3312 jam
2342 3258 2434 3297 co-

858 3336 1057 3406 gitaret
1104 3336 1336 3399 reverti,
1389 3336 1553 3405 erepit
1617 3335 1766 3405 gravi
1814 3331 2130 3403 aegritudine
2192 3333 2431 3401 fatigari.

859 3428 1012 3483 'l‘unc
1041 3429 1358 3483 convocatis
1373 3426 1670 3496 discipulis,
1700 3442 1793 3481 eos
1823 3426 2179 3493 omnipotenti
2206 3427 2433 3480 Domino

858 3519 1275 3583 commendans,
1325 3518 1458 3573 recti
1489 3516 1699 3571 itineris
1727 3515 1996 3569 tramitem
2043 3532 2151 3570 non
2202 3516 2436 3570 derelin-

857 3625 1027 3680 quere
1053 3609 1356 3664 diutissima
1379 3607 1747 3663 admonitione
1775 3604 2064 3674 persuasit;
2092 3606 2159 3659 ad
2186 3605 2433 3659 ultimum

858 3704 1238 3759 benedictione
1287 3703 1657 3765 conﬁrmans,
1711 3700 1945 3756 reddidit
1999 3702 2239 3770 gaudens
2295 3701 2434 3756 cmlo

859 3795 1093 3850 animam
1111 3794 1186 3865 (8)
1214 3802 1523 3848 sanctorum
1545 3793 1775 3846 cmtibus
1804 3792 2241 3845 consociandam.
2266 3790 2436 3845 Tran-

859 3887 951 3940 siit
979 3894 1160 3940 autem
1206 3899 1349 3938 anno
1399 3884 1789 3938 incarnationis
1833 3881 2125 3935 Dominicae
2156 3882 2437 3952 Octingen-

864 3976 1062 4030 tesimo
1084 3975 1530 4046 quinquagesimo
1550 3974 1758 4043 quinto,
1786 3972 2075 4026 indictione
2101 3973 2279 4037 tertia,
2301 3972 2435 4028 feria

864 4067 1095 4136 septima
1122 4074 1549 4136 vesperascente;
1581 4064 1672 4135 qui
1695 4072 1812 4119 erat
1841 4078 2016 4117 anuus
2043 4064 2262 4133 gloriosi
2290 4063 2433 4133 regis

862 4155 1042 4212 Caroli
1071 4156 1164 4209 Illii
1194 4156 1451 4210 Ludovici
1479 4155 1697 4224 quintus
1719 4153 1980 4219 decimus,
2011 4162 2066 4209 et.
2095 4154 2437 4223 episcOpatus

863 4248 1035 4317 ipsius
1072 4247 1214 4301 beati
1252 4245 1496 4316 praesulis
1524 4243 1971 4314 quadragesimus
1994 4283 2009 4308 ,
2051 4244 2263 4298 decimo
2293 4259 2437 4297 nono

866 4337 1139 4392 Kalendas
1161 4333 1425 4389 Januarii.
1458 4334 1761 4404 Rogaverat
1799 4342 1979 4386 autem
2008 4333 2184 4387 adhuc
2209 4335 2397 4387 vivens
2421 4375 2435 4396 ,

864 4439 923 4483 ut
950 4430 1253 4498 ubicunque
1281 4427 1457 4481 exitus
1483 4424 1601 4492 ejus
1626 4424 1897 4481 accideret
1922 4464 1937 4489 ,
1978 4441 2173 4495 corpus
2204 4425 2348 4479 illius
2373 4427 2438 4480 ad

865 4523 1039 4579 Sit/tiu
1064 4520 1451 4576 monasterium
1476 4521 1530 4573 in
1558 4518 1779 4574 basilica
1808 4518 1983 4573 sancti
2018 4518 2225 4574 Bertini
2255 4528 2436 4573 tumu-

863 4618 1079 4673 landum
1112 4613 1432 4671 deferretur.

937 4707 1027 4762 15.
1079 4706 1353 4776 Gregatim
1398 4705 1561 4775 igitur
1604 4703 1696 4757 illo
1745 4702 1998 4759 defuncto
2041 4702 2109 4757 ad
2154 4702 2440 4771 exsequias

864 4798 1009 4854 beati
1040 4798 1286 4867 corporis
1325 4797 1565 4867 undique
1607 4796 2027 4861 confluentibus,
2084 4812 2205 4851 cum
2254 4795 2436 4849 clerici

866 4891 1012 4945 illius
1041 4883 1361 4944 difﬁcultate
1402 4888 1613 4942 itineris
1645 4898 2039 4955 conquerentes
2063 4897 2434 4955 gravarentur,

866 4981 933 5034 ad
952 4980 1190 5034 divinum
1220 4992 1279 5033 se
1304 4978 1562 5032 auxilium
1588 4977 1957 5032 contulerunt.
1990 4976 2142 5033 Tunc
2167 4978 2218 5032 in
2246 4977 2435 5032 eadem

867 5080 1023 5124 nocte
1050 5069 1211 5124 ﬂante
1235 5078 1395 5123 vento
1421 5069 1645 5124 australi
1677 5068 1855 5123 omnis
1882 5067 1970 5121 illa
1998 5083 2259 5137 aquarum
2298 5069 2441 5122 indi-

866 5161 1122 5216 mctibilis
1167 5160 1528 5232 profunditas,
1575 5175 1679 5229 qua
1731 5160 1968 5229 cingitur
2011 5158 2185 5212 Sithiu
2231 5159 2435 5225 insula,

940 5301 1017 5371 (5)
1058 5301 1259 5356 Eadem
1287 5301 1453 5356 verba
1511 5300 1678 5355 habet
1715 5314 1874 5371 supra
1900 5298 2211 5371 _Folcu_inus
2248 5313 2429 5352 mona-

869 5367 1024 5454 chus,
1056 5372 1316 5455 aitquejd
1340 5388 1397 5458 se
1420 5372 1693 5453 accepisse
1714 5386 1744 5423 a
1765 5368 2042 5458 W’i‘c’f‘redo
2070 5367 2438 5423 Tarvennensi

2463 4567 2513 4626 D

2525 1991 2636 2045 bat.
2686 1991 2839 2046 llunc
2884 2000 3065 2045 autem
3101 1999 3261 2043 tanta:
3301 1988 3541 2043 scientia:
3570 2003 3766 2058 equmn
3812 1985 4096 2040 Fratribus

2526 2082 2782 2147 dandum,
2802 2082 3058 2137 feretrum
3081 2088 3409 2151 praeeuntem
3434 2078 3613 2132 ferunt
3639 2078 3966 2146 Iacrymassc
3993 2074 4094 2142 (9),

2527 2189 2740 2229 onmem
2799 2173 3071 2228 hominem
3130 2171 3273 2227 ferre
3318 2171 3571 2238 deinceps
3624 2180 3942 2229 recusasse,
3997 2177 4098 2217 nec

2526 2276 2743 2330 passum
2772 2275 2889 2316 esse
2916 2268 3040 2328 post
3068 2259 3307 2313 membra
3340 2258 3470 2311 tanti
3502 2256 3772 2325 pontiﬁcis
3812 2250 4101 2321 voluptati-

2526 2352 2627 2403 bus
2653 2349 2929 2403 descrvire
2956 2347 3183 2412 alicujus
3212 2346 3467 2409 hominis,
3516 2345 3606 2413 qui
3656 2359 3762 2397 non
3793 2343 3951 2411 longo
3980 2348 4100 2409 post

2529 2449 2772 2507 tempore
2832 2446 3111 2499 mortuus,
3163 2450 3284 2489 cum
3338 2432 3559 2488 canibus
3615 2432 3770 2486 cibus
3824 2433 4099 2500 appOsitus

2527 2538 2691 2591 esset,
2719 2544 2748 2581 a
2775 2527 2919 2580 nullo
2947 2542 3136 2579 eorum
3166 2534 3246 2578 est
3273 2538 3454 2577 morsu
3489 2531 3775 2575 attractus.
3809 2520 3924 2575 Non
3948 2522 4091 2574 enim

2528 2618 2709 2673 decuit
2730 2615 2845 2684 ejus
2872 2623 3105 2670 cadaver
3138 2615 3437 2683 expositum
3483 2627 3643 2667 canes
3683 2626 3987 2681 cervosque
4015 2626 4101 2665 re-

2530 2710 2759 2765 ﬁciendo
2816 2708 3044 2771 farcire,
3096 2715 3411 2772 meatusque
3442 2703 3653 2757 illorum
3688 2704 3919 2757 faucium
3961 2719 4099 2773 pra:-

2530 2802 2729 2864 terire,
2774 2814 2935 2868 supra
2964 2812 3129 2867 quem
3159 2796 3417 2862 frequens
3456 2792 3658 2848 Christi
3714 2794 3890 2846 oratio
3924 2792 4103 2846 mitte-

2529 2890 2688 2944 batur
2716 2889 2783 2943 ab
2813 2888 3095 2942 insidentis
3120 2886 3345 2941 cordiali
3373 2884 3680 2948 devotione;
3715 2882 3795 2936 fas
3818 2883 3963 2937 enim
3996 2896 4102 2935 non

2530 2990 2613 3035 est
2643 2981 2865 3034 credere
2911 2986 3156 3032 sanctum
3190 2974 3385 3029 fabulis
3428 2973 3749 3029 delectatum
3774 2986 3911 3026 esse.
3951 2971 4105 3037 Quod

2532 3072 2773 3125 videntes
2795 3070 2940 3123 cives
2967 3069 3200 3121 humano
3224 3080 3345 3119 eum
3376 3078 3526 3117 more
3552 3062 3894 3131 sepelierunt,
3920 3076 4102 3129 quem,

2535 3170 2592 3215 ut
2620 3162 2751 3224 dixi,
2782 3160 2940 3214 bruta
2973 3158 3161 3212 feritas
3186 3170 3378 3211 canum
3405 3155 3638 3224 quadam
3658 3194 3670 3216 ,
3703 3161 3759 3206 ut
3800 3152 3875 3206 ita
3905 3154 4103 3216 dicam,

2536 3252 2897 3307 admiratione
2929 3258 3185 3304 venerata
3215 3258 3320 3303 est.

2606 3343 2692 3396 17.
2753 3341 3068 3410 Contigerat
3122 3355 3227 3394 non
3274 3340 3430 3410 longe
3477 3346 3596 3407 post
3662 3339 3775 3392 haec
3820 3337 4105 3407 quemdam

2535 3430 2781 3501 praedicti
2815 3428 3108 3483 Sithiensis
3142 3428 3374 3483 coenobii
3399 3427 3741 3491 monachum,
3775 3425 3933 3493 hujus
3966 3426 4108 3480 beati

2534 3522 2635 3575 viri
2660 3520 2988 3589 aequirocum
3012 3518 3323 3587 (Folquinus
3346 3518 3489 3571 enim
3515 3516 3850 3587 vocabatur),
3874 3517 4110 3585 graviter

2535 3610 2862 3666 inﬁrmatum
2896 3623 2990 3678 per
3013 3611 3168 3677 longa
3191 3605 3301 3675 jam
3328 3608 3531 3675 spatio,
3565 3615 3624 3658 ut
3650 3621 3752 3659 non
3784 3616 3966 3674 posset
3996 3608 4100 3660 nisi

2534 3717 2657 3757 cum
2701 3700 3013 3757 baculorum
3061 3700 3272 3769 gemina
3314 3701 3400 3753 vix
3432 3698 3824 3753 sustentatione
3849 3698 3948 3750 ire.
4010 3696 4110 3750 llic

2536 3792 2621 3846 die
2674 3792 2905 3860 quadam
2975 3790 3179 3845 doloris
3227 3791 3504 3844 nimietate
3569 3797 3825 3858 gravatus
3871 3788 4115 3841 decrevit

2535 3883 2761 3946 virtute,
2797 3897 2901 3950 qua
2930 3890 3163 3949 poterat,
3190 3881 3255 3934 ad
3278 3880 3448 3933 altare
3474 3879 3641 3933 sancti
3665 3876 3868 3931 Bertini
3894 3878 4109 3952 patroni

2536 3974 2828 4043 procedere
2868 3987 2966 4041 pro
2991 3973 3184 4026 animm
3230 3970 3495 4038 simulque
3531 3969 3775 4036 corporis
3810 3968 3982 4021 salute
4011 3967 4110 4020 de-

2535 4071 2853 4133 precaturus
2877 4103 2891 4126 ,
2918 4062 3022 4131 sed
3049 4061 3129 4129 (ut
3153 4059 3315 4113 situm
3342 4056 3587 4112 ecclesiae
3622 4055 3988 4109 nescientibus
4022 4054 4109 4107 di-

2537 4155 2677 4223 cam)
2728 4152 3059 4207 intrantibus
3108 4167 3138 4205 a
3188 4150 3408 4219 regione
3460 4146 3762 4201 meridiana
3806 4145 4115 4200 intercludit

2538 4244 2709 4301 sancti
2740 4243 2918 4297 Patris
2948 4242 3189 4311 przedicti
3241 4242 3422 4295 tumba
3453 4247 3577 4293 ante
3603 4239 3811 4307 posita,
3854 4238 3995 4306 quod
4023 4246 4108 4292 est

2538 4336 2863 4404 praecipuum
2912 4333 3083 4389 sancti
3129 4332 3343 4385 Martini
3398 4329 3605 4394 altare;
3658 4340 3820 4397 atque
3884 4328 4003 4381 ideo
4057 4327 4111 4381 in

2539 4430 2761 4485 dextera
2785 4427 2954 4496 ipsius
2984 4435 3136 4494 parte
3164 4425 3397 4493 primum
3426 4422 3665 4477 occurrit
3691 4420 3834 4474 beati
3862 4418 4112 4488 Folquini

2541 4518 2777 4574 tumulus
2798 4517 2863 4570 ad
2882 4515 2992 4583 jam
3018 4514 3215 4568 dictam
3243 4514 3395 4582 prius
3414 4511 3653 4565 tumbam
3679 4511 3758 4564 ire
3782 4509 4111 4563 volentibus.

2538 4610 2682 4664 Idem
2706 4606 2960 4678 praefatus
2989 4605 3283 4659 monachus
3305 4603 3415 4673 jam
3447 4605 3513 4656 ad
3538 4603 3681 4658 beati
3712 4600 3961 4670 Folqnini
3991 4614 4117 4667 per-

2538 4708 2761 4757 venerat
2791 4697 3095 4767 sepulcrum
3118 4736 3133 4761 ,
3181 4710 3302 4750 cum
3347 4703 3565 4762 repente
3594 4693 3779 4747 nescio
3807 4707 3909 4761 qua
3937 4690 4119 4743 horri-

2540 4792 2799 4863 pilatione
2825 4802 3121 4844 concussus
3144 4826 3159 4851 ,
3209 4785 3597 4839 dissilientibus
3638 4784 3763 4837 hinc
3805 4784 3929 4836 inde
3960 4781 4117 4835 fusti-

2542 4886 2661 4944 bus,
2693 4895 2935 4952 praeceps
2958 4894 3118 4947 supra
3143 4886 3388 4932 sauctum
3420 4874 3684 4929 tumulum
3714 4874 3856 4937 ruit,
3894 4883 4118 4926 nactus-

2544 4990 2647 5045 que
2671 4974 2810 5026 hanc
2830 4971 3207 5031 occasionem,
3244 4966 3433 5029 Deum,
3475 4964 3520 5019 si
3547 4966 3699 5029 cujus
3726 4962 3866 5031 apud
3890 4976 3948 5015 se
3972 4968 4119 5016 esset

2546 5067 2724 5121 meriti
2748 5066 2923 5118 anima
2949 5060 3194 5132 praesulis
3218 5058 3349 5112 inibi
3375 5057 3589 5126 sepulti,
3607 5071 3701 5125 per
3721 5054 3839 5122 ejus
3867 5052 4120 5107 ﬂebiliter

2547 5156 2870 5228 supplicavit
2920 5150 3406 5213 intercessionem,
3463 5156 3521 5199 ut
3563 5147 3816 5200 amissam
3878 5144 3968 5197 diu
4015 5141 4118 5197 sibi

2552 5301 2811 5353 hactenus
2838 5290 3013 5343 dictus
3051 5282 3393 5348 Hekelsbeke,
3428 5282 3494 5336 ad
3519 5281 3718 5336 lscram
3756 5294 3995 5345 amnem,
4026 5280 4119 5349 qui

2546 5369 2718 5424 inﬂuit
2745 5367 2795 5416 in
2829 5362 3051 5415 Pellam.
