4516 5500
397 419 492 474 541

1391 408 1479 463 DE
1515 403 1758 461 GESTIS
1796 400 2112 460 ABBATUM
2156 398 2639 454 ιΑυΒιελδιυδι.

3530 399 3636 453 ΜΞ

396 526 684 598 optabilem
712 522 958 579 redderet
987 520 1295 575 sanitatem.
1351 516 1459 571 Nec
1503 516 1725 569 multum
1767 512 1838 568 ibi
1882 511 1963 581 ja-
1996 517 2036 572 Α
2068 526 2171 579 qua
2209 519 2425 564 sanctus
2462 509 2597 565 civis
2631 508 2930 579 tegebatur,
2967 518 3265 579 exposcunt
3295 529 3307 564 :
3337 511 3427 579 qui
3457 514 3640 567 consi-

400 632 532 672 cens
559 614 764 669 orando
796 621 1035 666 moratus
1062 652 1074 674 ,
1107 625 1230 663 mox
1264 608 1334 661 ita
1366 607 1605 660 surrexit
1634 604 1917 659 ineolumis
1948 644 1960 667 ,

398 716 458 761 ιη
484 704 821 776 stupentibus
863 704 1073 757 cunctis
1124 702 1325 770 gratias
1361 699 1468 753 Deo
1516 698 1781 755 referret.
1838 712 1963 764 pro-

397 796 532 867 priis
597 798 713 849 sine
784 792 943 846 ullius
1016 789 1344 844 adminiculo
1420 789 1675 843 incedens
1748 787 1965 856 plantis.

398 888 481 941 Ab
534 885 649 956 ipso
705 900 836 955 ergo
905 884 990 938 die
1066 882 1207 936 beati
1280 881 1379 935 viri
1448 880 1683 934 ttnnnlus
1750 877 1971 945 majoris

402 975 622 1032 honoris
667 973 969 1028 reverentia
1024 980 1107 1027 est
1165 971 1415 1033 habitus;
1489 970 1737 1037 idemque
1787 984 1972 1022 mona-

400 1067 537 1120 cbus
566 1075 810 1128 sanatus,
844 1061 1097 1133 quoniam
1127 1061 1475 1130 grammatice
1506 1070 1623 1114 erat
1656 1060 1971 1119 instructus,

402 1160 473 1212 ita
507 1158 620 1213 haec
660 1158 898 1228 elegiaco
944 1163 1117 1209 metro
1156 1153 1585 1223 comprehendit,
1634 1153 1878 1206 scribens
1922 1151 1974 1205 in

404 1246 520 1316 ejus
550 1251 786 1302 tumulo:

525 1328 738 1379 Folcniui
768 1327 1042 1377 veneranda
1077 1326 1233 1374 Patris
1258 1327 1330 1373 hic
1367 1326 1583 1371 membra
1610 1325 1849 1386 locantur,

590 1392 807 1439 Antistes
826 1392 1005 1437 dudum
1034 1390 1110 1446 qui
1134 1387 1293 1436 fuerat
1318 1388 1575 1435 Morinum.

528 1450 748 1509 Quinque
770 1460 944 1508 quater
967 1451 1106 1495 denis
1134 1463 1241 1496 vna:
1264 1450 1360 1495 dux
1389 1450 1570 1495 exstitit
1598 1448 1763 1505 annis,

592 1512 773 1567 Mente,
801 1520 1010 1568 artaque
1036 1513 1113 1565 pio
1136 1510 1260 1566 iussa
1290 1510 1533 1569 Opt'rzlttdo
1562 1509 1650 1555 Ι)‹ι1
1678 1522 1690 1532 ’

529 1572 737 1631 Atqued
761 1586 788 1619 e
809 1582 984 1632 tptartu
1010 1572 1200 1618 decium
1228 1572 1509 1617 Decembris
1534 1571 1593 1615 ab
1614 1570 1736 1616 orbe

592 1633 837 1692 Sumptus,
866 1634 1175 1693 apostoieunt
1197 1635 1375 1693 gaudet
1414 1633 1551 1679 adire
1576 1634 1791 1677 chorum.

481 1722 568 1777 l8.
609 1721 873 1776 Omnibus
904 1722 1066 1824 igitur
1094 1730 1212 1788 post
1240 1721 1339 1773 hoc
1368 1719 1511 1773 beati
1544 1720 1641 1773 viri
1672 1720 1862 1773 merita
1895 1733 1987 1773 ve-

410 1814 748 1879 nerantibus,
790 1823 850 1867 ut
881 1813 984 1868 vox
1016 1813 1313 1868 Salvatoris
1352 1815 1670 1881 probaretur
1713 1813 1978 1867 dicentis:

413 1904 564 1959 Nihil
592 1917 823 1975 opertum
846 1905 984 1973 quod
1008 1922 1110 1958 non
1137 1904 1408 1963 rerelelur,
1442 1920 1601 1972 neque
1626 1904 1985 1957 absconditum

408 1998 548 2067 quod
586 2014 688 2050 non
731 1998 932 2049 sciatur
962 1996 1188 2065 (Matth.
1234 2012 1286 2058 χ,
1326 1994 1447 2063 26).
1480 1995 1671 2049 Pastor
1714 2004 1988 2063 pastorutn

409 2090 599 2143 vicarii
634 2087 745 2158 (10)
778 2089 857 2142 sui
898 2103 1022 2141 ossa
1066 2086 1235 2140 nolnit
1281 2088 1379 2140 sub
1412 2095 1553 2139 terra
1582 2087 1752 2155 posita
1793 2086 1992 2140 diutius

412 2179 751 2240 delitescere,
786 2177 878 2231 sed
912 2177 1275 2231 venerandam
1314 2175 1573 2229 almitatis
1610 2174 1727 2243 ejus
1765 2176 1991 2244 gloriam

410 2269 582 2321 voluit
612 2269 861 2322 omnibus
891 2268 1198 2321 hominibus
1242 2266 1544 2335 propalare.
1581 2267 1735 2320 Anno
1762 2282 1996 2335 namque

412 2358 743 2414 felicissima:
784 2356 1173 2412 incarnationis
1203 2357 1410 2410 Domini
1448 2357 1613 2410 nostri
1640 2356 1763 2410 Jesu
1794 2356 1992 2410 Christi

414 2450 787 2520 nogentesimo
811 2449 1067 2503 vicesimo
1089 2459 1302 2509 octavo,
1330 2448 1622 2501 indictione
1644 2448 1836 2517 prima,
1868 2457 1999 2502 tem-

411 2557 545 2613 pore
588 2540 766 2595 Caroli
814 2540 977 2609 regis,
1019 2538 1234 2603 reclusi,
1280 2538 1487 2592 duobus
1531 2539 1643 2607 (11)
1690 2538 1996 2607 spectabilis

414 2645 659 2699 personae
694 2629 851 2699 longe
896 2629 1116 2682 remotis
1156 2628 1378 2682 crebras
1424 2643 1520 2696 per
1550 2628 1784 2697 quietem
1827 2628 1999 2682 noctis

414 2718 595 2789 prodit
636 2719 890 2782 visiones,
936 2726 1203 2786 quatenus
1252 2716 1427 2771 Sitbiu
1480 2717 1742 2772 famosum
1792 2718 2001 2772 adirent

415 2806 759 2871 Cmnobium,
798 2823 861 2861 ac
903 2807 1228 2861 venerabilis
1257 2808 1430 2861 sancti
1469 2807 1714 2877 praesulis
1750 2806 2000 2875 Folquiui

414 2900 660 2955 membra
686 2900 947 2965 levantes,
980 2902 1047 2955 ad
1080 2902 1275 2956 debita:
1303 2901 1667 2955 venerationis
1694 2915 2002 2970 prteparan-

416 2997 510 3043 tur
536 2989 878 3061 obsequium.
904 2990 1004 3057 Qui
1046 2989 1297 3061 gaudenti
1344 2990 1525 3043 animo
1546 2989 1696 3059 jnssa
1728 2988 2002 3057 complen-

418 3091 525 3145 tes,
575 3091 837 3151 apparatu
884 3097 991 3151 quo
1032 3090 1283 3150 poterant
1322 3081 1388 3135 ad
1432 3080 1612 3135 Sithiu
1648 3079 1759 3149 jam
1800 3081 2001 3135 dictum

418 3171 712 3225 adveniunt
742 3171 1127 3225 Monasterium
1150 3211 1164 3235 ,
1203 3172 1465 3224 adventus
1502 3171 1582 3224 sui
1631 3185 1848 3224 causam
1892 3172 2000 3225 Ira-

2073 604 2199 655 iitnn
2252 604 2339 654 ditt
2395 617 2825 670 quaquaversum
2872 610 3123 671 poterant
3169 603 3523 667 trtttinantes,
3576 605 3642 657 ad

2070 691 2294 746 Adoloﬂi
2332 691 2589 745 Generosi
2642 702 2766 745 tunc
2811 692 3068 760 temporis
3108 691 3204 745 loci
3252 692 3393 744 illius
3428 692 3644 745 cmnitis

2072 794 2125 838 et
2150 784 2358 837 abbatis
2389 784 2631 836 notitiam
2656 784 2978 844 detulerunt,
3006 783 3361 852 consultoun
3386 783 3496 853 (12)
3528 782 3649 839 Ste-

2072 876 2251 944 phano
2276 874 2515 941 ejusdem
2542 874 2799 940 temporis
2829 873 3265 927 reverentissimo
3294 872 3647 927 Tarveunen-

2076 963 2149 1016 sis
2177 962 2417 1016 ecrlesim
2463 962 2744 1031 episcopo,
2773 962 3046 1015 communi
3092 963 3333 1016 omnium
3376 962 3653 1018 voluntate

2078 1067 2197 1104 cum
2226 1052 2397 1105 cereis
2427 1061 2480 1104 et
2506 1051 2671 1104 choro
2714 1050 3077 1119 psallentium,
3112 1061 3275 1119 atque
3314 1051 3460 1105 omni
3493 1051 3653 1105 cleri-

2080 1156 2261 1195 corum
2293 1151 2547 1210 apparatu
2580 1140 2702 1195 ldus
2732 1139 3049 1195 Novembris
3077 1140 3165 1195 die
3190 1141 3556 1205 illucescente,
3588 1140 3657 1195 ad

2082 1233 2251 1286 sancti
2292 1233 2389 1285 viri
2424 1232 2683 1285 tumulum
2722 1241 2941 1286 ventum
2973 1242 3079 1293 est,
3120 1232 3449 1302 elevatisqoe
3480 1231 3656 1288 sancti

2083 1327 2324 1393 corporis
2368 1324 2645 1386 membris,
2678 1332 2840 1391 atque
2883 1323 2989 1376 illic
3016 1322 3311 1383 collocatis,
3344 1324 3395 1377 in
3430 1322 3547 1377 loco
3578 1332 3660 1375 tu-

2085 1415 2210 1469 muli
2240 1414 2409 1468 altare
2441 1422 2776 1477 constructo,
2809 1413 2951 1467 diem
2986 1412 3128 1466 illam
3154 1413 3400 1467 cantibus
3429 1422 3483 1466 et
3524 1426 3657 1481 gau-

2086 1505 2189 1558 diis
2233 1504 2433 1556 duxere
2483 1502 2770 1557 festivam:
2824 1502 3185 1571 explicitoque
3228 1503 3402 1557 olIieio
3453 1503 3659 1570 refecti,

2086 1594 2286 1663 quique
2317 1594 2381 1645 ad
2411 1594 2624 1661 propria
2654 1602 2780 1661 sunt
2810 1593 3032 1647 reversi.

2160 1724 2245 1779 19.
2285 1723 2378 1778 His
2415 1725 2577 1795 igitur
2606 1725 2683 1779 sic
2710 1739 2768 1778 se
2811 1723 3153 1787 habentibus,
3200 1732 3481 1794 cmperunt
3522 1724 3664 1779 beati

2091 1815 2191 1869 viri
2218 1817 2457 1869 membra
2499 1815 2791 1869 virtutibus
2831 1815 3056 1869 enitere.
3088 1814 3358 1870 Fecerunt
3387 1826 3565 1870 autem
3597 1817 3667 1872 ci-

2092 1923 2183 1961 ves
2220 1904 2588 1960 febricitantes
2638 1906 3110 1971 consuetodinem,
3162 1922 3283 1960 eum
3319 1907 3665 1962 candeiarnm

2090 2010 2197 2064 quo
2223 1996 2450 2065 quisque
2490 2004 2699 2064 poterat
2741 2009 2963 2049 munere
3008 1997 3179 2050 sancti
3217 1997 3459 2064 prtesnlis
3498 1998 3670 2052 altare

2093 2086 2452 2155 frequentare,
2496 2095 2657 2155 atque
2690 2086 2983 2140 secundum
3012 2087 3307 2151 petentium
3335 2088 3493 2142 fidem
3522 2102 3670 2142 rece—

2092 2177 2234 2245 pisse
2261 2176 2460 2244 quique
2503 2176 2681 2229 mirati
2717 2185 2841 2229 sunt
2868 2175 3176 2229 sanitatem.
3210 2175 3283 2229 De
3313 2177 3446 2230 stola
3490 2186 3669 2230 autem

2093 2265 2228 2332 ejus,
2256 2280 2375 2332 qua:
2407 2264 2583 2318 adhuc
2627 2273 2817 2327 restat,
2851 2264 3167 2318 mulieribus
3201 2263 3513 2319 diﬂieultate
3547 2281 3673 2334 par-

2098 2362 2182 2405 tus
2209 2352 2321 2421 (15)
2350 2353 2717 2407 laborantibus
2756 2368 2852 2422 per
2876 2355 2991 2423 ejus
3036 2355 3226 2408 merita
3275 2356 3500 2410 salutem
3532 2370 3674 2427 sazpe

2096 2447 2408 2515 provenisse
2459 2447 2713 2511 vidimus,
2762 2446 2833 2500 ita
2878 2458 2935 2500 ut
2994 2448 3169 2501 triduo
3207 2448 3291 2502 vel
3343 2465 3408 2503 eo
3447 2449 3676 2519 amplius

2100 2551 2345 2593 materno
2375 2554 2537 2593 onere
2571 2548 2827 2608 gravata,
2856 2556 2978 2595 eum
3011 2554 3147 2609 pene
3178 2540 3489 2596 viderentur
3515 2542 3676 2596 morti

2100 2633 2381 2703 contiguae,
2410 2633 2460 2685 in
2486 2633 2728 2701 ingressu
2754 2633 2993 2701 ejusdem
3019 2634 3191 2697 stolae,
3221 2644 3433 2703 partum
3462 2636 3681 2689 edentes

2103 2726 2457 2780 redderentur
2497 2727 2715 2781 sanitati
2748 2728 3005 2796 pristinae.
3039 2726 3221 2780 Multis
3247 2727 3408 2781 etiam
3443 2727 3562 2781 aliis
3602 2728 3681 2780 in-

2102 2816 2257 2870 diciis
2293 2815 2553 2884 Dominus
2583 2826 2829 2872 sanctum
2874 2833 3030 2872 suum
3069 2819 3306 2873 ostendit
3339 2818 3681 2873 mirilicatum

2104 2904 2157 2957 in
2186 2905 2358 2969 etrlis,
2379 2915 2638 2973 operante
2664 2915 2718 2960 et
2742 2916 2995 2961 manente
3018 2923 3141 2962 cum
3171 2908 3357 2963 electis
3384 2909 3496 2963 suis
3519 2924 3685 2977 usque

2106 2995 2157 3049 in
2206 2995 2366 3049 finem
2410 2996 2590 3051 δωριιῆ
2634 2998 2862 3051 Domino
2903 3006 3089 3051 nostro
3130 2996 3256 3052 Jesu
3307 2997 3544 3061 Christo,
3594 2998 3685 3067 qui

2105 3094 2409 3139 coaeternus
2473 3094 2529 3140 et
2592 3087 3075 3142 consubstantialis
3129 3086 3277 3140 Patri
3336 3098 3392 3142 et
3457 3086 3687 3157 Spiritui

2106 3184 2324 3240 sancto,
2366 3175 2499 3229 vivit
2536 3184 2591 3231 et
2635 3186 2826 3247 regnat
2859 3193 2955 3247 per
2982 3178 3193 3232 intinita
3231 3177 3425 3233 saecula
3467 3180 3690 3233 sacculo-

418 3267 592 3321 tribus
618 3269 930 3323 monasterii
962 3268 1216 3338 produnt,
1247 3267 1411 3321 licere
1436 3267 1538 3321 sibi
1572 3266 1744 3336 detegi
1776 3282 1993 3330 urnam,
2031 3263 2075 3323 C
2110 3280 2249 3319 rum.
2287 3264 2483 3322 Amen.

495 3381 605 3450 (10)
644 3381 723 3435 En
754 3380 1050 3450 Folquinus
1078 3379 1278 3434 Christi
1318 3380 1544 3433 vicarius
1581 3378 1799 3450 dicitur.
1846 3376 1998 3450 Quod

418 3447 739 3507 voeab'nlum
786 3447 948 3504 etiam
1001 3461 1196 3520 praeter
1244 3450 1378 3504 alios
1410 3451 1694 3520 Wibertus
1748 3447 1996 3520 Gembla-

423 3522 605 3575 censis
634 3521 797 3575 abbas
826 3517 1071 3591 Philippo
1106 3520 1413 3591 Coloniensi
1435 3518 1865 3591 archiepiscopo
1898 3517 1997 3591 tri-

423 3592 568 3653 buit,
601 3600 660 3644 ut
706 3586 1243 3660 superitts'notatum
1283 3590 1351 3643 ad
1393 3589 1586 3643 librutn
1630 3586 1695 3642 de
1728 3586 2003 3641 miraculis

425 3664 485 3716 S.
519 3661 808 3715 Adalhat‘tli
837 3662 1065 3715 abbatis.

499 3732 608 3801 (11)
637 3730 833 3785 Coot’er
866 3746 929 3801 ea
970 3746 1088 3799 qua:
1131 3728 1379 3798 superius
1422 3744 1490 3801 ex
1536 3726 1810 3783 Folcwino
1842 3725 2003 3781 levita

424 3801 608 3856 notavi
639 3801 691 3854 in
723 3800 919 3871 praevia
944 3802 1339 3863 observatione,
1369 3815 1421 3853 n.
1451 3800 1505 3851 4.

499 3871 610 3940 (12)
646 3866 1032 3925 ΑτίςοηςιιΙῑιιε
1072 3885 1233 3938 super
1272 3871 1371 3924 hac
1414 3884 1472 3924 re
1501 3868 1662 3923 fuerit
1696 3866 2001 3936 episcopus,

428 3955 537 3996 non
562 3941 816 4009 exprimit
848 3940 1135 3994 Foleuinns
1168 3940 1347 3993 levita.

502 4012 615 4078 (13)
634 4006 911 4065 Iohannes
936 4010 1138 4079 Iperius
1162 4010 1325 4063 abbas
1355 4008 1644 4079 Sithiensis
1670 4008 1720 4061 in
1746 4021 1865 4075 cap.
1897 4006 1963 4060 15
1988 4024 2001 4059 :

436 4099 455 4131 ι
483 4077 899 4143 Conservamus,
929 4077 1118 4149 inquit,
1164 4094 1385 4146 cappam
1427 4077 1542 4144 ejus
1586 4093 1745 4149 unam
1771 4091 2005 4149 proces-

430 4151 713 4211 sionalem,
740 4150 976 4211 mitram,
1000 4147 1368 4207 _chirothecas,
1404 4157 1566 4218 atque
1598 4147 1859 4208 san-Iulia,
1888 4156 2000 4218 sto-

431 4220 516 4276 las
535 4236 745 4291 quoque
773 4230 899 4274 tres.
935 4239 950 4271 l
979 4219 1215 4285 Quorum
1243 4216 1552 4272 contactum
1577 4216 2005 4287 parturientibus

444 4315 3134 4338 Μ

2109 3378 2445 3449 salutiferam
2502 3392 2623 3433 esse
2671 3389 2921 3434 testatur.
2987 3380 3229 3449 Denique
3284 3379 3578 3435 Folcardus
3633 3380 3687 3435 in

2109 3449 2367 3517 praedicto
2394 3448 2532 3501 libro
2560 3450 2733 3518 primo
2766 3452 2831 3503 de
2863 3448 3151 3504 miraculis
3171 3451 3226 3503 S.
3258 3450 3482 3514 Bertini,
3508 3464 3630 3517 cap.
3655 3450 3691 3506 9

2108 3520 2321 3582 scribit,
2359 3534 2558 3586 corpus
2585 3521 2756 3574 sancti
2791 3520 3031 3573 Folenini
3066 3522 3266 3587 magnis
3294 3520 3489 3573 celebre
3519 3522 3689 3572 virtu-

2110 3589 2245 3659 tibus
2269 3604 2365 3643 suo
2395 3596 2656 3659 tempore,
2691 3590 2789 3644 hoc
2816 3598 2899 3643 est
2930 3590 3214 3644 undecimo
3242 3590 3461 3651 szecnlo,
3496 3589 3686 3643 fuisse.

2112 3656 2236 3731 liceo
2270 3656 2519 3731 pretiosa
2522 3662 2755 3731 limum;
2780 3675 2963 3713 coram
3006 3660 3210 3728 inspexi
3260 3676 3453 3731 nuper,
3486 3670 3540 3713 et
3567 3658 3695 3731 relif

2111 3729 2265 3795 quias
2296 3730 2467 3783 sancti
2522 3728 2760 3783 Folcnini
2795 3739 3080 3782 veneratus
3126 3744 3264 3790 smn,
3297 3728 3487 3796 majori
3531 3728 3693 3783 altari

2114 3798 2392 3867 impositas
2419 3798 2483 3852 ad
2514 3800 2657 3853 latus
2689 3799 2925 3852 australe
2966 3799 3016 3851 itt
3061 3798 3315 3868 pratclara
3347 3800 3568 3853 basilica
3605 3799 3691 3852 Si-

2112 3867 2339 3923 tltiensis
2389 3884 2486 3923 seu
2540 3868 2834 3922 Bcrtiniani
2885 3869 3246 3922 monasterii:
3302 3868 3691 3923 humanissime

2112 3948 2365 4003 acceptus
2403 3954 2430 3989 a
2474 3940 2924 3993 revereudissimo
2966 3939 3182 3992 domino
3227 3938 3421 3991 abbate
3469 3948 3525 3992 et
3571 3940 3696 3991 reli-

2114 4009 2282 4075 giosis
2325 4009 2642 4072 cmnobitis,
2690 4008 2847 4063 facile
2896 4009 3176 4077 impetravi
3225 4008 3535 4063 facultatem
3574 4023 3696 4075 per-

2114 4077 2379 4131 lnstrandi
2408 4078 2623 4146 egregia
2662 4079 2819 4132 istius
2856 4079 2959 4133 loci
3002 4088 3372 4143 monumenta,
3403 4093 3521 4147 quae
3562 4078 3693 4131 tuilti

2113 4146 2337 4200 multum
2367 4149 2593 4202 subsidii
2622 4146 2927 4203 conferunt.

3148 4309 3698 4331 -ι-ψ

1628 4459 2483 4575 ιτωιαυιιπι

1738 4690 1997 4734 ΑΒΒΔτιε
2041 4690 2405 4733 LAUBIENSIS

782 4825 962 4938 DE
1047 4817 1541 4937 GESTIS
1623 4815 2291 4930 ABBATUM
2377 4814 3376 4934 LAUBIENSIUM.

1648 5036 1829 5107 (Pertz
1856 5032 2097 5087 Monum.
2139 5032 2319 5089 Germ.
2353 5031 2519 5106 Hist.)

1811 5227 2345 5310 MONITUM.
