4482 5524
388 395 494 453 5w

1496 393 1579 447 Illi
1618 394 1859 448 GESTIS
1899 395 2220 451 ABBA'I'EM
2264 398 2724 454 LAUHENSICM

3525 406 3627 461 546

390 505 878 586 contmunitionibus
898 506 1093 586 excipit
1120 506 1328 586 libellus
1358 507 1596 561 Itistut‘i.L‘
1620 508 1952 586 Laubiensis.
1986 516 2030 571 Α
2132 510 2595 586 Continuationem
2635 515 2789 586 libri.
2834 529 2945 586 qua
3011 516 3296 586 Folcuiuus
3358 514 3628 586 Nothgero

396 601 409 620 ι
461 574 606 627 Multi
676 576 836 629 multa
904 577 1193 642 loquuntur
1276 578 1343 630 de
1416 586 1553 629 statu
1641 582 1953 632 monasterii

390 644 698 707 Lobiensis,
732 665 748 696 ι
783 654 917 712 etc.,
956 645 1008 698 in
1058 646 1161 700 fine
1202 647 1441 700 mutilus.
1487 646 1795 701 Evolvimus
1824 664 1954 716 quo-

388 730 510 781 que.

456 784 536 851 2‘)
567 783 625 837 C.
678 783 881 851 regium
921 784 1274 839 Parisiensem
1319 786 1455 838 inter
1489 786 1714 838 schedas
1756 786 1953 841 Balnzi

388 854 601 906 Armar.
639 868 673 905 ll
719 852 900 908 faseic.
936 856 957 907 l
995 870 1045 906 n.
1080 857 1131 910 3.
1163 865 1518 909 asservatntn.
1556 854 1800 919 l’lagulas
1828 857 1955 911 istas

387 938 452 976 ex
508 922 861 987 Bruxellensi,
917 923 967 975 in
1015 926 1340 979 monasterio
1396 923 1589 978 Bubcze
1635 925 1784 978 vallis
1831 934 1953 980 tunc

390 994 662 1062 temporis,
696 1001 752 1045 ut
778 994 1004 1049 videtur.
1040 1006 1313 1049 assert-ato
1346 994 1476 1062 (41),
1509 995 1802 1060 descriptas
1836 1005 1888 1048 et
1920 1012 1946 1048 a

390 1063 651 1116 Dacherio
697 1064 747 1115 in
792 1064 1027 1117 editione
1069 1080 1165 1117 sua
1204 1078 1485 1133 expressas
1514 1078 1652 1121 esse.
1696 1064 1954 1119 Waitzius

387 1133 783 1203 animadvertit.
812 1202 815 1203 ν
844 1133 1030 1187 Scriba
1090 1133 1446 1189 Toruacensis
1497 1133 1695 1203 codicis
1739 1136 1953 1203 supple-

393 1211 566 1253 menta
602 1202 765 1255 textui
808 1202 1052 1265 inseruit,
1080 1203 1334 1257 lectiones
1370 1203 1525 1256 modo
1556 1202 1950 1256 Tornacensem

388 1272 546 1342 modo
578 1270 972 1342 Bruxellensem
1030 1275 1296 1342 suscepit,
1341 1290 1403 1327 ex
1462 1272 1954 1342 continuationibus

389 1340 596 1411 nonnisi
636 1342 667 1393 4
705 1341 794 1411 1/2
839 1342 1080 1410 plagulas
1123 1340 1411 1411 decerpsit.
1463 1340 1763 1405 Superstite
1794 1342 1955 1411 igitur

388 1410 738 1474 llruxellensi,
764 1420 820 1464 ut
848 1411 1047 1466 nullius
1080 1410 1333 1466 momenti
1364 1428 1392 1465 a
1418 1412 1570 1464 nobis
1594 1411 1750 1478 plane
1781 1410 1956 1481 negle-

386 1490 504 1533 ClllS
530 1491 629 1533 85L

454 1549 507 1615 5)
544 1550 613 1602 Ex
650 1550 980 1603 tractatu.De
1009 1551 1282 1605 miraCnlis
1313 1550 1369 1604 S.
1404 1548 1644 1604 Ursmari
1692 1564 1719 1602 a
1762 1564 1949 1603 mona-

386 1618 488 1671 cho
523 1617 804 1672 Lauliiensi
848 1634 948 1686 cpe
995 1619 1234 1673 l-‘olcuini
1266 1630 1319 1674 et
1370 1619 1791 1675 continuationis
1837 1619 1953 1685 eius

385 1690 709 1757 conscripto,
757 1704 913 1755 quem
963 1688 1328 1743 llenschenins
1360 1691 1411 1742 in
1459 1688 1606 1757 Actis
1634 1686 1734 1741 SS.
1780 1689 1947 1757 April.

385 1772 444 1818 ll,
477 1756 577 1837 56;
616 1774 733 1827 sqq.
768 1757 1021 1811 Folcuiuo
1075 1760 1294 1822 tribuit,
1342 1758 1515 1813 varias
1549 1756 1807 1811 lectiones
1851 1758 1946 1811 dc-

384 1841 700 1892 cerpsnnus.

452 1896 654 1961 Quibus
695 1896 946 1950 subsidiis
973 1940 985 1959 ,
1030 1898 1325 1965 prmsertim
1361 1897 1543 1952 codice
1593 1894 1946 1957 Bruxellensi,

382 1965 655 2029 adhibitis,
688 1967 731 2020 si
757 1981 860 2019 non
894 1976 1096 2021 textum
1128 1969 1322 2036 ubique
1343 1966 1730 2026 authenticum,
1770 1966 1952 2031 proxi-

386 2050 469 2087 Inc
495 2044 671 2089 tamen
692 2036 761 2105 ad
785 2038 1076 2105 genuinum
1105 2035 1447 2090 accedentem
1472 2050 1771 2105 proponere
1800 2035 1945 2098 licet,

383 2112 440 2155 ut
467 2104 658 2158 collato
689 2104 943 2175 Ruotgeri
971 2122 1133 2175 Opere
1164 2107 1449 2159 evincitur.

453 2193 561 2261 (il)
595 2193 726 2247 Nam
755 2197 1063 2249 monasterii
1086 2212 1279 2250 nomen
1313 2196 1363 2249 in
1395 2195 1671 2265 superiore
1700 2193 1942 2261 margine

381 2264 667 2333 apographi
703 2264 859 2385 lminis
891 2267 1103 2333 legitur.

451 2333 562 2385 ΗΞ)
595 2334 731 2385 Ann.
785 2335 1103 2385 .auhienses.

451 2333 562 2399 (ιὲ)
595 2334 731 2385 Ann.
766 2333 1113 2388 Lauhienses.

454 2402 562 2471 (i5)
603 2404 677 2454 lh.
712 2418 759 2453 a.
793 2403 933 2467 973;
966 2406 1057 2457 sed
1088 2406 1295 2457 obierat
1322 2420 1370 2457 a.
1401 2403 1524 2456 972.

452 2468 563 2541 (44)
598 2471 793 2525 Mabill.
855 2473 986 2526 Acta
1040 2473 1136 2527 SS.
1193 2476 1227 2525 Ι.
1255 2490 1304 2525 c.
1333 2504 1399 2512 ——
1435 2475 1586 2525 ltivet
1626 2473 1811 2523 histor.
1844 2468 1945 2521 litt.

382 2542 572 2594 Franc.
610 2541 693 2596 Vl.
720 2542 843 2604 454,
870 2556 984 2595 eam
1018 2558 1065 2595 c.
1099 2560 1237 2595 anno
1267 2544 1368 2596 970
1396 2544 1650 2608 scriptam
1682 2555 1801 2594 esse
1823 2555 1949 2591 eon-

374 2611 514 2677 jicil,
562 2610 651 2663 sed
696 2614 854 2663 verba
903 2629 1099 2680 (quem
1156 2612 1524 2666 Luttbiensiuut
1568 2612 1744 2663 dicunt
1796 2610 1951 2660 obba-

380 2692 479 2732 tem
520 2701 537 2729 ι
592 2681 891 2732 humilitate
938 2693 1188 2735 oonsueta
1242 2688 1312 2748 (v.
1365 2684 1527 2733 Gesta
1580 2682 1701 2734 ahb.
1738 2680 1865 2732 Loh.
1900 2694 1947 2730 e.

377 2750 470 2818 28)
502 2748 712 2818 adjecit.
746 2750 1014 2804 Walterus
1038 2767 1085 2805 a.
1116 2752 1220 2805 996
1250 2752 1445 2805 obiisse
1487 2751 1709 2814 dicitur;
1768 2748 1853 2803 cui
1899 2754 1953 2800 ct

2060 582 2309 652 episcopo
2359 583 2773 636 adminiculante
2831 584 3112 638 Lobiensis
3161 585 3271 652 (4‘2)
3317 582 3624 641 monasterii

2060 650 2450 703 immunitatem
2480 666 2565 703 an.
2602 652 2704 704 97;!
2728 654 2794 706 ab
2840 653 3033 706 Ottone
3065 652 3103 706 ll
3134 650 3442 708 renOvatatn
3482 666 3536 709 et
3594 672 3623 710 a

2057 718 2262 794 Joanne
2286 718 2398 794 Xlll
2434 736 2565 788 papa
2594 720 2963 794 confirmatam
2992 722 3102 794 (45)
3134 723 3469 794 impetrasse,
3502 740 3603 794 pan

2057 789 2273 856 perihus
2302 790 2461 841 etiam
2490 800 2604 857 post
2634 791 2835 843 obitum
2866 789 3019 845 suum
3043 789 3246 845 alendis
3269 801 3321 846 et
3339 789 3627 849 vestiendis

2058 860 2418 927 prospexisse,
2446 858 2700 929 librorum
2724 869 2776 913 et
2796 869 3020 914 ornatus
3042 863 3108 915 ab
3132 861 3244 929 ipso
3276 862 3327 915 in
3356 874 3624 918 monaste-

2057 929 2136 981 rio
2169 938 2503 1000 repertarum
2544 940 2597 981 et
2629 928 2744 1000 ejus
2773 944 2933 998 opera
2970 928 3403 1000 comparatorum
3434 946 3621 987 recen-

2058 1012 2174 1050 sum
2210 998 2491 1077 reliquisse
2526 999 2771 1062 traditur,
2812 998 3116 1055 collectioni
3142 1010 3337 1055 nostrze
3359 1016 3457 1056 suo
3486 1010 3625 1058 tem-

2057 1082 2184 1135 pore
2211 1077 2412 1122 lllsel'lll
2424 1084 2463 1120 l‘l
2496 1084 2697 1123 SUIIIUS.

2124 1156 2270 1212 Obiit
2317 1156 2601 1211 Folcuinus
2645 1172 2785 1211 anno
2830 1158 2963 1223 990,
3011 1159 3153 1214 edita
3196 1169 3376 1215 tamen
3413 1168 3467 1216 ct
3502 1161 3625 1217 Vita

2057 1226 2112 1280 S.
2165 1226 2673 1301 Fnlcniniqepiscopi
2735 1228 3360 1301 Iarvamieusis,qua_m
3391 1231 3625 1301 antiqua:

2056 1298 2467 1350 necessitudinis
2513 1306 2700 1350 testem
2736 1297 2977 1352 Waltero
3006 1298 3182 1352 abbati
3216 1297 3271 1353 S.
3301 1299 3501 1354 Bertini
3524 1297 3626 1355 ’ἰη-

2056 1368 2344 1434 scripserat
2374 1366 2483 1432 (H)
2513 1383 2523 1417 :
2557 1382 2676 1419 eum
2708 1368 2881 1420 eidem
2916 1377 2969 1421 ct
3005 1370 3143 1421 vitas
3173 1368 3271 1422 SS.
3307 1370 3617 1435 Audomari,

2054 1435 2294 1506 Bertini,
2324 1435 2571 1506 “intimi
2615 1445 2670 1490 et
2718 1438 2905 1491 Silvini
2955 1438 3293 1505 inscripsisse
3342 1438 3475 1506 (45),
3516 1456 3622 1494 non

2056 1505 2233 1557 minus
2267 1504 2489 1558 dubium
2525 1519 2644 1559 esse
2680 1506 2911 1567 videtur,
2939 1522 3097 1575 quam
3126 1504 3266 1575 quod
3297 1504 3627 1563 Trithemius

2054 1587 2329 1627 sermones
2359 1584 2411 1627 et
2444 1574 2701 1628 hornelias
2733 1574 3036 1644 complures
3066 1576 3111 1629 ei
3150 1574 3341 1629 tribuit
3386 1576 3519 1645 (46).

2124 1662 2375 1731 Sepultus
2422 1672 2499 1717 est
2549 1664 2600 1716 in
2631 1665 2856 1718 ecclesia
2898 1664 2953 1718 S.
2990 1665 3231 1719 Ursmari
3260 1678 3289 1718 e
3316 1664 3481 1727 latere
3513 1663 3621 1719 Ra-

2055 1732 2208 1786 therii
2236 1735 2494 1801 epise0pi,
2527 1733 2625 1788 hoc
2654 1734 2803 1787 titulo
2836 1736 3058 1803 insignis
3091 1734 3203 1803 (/57)
3233 1752 3245 1787 :

2173 1842 2361 1905 Celebs
2384 1844 2646 1901 Folquinus
2670 1847 2936 1905 requiescit
2960 1847 3037 1894 hic
3062 1845 3343 1901 tumulatus,

2175 1904 2438 1967 Nobilitate
2462 1907 2650 1966 clueas,
2679 1907 2865 1955 abbatis
2889 1910 3080 1955 uoinine
3107 1908 3338 1967 gliScens,

2178 1966 2362 2034 pivinis
2380 1973 2625 2034 satagens,
2654 1971 2855 2034 humana
2880 1966 3172 2027 sOphisntata
3196 1966 3403 2034 callens};

2175 2027 2317 2088 Cujus
2342 2031 2551 2090 peccatis
2575 2031 2757 2077 veniam
2778 2028 2929 2077 lector
2956 2037 3089 2090 petat
3111 2032 3283 2079 omnis.

2052 2192 2295 2247 Adalolfo
2335 2208 2385 2247 a.
2421 2194 2562 2257 961,
2595 2194 2772 2249 abbati
2816 2204 2924 2250 tres
2966 2195 3098 2251 alios
3140 2196 3447 2251 interfuisse
3493 2197 3620 2267 legi-

2055 2278 2191 2315 IllllS.

2125 2332 2236 2451 (45)
2274 2332 2386 2411 Tali
2430 2332 2668 2412 opinioni
2704 2333 2955 2402 prologus
2992 2334 3112 2388 vitae
3141 2334 3197 2390 S.
3230 2334 3469 2391 Folcuiui
3521 2351 3619 2388 au-

2125 2415 2169 2451 m
2200 2405 2410 2451 (OtIISSO
2440 2404 2667 2451 vuletur.

2056 2414 2169 2453 sam
2200 2402 2410 2454 dedisse
2440 2404 2667 2454 videtur.

2128 2469 2237 2537 (46)
2267 2471 2346 2522 Cf.
2374 2471 2509 2541 Hist.
2544 2470 2871 2541 litt.ﬂFrane.
2905 2471 2940 2523 Ι.
2973 2486 3019 2525 e.
3052 2488 3101 2541 p.
3142 2473 3263 2529 458.
3299 2472 3524 2527 Homilia
3559 2474 3622 2525 de

2057 2542 2278 2609 zuzauiis
2305 2542 2368 2592 ad
2399 2540 2583 2593 Matth.
2618 2540 2702 2602 15,
2733 2540 2802 2593 25
2830 2556 2947 2609 sqq.
2988 2540 3113 2595 olim
3142 2540 3359 2598 Lovanii
3390 2544 3440 2596 iu
3491 2543 3618 2596 bibl.

2059 2610 2114 2663 S.
2148 2608 2358 2661 Martini
2390 2610 2659 2663 exstitisse
2694 2608 2908 2663 dicitur.

2130 2673 2242 2748 (47)
2281 2679 2517 2733 Martene
2545 2679 2665 2733 coll.
2702 2679 2789 2732 ΙΧ.
2824 2696 2873 2749 p.
2900 2678 3024 2735 964.

378 2900 3524 2924 *Μ

857 3033 1316 3148 GESTA
1395 3028 2062 3144 ABBATUM
2145 3020 3148 3136 LAUBIENSIUM.

1858 3224 2237 3241 ,ι-*ν

947 3397 1312 3455 PROLOGUS
1344 3399 1383 3454 ⁸.

456 3561 553 3616 Diu
578 3561 600 3592 ‘
628 3558 693 3613 ab
719 3557 955 3627 antiquis
976 3570 1406 3627 quaquaversum
1431 3554 1555 3622 quis
1576 3560 1785 3621 poterat
1807 3566 1951 3619 quae-

386 3652 558 3706 stione
606 3646 883 3710 ventilata,
939 3646 1152 3700 tandem
1183 3645 1421 3699 omnium
1468 3652 1575 3696 tam
1607 3641 1950 3710 philosopho-

384 3754 502 3795 rum
530 3752 691 3807 qnam
716 3734 1072 3804 spiritualium
1104 3743 1315 3803 patrum
1346 3731 1539 3785 animis
1570 3729 1707 3783 sedit
1736 3737 1950 3782 senten-

386 3831 479 3893 tia,
534 3822 1219 3894 nobisquevinviolabiliter
1274 3821 1558 3875 tenendam
1606 3816 1949 3877 mandarunt,

384 3935 490 3974 non
530 3916 769 3972 fortuitis
811 3914 1064 3968 mundum
1096 3912 1239 3967 volvi
1279 3911 1515 3974 casibus,
1546 3909 1637 3963 sed
1664 3908 1728 3961 ad
1763 3916 1950 3959 nutum

379 4006 721 4079 prasidentis
757 4011 811 4058 et
865 4002 1146 4057 creatricis
1186 3998 1675 4070 omnipotentisque
1726 3995 1951 4049 Deitatis

379 4106 577 4153 cuncta
609 4095 722 4165 regi
760 4108 856 4163 per
898 4092 1327 4162 providentiam,
1375 4088 1666 4144 secundum
1706 4085 1951 4140 ineffabi-

384 4188 490 4241 lem
522 4184 888 4255 dispositionis
911 4197 1019 4237 suae
1044 4179 1459 4243 ordinationem,
1487 4187 1774 4246 antequam
1799 4174 1952 4244 quid-

385 4291 545 4345 quam
572 4275 822 4345 proderet
861 4274 913 4326 in
943 4282 1201 4341 tempore.
1232 4269 1326 4325 Vis
1352 4270 1493 4323 enim
1524 4269 1745 4322 Deitatis
1781 4267 1953 4320 omni-

384 4366 775 4437 potentissima,
821 4365 1015 4435 cuique
1047 4362 1157 4434 (48)
1212 4362 1351 4432 quod
1394 4370 1475 4416 est
1508 4375 1627 4415 esse
1655 4358 1950 4428 perfectum

383 4465 487 4521 est,
516 4470 697 4511 rerum
721 4454 921 4509 formas
948 4468 1044 4522 per
1071 4452 1393 4523 principales
1414 4448 1673 4519 quasdam
1701 4447 1954 4501 materias

383 4562 550 4618 penes
574 4560 633 4601 se
660 4559 873 4615 semper
893 4542 1157 4613 perfectas
1184 4540 1398 4605 habuit;
1419 4540 1511 4593 sed
1538 4538 1751 4607 quando
1767 4535 1952 4597 voluit,

383 4648 441 4694 et
469 4638 559 4693 ubi
584 4636 771 4700 voluit,
795 4643 847 4687 et
868 4632 1134 4702 quomodo
1158 4631 1346 4694 voluit,
1371 4629 1525 4683 nobis
1545 4626 1780 4681 visibiles
1806 4624 1951 4688 fecit,

385 4743 488 4786 nec
546 4728 594 4784 ei
654 4734 710 4781 ut
738 4732 951 4779 creator
1000 4731 1145 4778 esset
1195 4720 1285 4794 [ex
1334 4730 1571 4789 tempore
1604 4717 1645 4789 ³]
1694 4717 1948 4781 accessit;

1985 3385 2027 3443 (ς
2064 3370 2211 3433 illud,
2239 3378 2443 3437 tempus
2474 3376 2655 3436 utique
2682 3365 2762 3419 vel
2794 3378 3072 3418 numerum
3097 3363 3455 3433 intelligimus.
3486 3366 3624 3436 Ergo

2060 3461 2198 3515 Deus
2226 3471 2307 3513 est
2336 3466 2548 3514 creator
2576 3468 2875 3526 temporum
2899 3456 2942 3519 ⁵,
2981 3471 3098 3510 cum
3132 3465 3185 3508 et
3216 3456 3327 3525 ipse
3357 3459 3625 3526 antiquior

2054 3552 2121 3604 sit
2156 3540 2393 3618 tempore
2422 3549 2572 3618 cujus
2603 3556 2817 3602 creator
2846 3554 2946 3610 est,
2980 3554 3033 3598 et
3078 3554 3267 3600 cuncta
3313 3550 3574 3601 creaverit
3607 3551 3626 3579 ⁵

2054 3644 2106 3695 in
2145 3652 2404 3710 tempore.
2436 3640 2587 3694 Fecit
2614 3638 2826 3707 quidem
2862 3637 2881 3667 ⁶
2907 3647 2959 3691 et
2994 3637 3105 3704 ipsa
3137 3647 3371 3707 tempora
3405 3639 3624 3693 dissona

2054 3734 2189 3784 inter
2220 3748 2276 3784 se
2323 3731 2590 3801 parilitate
2642 3725 2905 3794 disjuncta
2934 3766 2947 3790 ,
2993 3727 3083 3780 sed
3114 3727 3176 3778 ad
3235 3735 3422 3781 nutum
3471 3744 3625 3782 suum

2054 3820 2279 3875 invicem
2383 3817 2791 3877 convenientia,
2888 3824 2945 3868 ut
3038 3830 3145 3868 non
3235 3814 3629 3870 confundantur

2052 3926 2168 3979 quae
2222 3918 2477 3980 putantur
2530 3907 2776 3971 confusa,
2811 3906 2901 3960 sed
2958 3905 3135 3975 potius
3175 3903 3477 3959 alternatim
3524 3908 3625 3961 sibi

2053 3999 2403 4068 congruentia
2488 3998 2792 4053 ordinatam
2855 3998 3121 4066 quandam
3184 4015 3295 4053 rem
3359 3999 3625 4069 publicam

2053 4089 2251 4166 faciant
2317 4096 2371 4142 et
2430 4086 2744 4157 perfectam.
2809 4087 2924 4156 Ipsa
2982 4103 3194 4157 quoque
3223 4090 3414 4159 quibus
3454 4092 3625 4146 subsi-

2048 4159 2243 4237 ﬁimus
2325 4181 2587 4235 elementa
2682 4182 2782 4234 sibi
2858 4181 3082 4235 invicem
3167 4185 3482 4248 contraria,
3574 4190 3624 4240 in

2053 4275 2210 4329 unius
2302 4274 2543 4342 corporis
2625 4272 2992 4326 habitudinem
3077 4273 3147 4326 ita
3239 4284 3387 4344 grata
3482 4279 3628 4345 pari-

2053 4366 2201 4421 litate
2224 4365 2569 4429 conveniunt,
2593 4372 2652 4417 nt
2676 4363 2970 4433 discrepata
2995 4379 3097 4417 non
3122 4364 3450 4433 discrepent,
3467 4367 3631 4420 immo

2054 4460 2096 4514 si
2120 4473 2283 4513 unum
2307 4457 2461 4511 alteri
2489 4455 2815 4524 dempseris,
2841 4455 3110 4509 hominem
3138 4455 3296 4509 simul
3324 4456 3618 4509 interimas.

2054 4547 2389 4617 Temporalis
2419 4560 2631 4616 quoque
2660 4544 2914 4599 motionis
2945 4544 3135 4599 similis
3170 4560 3330 4599 causa
3364 4555 3463 4598 est.
3492 4545 3627 4611 Quit

2053 4639 2197 4693 enim
2239 4637 2411 4706 magis
2452 4635 2804 4697 contrarium,
2857 4648 3017 4702 quam
3070 4649 3173 4686 nox
3225 4633 3364 4696 diei,
3398 4634 3626 4688 tenebrze

2054 4728 2191 4783 luci?
2220 4727 2405 4783 IEstas
2428 4732 2641 4796 queque
2667 4724 2848 4787 hiemi,
2893 4724 3065 4777 hiems
3092 4725 3111 4755 ⁷
3143 4724 3316 4778 testati
3349 4734 3609 4794 repugnat

385 4820 582 4889 quippe
609 4832 729 4872 cum
758 4824 999 4884 tempora
1029 4828 1093 4868 eo
1117 4813 1402 4866 ordinante
1428 4810 1721 4880 coeperint,
1753 4818 1806 4861 et
1839 4808 1951 4876 ipse
1985 4823 2031 4881 [)
2058 4820 2155 4875 γε,

1862 4822 1951 4876 PSe
1985 4823 2031 4881 Ι)
2058 4819 2181 4875 Veri
2211 4833 2423 4887 quoque
2460 4826 2781 4876 autumnus.
2827 4823 3123 4882 antumpno
3156 4829 3247 4868 ver
3270 4813 3291 4846 ⁸
3327 4814 3632 4867 contrarius

385 4909 441 4962 in
475 4916 711 4977 tempore
736 4912 930 4959 cuncta
958 4901 1319 4969 ordinaverit,
1353 4908 1410 4953 ut
1437 4900 1525 4969 qui
1554 4898 1747 4952 merito
1775 4896 1951 4952 credi-

389 5009 478 5052 tur
526 5004 760 5059 creator,
818 4999 1094 5048 teneretur
1145 4999 1201 5046 et
1252 4990 1609 5061 dispensator.
1687 4987 1950 5054 Tempora

390 5086 585 5155 quippe
612 5083 800 5139 diebus
820 5092 873 5137 et
903 5080 1142 5137 numeris
1175 5088 1457 5143 constant;
1499 5088 1553 5133 et
1576 5080 1789 5149 quando
1818 5076 1955 5147 legi-

395 5189 513 5228 mus
538 5181 630 5227 aut
658 5173 927 5235 audimus,
966 5168 1055 5223 illo
1077 5169 1160 5223 vel
1186 5168 1274 5224 illo
1299 5170 1386 5225 die
1416 5168 1545 5222 fecit
1567 5168 1706 5223 Deus
1735 5169 1838 5224 hoc
1870 5169 1954 5221 vel

905 5408 957 5414 -.α
1015 5401 1153 5414 ---⁸,
1214 5401 1227 5414 Ι
1266 5401 1556 5414 οισργλαζιιοι

1689 5284 1924 5340 VARUS
1968 5287 2369 5348 LECTIONES.

2056 4916 2157 4964 est.
2188 4907 2320 4975 Quis
2339 4908 2480 4961 enim
2504 4905 2555 4960 in
2586 4904 2762 4961 hieme
2797 4903 2977 4958 cancri
2999 4905 3248 4960 ardorem
3270 4911 3325 4957 et
3344 4902 3459 4958 dies
3487 4903 3633 4957 cani-

2058 4999 2274 5055 culares
2302 5006 2559 5068 expertus
2594 5004 2699 5062 est,
2725 5004 2817 5051 aut
2846 4994 2968 5063 quis
3008 5005 3201 5053 aestate
3230 4993 3347 5047 nive
3380 5006 3597 5060 campos
3616 4990 3636 5019 ⁹

2059 5088 2357 5155 albescere,
2386 5087 2604 5143 flumina
2634 5086 2806 5156 glaeie
2843 5084 2977 5137 vidit
3007 5082 3273 5143 distendi?
3306 5080 3398 5135 Sic
3429 5091 3641 5150 quoque

2062 5190 2219 5233 nemo
2244 5192 2502 5248 umquam
2527 5176 2578 5229 in
2610 5176 2655 5207 ¹⁰
2693 5189 2818 5231 vere
2842 5180 3014 5226 musta
3064 5168 3415 5249 prmgnstavit
3448 5176 3541 5222 aut
3568 5179 3649 5217 ra-

2753 5403 2783 5414 Α
2883 5398 2901 5414 ο
2964 5397 2994 5413 l'
3051 5402 3067 5414 ι
3275 5392 3367 5414 δε-.
3404 5393 3421 5414 Ι
3525 5388 3544 5414 ί
3595 5399 3657 5414 Α.
