4482 5524
808 392 912 446 547

1900 383 2220 441 FOLCUINI
2259 381 2549 437 ABBATIS
2588 381 3002 439 LACBIENSIS

3958 384 4064 442 548

809 502 977 557 cemis
1002 514 1131 554 usus
1151 507 1256 563 est,
1279 513 1400 553 cum
1426 497 1537 568 ipsa
1579 510 1791 565 quoque
1834 496 2121 549 herbarum
2165 510 2256 549 seu
2300 492 2387 546 lio-
2420 502 2462 558 Α
2494 492 2589 545 des
2617 494 2883 561 progressi
2928 492 3066 563 (50),
3096 499 3317 561 propter
3346 490 3564 544 nimiam
3594 490 3788 545 mentis
3816 490 4072 550 ferocita-

810 606 929 645 rum
967 591 1177 644 diversa
1229 604 1458 660 genera,
1497 589 1690 657 quibus
1722 601 1816 640 ver
1835 595 2063 640 ornatur
2090 594 2145 640 et
2173 586 2392 660 gaudet,

810 682 1088 751 autumpni
1124 692 1363 749 tempore
1398 680 1645 749 languida
1675 687 2017 733 marcescunt
2045 678 2109 731 “.
2138 677 2263 732 llme
2304 694 2398 731 au-

811 781 919 826 tem
951 773 1197 826 ordinate
1247 772 1513 826 venientia
1556 779 1610 823 et
1654 769 1771 823 loco
1824 784 1923 823 suo
1966 768 2140 839 posita
2196 784 2392 821 annum

817 861 1137 931 perficiunt;
1166 877 1285 931 qua:
1312 862 1355 916 si
1382 876 1484 915 non
1514 858 2003 921 confunderentur,
2038 858 2203 913 chaos
2229 859 2395 927 quod-

810 956 934 1011 dam
960 963 1017 1010 et
1058 955 1396 1024 importabile
1430 964 1639 1024 tempus
1685 955 1867 1023 potius
1910 954 2187 1009 videretur
2232 968 2392 1022 quam

812 1063 1005 1101 annus.
1042 1046 1189 1101 Hanc
1211 1056 1391 1100 autem
1416 1060 1595 1099 rerum
1620 1059 1837 1098 causam
1868 1044 2181 1099 mutabilem
2206 1044 2396 1098 immu-

811 1134 992 1190 tabilis
1020 1134 1159 1189 ratio
1190 1134 1463 1198 continet,
1509 1135 1649 1203 apud
1690 1148 1853 1203 quam
1885 1148 1992 1187 non
2029 1142 2113 1189 est
2161 1150 2390 1199 novum,

810 1224 952 1295 quod
976 1224 1130 1278 nobis
1152 1239 1338 1278 recens
1359 1233 1599 1293 apparet,
1628 1233 1680 1277 et
1706 1224 1789 1278 cui
1815 1240 1918 1279 non
1943 1227 2243 1291 variantur,
2275 1242 2392 1295 qua:

810 1315 967 1369 nobis
993 1313 1272 1367 variabilia
1327 1328 1447 1367 esse
1477 1314 1752 1379 videntur;
1783 1314 1855 1367 ita
1886 1315 2145 1369 ordinans
2173 1325 2388 1379 cuncta,

810 1414 869 1459 ut
895 1406 1056 1459 etiam
1090 1420 1207 1474 qua:
1246 1412 1502 1473 putantur
1556 1404 1726 1469 mala,
1766 1420 1874 1458 non
1929 1406 2037 1460 sint
2068 1406 2387 1459 inordinata.

809 1491 1033 1550 Summa
1064 1507 1192 1562 ergo
1218 1502 1272 1546 et
1296 1491 1635 1562 principalis,
1666 1492 1832 1547 immo
1855 1494 1966 1549 sola
1998 1510 2177 1547 rerum
2225 1510 2387 1549 causa

806 1581 1058 1635 voluntas
1085 1581 1178 1634 Dei
1210 1589 1309 1634 est.
1340 1580 1493 1636 Unde
1515 1592 1568 1635 et
1598 1583 1843 1637 canimus
1869 1601 1881 1637 :
1912 1582 2101 1637 Omnia
2123 1601 2389 1655 qurecum-

803 1684 903 1740 que
957 1672 1115 1724 voluit
1156 1669 1409 1725 Dominus
1454 1671 1573 1741 fecit
1628 1671 1853 1742 (Partim.
1900 1689 2127 1740 CXXXIV,
2157 1675 2233 1746 6).
2280 1674 2388 1729 Nec

806 1761 1099 1830 quidquam
1126 1761 1257 1815 foris
1279 1761 1598 1832 agitur,nisi
1623 1764 1763 1831 quod
1791 1764 1857 1818 de
1888 1764 2097 1818 interna
2123 1766 2316 1819 summi
2344 1767 2385 1796 ¹²

2501 592 2603 635 tem
2636 581 2826 636 Franci
2872 583 3047 637 sortiti
3096 591 3221 636 sunt
3261 596 3485 646 nomen;
3525 582 3832 650 quiGallias
3854 583 4069 639 demum

2497 684 2843 742 occupantes,
2875 684 2928 729 et
2957 674 3151 729 ceteris
3181 674 3231 728 id
3259 674 3496 727 locorum
3526 673 3912 738 formidabiles,
3935 682 4071 745 ydo-

2499 762 2692 829 lagiam
2719 764 2771 817 in
2803 765 3001 819 Christi
3048 765 3363 835 tyrocinium
3410 774 3896 818 conmmtaverunt.
3930 766 4066 821 Nam

2498 870 2591 907 rex
2649 869 2835 908 eorum
2883 854 3182 909 Clodoveus
3227 855 3272 885 “
3314 870 3411 923 per
3466 862 3710 909 sanctum
3766 854 4070 924 Remigium

2496 943 2697 999 Christi
2726 946 2954 1015 gratiam
3009 945 3331 1015 baptismate
3379 944 3624 1015 adeptus,
3662 957 3872 1016 gentem
3917 962 4071 1001 suam

2496 1036 2861 1092 Christianam
2892 1036 3085 1092 effecit.
3127 1036 3234 1094 Nec
3263 1039 3468 1093 distulit
3495 1040 3539 1070 ’⁸
3566 1054 3659 1093 rex
3708 1054 3893 1109 regum
3914 1040 4078 1094 Chri-

2495 1138 2612 1184 stus
2656 1130 2702 1161 ⁸⁸
2746 1132 3053 1185 donativum
3084 1134 3213 1186 dare
3243 1132 3343 1186 sibi
3375 1133 3758 1201 militantibus;
3796 1149 3917 1187 nam
3949 1150 4075 1204 pro-

2496 1220 2641 1274 vexit
2664 1222 2707 1251 "
2736 1237 2828 1276 eos
2860 1224 3057 1290 regnis,
3089 1224 3238 1276 auxit
3279 1223 3617 1278 successibus
3646 1224 3912 1278 secundis.
3946 1224 4075 1278 Inde

2495 1312 2561 1364 ad
2585 1312 2961 1377 Clodoveos",
2980 1313 3303 1378 Clozharios.
3328 1324 3382 1369 et
3404 1313 3733 1383 Dagobertos
3751 1314 3876 1370 felix
3908 1316 3991 1369 illa
4015 1326 4073 1370 et

2496 1401 2818 1455 hereditaria
2848 1404 3141 1471 permansit
3168 1405 3459 1459 successio.
3506 1404 3569 1458 Et
3609 1419 3774 1473 quare
3803 1419 3906 1460 non
3954 1421 4074 1459 ma-

2495 1501 2664 1556 neret,
2704 1508 2863 1561 quam
2896 1494 3156 1563 sapientia
3187 1494 3305 1563 Dei,
3336 1510 3456 1565 qua:
3476 1495 3521 1527 "
3548 1495 3625 1550 ait
3651 1514 3663 1549 :
3701 1494 3803 1549 Per
3827 1512 3906 1550 me
3932 1513 4073 1567 reges

2493 1593 2706 1652 regnant
2737 1583 2915 1655 (Prov.
2952 1600 3076 1649 vm,
3112 1586 3231 1655 15),
3263 1585 3365 1641 tide
3409 1586 3689 1650 firmabat,
3724 1589 3975 1657 mquitate
4018 1596 4079 1643 et

2484 1674 2693 1743 justitia
2724 1674 3048 1728 roborabat?
3076 1676 3366 1730 Testantur
3400 1676 3502 1730 hoc
3544 1678 3815 1747 episcopia
3852 1678 3933 1731 vel
3960 1692 4076 1731 mo-

2494 1769 2729 1823 nasteria
2762 1777 2887 1822 ante
2922 1769 2975 1822 id
3004 1769 3261 1837 temporis
3289 1769 3464 1822 diruta
3512 1768 3556 1799 ³⁰
3600 1777 3692 1821 aut
3746 1767 3917 1830 nulla,
3950 1783 4072 1836 qua:

807 1850 1148 1921 Imperatoris
1170 1850 1289 1904 aula
1319 1860 1411 1905 aut
1457 1850 1716 1919 jubeatur
1762 1862 1851 1906 aut
1878 1854 2241 1921 permittatur,
2274 1856 2387 1910 sive
2422 1846 2461 1903 Β
2492 1857 2685 1911 abhinc
2711 1866 2803 1910 aut
2834 1858 3064 1911 rediviva
3090 1858 3419 1925 pullularunt
3444 1868 3536 1911 aut
3556 1858 3598 1889 ³¹
3626 1858 3780 1912 novis
3820 1857 4077 1927 auspiciis

806 1942 873 1995 ad
914 1943 1250 2010 quorundam
1301 1941 1609 2006 utilitatem,
1639 1943 1754 1997 sive
1800 1945 1865 1999 ad
1912 1946 2104 2000 occulti
2145 1944 2385 2017 justique

799 2032 984 2101 jndicii
1034 2034 1113 2088 sui
1141 2034 1417 2088 ultionem.
1444 2034 1575 2100 Quis
1613 2037 1755 2090 enim
1786 2037 1903 2106 plus
1939 2037 2113 2108 diligit
2155 2038 2197 2069 ¹³
2223 2054 2384 2108 quam

805 2122 894 2175 ille
928 2122 1019 2191 qui
1055 2122 1221 2177 fecit?
1249 2139 1411 2191 porro
1441 2125 1562 2193 quis
1590 2125 1894 2181 ordinatius
1923 2128 2060 2197 regit
2091 2144 2250 2197 quam
2299 2128 2387 2182 ille

804 2212 893 2279 qui
926 2212 1053 2266 fecit
1080 2222 1133 2267 et
1160 2215 1368 2283 diligit?
1397 2216 1536 2286 Ergo
1564 2231 1668 2270 non
1717 2226 1893 2287 potest
1923 2221 2209 2289 quicquam
2244 2222 2287 2252 “
2308 2223 2388 2275 ul-

805 2311 887 2354 tra
916 2301 1121 2356 citrave
1141 2304 1389 2372 progredi
1415 2305 1516 2358 nisi
1539 2320 1661 2359 cum
1684 2304 1957 2361 voluntate
1984 2306 2216 2372 Domini,
2240 2309 2386 2363 salvo

804 2408 925 2445 eum
980 2394 1151 2463 gratia
1207 2394 1300 2448 Dei
1355 2396 1498 2449 dono
1544 2395 1855 2449 hominibus
1900 2396 2025 2451 dato
2073 2397 2231 2453 liberi
2300 2414 2382 2453 ar-

802 2484 972 2539 ltilrii.

874 2556 949 2609 De
1001 2570 1288 2625 regnorum
1322 2572 1538 2626 quoque
1568 2558 2003 2614 successionihus
2032 2575 2125 2615 seu
2170 2576 2388 2630 permu-

803 2644 1117 2708 tationibns,
1142 2661 1275 2715 quas
1302 2646 1383 2701 vel
1410 2648 1714 2703 audivimus
1736 2648 1820 2703 vel
1846 2649 2097 2714 vidimus,
2124 2666 2226 2705 non
2252 2653 2389 2705 mul-

806 2744 919 2787 tum
966 2736 1290 2789 mirandum.
1317 2736 1488 2805 ipsius
1518 2746 1601 2792 est
1626 2739 1791 2801 enim,
1822 2747 1881 2791 ut
1908 2739 1984 2792 ait
2010 2738 2293 2795 Psalmista
2320 2741 2383 2804 ¹⁸,

804 2843 1019 2897 regnum
1041 2839 1086 2881 et
1117 2830 1226 2897 ipse
1251 2829 1608 2882 dominabitur
1627 2831 1855 2899 gentium
1882 2830 2106 2898 (Psalm.
2130 2847 2241 2896 XXI,
2271 2831 2382 2902 29).

803 2918 870 2971 Et
900 2917 1041 2971 sicut
1088 2917 1552 2989 Nahngodonosor
1590 2919 1631 2949 ¹⁶
1678 2919 1872 2983 sensit,
1924 2920 2246 2989 cuicumque
2294 2936 2385 2974 vo-

802 3008 966 3061 luerit
995 3008 1140 3062 dabit
1169 3009 1321 3062 illud.
1348 3008 1480 3062 Nam
1513 3010 1729 3078 quando
1757 3009 1944 3071 voluit,
1974 3025 2134 3078 regna
2166 3011 2381 3074 statuit,

801 3105 855 3150 ct
877 3097 1092 3165 quando
1134 3097 1317 3161 voluit,
1349 3098 1595 3151 mutavit.
1638 3096 1890 3151 Testatur
1923 3099 2022 3151 hoc
2052 3100 2093 3130 ¹⁷
2123 3100 2383 3168 antiquis-

800 3188 994 3241 simum
1025 3188 1357 3243 Assiriorum
1382 3205 1627 3258 regnum,
1667 3190 1809 3259 quod
1838 3200 2025 3259 postea
2077 3192 2142 3244 ad
2174 3191 2373 3253 Medos,
2406 3200 2447 3258 (ἶ

802 3286 856 3331 et
884 3277 950 3330 ad
980 3277 1022 3308 “
1045 3276 1237 3333 Persas
1264 3279 1304 3311 ¹⁹
1330 3279 1669 3343 translatum,
1697 3282 1952 3351 regnandi
1980 3282 2136 3335 finem
2165 3284 2288 3337 fecit
2313 3286 2376 3336 ²⁰.

800 3366 926 3421 lude
956 3369 1019 3421 ad
1052 3368 1368 3425 Macedones
1388 3412 1401 3436 ,
1433 3387 1569 3440 quos
1598 3372 1766 3427 multo
1796 3374 2055 3444 sanguine
2082 3376 2183 3429 sibi
2214 3376 2255 3405 ²¹
2291 3391 2384 3428 ac-

799 3458 1021 3527 quisivit
1065 3460 1371 3516 Alexander
1411 3462 1499 3516 ille
1528 3463 1663 3533 (49),
1697 3479 1853 3532 quem
1893 3463 2082 3518 Daniel
2114 3464 2193 3517 vel
2224 3480 2296 3520 tes
2329 3466 2379 3519 in

797 3556 974 3601 statua
1004 3547 1087 3603 vel
1118 3550 1342 3618 pardum
1376 3551 1427 3605 in
1455 3552 1664 3607 visione
1712 3552 1979 3617 nominat,
2022 3568 2247 3622 magnus
2280 3554 2381 3608 uti-

796 3654 921 3706 que,
952 3655 1177 3708 magnus
1203 3641 1290 3695 ille
1316 3658 1509 3713 gurges
1540 3644 1881 3698 miseriarum
1909 3660 1923 3708 ;
1955 3645 2019 3696 ad
2048 3655 2378 3713 postremum

797 3727 1076 3792 Romanis,
1110 3740 1251 3783 terra
1287 3740 1340 3785 et
1378 3733 1516 3786 mari
1549 3734 1834 3786 transactis
1855 3773 1872 3800 ,
1897 3734 2066 3802 copiis
2086 3735 2382 3804 praestanti-

793 3819 914 3885 bus,
949 3837 1053 3875 non
1084 3822 1200 3876 sine
1228 3836 1358 3878 nutu
1393 3824 1484 3879 Dei
1518 3826 1683 3880 cessit
1734 3826 2035 3895 imperium.
2088 3828 2154 3880 Et
2204 3828 2269 3881 de
2298 3843 2381 3882 re-

794 3913 915 3980 gnis
940 3914 1154 3982 quidem
1201 3917 1279 3970 sic
1307 3916 1570 3971 hactenus
1598 3918 1850 3981 habetur,
1889 3918 2016 3973 licet
2045 3918 2377 3974 Francorum

793 4002 1022 4057 subinde
1052 4006 1351 4059 accreverit
1405 4006 1722 4074 imperium,
1757 4008 1897 4076 quod
1932 4008 2055 4077 quia
2087 4009 2130 4038 "
2166 4023 2225 4062 se
2276 4009 2379 4063 Ro-

795 4094 974 4147 manis
1023 4096 1243 4150 arcibus
1284 4096 1555 4163 frequenti
1606 4107 1660 4152 et
1708 4113 1966 4168 prospero
2022 4115 2295 4165 successu,
2327 4110 2382 4189 θ)

794 4198 955 4237 manu
1011 4186 1254 4251 militari,
1298 4202 1405 4256 quo
1437 4188 1647 4243 delectu
1693 4191 1897 4259 Optime
1948 4190 2258 4257 habundat,
2305 4186 2381 4245 in-

790 4273 1012 4341 fuderit,
1038 4276 1197 4345 idque
1220 4279 1531 4347 acquisierit
1554 4277 1845 4349 fastigium,
1868 4280 1919 4333 in
1937 4280 2175 4334 Romana
2203 4292 2376 4335 tamen

791 4375 850 4419 re
882 4368 1090 4437 publica
1121 4380 1200 4422 est
1229 4371 1744 4425 connumerandum.
1777 4370 1909 4425 Nam
1949 4384 2003 4426 et
2032 4373 2217 4427 eadem
2247 4390 2377 4444 gens

792 4456 1054 4510 Romanis
1094 4459 1327 4526 quadam
1362 4460 1623 4515 civilitate
1672 4458 2033 4530 coniungitur,
2063 4478 2183 4517 cum
2234 4472 2374 4518 uter-

2494 1950 2834 2004 iuchoarunt.
2865 1948 2995 2015 Quae
3036 1950 3082 2002 si
3123 1950 3489 2003 scriberemus
3526 1949 3767 2019 singula,
3820 1949 4076 2003 deficeret

2492 2042 2646 2095 nobis
2675 2042 2867 2112 pagina
2888 2083 2901 2105 ,
2932 2042 3229 2111 przeseriim
3262 2057 3383 2095 cum
3408 2056 3507 2095 nec
3536 2044 3636 2096 hoc
3658 2041 4031 2111 proposuimus
4057 2055 4073 2102 ;

2491 2132 2685 2186 sufiicit
2714 2142 2771 2186 ut
2806 2134 2871 2187 de
2898 2144 3083 2186 nostro
3115 2140 3319 2185 tantum
3347 2132 3610 2193 dicamus,
3643 2142 3697 2186 et
3720 2132 3842 2201 quia
3869 2132 3934 2184 de
3956 2132 4075 2185 loco

2490 2222 2773 2276 dicendum
2805 2233 2909 2287 est,
2939 2224 3102 2275 sitmn
3130 2222 3373 2276 dicamus
3405 2220 3538 2289 ejus,
3565 2222 3631 2276 de
3658 2237 3764 2291 quo
3787 2222 4074 2278 dicendum

2488 2320 2590 2364 851.

2560 2528 2585 2581 1
2618 2526 2681 2581 ³’.
2715 2526 2809 2581 Est
2837 2527 3004 2589 locus,
3035 2528 3123 2582 ubi
3158 2528 3296 2581 intra
3325 2527 3582 2582 terminos
3604 2527 3747 2597 pagi,
3774 2541 3931 2596 quem
3978 2541 4073 2580 ve-

2490 2628 2631 2673 teres
2662 2634 2691 2671 a
2723 2618 2863 2682 loco,
2892 2618 2979 2672 ubi
3011 2620 3378 2688 Sttpet‘Stitiosa
3412 2618 3681 2689 gentilitas
3706 2618 3883 2672 fanum
3917 2617 4074 2670 Ma.ti

2488 2718 2835 2772 sacraverat,
2869 2706 3369 2763 Fanum-martinse
3425 2709 3709 2771 dixerunt,
3744 2707 3987 2775 juniores
4040 2722 4071 2758 a

2489 2800 2704 2853 nomine
2750 2798 3075 2870 prtefluentis
3130 2798 3273 2852 fluvii
3328 2798 3549 2869 Haynau
3597 2808 3962 2862 vocaverunt,
4022 2807 4071 2851 et

2490 2906 2623 2959 pago
2648 2888 2936 2943 Samhrino
2960 2888 3185 2942 Sambra
3209 2888 3379 2943 ﬂuens
3411 2889 3600 2941 blanda
3632 2896 3685 2940 et
3712 2902 3921 2940 arnmna
3956 2888 4069 2955 ripa

2488 2980 2760 3045 decurrit,
2806 2994 2964 3047 quem
3020 2979 3148 3032 hinc
3195 2979 3318 3031 inde
3375 2976 3803 3046 prominentibus
3850 2974 4074 3028 collibus

2489 3071 2745 3139 planicies
2772 3071 3014 3139 quaedam
3058 3079 3112 3123 et
3158 3084 3438 3123 nemorum
3484 3070 3723 3137 opacitas
3767 3077 3819 3119 et
3849 3076 4072 3135 oportu-

2489 3163 2630 3214 nitas
2660 3161 2703 3191 ³³
2730 3162 2829 3214 1οοὶ
2858 3161 3223 3229 gratissimum
3270 3160 3462 3213 reddit.
3491 3159 3547 3213 ln
3580 3173 3687 3229 quo
3720 3157 3837 3212 loco
3868 3157 4073 3210 rivulus

2484 3253 2748 3307 delabitur
2770 3255 2821 3305 in
2856 3252 3157 3314 Sambram,
3181 3266 3337 3319 quem
3364 3249 3672 3303 Laubacnm
3701 3258 3913 3312 vocant,
3941 3262 4074 3300 enn-

2484 3344 2712 3412 demque
2743 3351 2931 3411 putant
2962 3341 3071 3411 (5|)
3106 3356 3304 3395 nomen
3351 3339 3468 3395 10:0
3519 3340 3756 3401 dedisse,
3791 3338 3913 3392 licet
3962 3338 4071 3390 sint

2481 3432 2680 3501 aliqui,
2740 3434 2830 3500 qui
2885 3446 2981 3500 pro
3044 3430 3406 3500 oportunitate
3470 3429 3850 3497 capiendarum
3924 3426 4071 3479 fera-

2486 3541 2604 3578 rum
2631 3555 2700 3565 —
2736 3524 2974 3593 undique
3006 3523 3151 3577 enim
3196 3522 3333 3577 saltu
3366 3521 3599 3591 cingitur
3638 3519 3921 3588 vicinaque
3949 3528 4069 3572 erat

2486 3618 2763 3687 Liphtinas
2788 3616 2834 3648 “
2863 3616 2974 3687 (52)
3004 3616 3133 3670 fisco
3165 3623 3289 3669 tunc
3332 3593 3495 3683 regio,
3519 3620 3573 3667 et
3622 3612 3804 3680 prisco
3849 3611 4068 3665 nomine

2483 3719 2828 3781 permanente
2882 3709 3098 3763 forestis
3146 3709 3320 3763 adhuc
3377 3707 3609 3770 dicitur,
3661 3720 3727 3761 eo
3779 3707 3922 3776 quod
3968 3720 4063 3759 rex

2484 3820 2711 3875 pergens
2731 3814 3009 3867 venatum,
3037 3803 3105 3857 ibi
3140 3803 3240 3857 sibi
3282 3801 3395 3855 fieri
3421 3802 3661 3871 jusserat
3700 3801 4063 3854 obumbracu-

2482 3893 2590 3946 lum
2634 3893 2701 3948 ad
2726 3892 3132 3962 temperandum
3163 3891 3292 3945 solis
3334 3902 3546 3953 aestum,
3572 3890 3713 3959 quod
3747 3890 3938 3943 lobiam
3965 3903 4063 3941 vo-

2480 3994 2607 4038 cant
2633 4014 2705 4024 —
2739 3985 2862 4038 inde
2891 3992 3081 4053 putant
3124 3983 3299 4037 locum
3341 3983 3540 4037 dictum
3594 3981 3809 4036 nomine
3846 3996 4064 4050 perma-

2482 4083 2672 4139 nente,
2700 4074 3039 4143 rivulu‘mque
3060 4089 3087 4125 a
3112 4073 3246 4137 loco,
3275 4088 3379 4127 non
3412 4073 3586 4125 locum
3618 4086 3647 4124 a
3670 4071 3841 4124 rivulo
3865 4086 4062 4123 nomen

2484 4168 2742 4231 traxisse;
2773 4167 2914 4235 quod
2939 4166 3146 4220 videtur
3175 4165 3345 4235 magis
3377 4163 3667 4218 verisimile
3696 4177 3834 4215 esse.
3863 4160 4062 4213 Teuto-

2483 4277 2574 4315 ncs
2608 4262 2710 4314 hoc
2740 4260 3034 4329 astipulare
3064 4259 3331 4313 videntur.
3389 4256 3522 4310 Nam
3578 4256 3725 4309 locus
3761 4254 3846 4307 ille
3872 4268 4063 4307 eorum

2480 4351 2657 4420 lingua
2695 4350 2917 4403 Lohach
2978 4350 3200 4413 dicitur;
3250 4357 3304 4402 et
3366 4348 3416 4401 lo
3463 4346 3679 4416 quidem
3726 4353 3910 4398 vocant
3965 4343 4064 4396 ob-

2480 4440 2872 4493 umbrationem
2933 4453 3210 4492 nemorum
3270 4437 3348 4499 ³⁸,
3400 4437 3537 4490 bach
3600 4445 3779 4489 autem
3842 4435 4057 4493 rivum;

791 4558 894 4611 que
924 4523 1150 4614 populus
1173 4563 1200 4598 a
1232 4546 1416 4611 Troia,
1453 4547 1525 4600 illi
1574 4523 1833 4603 IEIIBCD'”
1869 4523 2027 4619 signa:
2069 4552 2262 4617 secuti,
2288 4553 2373 4606 isti
2410 4558 2453 4615 ί)
2480 4546 2598 4600 Ψηὲ
2629 4532 2732 4584 (ίυο
2760 4531 2803 4583 εί
2847 4538 3257 4599 εοηψοητιηιιινν
3289 4528 3530 4583 nmium:
3565 4524 3931 4619 Ol’llmbm‘fun
3978 4523 4057 4619 Γξ·

789 4634 1064 4688 Antenore
1089 4636 1223 4689 duce
1250 4650 1347 4706 per
1386 4635 1608 4691 llliricos
1639 4637 1791 4690 sinus
1818 4637 1885 4691 ad
1926 4637 2186 4693 Meotidas
2217 4639 2372 4708 palu-

2481 4638 2631 4677 vum.
2663 4622 2791 4676 Erat
2818 4631 2997 4675 autem
3032 4621 3178 4675 locus
3207 4620 3460 4689 parandis
3495 4618 3705 4672 insidiis
3735 4626 3792 4671 et
3835 4615 4057 4671 latroci-

2112 4753 2347 4809 VARl/E
2388 4755 2790 4811 LECTIONES.

891 4859 931 4890 “
970 4869 1279 4933 marescunt
1312 4861 1359 4913 l.
1459 4861 1500 4891 ¹¹
1527 4862 1684 4915 deest.
1722 4864 1816 4933 l.__
1852 4863 1893 4893 ⁸³
1918 4864 2077 4917 deest.
2119 4864 2164 4916 Ι.
2244 4863 2287 4893 ¹¹⁵
2313 4880 2344 4933 q

791 4928 922 4999 tur).
1000 4930 1042 4960 ¹⁶
1074 4932 1520 4985 uahucodonosor
1551 4933 1623 4985 Γ,
1704 4933 1743 4963 ιτ
1774 4931 1837 4985 Η.
1872 4942 1908 4985 ι.
1952 4934 2025 4986 1..
2105 4933 2147 4965 ,8
2170 4934 2306 4986 de“!
2332 4904 2424 4986 ιΓγ
2468 4935 2509 4965 η
2535 4949 2604 5002 pP

791 4999 836 5030 ιι
878 4998 1031 5033 17mm
1063 5000 1195 5033 ΜΑΑ
1294 5001 1338 5031 ιιι
1368 5000 1654 5033 ι.ιιι,ιη.νι,..ο
1690 5005 1737 5033 ι.
1839 5003 1884 5033 η
1926 5003 2130 5033 ΛΜΗ-ὼ
2181 5005 2202 5033 ι
2308 5003 2354 5033 η
2391 5009 2524 5033 ΛΜΗ
2558 5005 2604 5033 υ

1925 5005 2136 5057 delituit
2181 5005 2231 5056 1.
2308 5005 2354 5033 ¹⁶
2388 5009 2524 5056 deest
2558 5005 2630 5057 1⁸.
2706 5005 2748 5035 ⁸⁷
2782 5006 3055 5073 prospexit
3084 5006 3156 5058 1⁸.
3234 5005 3278 5037 ⁸⁸
3308 5005 3529 5059 hlodovc

1903 5074 1946 5104 ³³
1978 5074 2325 5143 topographia
2354 5087 2627 5137 gestorum
2651 5072 2905 5129 abbatum
2937 5075 3279 5130 Lobiensium
3308 5077 3435 5129 add.
3481 5076 3529 5129 1.

1923 5143 2143 5197 liotinas
2168 5144 2221 5197 2.
2300 5144 2343 5175 ³⁸
2372 5146 2508 5195 deest
2531 5143 2586 5197 2.

2410 5155 2508 5195 βεδε
2531 5155 2586 5196 ’2.

791 4999 836 5030 ’³
864 4998 1033 5053 έΕηεει
1062 5000 1215 5053 codd.
1294 5001 1338 5031 ”
1365 5000 1657 5055 hlodovens
1690 5005 1761 5056 l'.
1839 5003 1884 5034 "
1925 5003 2136 5057 delituit
2181 5005 2231 5056 1.

790 5069 834 5101 ¹⁹
861 5085 1018 5137 quem
1050 5070 1099 5122 l.
1177 5069 1220 5100 ⁸⁰
1252 5080 1345 5123 aut
1372 5073 1422 5123 (Ι.
1454 5072 1527 5124 1⁸.
1607 5072 1647 5102 ³³
1678 5082 1731 5125 et
1755 5072 1825 5126 1⁸.

788 5153 924 5195 corr.
957 5138 1296 5209 oportunitas
1323 5139 1376 5192 2.
1407 5151 1453 5193 et
1488 5144 1563 5195 ita
1603 5142 1765 5212 infra.
1844 5143 1888 5174 “
1923 5138 2143 5213 lipti'na's
2168 5138 2221 5197 2L

2395 4881 2444 4933 p.
2482 4866 2555 4917 Γ.
2634 4864 2677 4895 ³³
2703 4864 2835 4934 psal.
2872 4865 2943 4917 l‘.
2991 4875 3186 4934 praesta
3239 4866 3286 4919 l.
3320 4863 3458 4933 (psta
3487 4864 3602 4916 cod.
3634 4864 3874 4934 habuisse
3915 4861 4056 4934 ride-

3298 4935 3340 4966 "
3372 4938 3511 4987 deest
3544 4934 3619 4987 1⁸.
3695 4934 3739 4964 ²¹
3768 4933 3965 4985 dicitur
4001 4932 4050 4985 Ι.

3234 5004 3278 5037 ⁸⁸
3308 5002 3958 5079 ΙιΙοξΙυγρυεε-Ιιιοιιωι’ἱοε.
3976 5002 4047 5053 1⁸.

3606 5073 3650 5104 ⁸³
3676 5073 4051 5143 Opportunitas

2535 4933 2719 5002 persos
2751 4938 2797 4986 1.
2875 4936 2918 4966 ⁹⁰
2947 4933 2983 4987 f.
3009 4933 3045 4987 f.
3082 4952 3121 4986 r.
3150 4936 3222 4988 l‘.

2706 5005 2748 5035 ³⁷
2782 5006 3055 5073 prospexit
3084 5006 3156 5058 1⁸.

2277 5277 2511 5334 NOTAE.

858 5391 967 5428 flOl
1005 5390 1077 5428 πε
1111 5390 1292 5428 Caelia
1326 5407 1507 5428 ron-Im
1545 5391 1874 5428 Wn-onnnrnm
1908 5407 1936 5428 η
1987 5392 2007 5428 Ι
2048 5406 2146 5428 cnn

2542 5392 2916 5428 fKO\Inclinnc
2975 5394 3049 5428 ΠΛ
3095 5392 3210 5428 inca
3260 5392 3312 5428 in
3360 5400 3482 5428 tum!
3560 5392 3933 5428 mirnncilnnnm
3978 5395 4015 5428 α
