4482 5524
356 388 455 444 M9

1340 390 1425 445 DE
1464 389 1707 445 GESTIS
1746 388 2071 444 ABBATUM
2108 388 2594 446 LAl'BlENSlUM.

3489 386 3593 441 550

354 500 609 556 nantibus
648 508 824 570 aptus.
880 499 1013 554 Nam
1060 500 1194 555 sicut
1228 500 1425 555 dictum
1461 510 1577 568 est,
1608 503 1819 557 cinctus
1841 510 1923 555 est
1951 507 2000 563 Α
2025 500 2286 569 quinque;
2316 502 2404 569 qui
2441 515 2627 554 omnes
2671 509 3028 569 regnaverunt
3069 500 3165 554 sub
3192 498 3416 567 prmi-ato
3445 500 3592 567 prin-

352 593 503 647 silvis
531 602 585 645 et
619 602 964 661 exasperatus
1009 592 1270 661 scopulis;
1324 594 1463 646 unde
1509 604 1563 647 et
1618 602 1923 662 perpetrato

353 683 555 738 scelere
608 698 713 736 non
759 682 1132 736 inveniebatur
1192 683 1381 737 hostis.
1434 684 1579 751 (637)
1628 684 1743 738 Tali
1796 699 1923 753 ergo

353 774 719 842 oportunitate
748 782 979 841 captata,
1010 773 1251 827 Morosus
1279 774 1514 843 quidam,
1547 776 1629 829 vir
1653 775 1808 843 hujus
1834 790 1923 828 ar-

357 864 423 918 tis
443 873 499 917 et
542 865 740 933 operis,
769 864 859 917 tali
897 863 947 916 in
977 862 1094 917 loco
1121 864 1414 919 latrociniis
1452 865 1759 930 insistebat,
1789 874 1923 921 tem-

354 970 483 1024 pore
514 971 619 1024 quo
646 972 676 1009 a
719 955 982 1011 Clodoveo
1011 956 1269 1025 septimus
1308 956 1595 1012 Lotliarius
1646 960 1837 1029 agebat
1867 959 1921 1014 in

356 1048 605 1117 sceptris.
638 1047 879 1112 Quicum
924 1049 1159 1102 minimis
1213 1050 1507 1105 sceleribus
1561 1066 1665 1105 non
1725 1066 1920 1120 usque-

356 1151 568 1205 quaque
599 1146 879 1191 contcntus
904 1178 919 1200 ,
952 1138 1238 1207 grandiora
1286 1154 1511 1209 qua-que
1556 1141 1830 1195 moliretur
1870 1152 1925 1196 et

357 1234 543 1295 ageret
574 1265 587 1289 ,
618 1225 829 1279 tandem
861 1227 1153 1281 miserante
1194 1242 1357 1298 super
1397 1230 1479 1284 bis
1521 1230 1774 1297 Domino,
1829 1248 1924 1302 per

356 1327 599 1372 sanctum
650 1318 943 1373 Autberum
1000 1318 1445 1376 Camaracensem
1491 1324 1923 1393 episcopum,—

359 1424 479 1463 nam
524 1411 808 1478 parrochia
858 1417 941 1465 est
988 1411 1153 1479 ipsius
1192 1412 1431 1468 ecclesiae
1472 1418 1763 1481 terminus,
1799 1417 1924 1473 licet

358 1501 632 1570 hucusque
657 1503 820 1557 etiam
850 1502 893 1533 ⁸⁸
920 1512 973 1557 ct
1026 1502 1338 1559 Leodiensis
1383 1506 1721 1573 protenditur
1760 1535 1829 1546 —
1858 1510 1924 1563 de

358 1591 569 1647 Moroso
599 1594 649 1646 in
684 1592 1031 1648 Landelinum
1052 1610 1364 1660 conversus,
1388 1599 1653 1653 secundus
1677 1599 1740 1654 de
1762 1599 1923 1655 Saulo

358 1685 531 1738 tactus
557 1694 638 1738 est
664 1684 879 1745 Paulus.
904 1695 956 1738 et
981 1685 1138 1741 linem
1168 1688 1321 1742 viciis
1348 1688 1509 1753 dedit,
1538 1699 1592 1743 et
1621 1689 1793 1744 locum
1830 1706 1920 1744 sa-

357 1772 465 1825 cris
519 1774 709 1828 studiis
758 1774 1020 1837 initiavit,
1084 1785 1142 1829 ut
1211 1792 1369 1846 quem
1432 1780 1919 1835 eominarulaverat

2026 590 2162 657 cipe,
2197 592 2346 660 regni
2394 600 2598 644 tantum
2644 591 2722 644 eis
2764 590 2977 644 nomine
3009 590 3343 644 manente“.
3371 589 3486 656 Quo
3540 591 3591 643 in

2024 689 2264 748 tempore
2295 711 2361 722 —
2385 682 2678 735 secundum
2712 681 2853 751 quod
2883 682 2934 735 iu
2956 682 3174 735 Actibus
3196 682 3553 752 apostolorum
3575 722 3591 745 ,

2024 768 2077 822 in
2108 769 2291 823 Asiam
2324 771 2565 825 volentes
2590 771 2671 825 ire
2697 771 2967 839 discipuli.
3002 771 3248 840 prohibiti
3279 782 3403 826 sunt
3427 787 3456 826 a
3484 772 3595 841 spi-

2021 858 2126 912 ritu
2153 858 2393 923 Domini;
2423 859 2732 914 servabatur
2761 859 2905 915 enim
2927 859 2971 891 “
2998 858 3289 915 Iohanni"
3316 889 3386 900 —
3406 859 3594 915 beatus

2029 948 2283 1003 Usmarus
2306 949 2560 1003 virtutum
2600 950 2873 1005 exercitiis
2894 950 2936 981 ⁵⁷
2964 951 3216 1006 omnibus
3260 950 3458 1015 clarus,
3506 950 3593 1006 cui

2022 1038 2254 1094 Lobbias
2278 1039 2606 1109 apostolatus
2642 1040 2815 1095 locum
2855 1042 3199 1113 delegaverat
3238 1042 3528 1109 Dominus,
3562 1057 3594 1097 a

2024 1130 2247 1202 Pippino
2268 1132 2380 1202 jam
2412 1133 2556 1187 dicto
2582 1132 2823 1203 principe
2857 1142 3130 1197 evocatus,
3154 1133 3293 1188 idem
3321 1142 3595 1190 monaste-

2024 1222 2162 1277 rium
2191 1222 2479 1292 regendutn
2502 1222 2709 1293 accepit
2729 1222 2774 1255 “
2792 1237 2886 1292 per
2908 1222 3188 1294 llyldulphi
3207 1224 3593 1289 interventum,

2022 1314 2112 1382 qui
2134 1322 2249 1369 erat
2263 1329 2399 1368 unus
2412 1314 2478 1369 de
2493 1314 2801 1382 proceribus
2820 1315 2963 1383 regni
2981 1316 3291 1386 majoribus.
3312 1317 3457 1385 (689)
3488 1316 3593 1373 Cu-

2013 1406 2103 1475 jus
2155 1408 2349 1463 indicia
2406 1410 2718 1464 meritorum
2770 1409 2983 1463 fuerunt
3041 1424 3173 1479 puer
3238 1409 3326 1464 ille
3377 1409 3489 1479 (54)
3539 1418 3595 1464 et

2024 1498 2177 1565 panis
2204 1498 2360 1551 matri
2391 1498 2443 1551 in
2467 1506 2707 1552 oromate
2736 1498 2779 1529 δ’
2803 1508 3241 1567 prmmonstratus
3287 1508 3342 1553 et
3384 1499 3595 1554 scansio

2026 1585 2111 1637 illa
2153 1586 2323 1639 beatae
2364 1586 2523 1640 scala:
2576 1600 2606 1639 a
2657 1594 2800 1641 terra
2846 1586 2983 1641 ctelo
3008 1595 3187 1651 tenus;
3241 1602 3361 1656 quae
3415 1588 3595 1641 omnia

2022 1684 2280 1744 quantum
2354 1676 2514 1730 beato
2611 1675 2727 1729 viro
2810 1685 3147 1747 congruunt,
3232 1689 3299 1730 ex
3387 1676 3595 1730 actibus

2024 1762 2140 1831 ejus
2199 1766 2591 1836 cognoscimus.
2644 1764 2805 1821 Forte
2867 1780 2965 1821 nec
3011 1768 3127 1822 sine
3170 1768 3402 1837 quodam
3457 1782 3597 1837 prte-

356 1860 530 1924 viciis,
566 1860 837 1916 dedicaret
879 1862 1198 1928 virtutibus,
1230 1841 1284 1919 ὲι
1314 1865 1355 1896 ⁸⁷
1389 1866 1477 1920 ubi
1526 1870 1916 1936 superabumta-
1958 1841 1998 1899 Β
2027 1860 2174 1932 sagio
2238 1860 2343 1915 tale
2416 1860 2638 1915 sortitus
2687 1870 2771 1915 est
2827 1875 3040 1916 nomen.
3113 1860 3402 1916 Ursmarus
3450 1862 3594 1915 enim

357 1957 441 2002 rat
488 1959 796 2016 peccatum,
827 1952 1282 2021 superabundaret
1322 1964 1376 2009 et
1421 1956 1614 2026 gratia,
1663 1958 1801 2011 sicut
1847 1959 1921 2011 ait

358 2038 630 2107 apostolus
660 2039 833 2110 (Rom.
860 2057 911 2103 ν,
940 2040 1050 2109 20).
1081 2041 1137 2095 In
1166 2058 1272 2111 quo
1300 2044 1415 2098 loco
1438 2054 1489 2097 et
1514 2045 1795 2100 ecclesiam
1823 2048 1922 2101 sibi

358 2143 455 2198 pro
487 2139 724 2199 tempore
751 2134 1101 2199 constituens,
1126 2132 1351 2189 deﬂebat
1373 2136 1565 2205 quibus
1592 2148 1749 2192 antea
1780 2139 1924 2194 oble-

358 2218 627 2283 ctabatur,
650 2236 806 2274 manu
836 2231 886 2276 et
916 2222 1097 2277 labore
1120 2224 1316 2277 victum
1340 2240 1602 2293 qumrens,
1627 2226 1927 2282 lasciviam-

360 2322 465 2376 que
492 2308 672 2361 carnis
694 2307 911 2376 jejuniis
935 2319 989 2364 et
1009 2310 1202 2380 vigiliis
1229 2311 1470 2373 domans,
1495 2321 1547 2366 et
1574 2316 1927 2371 exercebatur

359 2413 571 2454 summo
602 2402 795 2454 mentis
826 2402 1106 2456 conamine
1134 2402 1177 2434 ³⁸
1208 2404 1257 2457 in
1302 2404 1383 2458 his
1410 2420 1528 2473 qua:
1557 2417 1679 2460 sunt
1717 2407 1830 2474 Dei,
1869 2418 1927 2462 ut

358 2501 546 2543 omnes
572 2489 912 2554 mirarentur,
939 2492 1179 2547 videntes
1202 2496 1667 2550 commutationem
1696 2498 1927 2553 dexterae

360 2576 593 2632 Excelsi.
619 2578 836 2635 Talibus
868 2581 1031 2651 igitur
1054 2584 1345 2647 exercitiis,
1372 2584 1614 2655 pluribus
1642 2589 1706 2641 ad
1734 2590 1783 2642 id
1818 2597 1928 2643 stu-

362 2667 432 2723 dii
459 2668 849 2725 conﬂuentibus
875 2673 1146 2739 speculum
1196 2674 1367 2731 factus
1410 2689 1521 2742 est;
1566 2680 1748 2749 sicque
1788 2682 1928 2737 ιου-

360 2756 560 2813 biensis
599 2759 826 2813 coenobii
855 2760 1104 2816 fundator
1123 2764 1298 2818 extitit
1328 2767 1552 2835 primus.
1589 2768 1693 2823 Sed
1724 2786 1925 2840 pmor-

361 2846 591 2910 dinatio,
624 2849 688 2902 de
710 2863 811 2917 qua
841 2851 1244 2918 praeposuimus,
1274 2854 1387 2919 Dei,
1418 2856 1505 2925 qui
1545 2873 1647 2911 non
1680 2860 1926 2917 omnibus

356 2934 555 3003 judicia
577 2953 671 2992 sua
702 2941 1007 2995 manifestat
1036 2943 1336 2999 —Judicia
1368 2948 1503 3000 enim
1534 2958 1643 3011 tua,
1675 2952 1749 3005 ait
1781 2950 1926 3006 Psal-

361 3028 540 3095 mista,
570 3032 785 3099 abyssus
817 3032 978 3084 multa
1004 3031 1119 3102 (Ps.
1153 3051 1295 3088 xxxv
1314 3080 1327 3101 ,
1358 3037 1410 3107 7)
1440 3068 1511 3080 —
1540 3040 1704 3094 voluit
1730 3042 1773 3073 ”
1801 3043 1928 3097 bea-

361 3127 473 3172 tum
501 3119 849 3173 Landelinum
893 3122 1072 3176 Lobiis
1105 3125 1408 3194 demigrare
1434 3168 1447 3191 ,
1482 3139 1539 3183 ut
1570 3131 1726 3184 alteri
1752 3146 1923 3200 quan-

356 3211 534 3279 doque
578 3212 930 3267 subsecutttro
968 3213 1116 3268 locus
1146 3227 1395 3283 vacaret,
1428 3235 1494 3273 ne
1541 3223 1724 3291 utique
1766 3238 1928 3293 super

360 3299 581 3354 alterius
611 3301 1011 3357 fundamentum
1044 3306 1263 3361 aedilicia
1302 3318 1534 3366 strueret
1562 3322 1616 3367 et
1640 3316 1929 3371 detrimen-

362 3399 473 3443 tum
497 3399 791 3459 pateretur,
826 3402 917 3445 aut
946 3393 990 3424 ‘°
1018 3409 1083 3448 ne
1121 3398 1309 3451 merita
1348 3408 1491 3454 tanta
1516 3403 1740 3458 duorum
1770 3406 1928 3461 unius

361 3478 463 3532 loci
493 3480 741 3549 angustia
768 3490 1093 3538 artarentur.
1123 3484 1238 3541 Hiis
1272 3487 1408 3543 forte
1446 3493 1700 3559 prasscius
1739 3495 1929 3551 beatus

358 3568 682 3625 Landelinus
753 3571 936 3628 Lobiis
996 3575 1344 3648 demigrans,
1418 3580 1742 3653 Crispinium
1815 3587 1927 3660 (55)

360 3662 533 3730 petiit.

430 3752 687 3808 2":Nec
735 3754 1017 3811 defuerunt
1058 3758 1331 3826 adjutores
1351 3772 1403 3818 et
1450 3778 1826 3835 cooperatores
1878 3772 1928 3825 in

360 3840 603 3909 praedicti
677 3842 779 3897 loci
826 3848 1263 3915 augmentatione
1306 3865 1467 3918 quam
1538 3855 1751 3923 plures,
1806 3858 1931 3913 licet

361 3934 579 3988 nomina
611 3949 797 3989 eorum
825 3937 1152 4002 exciderint;
1196 3944 1524 4009 temporibus
1553 3944 1811 4002 Clotharii
1840 3950 1928 4005 lilii

362 4023 636 4088 Clodovei,
668 4025 756 4093 qui
790 4028 1029 4096 regnavit
1061 4029 1216 4084 annis
1241 4030 1294 4095 4,
1326 4032 1417 4086 sed
1446 4044 1501 4088 et
1530 4034 1756 4092 fratrum
1786 4039 1928 4108 ejus,

363 4111 585 4166 llildrici
619 4113 823 4169 scilicet
848 4115 891 4145 δ’
919 4116 1059 4185 regis
1078 4118 1566 4185 Austrasiorum,et
1591 4124 1929 4192 Theoderici,

362 4221 523 4275 quem
561 4205 816 4277 Pippinus
856 4208 901 4239 "
946 4209 1229 4265 debellavit
1281 4212 1332 4265 in
1382 4213 1671 4280 Textricio,
1725 4219 1932 4288 sibique

362 4298 665 4369 subjugavit
711 4300 811 4354 sub
840 4315 1001 4369 seque
1035 4317 1253 4372 regnum
1302 4304 1459 4361 linire
1516 4310 1761 4379 permisit
1813 4323 1933 4381 post

363 4402 567 4441 annum
599 4388 745 4457 regni
785 4388 951 4456 ipsius
978 4388 1290 4446 Theoderici
1333 4394 1597 4451 decimum
1643 4408 1929 4465 octavum,

2021 1968 2087 2007 ex
2139 1951 2346 2006 duobus
2392 1950 2605 2006 usitatis
2674 1948 2858 2006 Gallia:
2920 1950 3243 2005 locutionum
3308 1950 3595 2022 generibus

2025 2042 2221 2098 dicitur
2284 2041 2360 2107 ⁵ο,
2429 2041 2620 2095 Latina
2684 2040 2969 2103 videlicet,
3049 2056 3210 2110 quam
3274 2052 3596 2111 usurpantes

2024 2131 2281 2183 vitiarunt
2308 2130 2375 2195 δι,
2414 2140 2467 2185 et
2517 2130 2844 2195 Teutonica;
2884 2145 3179 2200 congruum
3227 2130 3383 2201 plane
3434 2132 3591 2185 beato

2023 2221 2141 2275 viro
2167 2220 2505 2274 vocabulum.
2553 2220 2751 2276 Ursum
2796 2221 2939 2275 enim
2988 2221 3140 2273 aiunt
3177 2230 3389 2290 partum
3435 2220 3598 2275 infor-

2024 2324 2164 2364 mem
2197 2311 2376 2381 lingua
2403 2311 2659 2375 lambere,
2688 2320 2741 2367 et
2776 2312 2916 2381 quod
2953 2319 3158 2366 natura:
3187 2313 3365 2368 minus
3394 2323 3494 2381 est,
3519 2314 3599 2368 of-

2027 2399 2146 2453 licio
2173 2399 2367 2469 linguae
2408 2401 2454 2431 ⁸³
2494 2401 2783 2469 complere.
2828 2401 2917 2455 Sic
2944 2409 2998 2455 et
3028 2401 3115 2455 ille
3150 2401 3341 2456 beatus
3366 2404 3451 2456 vir
3479 2419 3599 2458 car-

2028 2488 2174 2544 nales
2204 2504 2477 2557 quosque,
2518 2498 2573 2543 et
2628 2490 2797 2544 solum
2825 2504 2885 2544 ea
2925 2504 3043 2559 quae
3071 2491 3115 2521 ⁵³
3139 2492 3320 2546 carnis
3358 2502 3481 2546 sunt
3516 2509 3601 2547 sa-

2026 2580 2252 2647 pientes,
2287 2579 2625 2647 praedicando
2669 2580 2733 2633 ad
2780 2579 3007 2633 formam
3050 2580 3131 2634 sui
3164 2582 3375 2636 reduxit
3406 2582 3600 2651 princi-

2025 2670 2098 2745 pii
2128 2670 2202 2735 “;
2234 2671 2543 2741 parturiens
2584 2684 2794 2740 semper
2829 2670 3053 2725 Domino
3079 2672 3144 2725 de
3168 2672 3292 2727 liliis
3318 2672 3411 2725 irae
3434 2687 3603 2741 popu-

2025 2764 2134 2817 lum
2166 2762 2556 2832 acquisitionis,
2586 2770 2646 2815 ut
2688 2777 2810 2817 cum
2852 2761 3105 2831 Apostolo
3142 2762 3382 2816 diceret:
3417 2761 3601 2816 Filioli

2026 2857 2147 2921 mei,
2191 2872 2317 2927 quos
2355 2855 2541 2909 iterum
2574 2856 2841 2923 parturio,
2872 2856 3035 2908 donec
3079 2855 3333 2923 formetur
3364 2853 3599 2908 Christus

2026 2950 2080 3000 in
2106 2948 2241 3001 vobis
2271 2944 2411 3018 (Gal.
2440 2963 2513 3011 tv,
2543 2947 2653 3017 19).
2692 2946 2944 3008 Mentior.
2984 2946 3027 3001 si
3059 2947 3172 3000 lucc
3199 2944 3316 3014 ejus
3340 2946 3599 2999 exercitia

2026 3038 2091 3091 ad
2119 3038 2286 3092 nostri
2321 3038 2574 3106 temporis
2601 3039 2786 3092 faecem
2810 3038 2853 3069 ³⁵
2883 3053 2989 3091 non
3022 3053 3193 3107 usque
3221 3037 3596 3091 decurrerunt.

2028 3127 2159 3181 Nam
2199 3136 2256 3181 ut
2284 3130 2695 3198 praetermittam
2726 3143 2841 3193 eos,
2890 3143 3022 3197 quos
3060 3138 3151 3180 aut
3194 3128 3312 3181 viva
3354 3141 3484 3180 voce
3515 3126 3599 3180 itt-

2006 3216 2251 3283 ,struxit,
2291 3226 2384 3271 aut
2428 3218 2705 3271 vicinitate
2738 3218 2995 3287 temporis
3029 3232 3122 3287 per
3148 3231 3260 3281 eos,
3298 3217 3386 3285 qui
3420 3216 3601 3270 audie-

2030 3317 2154 3362 rant
2182 3324 2305 3363 eum
2348 3309 2431 3363 vel
2471 3310 2737 3374 viderant,
2773 3310 2871 3364 sibi
2900 3310 2952 3363 in
2984 3308 3227 3377 plurimis
3257 3307 3599 3361 imntitabilcs

2030 3397 2396 3454 fecit—nam
2445 3399 2714 3468 aquuari
2750 3399 2799 3454 ei
2845 3400 2898 3453 in
2944 3399 3193 3453 omnibus
3228 3395 3599 3450 difﬁcillimum

2032 3490 2130 3543 luit
2152 3508 2163 3543 :
2183 3506 2382 3554 —nos,
2402 3490 2453 3544 in
2472 3504 2606 3559 quos
2628 3490 2761 3544 lines
2782 3489 3082 3545 seculorum
3106 3491 3371 3546 devenere
3392 3488 3436 3520 ”
3461 3487 3594 3566 (55),

2032 3580 2157 3633 licet
2182 3581 2234 3634 in
2266 3581 2419 3635 nobis
2449 3580 2650 3635 nullum
2679 3580 2889 3650 patroni
2935 3582 3205 3652 specimen
3250 3583 3488 3639 relueeat
3526 3587 3602 3640 in.

2030 3671 2190 3740 genii,
2223 3671 2276 3724 id
2309 3671 2502 3740 ipsum,
2534 3670 3083 3741 quantulumcumque
3113 3687 3315 3738 sumus,
3340 3673 3455 3742 ejus
3476 3691 3602 3730 con-

2032 3772 2237 3816 stamus
2260 3761 2303 3791 ⁸⁷
2335 3761 2653 3830 patrocinio.
2679 3761 2812 3815 Nam
2836 3763 3169 3832 signaculum
3196 3764 3242 3795 "
3269 3765 3601 3834 apostolatus

2031 3851 2147 3919 ejus
2185 3851 2230 3882 "
2263 3865 2361 3906 nos
2388 3865 2599 3922 quoque
2629 3867 2813 3906 sumus
2846 3852 2897 3905 in
2928 3852 3169 3907 Domino.
3196 3853 3235 3907 F
3239 3870 3479 3909 annosum
3508 3872 3602 3910 au-

2033 3951 2139 3995 tem
2188 3955 2311 3995 eum
2356 3955 2507 4005 esse,
2540 3956 2645 3995 non
2677 3956 3001 4010 magnopere
3047 3950 3289 3996 nostrum
3331 3952 3413 3997 est
3454 3958 3603 3997 (20111-

2033 4031 2318 4097 mendare;
2349 4032 2450 4087 scit
2493 4031 2594 4085 hoc
2635 4046 2826 4102 magna
2854 4046 2979 4100 pars
3009 4030 3214 4096 Galliae,
3242 4034 3416 4087 sciunt
3445 4043 3498 4089 et
3525 4035 3598 4088 liii

2031 4138 2164 4191 quos
2188 4122 2353 4177 variis
2392 4121 2790 4177 infirmitatibus
2836 4131 3055 4178 vexatos
3094 4138 3255 4178 sanos
3297 4124 3472 4178 reddit
3511 4141 3604 4179 cu-

2035 4214 2179 4266 tidie.

2100 4305 2153 4358 3.
2197 4304 2372 4369 Quare
2397 4312 2576 4359 autem
2605 4316 2727 4357 eum
2770 4306 3080 4374 episcopum
3132 4302 3299 4359 fuisse
3337 4304 3597 4367 dicimus,

2032 4408 2171 4463 swpe
2202 4412 2229 4446 a
2271 4394 2425 4448 nobis
2452 4394 2733 4462 qumsitum
2759 4402 2860 4447 est.
2910 4391 3043 4447 Nam
3080 4402 3256 4448 textus
3285 4393 3602 4461 descriptio-

363 4478 616 4574 (Elodovei
639 4479 1352 4574 quoqueAlibi-Theoderici,
1376 4489 1465 4556 qui
1510 4493 1749 4558 regnavit
1776 4496 1930 4549 anuis
1958 4516 2008 4574 ι)
2035 4492 2117 4542 nis
2143 4489 2266 4543 vita:
2296 4489 2464 4558 ipsius
2494 4487 2800 4557 episcopum
2822 4501 2945 4541 eum
2971 4484 3137 4540 fuisse
3165 4486 3319 4539 docet
3348 4485 3493 4554 (5(3);
3528 4484 3601 4537 lo-

363 4568 603 4633 duobus,
634 4568 728 4622 sed
766 4576 821 4621 et
859 4567 1043 4624 fratris
1075 4572 1191 4640 ejus
1230 4572 1543 4642 Hildeberti,
1576 4595 1931 4650 cognomento

349 4651 538 4720 Iusti,
567 4658 655 4727 qui
689 4658 929 4727 regnavit
957 4659 1112 4713 annis
1156 4668 1379 4731 septem,
1425 4679 1629 4721 necnon
1668 4680 1720 4725 et
1763 4674 1932 4745 Dago-

364 4744 507 4810 bertl
558 4744 648 4801 ﬁlii
697 4746 934 4815 ejusdem
980 4746 1269 4805 Hildeberti
1297 4792 1311 4818 ,
1358 4755 1447 4824 qui
1496 4760 1738 4828 regnavit
1780 4766 1935 4820 annis

2037 4598 2159 4637 cum
2208 4594 2384 4636 autem
2414 4580 2498 4636 vel
2530 4588 2769 4650 tempora
2820 4577 3175 4632 ordinationis
3205 4577 3391 4643 ipsius,
3442 4574 3522 4627 vel
3571 4588 3601 4626 a

2036 4672 2229 4744 quibus
2250 4673 2530 4727 ordinatus
2565 4671 2655 4735 sit,
2681 4669 2899 4724 omnino
2924 4667 3064 4722 silet.
3101 4666 3204 4721 Sed
3234 4668 3285 4719 in
3313 4666 3478 4720 cartis
3501 4666 3600 4717 sub

2036 4767 2153 4838 ejus
2192 4775 2431 4835 tempore
2475 4762 2629 4817 factis
2678 4776 2742 4815 ac
2778 4758 3111 4832 perantiquis
3168 4757 3600 4813 membranarum

1664 4893 1894 4955 VARUE
1932 4900 2333 4958 LECTIONES.

440 5018 486 5051 ⁸⁸
511 5018 653 5085 enim
684 5017 734 5071 l.
763 5024 918 5070 deest.
953 5017 1008 5071 2.
1084 5019 1127 5051 ³⁷
1155 5027 1212 5074 ιιι
1236 5020 1301 5076 l?
1330 5022 1383 5077 2.
1457 5024 1500 5056 ³⁸
1528 5035 1719 5083 conatu
1750 5030 1799 5085 l.

1876 5032 1917 5063 "
1943 5033 2111 5087 noluit
2140 5033 2189 5085 1.

2264 5033 2309 5064 ⁵⁸
2342 5044 2395 5088 et
2424 5034 2475 5086 2.
2568 5032 2611 5064 ⁶¹
2639 5028 2881 5099 Capitula
2932 5028 3219 5085 Darherius
3265 5046 3329 5083 ex
3378 5046 3601 5099 apogrn-

365 5084 638 5188 ahglnlﬁli}
644 5084 825 5188 “(1.2"
826 5088 1377 5188 ςξῖξξξκήδὶξὶςῃηόί·
1391 5092 1441 5146 2.
1519 5095 1564 5126 “
1589 5098 1803 5188 pipinus
1874 5102 1897 5154 ?
1919 5084 2205 5188 Ξίειινρήὶυρ..
2281 5102 2330 5134 ⁸⁸
2349 5084 2781 5188 permanentc'ﬁ.
2852 5100 2903 5188 ξ’
2928 5104 3185 5188 quoniam
3206 5084 3528 5188 ξεῖναιλεῖμῇ

442 5160 721 5239 itqscripsi
743 5160 1083 5239 8135011810]!!!-
1105 5160 1377 5239 metliiAaavi
1401 5180 1532 5239 usu,
1560 5160 1625 5239 et
1646 5160 1737 5222 'ita
1771 5173 1925 5223 etiam
1958 5160 2258 5239 parrochia.
2288 5160 2505 5232 colidie,
2536 5175 2719 5232 cartis,
2750 5160 3061 5234 auctoritas,
3093 5172 3356 5227 conicere,
3377 5170 3612 5239 valitudo

366 5235 416 5310 ff
458 5224 583 5310 alia,
634 5224 923 5310 indquibnus
951 5228 1233 5310 scribendis
1266 5231 1319 5285 2.
1365 5232 1463 5286 sibi
1500 5224 1713 5310 miqime
1743 5224 2054 5310 constatfide
2096 5224 2147 5294 l.
2178 5256 2293 5294 vero
2330 5224 2463 5310 nihil
2493 5224 2806 5310 compertum
2830 5224 3100 5310 habemus.

1721 5310 1766 5342 δ’
1795 5311 1929 5348 [Iuntl
1962 5309 1994 5347 ἦ
2089 5310 2130 5341 ⁸1
2168 5314 2307 5348 done!
2342 5312 2362 5348 Ι
2423 5309 2457 5348 9
2521 5311 2610 5348 ubi

367 5294 413 5325 “
441 5295 675 5348 suscepit
697 5294 753 5347 ‘2.
827 5294 871 5324 ⁸⁸
891 5304 1131 5348 oromate
1153 5314 1287 5348 corr.
1316 5313 1554 5348 aromate
1583 5304 1633 5348 9-

3177 5240 3218 5270 ’⁵⁷
3250 5240 3524 5292 exercitus
3547 5237 3614 5289 l?

2647 5310 2699 5348 δη
2748 5309 2981 5348 Μιιτηὶηρ
3025 5312 3243 5348 utillima-
3274 5321 3288 5347 ξ
3317 5307 3462 5348 illius!
3521 5306 3617 5348 :ili-
