4482 5524
854 452 949 508 551

1941 455 2255 510 FOLCUINI
2292 452 2580 510 ABBATIS
2618 457 3025 513 LAUBIENSIS

4000 458 4108 513 552

852 566 1092 637 peeiolis,
1124 583 1243 636 qua:
1270 568 1616 623 continentur
1659 568 1714 621 in
1763 569 2004 625 ecclesia:
2040 572 2083 601 ⁶⁰
2113 579 2308 626 nostrae
2347 586 2431 624 ar-
2458 576 2503 633 Α
2534 587 2632 641 pus
2656 581 2833 628 autem
2869 573 2985 641 ejus
3014 571 3330 626 translatum
3358 578 3439 624 est
3463 571 3529 624 ad
3561 570 3945 623 monasterium
3980 571 4109 625 Wa-

851 657 1043 722 chivis,
1076 657 1394 725 inscriptum
1434 672 1555 711 eum
1598 659 1902 713 invenimus
1932 661 2031 714 sub
2065 662 2281 714 nomine
2309 662 2424 730 epi-

848 747 995 815 scopi
1016 755 1072 801 et
1098 746 1387 816 pontiﬁcis.
1407 748 1568 801 Varia
1598 748 1662 801 dc
1693 748 1793 801 hoc
1816 757 1898 802 cst
1922 750 2191 802 seniorum
2216 758 2430 804 nostro-

849 850 966 889 rum
992 835 1204 899 relatio,
1232 836 1539 890 dicentibus
1567 837 1909 905 quibusdam,
1940 839 2080 906 quod
2102 838 2425 907 prcedicandi

847 926 1043 994 gratia,
1075 933 1133 978 ut
1171 925 1508 994 competebat
1539 935 1663 979 tunc
1693 927 2009 980 rudimentis
2035 926 2254 980 novella:
2283 926 2422 988 ﬁdei,

846 1016 912 1067 ad
949 1016 1369 1085 compescendos
1421 1014 1720 1083 superﬂuos
1750 1017 1889 1071 ritus
1926 1018 2099 1086 gentis
2132 1017 2427 1071 barbariem

848 1106 1133 1177 cpiscopus
1164 1106 1325 1161 fuerit
1351 1108 1657 1172 ordinatus,
1704 1109 1845 1178 quod
1887 1108 2085 1163 factum
2114 1124 2327 1179 quoque
2361 1109 2428 1166 de

848 1206 1038 1251 sancto
1070 1197 1315 1251 Amando
1341 1196 1570 1268 legimus
1604 1198 1736 1267 (57),
1763 1199 2082 1268 quibusdam
2112 1198 2424 1269 dignitatem

848 1292 988 1345 hanc
1030 1291 1147 1346 loco
1176 1292 1558 1355 tribuentibus,
1591 1291 2011 1361 opinionemque
2038 1308 2189 1346 suam
2221 1293 2429 1347 ratione

847 1383 1077 1450 quadam
1112 1384 1406 1446 tuentibus,
1431 1384 1572 1451 quod
1597 1383 1843 1438 videlicet
1880 1383 2029 1438 locns
2056 1384 2256 1452 regius,
2284 1386 2426 1455 regia

848 1470 1213 1525 muniﬁcentia
1247 1481 1613 1534 constructus,
1664 1472 1845 1542 regio,
1877 1482 1935 1525 ut
1963 1474 2164 1527 dictum
2199 1482 2303 1538 est,
2341 1489 2429 1542 pa-

846 1560 974 1614 latio
1026 1562 1309 1631 contiguus
1355 1562 1418 1625 εί,
1465 1563 1595 1616 nulli
1636 1563 2089 1627 committeretur,
2132 1564 2234 1617 nisi
2279 1565 2427 1632 prius

844 1649 1188 1704 ordinaretur
1236 1650 1278 1680 θ’
1328 1653 1630 1720 episcopus.
1686 1652 1855 1718 Quam
1892 1652 2209 1723 dignitatem
2272 1663 2326 1708 et
2377 1654 2425 1707 in

844 1741 1116 1811 plerisque
1147 1757 1519 1796 successorum
1552 1742 1669 1811 ejus
1693 1744 1937 1806 durasse,
1972 1743 2022 1796 in
2054 1744 2434 1813 subsequenti-

844 1833 944 1885 bus
968 1832 1210 1887 dicemus
1241 1833 1377 1903 (58).
1404 1833 1542 1899 Quid
1573 1833 1763 1887 horum
1786 1834 1966 1887 verius
1986 1834 2074 1896 sit,
2102 1832 2361 1887 lectorum
2386 1834 2430 1864 ⁸³

2530 664 2604 717 sla
2615 679 2669 718 re
2694 664 2918 729 dictum,
2936 664 3024 718 ubi
3055 678 3196 717 nunc
3218 662 3511 731 requiescit
3534 661 3712 715 debita
3738 663 4103 717 veneratione.

2529 751 2762 806 Sanctus
2792 762 2968 807 autem
3000 753 3310 815 Ursmarus,
3342 759 3400 803 ut
3437 758 3555 805 erat
3586 764 3798 819 semper
3836 750 4108 805 lucrandis

2528 844 2805 898 animabus
2856 845 3122 909 intentus,
3176 842 3499 912 prmdicandi
3539 843 3713 910 gratia
3751 857 3811 897 se
3842 843 4108 896 Flandrize

2528 933 2706 987 intulit
2736 949 2924 989 versus
2957 933 3237 1003 Menapum
3290 933 3446 996 ﬁnes,
3471 932 3562 1002 qui
3599 934 3701 986 ritu
3732 933 3906 1003 gentis
3931 933 4109 987 adhuc

2526 1020 2904 1077 detinebantur
2940 1024 3094 1078 vanis
3130 1022 3616 1091 superstitionibus.
3650 1022 3814 1091 Cujus
3854 1022 4105 1075 doctrina

2529 1112 2595 1166 ad
2624 1112 2781 1168 ﬁdem
2819 1114 3017 1168 Christi
3049 1114 3328 1177 conversi,
3360 1128 3467 1166 non
3512 1113 3748 1166 minima:
3775 1112 3944 1182 partis
3973 1127 4108 1181 pra:—

2528 1201 2736 1255 diorum
2761 1218 2978 1256 suorum
3005 1202 3149 1255 illum
3180 1201 3449 1257 faciebant
3474 1202 3748 1267 heredem,
3773 1211 3827 1256 et
3849 1217 3964 1256 eam
3989 1216 4109 1271 quae

2532 1291 2585 1343 in
2625 1289 2838 1345 Lobbiis
2864 1292 3148 1345 ecclesiam
3177 1290 3396 1345 Christi.

2601 1380 2655 1433 5.
2686 1381 2832 1450 (715)
2857 1382 3053 1436 Beatus
3084 1383 3246 1453 igitur
3275 1382 3564 1438 Ursmarus
3590 1383 3846 1437 virtutum
3870 1382 4109 1438 omnium

2531 1471 2868 1525 commerciis
2900 1471 3112 1539 plenus,
3152 1471 3328 1526 oﬁicio
3376 1471 3475 1526 sibi
3516 1473 3721 1527 credito
3748 1472 3974 1527 ﬁdeliter
4010 1475 4110 1526 ad-

2535 1563 2864 1628 ministrata,
2902 1564 3125 1633 locoque
3162 1564 3356 1633 priscis
3394 1564 3735 1619 monasteriis
3764 1566 3908 1635 regia
3941 1566 4113 1620 muni-

2538 1657 2747 1710 ﬁcentia
2786 1657 3109 1712 constructis
3137 1666 3417 1725 co.cquato
3446 1657 3507 1719 ⁸⁸,
3543 1656 3769 1711 solvitur
3810 1657 3991 1712 carnis
4019 1673 4109 1712 er-

2534 1746 2761 1816 gastulo,
2788 1757 2841 1801 et
2872 1748 3072 1802 caelesti
3104 1747 3425 1804 introfertur
3463 1749 3734 1818 paradiso,
3767 1751 3855 1804 ubi
3885 1766 4028 1805 nunc
4057 1762 4113 1806 et

2534 1855 2764 1909 semper,
2789 1842 2957 1896 nostri
2986 1842 3216 1912 petimus
3241 1856 3467 1905 memor,
3497 1841 3725 1896 feliciter
3748 1840 3955 1895 fruatur
3979 1842 4108 1896 Deo.

845 1925 1073 1980 arbitrio
1102 1925 1513 1980 committimus.
1554 1926 1663 1980 Nec
1698 1926 1752 1979 in
1786 1927 2051 1979 utramvis
2076 1932 2281 1994 partem
2309 1940 2431 1979 8³η-
2466 1930 2504 1985 ll
2535 1930 2679 1985 Obiit
2707 1942 2885 1986 autem
2908 1947 3049 1987 anno
3071 1932 3174 1985 715
3220 1932 3503 1986 dominicae
3524 1932 3933 1998 incarnationis,
3959 1934 4113 1987 nobis

845 2028 934 2072 eto
966 2020 1083 2073 viro
1114 2020 1457 2089 derogamus,
1486 2020 1635 2084 dum,
1678 2020 1934 2090 quiequid
1960 2021 2152 2075 horum
2184 2022 2275 2086 sit,
2304 2034 2425 2074 eum

845 2112 1010 2167 fuisse
1037 2113 1350 2182 episcopum
1376 2130 1482 2168 non
1510 2115 1857 2185 denegamus.

912 2203 966 2256 4.
1006 2203 1175 2274 Igitur
1198 2204 1251 2257 in
1282 2204 1505 2259 exordio
1530 2205 1807 2275 regiminis
1836 2205 1915 2259 sui
1951 2204 2096 2275 (697)
2123 2204 2425 2268 ecclesiam,

845 2309 965 2361 qua:
999 2303 1122 2349 ante
1145 2295 1197 2349 id
1232 2296 1491 2363 temporis
1516 2304 1634 2349 erat
1662 2295 2426 2361 inconscerata,consecravit,

842 2387 1100 2442 dedicans
1132 2387 1276 2441 illam
1322 2388 1548 2442 Domino
1581 2389 1634 2441 in
1676 2389 1881 2442 honore
1918 2390 2181 2457 principis
2216 2400 2429 2455 aposto-

843 2479 1017 2531 lorum
1051 2477 1227 2543 Petri,
1261 2477 1528 2545 simulque
1567 2478 1805 2531 doctoris
1840 2479 2080 2546 gentium
2131 2478 2279 2530 Pauli
2309 2518 2323 2541 ,
2375 2487 2429 2530 et

843 2570 1083 2622 omnium
1137 2569 1503 2637 apostolorum
1558 2569 1789 2632 Christi;
1838 2568 2120 2621 cumulans
2172 2568 2424 2635 templum

843 2660 1000 2713 donis
1027 2668 1081 2713 et
1116 2660 1284 2713 altare
1326 2659 1716 2728 multiplicibus
1744 2668 2053 2713 sanctorum
2089 2660 2422 2728 patrociniis.

842 2750 1007 2805 Facta
1034 2762 1117 2805 est
1154 2760 1331 2804 autem
1361 2751 1475 2804 haec
1512 2750 1779 2803 dedicatio
1811 2766 1953 2803 anno
2000 2750 2043 2780 ⁸⁵
2078 2750 2167 2817 qui
2196 2758 2279 2804 est
2308 2765 2426 2803 sex-

843 2843 1169 2897 centesimus
1212 2843 1594 2910 nonagesimus
1638 2842 1900 2909 septimus
1939 2842 2221 2895 dominiere
2251 2842 2426 2894 incar-

843 2932 1079 2986 natiottis
1105 2974 1119 2996 ,
1152 2933 1381 3002 septimo
1413 2932 1457 2962 (⁵⁵
1491 2932 1759 2986 Kalendas
1792 2932 2144 3000 Septembris,
2199 2931 2425 2983 Domino

846 3026 898 3078 iu
939 3034 1255 3093 perpetuum
1309 3032 1588 3094 regnante,
1633 3023 1858 3093 Pippino
1898 3031 2076 3076 autem
2108 3022 2161 3075 in
2203 3022 2425 3075 Francis

843 3115 1197 3183 principante.
1221 3115 1391 3181 Quam
1414 3115 1697 3169 ecclesiam
1724 3128 2061 3183 nequaquam
2091 3128 2286 3182 passus
2312 3116 2419 3181 pol-

845 3203 917 3257 lui
955 3205 1308 3259 cadaveribus
1339 3213 1699 3269 mortuorum,
1749 3204 1876 3258 fecit
1915 3205 2071 3257 aliam
2118 3205 2168 3257 in
2222 3205 2425 3257 honore

845 3303 1044 3349 sancta:
1076 3293 1260 3348 Mariae
1292 3296 1345 3348 in
1377 3296 1579 3349 montis
1628 3295 1853 3357 vertice,
1887 3294 1972 3347 cui
2014 3294 2250 3360 subjacet
2290 3310 2424 3362 prm-
2456 3278 2494 3327 (Ϋ

844 3386 1047 3440 dictum
1101 3388 1524 3451 monasterium;
1580 3387 1667 3441 ubi
1712 3388 2039 3441 cimiterium
2070 3387 2114 3417 ⁶⁶
2150 3389 2426 3439 constituit

846 3492 964 3532 esse
1000 3478 1261 3545 ﬁdelium,
1290 3487 1344 3533 et
1375 3479 1441 3533 ad
1476 3494 1637 3548 quant
1667 3479 1959 3533 conflueret
1999 3479 2259 3547 populus;
2301 3496 2423 3532 nam

846 3567 1083 3634 illicitus,
1122 3578 1180 3623 ut
1208 3585 1350 3623 nunc
1377 3586 1591 3640 quoque
1614 3571 1714 3624 nisi
1740 3580 1887 3624 certo
1915 3571 1956 3602 ⁸⁷
1985 3580 2244 3639 tempore,
2288 3576 2425 3641 apud

846 3657 1006 3710 aliam
1052 3665 1170 3712 erat
1212 3657 1533 3712 feminarum
1566 3674 1837 3713 accessus.
1874 3658 2256 3713 Munasterium
2295 3676 2426 3728 quo-

844 3760 950 3813 que
988 3746 1040 3799 in
1076 3745 1209 3800 Alna
1261 3747 1374 3816 (59)
1406 3748 1517 3816 ipse
1545 3749 1847 3802 construxit
1876 3756 1925 3801 el
1958 3748 2138 3802 Lolziis
2178 3748 2424 3816 subjecit.

846 3837 1227 3893 Monasterium
1259 3854 1472 3907 quoque
1516 3839 1767 3894 Waslare
1822 3840 1933 3909 (60)
1983 3842 2207 3904 dictum,
2242 3857 2429 3895 versus

846 3926 1119 3980 Teoraciae
1149 3926 1260 3996 (6|)
1289 3928 1504 3992 saltum,
1535 3928 1587 3982 in
1623 3928 1816 3982 ﬁnibus
1846 3929 2026 3983 Fanite
2056 3930 2166 3998 (62)
2197 3931 2429 3983 aedifica-

844 4016 942 4078 vit,
970 4016 1057 4069 cui
1101 4023 1153 4070 et
1182 4015 1457 4071 Dodouem
1491 4016 1748 4085 przefecit,
1783 4018 1954 4070 virmn
1986 4019 2274 4071 admodum
2306 4035 2428 4073 san-

846 4111 1016 4167 ctum,
1048 4112 1235 4172 utpote
1280 4118 1309 4156 a
1360 4120 1418 4158 se
1470 4105 1841 4168 instructum,
1893 4106 1982 4173 qui
2036 4106 2428 4174 aliquantisper

848 4192 978 4246 inibi
1027 4193 1359 4259 demoratus,
1400 4194 1680 4246 heremum
1708 4194 2039 4263 concupivit,
2071 4204 2427 4263 extructaque

846 4286 898 4337 in
933 4283 1121 4338 eodem
1158 4283 1339 4338 Fabia:
1367 4284 1504 4338 saltu
1535 4284 1746 4347 cellula,
1774 4301 1894 4337 cum
1918 4286 2190 4354 permissu
2224 4285 2295 4353 pii
2339 4302 2429 4354 pa-

847 4375 944 4429 tris
980 4383 1035 4429 et
1068 4374 1307 4439 licentia,
1334 4375 1444 4428 vita
1478 4378 1530 4427 in
1558 4390 1620 4427 ea
1657 4374 1792 4428 vixit
1826 4376 2097 4439 theorica;
2135 4376 2222 4428 ubi
2246 4384 2428 4444 postea

2533 2021 2586 2074 in
2627 2030 2940 2091 perpetuum
3000 2022 3215 2075 domino
3268 2023 3375 2075 Deo
3435 2031 3721 2093 regnante,
3776 2031 3833 2076 et
3886 2021 4112 2093 Pippino

2531 2121 2723 2183 agente
2752 2115 2804 2168 in
2834 2116 3082 2183 sceptris.
3116 2114 3215 2180 Qui
3248 2124 3537 2183 antequam
3569 2115 3874 2178 decederet,
3908 2113 4113 2167 fractus

2530 2202 2685 2272 longa
2723 2211 2766 2243 θ’
2801 2203 3063 2267 molestia,
3096 2218 3155 2257 se
3182 2204 3303 2257 vivo
3325 2212 3569 2257 sanctum
3592 2203 3870 2257 Erminum
3897 2217 4113 2257 succes-

2529 2308 2705 2347 sorem
2742 2293 2840 2347 sibi
2873 2293 3223 2346 substituerat
3258 2293 3427 2362 (7H),
3471 2293 3522 2346 in
3549 2307 3710 2361 quem
3732 2291 4105 2348 familiaritate

2527 2384 2758 2452 quadam
2807 2384 3023 2453 speciali
3073 2398 3129 2438 se
3179 2393 3348 2438 totum
3389 2384 3790 2449 transfuderat,
3844 2393 4025 2454 utpote
4058 2384 4111 2437 in

2528 2475 2777 2526 dilectum
2810 2474 3061 2527 heredem
3082 2482 3136 2526 et
3162 2473 3530 2543 gratissimum
3562 2488 3951 2527 successorem.
3979 2472 4113 2526 Sub-

2529 2564 2749 2617 stitutus
2772 2563 2881 2635 (6'5)
2906 2564 3067 2633 igitur
3096 2564 3369 2628 Erminus,
3404 2564 3721 2633 magistrum
3752 2565 3914 2634 cmpit
3939 2580 4110 2618 sentu-

2529 2654 2647 2719 lari,
2674 2656 2797 2708 utsi
2820 2660 3112 2711 secundum
3139 2656 3520 2726 Epicureorum
3538 2657 3650 2726 (64)
3677 2660 4039 2713 narrationem
4062 2658 4112 2689 "°

2529 2747 2907 2817 migrationem
2957 2748 3259 2801 animarum
3306 2750 3357 2802 in
3407 2748 3628 2803 alternis
3675 2752 3990 2820 corporibus
4034 2750 4112 2804 fas

2527 2847 2671 2892 esset
2713 2840 2954 2902 credere,
2986 2840 3213 2894 eundem
3256 2840 3432 2909 ipsum
3473 2842 3788 2894 crederetur
3814 2857 4112 2910 reprimen-

2530 2939 2663 2982 tare.
2698 2929 3167 2998 Supersedendum
3194 2931 3317 2995 erit,
3352 2932 3395 2985 si
3423 2941 3618 2985 cuncta
3652 2930 3875 2983 velimus
3905 2931 4109 2995 dicere,

2529 3033 2687 3085 quam
2721 3017 2967 3071 assiduus
2997 3018 3049 3071 in
3082 3018 3181 3073 loci
3224 3020 3684 3089 augmentatione,
3728 3034 3888 3087 quam
3921 3028 4115 3073 cautus

2529 3110 2690 3162 fuerit
2718 3108 2769 3161 in
2807 3108 3093 3163 commissa
3132 3109 3232 3163 sibi
3284 3109 3683 3179 pastoralitate,
3725 3111 3960 3163 maxime
3989 3125 4113 3163 cum

2531 3201 2821 3269 descriptio
2852 3201 2974 3255 vitae
3009 3201 3127 3270 ejus
3167 3200 3311 3255 dicat
3359 3203 3425 3256 de
3470 3202 3548 3255 eis
3576 3201 3709 3255 satis
3755 3202 4005 3254 habunde
4042 3203 4111 3253 ⁷⁸.

2533 3292 2729 3346 llabuit
2755 3292 2917 3346 etiam
2941 3300 2996 3346 et
3026 3301 3412 3362 cooperatores
3439 3294 3552 3346 sive
3579 3306 3937 3355 successores,
3969 3292 4117 3361 ejus-

2531 3384 2649 3435 dem
2683 3382 2783 3435 loci
2812 3383 3199 3451 gubernatores
3231 3391 3286 3437 et
3316 3382 3626 3446 coabbates,
3661 3391 3907 3436 sanctum
3931 3384 4117 3450 utique

2531 3472 2681 3536 Abel,
2721 3471 2939 3526 Scotum
2966 3487 3180 3542 genere,
3229 3482 3281 3527 et
3311 3480 3557 3525 sanetum
3589 3472 3865 3540 Vulgisum
3906 3472 4113 3540 episco«

2533 3578 2681 3630 pum,
2713 3571 2768 3614 et
2806 3562 3059 3616 domnmn
3090 3562 3431 3615 Amulvinum
3464 3576 3614 3631 teque
3640 3562 3988 3630 episcopum;
4023 3562 4116 3630 qui

2532 3662 2711 3707 utrum
2735 3653 2837 3707 sibi
2862 3654 3096 3707 vicissim
3134 3654 3513 3723 successerint,
3556 3669 3645 3717 an,
3675 3662 3862 3709 sancto
3895 3654 4118 3708 Ermino

2534 3745 2904 3816 spiritualibus
2958 3754 3219 3813 occupato
3270 3745 3452 3807 rebus,
3502 3745 3677 3799 locum
3730 3746 3783 3799 in
3830 3761 4117 3800 commune

2536 3835 2905 3895 tractaverint,
2936 3834 3095 3886 nichil
3129 3835 3259 3886 certi
3298 3834 3515 3902 reliquit
3540 3834 3850 3903 antiquitas.
3885 3832 3998 3887 Non
4031 3843 4116 3885 ta-

2534 3926 2646 3979 cuit
2694 3934 2870 3979 tamen
2898 3964 2911 3987 ,
2950 3924 3123 3978 locum
3183 3924 3501 3977 Lobiensetn
3541 3940 3635 3979 eos
3672 3934 3727 3979 et
3783 3926 4016 3979 tenuisse
4061 3935 4120 3979 et

2535 4017 2883 4085 gubernasse,
2911 4015 3004 4067 sed
3027 4023 3079 4065 et
3102 4030 3199 4083 pro
3226 4016 3590 4083 oportunitate
3614 4025 3911 4085 temporum
3937 4015 4115 4069 locum

2537 4105 2927 4158 meliorasse”.
2955 4104 3112 4156 licuit
3137 4113 3313 4157 autem
3332 4114 3553 4158 sanctus
3569 4104 3821 4158 Erminus
3839 4104 3948 4174 (65)
3975 4105 4115 4157 idem

2537 4193 2919 4247 monasterium
2972 4194 3070 4247 sub
3119 4192 3342 4262 praefato
3393 4195 3632 4263 principe
3671 4193 3897 4264 Pippino
3944 4194 4118 4248 tribus

2537 4284 2713 4347 annis,
2745 4293 2798 4337 et
2826 4284 2925 4337 sub
2954 4282 3147 4337 Carolo
3185 4284 3423 4351 ejusdem
3470 4285 3679 4354 Pippini
3715 4284 3825 4339 ﬁlio
3868 4285 4118 4339 similiter

2539 4375 2751 4429 seniore
2776 4383 2831 4429 et
2855 4375 2989 4428 duce
3015 4375 3202 4444 viginti
3232 4377 3438 4429 duobus
3461 4377 3636 4429 annis.
3665 4376 3861 4444 Sicque
3891 4376 4118 4446 expletis
4167 4376 4181 4387 ‘

845 4465 1027 4521 multis
1052 4466 1341 4520 virtutibus
1370 4465 1549 4520 clarus
1582 4465 1829 4535 migravit
1862 4465 1927 4519 ad
1964 4465 2270 4520 Dominum.
2296 4468 2428 4521 Cor-
2448 4463 2508 4518 ἰ)
2538 4468 2589 4519 in
2628 4466 2887 4535 regimine
2916 4468 3100 4536 viginti
3130 4468 3366 4537 quinque
3396 4469 3551 4523 annis
3572 4508 3585 4532 ,
3640 4470 3987 4538 partieipatus
4031 4479 4119 4522 est

2119 4577 2349 4633 vanus
2410 4579 2811 4636 LECTIONES.
3016 4550 3023 4557 ’

916 4692 960 4723 ⁸⁸
988 4695 1059 4746 ita
1085 4692 1169 4745 ed.
1202 4690 1430 4746 ecclesia
1472 4698 1652 4745 nostra
1685 4690 1718 4742 i.
1758 4690 1805 4743 l.
1840 4689 2061 4744 ecclesia
2094 4698 2275 4743 nostra
2307 4691 2477 4745 artius
2523 4693 2575 4745 2.

844 4757 1100 4831 glossema
1154 4770 1250 4815 est.
1328 4761 1373 4831 ει
1418 4768 1563 4814 esset
1610 4759 1890 4831 ordinatus
1931 4760 1986 4831 2.

846 4827 1074 4900 septimo
1112 4833 1165 4885 1.
1241 4830 1286 4862 ⁸⁸
1314 4830 1522 4884 decimo
1558 4830 1786 4896 septimo
1820 4827 1985 4900 Dat-lt.

842 4898 1034 4956 2.7ubi
1075 4901 1302 4970 spatium
1346 4916 1564 4954 vacuum
1615 4909 1803 4953 exstat.
1884 4898 1927 4928 ⁶⁹
1956 4899 2146 4969 longua
2170 4900 2223 4952 2.

2062 4760 2107 4790 ”
2156 4760 2414 4813 lectorum
2461 4780 2596 4815 corr.
2642 4763 2861 4819 lectoris
2906 4765 2958 4817 2.
3026 4760 3083 4795 ’δ”

2084 4829 2129 4860 ⁸⁵
2180 4830 2528 4885 cimitteriutn
2557 4833 2612 4885 2.

2300 4901 2345 4931 "°
2372 4903 2621 4971 epicut'os
2646 4904 2998 4959 variationem
3041 4906 3091 4958 1.

2653 4694 2695 4775 ξι
2730 4694 2937 4775 scilicet
2960 4695 3187 4775 Liptinis
3224 4697 3413 4767 galliee
3464 4696 3708 4775 Lestines
3732 4699 3859 4750 add.
3890 4699 3941 4752 2.
3973 4699 4114 4775 quod

3139 4782 3277 4818 anno
3328 4770 3717 4838 sexcentesimo
3767 4771 4113 4838 nonagesimo

2709 4834 2750 4864 ⁸⁷
2788 4845 2936 4887 certo
2974 4852 3110 4888 corr.
3166 4838 3215 4888 in
3249 4846 3398 4890 certo
3426 4838 3478 4889 2.
3585 4837 3629 4868 ⁸⁸
3659 4840 3732 4890 ita
3764 4840 3845 4890 cd.
3879 4834 4015 4892 (feast
4058 4838 4107 4891 Ι.

3168 4907 3210 4935 ⁷³
3241 4908 3381 4960 deest
3418 4907 3468 4962 l.
3542 4907 3589 4940 τ’
3618 4909 3963 4963 emeliorasse
3982 4910 4034 4963 2.

2351 5012 2588 5070 ΝΟΤᾹΞ.

916 5106 1027 5174 (57)
1068 5104 1132 5174 Υ.
1165 5103 1285 5157 Vita
1315 5102 1372 5156 S.
1401 5102 1779 5174 Amandi_c.78.

913 5155 1026 5245 ἰδὲ)
1068 5155 1192 5245 vim
1217 5155 1590 5245 posteriores
1623 5155 1878 5245 Faunum
1913 5171 2106 5245 hausta
2134 5172 2281 5225 atltlll
2319 5172 2417 5243 (Dn

842 5240 1057 5302 bbesne
1084 5243 1124 5297 l.
1167 5240 1234 5313 p.’
1254 5242 1400 5312 688.)
1427 5258 1440 5295 :
1480 5241 1553 5313 De
1580 5258 1683 5313 qua
1712 5243 1868 5294 etiam
1902 5240 2072 5313 adhuc
2097 5250 2297 5313 tantum
2327 5240 2420 5313 su-

847 5324 1014 5382 perest
1045 5315 1097 5368 in
1120 5310 1183 5368 e6
1207 5313 1341 5377 loco,
1372 5310 1426 5365 tu
1459 5310 1633 5365 abbati
1656 5310 1807 5363 liceat
1838 5311 1914 5381 uti
1941 5310 2215 5381 sandalt'i's,
2242 5312 2419 5381 tunica

2598 5108 2711 5180 (65)
2751 5108 2831 5163 Cf.
2863 5110 2970 5163 vita
3010 5110 3068 5164 S.
3098 5110 3303 5165 Ermini
3328 5125 3446 5180 cap.
3478 5110 3531 5164 5.
3570 5110 3702 5165 Acta
3737 5110 3837 5165 SS.
3863 5114 3991 5180 Apr.
4022 5114 4110 5168 Ill.

2525 5194 2577 5248 p.
2610 5178 2734 5231 575.

2596 5248 2708 5323 (at)
2745 5248 2824 5302 Ita
2863 5264 2961 5320 pro
2989 5248 3461 5319 Pythagormorum
3504 5249 3792 5306 Foleuinus
3825 5253 4109 5323 scripsisse

2528 5319 2761 5371 videtur.
