4482 5524
1326 330 1410 383 DE
1449 330 1690 386 GESTIS
1735 326 2055 381 ΑΒΒᾹΤΙΞΜ
2101 320 2573 379 LACBIENSIL'M.

3463 306 3562 367 551

343 438 523 507 gloria:
545 434 1085 505 magistri,decedens
1106 448 1293 492 octavo
1311 440 1576 495 Kalendas
1598 442 1716 494 Maii
1736 441 1901 509 (757).
1937 447 1977 502 Α
2011 438 2138 489 Nam
2169 436 2462 488 hereticnm
2510 434 2653 486 illum
2681 434 2733 484 in
2771 431 2869 484 hoc
2917 448 3019 481 non
3048 438 3127 480 est
3158 426 3402 484 credere,
3430 425 3570 490 quod

414 528 466 583 6.
505 529 631 583 Post
660 546 818 600 quem
846 532 1025 585 extitit
1056 530 1399 587 Theoduinus
1430 534 1621 594 abbas;
1650 531 1747 585 sub
1782 546 1907 597 quo,

343 618 709 675 Iarlomanno
746 621 947 689 majore
975 622 1161 675 domus
1189 624 1534 685 concedente,
1565 622 1741 675 villam
1773 620 1912 673 Fon-

346 720 519 771 tanas,
567 726 727 777 quam
763 710 989 763 Sambra
1028 711 1196 775 alluit,
1230 712 1452 765 ecclesia
1500 720 1679 765 nostra
1719 711 1913 763 habere

347 799 574 860 meruit;
608 800 657 851 in
687 800 840 867 cujus
869 802 1231 855 concessionis
1264 813 1410 855 carta
1450 802 1525 855 sic
1554 801 1913 868 subscriptum

347 896 467 938 est:
503 888 683 939 Actum
712 886 945 955 Liptinas
990 890 1036 919 ⁷³
1072 890 1193 942 villa
1231 891 1458 958 publica,
1502 908 1604 960 quo
1637 891 1761 958 facit
1812 890 1913 943 Fe-

349 976 590 1029 bruarius
629 978 737 1030 dies
768 994 877 1041 sex,
910 996 1047 1031 anno
1074 982 1300 1032 secundo
1346 991 1587 1048 regnante
1622 980 1912 1031 llildcrico.

350 1064 415 1117 Et
445 1065 494 1116 in
528 1066 625 1118 hac
652 1066 993 1134 stipulatione
1022 1085 1032 1119 ι
1069 1067 1310 1135 Signum,
1345 1068 1539 1135 inquit,
1569 1066 1915 1119 Karlomanni

350 1156 566 1221 majoris
604 1146 808 1218 domus,
840 1158 927 1223 qui
962 1158 1095 1209 lianc
1141 1158 1471 1209 donationem
1513 1156 1631 1223 fecit
1664 1158 1917 1223 ﬁrmavit-

349 1260 464 1309 que.
497 1243 544 1295 Is
572 1259 699 1297 sane
723 1253 803 1297 est
831 1244 1223 1297 Karlontannus
1252 1245 1463 1313 l’ippini
1501 1244 1689 1306 frater,
1722 1244 1813 1311 qui
1846 1260 1920 1297 re-

351 1332 597 1400 linquens
625 1331 733 1403 (65)
760 1349 1038 1402 operosam
1073 1334 1220 1403 regni
1248 1335 1786 1399 administrationem,
1812 1336 1920 1403 pri-

350 1436 497 1472 mum
533 1422 712 1476 Roma:
743 1424 968 1477 clericus
995 1424 1183 1486 Tactus,
1212 1424 1262 1476 in
1294 1422 1501 1492 Serapti
1529 1435 1707 1479 monte
1739 1442 1922 1479 mona-

352 1508 573 1561 sterium
603 1510 907 1572 aediﬁcavit,
931 1520 1114 1579 postea
1138 1512 1275 1579 apud
1300 1512 1553 1565 Sanctum
1578 1512 1921 1567 Benedictum

354 1597 407 1649 in
444 1594 669 1651 Cassino
718 1609 896 1651 monte
945 1600 1238 1653 monachus
1287 1600 1509 1654 elfectus
1540 1611 1639 1655 est.
1698 1601 1925 1656 llildcri-

354 1699 474 1736 cum
508 1685 619 1754 (67)
652 1687 794 1739 enim
824 1702 1001 1755 regem
1031 1703 1192 1755 supra
1219 1690 1549 1741 nominatum
1582 1692 1681 1744 sub
1704 1690 1926 1760 Pippino

2011 526 2261 581 hereticis
2293 540 2395 578 non
2426 524 2675 577 resistere
2706 522 2843 575 idem
2876 533 3010 588 pene
3049 526 3131 570 est
3160 517 3203 546 ⁸³
3254 516 3394 583 quod
3427 515 3569 567 fave—

2012 630 2089 677 re,
2116 624 2168 669 et
2214 622 2291 667 tot
2333 613 2569 679 tantique
2615 610 2714 662 viri
2754 618 2879 661 tunc
2906 605 3161 675 temporis
3202 618 3307 656 non
3336 604 3577 656 sinerent

2014 706 2118 759 tale
2142 704 2267 773 quid
2305 716 2549 771 serpere;
2582 701 2709 769 quin
2742 699 2905 751 immo
2930 697 2975 728 “
3027 696 3210 749 inditis
3241 694 3453 761 scriptis
3482 708 3577 760 pu-

2011 795 2186 856 blicis,
2212 796 2322 848 sive
2351 793 2417 846 ad
2444 790 2851 862 pnecavendam
2890 790 2933 819 ⁸⁸
2971 789 3084 842 sive
3106 787 3170 840 ad
3196 785 3575 841 confutandam

2015 886 2264 947 heresim,
2296 886 2459 939 libera
2502 885 2914 951 insequerentur
2941 880 3297 941 auctoritate,
3354 878 3581 931 Domino

2019 978 2331 1033 terribiliter
2377 976 2796 1029 interminantc:
2855 972 3188 1035 Maledictus,
3247 970 3441 1038 inquit,
3491 971 3581 1038 qui

2017 1067 2327 1135 prohibuerit
2348 1065 2579 1133 gladium
2601 1080 2753 1117 suum
2775 1080 2805 1115 a
2831 1063 3079 1131 sanguine
3105 1061 3236 1129 (Jer.
3257 1075 3441 1121 XLVIII,
3475 1060 3581 1122 10).

2020 1158 2127 1210 Nec
2157 1156 2270 1210 ﬁeri
2308 1156 2477 1223 potuit
2502 1156 2566 1218 ⁸⁸,
2629 1163 2683 1206 ιιι
2720 1169 2830 1217 eos,
2865 1168 3088 1221 quorum
3146 1161 3324 1204 mente
3357 1150 3408 1203 in
3433 1149 3584 1202 cwlis

2020 1255 2138 1301 erat
2185 1246 2560 1308 conversatio,
2618 1243 2935 1298 Ursmarum
2991 1243 3110 1295 dico
3172 1250 3224 1295 et
3280 1240 3558 1294 Erminum

2023 1336 2232 1390 nonnisi
2265 1336 2572 1389 imitaturus
2623 1343 2919 1403 expeteret,
2962 1347 3083 1387 cum
3138 1333 3204 1384 ab
3237 1331 3365 1397 ipsis
3423 1330 3586 1396 recipi

2024 1442 2127 1479 non
2159 1426 2348 1495 potuit,
2401 1426 2501 1479 nisi
2548 1426 2803 1493 probatus
2852 1434 2905 1478 et
2957 1424 3070 1492 ipse
3117 1432 3270 1475 antea
3306 1421 3358 1473 in
3398 1419 3590 1473 castris

2024 1514 2314 1568 Dominicis
2360 1513 2520 1567 fuerit
2547 1515 2891 1567 exercitatus.
2951 1512 3055 1567 Sed
3091 1523 3145 1567 ct
3174 1513 3236 1565 de
3264 1520 3449 1565 sancto
3474 1510 3591 1562 Vul-

2025 1605 2138 1673 gi~o
2166 1608 2415 1672 episcopo
2441 1604 2511 1657 nil
2537 1604 2602 1657 ad
2628 1620 2724 1657 nos
2751 1613 2943 1672 praeter
2986 1618 3172 1671 parum
3198 1603 3461 1671 perlatum
3488 1610 3589 1654 est.

2028 1694 2329 1747 Invenimus
2365 1705 2540 1747 tamen
2593 1694 2643 1744 in
2672 1693 2868 1746 nostris
2913 1692 3243 1760 perantiquis
3275 1689 3593 1758 martyrolo-

355 1788 630 1842 regnasse,
666 1778 883 1829 tradunt
909 1778 1175 1841 historian;
1221 1794 1338 1845 qua:
1364 1787 1417 1831 et
1454 1779 1623 1847 ipsum
1660 1789 1925 1834 testantur
1960 1776 1996 1833 Β
2028 1786 2147 1853 giis,
2170 1786 2307 1851 quod
2337 1784 2379 1815 ⁸⁷
2428 1784 2541 1837 dies
2572 1782 2796 1835 natalitii
2826 1782 2869 1812 ⁸³
2919 1780 3034 1847 ejus
3068 1780 3146 1834 sic
3184 1781 3470 1833 adnotatur
3499 1778 3543 1808 ”
3577 1794 3590 1829 :

354 1875 537 1930 postea
564 1864 716 1932 jussu
747 1866 1018 1921 ZilChﬂl‘itl}
1040 1884 1189 1935 papte
1211 1877 1481 1923 attonsum
1504 1880 1557 1923 ct
1583 1871 1633 1922 in
1657 1882 1925 1925 monaste-

355 1954 492 2005 rium
522 1956 817 2019 trusum";
855 1957 1082 2024 indeque
1114 1959 1479 2011 monarchiam
1513 1961 1680 2029 regni,
1714 1959 1925 2012 Bonifa-

355 2045 441 2097 cio
473 2046 873 2114 archiepismpo
896 2056 1265 2109 consecrante,
1289 2047 1512 2117 Pippino
1538 2052 1782 2103 cessisse.

426 2140 479 2192 7.
514 2140 589 2193 De
616 2140 746 2192 Abel
772 2155 984 2208 quoque
1015 2155 1177 2208 supra
1209 2141 1482 2195 nominato
1507 2141 1607 2195 tale
1630 2143 1755 2210 quid
1780 2158 1926 2195 com-

356 2230 612 2297 perimus.
642 2228 825 2283 Remis
851 2245 972 2282 cum
1015 2230 1323 2291 fuissemus,
1348 2240 1401 2282 et
1425 2246 1543 2283 cum
1570 2233 1684 2285 viro
1708 2248 1928 2284 venera-

358 2318 449 2371 bili
471 2327 524 2372 et
554 2318 761 2370 illartnn
797 2321 1030 2386 partium
1075 2319 1442 2372 eruditissimo
1468 2319 1931 2374 confabularemur

356 2406 692 2460 Adalberone
722 2407 769 2435 ⁷⁸
807 2407 1233 2476 archiepiscopo,
1272 2408 1668 2475 requirentibus
1708 2410 1752 2439 ⁷⁸
1780 2411 1933 2462 nobis

358 2497 617 2564 originem
654 2496 890 2565 ejusdem
923 2498 1157 2551 civitatis
1190 2498 1258 2561 ⁷⁷,
1287 2508 1339 2551 et
1383 2498 1434 2550 in
1467 2514 1529 2551 ea
1559 2500 1929 2568 episcoporum

361 2588 748 2649 successiones,
776 2586 995 2655 prolatis
1019 2586 1257 2654 ejusdem
1280 2588 1512 2641 civitatis
1540 2589 1934 2657 pontificalibus

362 2676 525 2745 gestis
552 2675 686 2745 (68),
737 2691 834 2744 pro
862 2677 1228 2742 oportunitate
1272 2677 1527 2745 temporis
1568 2676 1847 2731 satisfecit.
1879 2678 1933 2729 In

362 2765 556 2830 quibus
594 2764 841 2817 videlicet
868 2766 1035 2831 gestis
1062 2767 1335 2819 inventum
1368 2774 1470 2829 est,
1499 2767 1637 2834 quod
1668 2768 1719 2819 in
1749 2768 1934 2819 eadem

363 2855 578 2907 civitate
608 2854 737 2907 Abel
768 2855 985 2923 quidam
1013 2856 1058 2886 ⁷⁸
1103 2854 1267 2908 fuerit
1315 2856 1619 2924 episcopus,
1648 2858 1738 2924 qui
1782 2856 1833 2909 in
1874 2873 1935 2909 ea

364 2946 516 3012 plura
551 2946 633 2996 vel
668 2945 978 3013 acquisierit
1007 2944 1085 2998 vel
1113 2945 1480 3007 ordinaverit;
1514 2945 1633 2999 ﬁnis
1660 2960 1787 2999 vero
1824 2945 1939 3014 ejus

367 3032 489 3099 quis
528 3031 729 3093 fuerit,
785 3033 1020 3101 scriptor
1072 3043 1348 3103 gestorum
1399 3043 1493 3086 aut
1543 3035 1787 3097 nescivit,
1849 3044 1941 3088 aut

368 3122 589 3176 omnino
654 3132 835 3177 tacere
899 3123 1084 3176 voluit.
1168 3122 1276 3177 Nos
1334 3123 1604 3177 ventilatis
1662 3126 1706 3161 ⁷ο
1775 3124 1940 3179 unde-

370 3225 597 3277 cumque
646 3219 948 3278 temporum
996 3210 1273 3275 numeris,
1328 3210 1471 3264 hunc
1522 3210 1750 3264 eundem
1808 3211 1941 3266 Abel

369 3307 428 3352 et
469 3309 706 3352 nostrum
747 3298 909 3352 fuisse
954 3309 1008 3353 et
1048 3298 1271 3353 Scotum
1319 3306 1372 3353 et
1417 3299 1724 3369 episcopum
1753 3342 1767 3364 ,
1804 3300 1942 3354 facili

372 3388 581 3442 ratione
624 3388 986 3456 probavimus.
1041 3389 1145 3443 Sed
1200 3390 1323 3459 quia
1375 3390 1624 3459 scriptori
1689 3389 1805 3457 ejus
1862 3392 1944 3443 in-

372 3486 552 3532 certus
592 3478 796 3532 exstitit
841 3478 993 3542 ﬁnis,
1036 3479 1400 3548 longinquitas
1440 3479 1485 3509 ⁸⁰
1531 3480 1666 3533 forte
1710 3480 1835 3533 fecit
1864 3481 1946 3533 iti-

374 3569 541 3633 neris,
586 3576 637 3621 et
682 3569 781 3621 viri
822 3570 1055 3639 religiosi
1100 3570 1399 3623 voluntaria
1428 3571 1670 3639 privatio,
1702 3579 1754 3624 ct
1796 3584 1949 3622 amor

372 3658 562 3727 patria:
604 3658 857 3713 caelestis.
895 3660 1036 3712 Dixit
1071 3660 1230 3713 etiam
1258 3660 1539 3729 episcopus
1584 3675 1741 3729 supra
1780 3660 1950 3713 nomi-

375 3758 556 3811 natus,
590 3749 1041 3817 praedecessorum
1087 3764 1306 3804 suorum
1347 3752 1561 3805 ductam
1592 3765 1757 3820 usque
1786 3750 1851 3804 ad
1892 3766 1949 3804 se

376 3836 837 3901 consuetudinem,
892 3848 950 3891 ut
992 3839 1134 3893 inter
1181 3840 1467 3894 missarum
1505 3840 1781 3893 sollemnia
1812 3840 1947 3894 inea

379 3926 596 3994 speciali
619 3930 1134 3983 commemoratione
1186 3930 1583 3994 defunctorum,
1633 3946 1752 3998 quae
1790 3944 1949 3997 super

381 4014 579 4082 diptica
606 4016 801 4069 dicitur
846 4026 900 4069 et
931 4018 983 4070 in
1012 4020 1421 4072 consecratione
1460 4020 1713 4073 dominici
1763 4034 1950 4088 corpo-

382 4107 462 4160 ris
487 4106 813 4162 sollemniter
842 4109 1039 4180 agitur,
1068 4110 1265 4166 cotidie
1313 4111 1364 4163 in
1415 4126 1599 4164 aurem
1654 4110 1949 4180 presbyteri

382 4197 642 4253 recitante
692 4200 914 4253 silenter
941 4201 1294 4265 subdiacono,
1340 4201 1577 4255 omnium
1615 4200 1782 4269 ipsius
1810 4201 1952 4253 sedis

384 4290 600 4343 nomina
647 4290 846 4359 scripto
882 4292 1081 4345 viritim
1122 4294 1417 4347 recitentur
1464 4292 1833 4360 episcoporum
1874 4292 1949 4355 3‘;

386 4380 624 4450 satisque
668 4384 915 4446 mirasse,
962 4383 1102 4451 quod
1136 4383 1185 4437 in
1214 4398 1276 4437 ea
1316 4384 1827 4438 commemoratione
1856 4383 1953 4437 iste

2032 1870 2211 1925 Pridie
2241 1871 2420 1924 Nonas
2444 1869 2718 1924 Februarii
2756 1871 2808 1922 in
2833 1868 3076 1921 Laubaco
3103 1865 3413 1919 monasterio
3439 1866 3595 1932 depo-

2028 1964 2147 2016 sitio
2173 1964 2337 2015 sancti
2368 1960 2564 2028 Vulgisi
2591 1961 2833 2028 episcopi.
2863 1958 2965 2012 Sed
3004 1966 3057 2011 ct
3098 1956 3422 2010 mausoleum
3444 1957 3512 2020 ⁸ο,
3543 1956 3595 2008 in

2031 2069 2137 2120 quo
2165 2054 2406 2105 conditus
2436 2053 2477 2081 ⁹¹
2500 2052 2664 2120 jacet,
2700 2052 2750 2103 in
2783 2058 3027 2119 promptu
3059 2055 3139 2101 est
3163 2061 3403 2100 cernere.

2102 2140 2153 2193 8.
2187 2140 2499 2193 Theoduino
2544 2140 2704 2208 igitur
2746 2140 2923 2191 abbati
2980 2136 3240 2189 successit
3287 2136 3332 2165 θ’
3383 2142 3599 2189 sanctus

2034 2225 2408 2294 Theodulphus
2448 2226 2727 2294 episcopus
2775 2227 2825 2279 in
2858 2226 3161 2294 provisione
3203 2224 3443 2293 pranlieti
3476 2224 3599 2286 loci,

2033 2320 2228 2386 partim
2258 2319 2355 2372 sub
2388 2318 2609 2386 Pippino
2630 2318 2851 2386 prmfato
2875 2318 3112 2386 principe
3144 2326 3259 2385 post
3292 2315 3600 2383 factoregc,

2037 2421 2225 2459 novem
2255 2421 2380 2460 vero
2414 2408 2569 2459 anuis
2608 2408 2706 2460 sub
2732 2389 2926 2460 Carolo
2954 2420 3078 2475 rege
3104 2414 3222 2473 post
3271 2420 3397 2458 vero
3432 2404 3477 2435 ’³
3507 2405 3605 2458 im-

2037 2501 2320 2561 peratore;
2357 2509 2543 2563 regens
2590 2494 2714 2547 illud
2744 2510 2849 2548 non
2881 2495 3112 2562 segniter
3156 2502 3210 2547 et
3248 2500 3602 2561 augmentans

2039 2598 2144 2636 non
2190 2584 2546 2637 mediocriter.
2609 2583 2718 2637 Sub
2766 2583 2881 2651 ejus
2926 2584 3068 2637 enim
3135 2592 3372 2651 tempore
3441 2581 3605 2635 multa

2039 2673 2275 2727 ccclesize
2307 2683 2500 2727 nostrae
2546 2674 2741 2742 praedia
2787 2673 2973 2727 collata
2996 2682 3139 2735 sunt,
3187 2688 3305 2744 quae
3335 2672 3607 2727 describe-

2043 2770 2241 2819 rentur,
2276 2760 2321 2813 si
2360 2776 2463 2815 non
2496 2762 2545 2813 in
2577 2770 2823 2830 promptu
2853 2768 3033 2815 essent
3057 2759 3389 2821 donationes,
3415 2768 3469 2811 et
3491 2773 3609 2811 car-

2043 2863 2107 2905 ne
2137 2852 2422 2920 legatarize,
2461 2861 2515 2905 et
2564 2854 2675 2920 ipse
2697 2854 2942 2908 brevitati
2978 2868 3081 2907 non
3123 2852 3415 2906 studerem.
3467 2851 3611 2907 Obiit

2044 2951 2217 2995 autem
2263 2956 2402 2994 anno
2452 2942 2549 2994 776
2579 2942 2867 2996 Dominica:
2899 2942 3303 3007 incarnationis,
3353 2942 3440 2995 die
3481 2956 3610 2995 vero

2046 3031 2349 3085 festivitatis
2374 3032 2546 3085 sancti
2574 3030 2831 3085 Johannis
2860 3031 3135 3100 Baptistae.

1968 3133 2011 3194 ς
2111 3121 2163 3173 9.
2188 3120 2333 3173 Anso
2364 3120 2503 3174 hunc
2547 3121 2789 3190 sequitur
2840 3121 2890 3173 in
2934 3121 3212 3190 regimine,
3256 3120 3337 3173 vir
3364 3120 3533 3173 bonus
3561 3129 3609 3172 et

2043 3216 2282 3270 sanctus,
2332 3208 2497 3261 abbas
2558 3218 2762 3262 tantum
2813 3218 2867 3262 et
2914 3225 3018 3262 non
3077 3210 3377 3279 episcopus,
3426 3225 3615 3279 regens

2047 3299 2183 3353 idem
2220 3301 2522 3353 emnobium
2567 3300 2666 3353 sub
2695 3298 2805 3366 jam
2855 3300 2996 3354 dicto
3043 3300 3367 3368 imperatore
3423 3300 3615 3353 Carolo

2045 3388 2230 3458 viginti
2261 3398 2489 3457 quatuor
2517 3389 2690 3443 annis.
2719 3390 2847 3442 Erat
2872 3399 3049 3442 autem
3081 3390 3219 3443 idem
3264 3390 3410 3443 Anso
3434 3398 3488 3443 ct
3517 3404 3614 3457 pro

2044 3480 2341 3548 capacitate
2367 3480 2561 3549 ingenii
2595 3480 2675 3533 sui
2710 3481 2899 3534 litteris
2926 3482 3166 3534 studens.
3218 3480 3378 3535 Extat
3408 3480 3619 3534 libellus

2050 3572 2182 3625 Viue
2211 3572 2379 3625 sancti
2431 3570 2671 3626 Ursmari
2716 3574 2781 3625 ad
2811 3574 3259 3641 praedecessorem
3296 3572 3412 3640 ejus
3439 3572 3617 3627 Theo-

2047 3665 2300 3735 dulphum
2330 3667 2634 3734 episcOpum
2663 3664 2731 3718 ab
2781 3680 2845 3720 eo
2892 3667 3223 3735 conscriptus
3246 3665 3379 3736 (69),
3412 3666 3539 3720 item
3566 3678 3625 3719 et

2048 3756 2217 3810 sancti
2247 3755 2453 3809 Ermini
2501 3756 2636 3808 alius
2662 3755 2798 3824 (70),
2850 3756 2901 3809 in
2929 3755 3122 3823 quibus
3162 3756 3377 3824 quidem
3419 3757 3621 3811 veritas

2050 3846 2305 3908 historias,
2346 3854 2603 3914 quantum
2636 3861 2666 3899 a
2713 3845 2971 3914 simplicis
3008 3846 3324 3914 eloquentia:
3366 3846 3483 3900 viro
3530 3848 3625 3901 de-

2051 3932 2212 3985 scribi
2245 3932 2434 4000 potuit,
2468 3932 2835 4001 amplectenda
2860 3943 2958 3987 est.
2982 3933 3056 3986 De
3094 3934 3409 3989 confusione
3440 3945 3617 3989 autem

2050 4021 2312 4075 dictorum
2356 4036 2457 4074 non
2500 4032 2742 4075 nostrum
2766 4033 2846 4076 est
2885 4024 3151 4092 judicare,
3198 4040 3316 4093 qua:
3346 4026 3449 4079 illis
3480 4034 3623 4078 tanta

2052 4110 2213 4174 inest,
2244 4119 2301 4163 ut
2324 4110 2586 4164 incertmn
2634 4112 2718 4169 sit.
2766 4121 2945 4166 utrum
2971 4112 3016 4144 “
3046 4112 3111 4167 ad
3152 4114 3469 4168 insinuanda
3509 4131 3627 4184 qua:

2055 4207 2296 4262 noverat,
2329 4198 2504 4252 minus
2530 4198 2651 4252 licet
2679 4202 2904 4263 erudite,
2929 4211 3189 4270 quantum
3220 4202 3287 4255 ad
3316 4202 3625 4266 saeculares,

2056 4288 2215 4342 fuerit
2248 4289 2521 4357 proclivis,
2552 4305 2618 4341 an
2665 4304 2763 4357 pro
2788 4292 3102 4344 excellentia
3134 4301 3405 4360 gestorum
3437 4303 3630 4362 sponte

2057 4380 2453 4449 parvipenderit
2480 4378 2691 4448 regulas
2725 4380 2873 4432 artis.
2910 4380 2973 4431 lit
2997 4382 3083 4434 hic
3112 4383 3210 4435 sub
3250 4381 3472 4449 przefato
3496 4383 3630 4436 obiit

386 4484 495 4523 non
525 4471 843 4525 inveniatur.
891 4474 1061 4538 Quod,
1106 4483 1163 4527 ut
1184 4474 1497 4537 conicimus,
1544 4475 1743 4527 idcirco
1778 4484 1953 4527 actum
1986 4464 2032 4518 Β)
2060 4471 2271 4537 Carolo,
2296 4487 2360 4525 eo
2386 4486 2491 4541 quo
2514 4472 2652 4525 idem
2679 4472 2967 4541 imperator
2988 4471 3162 4527 factus
3187 4483 3270 4528 est
3295 4490 3436 4528 anno
3459 4475 3628 4543 (800).

388 4570 494 4621 eet,
526 4568 583 4612 ut
614 4561 725 4629 ipse
753 4564 961 4615 vacanti
990 4563 1101 4617 sedi
1138 4564 1250 4632 jam
1281 4574 1436 4619 antea
1479 4566 1955 4635 episcopusjussus

392 4649 463 4700 sit
483 4648 867 4718 aliquantisper
892 4651 1125 4706 insidere
1150 4669 1165 4716 ;
1191 4662 1247 4704 at
1267 4667 1364 4720 pro
1387 4668 1569 4707 amore
1592 4654 1684 4707 Dei
1716 4655 1958 4708 volunta-

395 4735 474 4788 ria
512 4737 753 4792 ccssione
782 4748 969 4807 sponte
1018 4739 1321 4809 catalogum
1370 4741 1515 4794 illum
1558 4744 1863 4810 repudiasse
1894 4744 1958 4797 θ’.

2133 4562 2261 4615 Post
2282 4576 2402 4615 eum
2434 4562 2478 4593 ³⁸
2506 4561 2733 4616 eandem
2763 4563 3031 4617 abhatiam
3057 4565 3333 4633 usurpavit
3362 4565 3630 4620 Hildricus

2064 4653 2353 4706 canonicus
2382 4652 2480 4705 sub
2504 4652 2618 4720 ipso
2641 4651 2982 4720 imperatore.
3012 4651 3075 4705 Et
3102 4662 3221 4720 post
3248 4668 3369 4707 eum
3403 4652 3635 4707 Ramne-

2064 4745 2208 4797 ricus
2233 4750 2471 4813 tempore
2498 4744 2674 4796 domni
2696 4741 2944 4796 Ludovici
2970 4742 3016 4773 ⁹⁶
3047 4743 3407 4813 imperatoris.
3435 4744 3634 4796 Deinde

1678 4874 1912 4931 VARUE
1954 4876 2360 4933 LECTIONES.

470 4981 514 5012 ⁷³
544 4981 760 5053 liptinas
782 4996 918 5053 c_o_rr.
947 4982 1175 5053 liptanas
1201 4984 1254 5036 2.
1330 4985 1376 5015 ⁷⁸
1403 4986 1665 5039 reclusum
1706 4985 1757 5038 2.
1835 4986 1882 5017 ’⁷⁵
1909 4987 1974 5038 ab
2002 4986 2253 5041 alberone
2280 4991 2302 5043 1
2326 4990 2349 5041 ?
2373 4990 2425 5043 2.

399 5051 444 5079 ⁷⁷
477 5052 620 5105 urbis
654 5050 707 5104 2.
772 5051 848 5119 7"
892 5050 1103 5119 quidem
1138 5053 1201 5105 1?
1246 5052 1298 5105 2.

400 5120 441 5151 "
475 5122 609 5174 deest
639 5122 690 5174 1.
765 5118 809 5150 ⁸⁹
838 5118 1123 5187 repudians
1148 5122 1194 5173 1.
1269 5123 1312 5154 ⁸³

401 5190 446 5221 ⁸⁷
474 5191 607 5243 deest
640 5191 663 5242 1
692 5189 717 5242 ?
742 5188 794 5241 2.
888 5188 935 5221 ⁸⁸
967 5191 1158 5243 natalis
1183 5191 1235 5242 2.

402 5258 447 5290 ⁸³
472 5259 611 5318 facm
642 5259 696 5312 2.
774 5257 819 5288 “
854 5266 911 5311 ut
936 5274 1039 5311 non
1075 5259 1144 5310 l?
1177 5259 1228 5310 2.

2502 4988 2549 5018 "
2574 4988 2966 5055 requirentibus
2997 5004 3137 5043 corr.
3174 4989 3568 5053 inquirentibus
3589 4989 3642 5041 2.

1396 5055 1440 5085 ⁷³
1472 5058 1543 5127 ita
1574 5056 1844 5127 legendum
1876 5056 2113 5114 videtur;
2150 5059 2397 5113 veritatis
2424 5059 2471 5112 1.
2525 5060 2688 5112 tantis
2726 5059 2779 5110 2.
2819 5056 3031 5127 collatis
3061 5062 3145 5112 ed.
3244 5055 3291 5092 ⁸⁸
3324 5056 3559 5127 longitas
3587 5057 3643 5109 2.

1337 5140 1469 5196 pena
1496 5126 1563 5177 sit
1594 5126 1643 5175 2.
1725 5126 1769 5157 ”
1795 5139 1917 5196 ymo
1939 5134 2027 5175 aut
2074 5140 2253 5193 ymmo
2278 5129 2337 5180 2.
2392 5128 2601 5196 smpius.
2675 5127 2721 5158 ⁸⁸
2752 5126 3134 5196 predicandam
3186 5128 3243 5180 2.
3317 5125 3364 5157 ³⁸
3394 5125 3568 5196 potest
3591 5128 3646 5196 2.

1334 5193 1378 5224 ⁸³
1406 5193 1696 5247 adnotatus
1722 5193 1802 5249 2.’
1874 5193 1918 5224 ⁶⁰
1947 5195 2279 5249 manseolum
2323 5196 2439 5266 ejus
2468 5193 2519 5247 2.
2618 5197 2663 5229 ἰ
2706 5195 2977 5249 conditum
3014 5196 3074 5249 2.
3180 5197 3225 5227 "
3278 5193 3570 5253 susccessit
3594 5193 3653 5251 2.

1334 5264 1349 5292 '
1375 5275 1531 5318 quem
1559 5263 1610 5316 2.
1698 5266 1742 5296 ”
1771 5262 1991 5318 lodovici
2022 5265 2043 5313 1
2075 5262 2098 5313 ?
2125 5263 2177 5317 2.

1788 5278 1991 5318 οαονιει
2022 5278 2043 5313 ‘I
2078 5278 2098 5313 ἵ
2125 5278 2177 5317 Ζ.

1913 5376 2117 5433 NOTAE
2128 5418 2142 5432 .

2147 5492 2255 5524 IRO‘t
2281 5494 2324 5524 Π
2337 5496 2470 5524 ,Ιέιηε

1306 5263 1349 5292 ⁸⁵
1375 5275 1531 5328 quem
1559 5263 1610 5316 2.

472 5485 577 5524 mm
614 5479 872 5524 Rinhnrdi
907 5480 1021 5524 Vita
1042 5482 1211 5524 Caroli
1233 5501 1261 5524 ιι
1305 5489 1337 5524 ο

2507 5490 2598 5524 ΔΛ.
2655 5490 2734 5524 QQ
2787 5488 2927 5524 Διη-ἰι
2983 5505 3018 5524 η
3078 5493 3183 5524 ιιεη
