4482 5524
852 387 955 440 555

850 582 1303 651 avunculumjam
1351 586 1474 639 dicti
1508 586 1834 653 Ramnerici,
1877 592 1975 644 sub
2022 594 2208 646 eodem
2257 596 2423 664 impc-

848 681 1045 727 ralorc.
1078 673 1320 727 Priorum
1341 686 1543 730 tantum
1575 680 1811 744 nomina,
1840 696 1940 735 non
1966 692 2113 752 gesta
2147 686 2418 752 sciuntur;

848 763 1011 816 credo
1056 772 1273 833 propter
1316 780 1578 820 annorum
1608 770 1652 805 ³³
1704 771 2024 837 paucitatem
2051 782 2144 825 aut
2186 789 2420 827 comme-

847 853 1199 908 morationem
1229 870 1332 909 non
1367 857 1532 910 multo
1589 859 1792 913 utilem.
1837 860 2050 915 Tertius
2092 864 2210 930 quis
2237 862 2417 928 fuerit,

845 951 990 1009 gesta
1021 943 1253 1008 docent;
1305 942 1405 997 fuit
1434 945 1575 999 enim
1620 948 1799 1002 multa:
1852 950 2144 1005 nobilitatis
2178 961 2231 1005 et
2262 954 2418 1022 regite

840 1033 1132 1089 affinitatis.
1196 1037 1322 1089 Erat
1364 1038 1558 1107 quippe
1609 1038 1802 1093 Carolo
1848 1055 1913 1094 ex
1985 1050 2177 1110 patruo
2230 1060 2413 1114 nepos.

840 1124 980 1176 sicut
1034 1124 1210 1179 elucet
1248 1126 1291 1157 ’9
1360 1127 1411 1179 in
1470 1128 1675 1196 pariete
1739 1132 1903 1184 turris
1957 1132 2197 1187 ecclesiae
2245 1136 2414 1190 sancti

837 1211 1076 1277 Quintini
1111 1214 1161 1267 in
1194 1215 1434 1285 Augusta
1476 1218 1925 1275 \‘iromandorum
1960 1252 2026 1262 —-
2051 1239 2173 1277 nam
2209 1224 2259 1278 id
2286 1240 2417 1295 quo—

836 1320 939 1369 que
971 1307 1353 1360 monasterium
1379 1317 1593 1362 rexerat
1623 1341 1691 1349 —
1740 1310 1987 1377 sculptis,
2034 1314 2086 1366 in
2137 1313 2281 1368 hunc
2302 1331 2414 1369 mo-

835 1394 956 1445 dum
983 1409 1040 1448 se
1066 1395 1130 1425 ¹⁰⁰
1170 1396 1526 1452 habentibus:

894 1483 1009 1532 Cum
1041 1483 1181 1532 denis
1205 1485 1370 1535 lustris
1404 1492 1570 1535 ternos
1591 1490 1753 1537 minus
1772 1491 1965 1540 inclitus
1987 1503 2138 1540 annos

956 1544 1056 1615 ilex
1087 1555 1263 1615 ageret.
1296 1548 1510 1615 Carolus,
1532 1558 1723 1607 sceptra
1758 1552 1825 1615 f“
1854 1554 2068 1603 tenendo
2103 1556 2195 1615 pia,

895 1602 1057 1672 Rebus
1080 1615 1131 1651 et
1156 1607 1377 1672 humanis
1405 1602 1663 1672 exemptus
1696 1611 1901 1659 culmina
1928 1602 2067 1672 regni

955 1664 1221 1729 Linqueret
1249 1670 1458 1727 ingentis
1494 1664 1563 1729 ευ
1589 1681 1673 1716 rex
1706 1664 2079 1729 Ludoviceftibi

891 1725 1111 1794 Condere
1137 1731 1281 1794 capit
1302 1725 1423 1794 ppus
1449 1728 1590 1794 huius
1609 1734 1904 1794 venerabilis
1937 1725 2057 1781 aulae
2086 1735 2173 1794 ⁸⁸³,

956 1787 1117 1835 Abbas
1144 1786 1373 1835 l’ulradus
1398 1791 1648 1838 nobilitate
1666 1790 1852 1840 clueas.
2162 1786 2171 1794 ’
2220 1840 2222 1843 .

888 1845 1103 1912 Namque
1127 1850 1236 1895 huic
1256 1848 1598 1912 Hieronymus,
1623 1850 1819 1899 Carolus
1844 1859 1982 1912 pater
2005 1856 2166 1903 extitit
2189 1855 2276 1909 illi.

950 1907 1041 1975 Qui
1078 1912 1282 1968 propria:
1307 1907 1556 1967 specimen
1592 1913 1756 1969 gentis
1778 1907 1952 1975 ad'alta
1990 1914 2124 1975 tulit,

884 1967 1018 2035 Bella
1040 1967 1243 2035 gerens,
1271 1967 1816 2035 [iacentquetu’euquui
1843 1972 2048 2023 culmina
2077 1967 2217 2035 regni

945 2010 1018 2075 XJ
1040 2010 1816 2088 Βιῗόιὲὦ’πῆῑεῖῐῖἃὶᾗίέιῖιῖὲῖὺὲὂξ
1844 2010 1931 2055 ""-

894 2130 975 2184 10.
1026 2131 1139 2185 lliis
1192 2132 1378 2186 diebus
1406 2132 1680 2187 lucernam
1726 2151 1876 2189 suam
1926 2138 2200 2203 Dominus,
2244 2156 2400 2208 quam

811 2219 1161 2289 justiﬁcando
1194 2221 1478 2288 igniverat,
1530 2224 1749 2292 iguitam
1782 2225 2199 2292 heatiticaverat,
2238 2230 2403 2282 beati-

817 2310 1028 2365 ficatam
1060 2312 1333 2365 miraculis
1363 2312 1753 2378 declaraverat,
1785 2316 1973 2369 nolens
2016 2317 2216 2371 diutius
2261 2320 2397 2373 deli-

817 2409 1042 2463 tescere,
1073 2401 1165 2453 sed
1195 2401 1260 2453 ad
1293 2400 1547 2467 majorem
1578 2405 1979 2458 venerationem
1997 2408 2206 2461 cunctis
2226 2409 2398 2462 homi-

815 2486 970 2539 nibus
999 2486 1282 2555 propalare
1316 2488 1405 2550 ὀδ,
1439 2488 1679 2555 praedicti
1725 2490 1933 2544 abbatis
1990 2508 2085 2546 cor
2115 2496 2305 2565 tetigit,
2343 2505 2397 2551 et

815 2575 883 2604 ¹⁰⁸
916 2584 971 2627 ιιι
1000 2574 1167 2628 sancti
1200 2584 1253 2628 et
1285 2576 1569 2630 venerandi
1602 2587 1656 2630 et
1684 2594 1805 2631 cum
1833 2580 1977 2633 omni
2005 2596 2188 2635 amore
2220 2586 2395 2639 nomi-

810 2664 971 2715 nandi
1022 2662 1265 2716 Ursmari
1323 2680 1517 2733 corpus
1570 2666 1636 2697 ¹⁰⁶
1688 2669 1751 2721 de
1818 2669 2063 2737 sepulcro
2138 2672 2391 2740 elevaret,

809 2754 1072 2806 accendit.
1102 2754 1231 2820 Quae
1271 2754 1502 2809 elevatio
1537 2756 1680 2810 facta
1737 2768 1818 2811 est
1858 2759 2012 2827 jussu
2045 2769 2095 2815 et
2127 2765 2392 2831 permissu

808 2843 923 2909 cjus
978 2845 1067 2911 qui
1112 2852 1235 2897 tunc
1283 2857 1400 2897 erat
1455 2845 1859 2901 Cameracensis
1913 2850 2197 2919 episc0pus
2256 2854 2387 2923 (7i),

807 2933 1087 3003 agentibus
1143 2935 1209 2967 ¹⁰⁷
1238 2935 1448 2990 clericis
1504 2938 1783 3005 utriusque
1819 2940 2042 3003 ordinis,
2103 2957 2221 2994 cum
2279 2944 2387 2999 fre-

804 3024 1020 3090 quentia
1052 3025 1229 3094 populi
1281 3041 1494 3095 magua.
1532 3026 1858 3096 Expietaque
1902 3030 2219 3095 elevatione,
2246 3033 2386 3087 diem

804 3113 946 3166 illam
971 3114 1215 3168 festivam
1245 3116 1448 3170 duxere
1488 3116 1578 3180 ¹⁰⁸,
1612 3118 1870 3187 nobisque
1918 3129 1971 3173 et
1997 3122 2224 3187 posteris
2247 3123 2387 3176 cclc-

1909 395 2216 451 FOLCL’INI
2256 398 2543 454 ABBATIS
2583 400 2665 455 LA
2678 401 2979 458 UBIENSIS

850 495 1165 563 pervenitad
1184 497 1431 551 domuum
1454 499 1788 554 Folradum”
1806 545 1817 563 ,
1841 503 2133 572 piissimum
2150 507 2418 571 abbatem,
2452 525 2495 580 Α

3994 412 4098 468 556

2598 511 2679 563 12.
2717 512 2779 564 Et
2823 514 2923 568 hoc
2953 516 3108 568 rebus
3134 514 3379 569 humanis
3409 527 3675 587 exempto,
3708 520 4001 578 llarbertus
4032 527 4099 581 de

2524 598 2744 652 Corbcia
2775 600 2940 654 abbas
2967 602 3251 657 asciscitur
3281 604 3446 672 (855),
3476 608 3557 658 vir
3587 607 3756 662 bonus
3786 619 3839 664 et
3869 614 4096 667 multum

2523 688 2786 753 laudatus,
2834 700 2888 744 et
2928 691 2995 746 ob
3045 694 3094 746 id
3129 692 3191 746 ad
3227 695 3327 748 hoc.
3362 711 3389 747 a
3437 698 3744 765 supradicto
3770 700 4097 769 imperatore

2521 787 2816 845 promotus.
2860 780 2985 835 Erat
3028 784 3170 835 enim
3223 784 3461 853 religioni
3504 788 3745 851 studens,
3777 799 3832 842 et
3885 792 3936 844 in
3968 806 4096 846 cou-

2520 870 2788 923 strueudis
2834 872 2945 924 sive
2978 873 3042 902 “‘
3088 876 3415 929 exornandis
3470 878 3626 931 rebus
3670 894 3887 949 operam
3937 883 4090 937 dans.

2519 957 2769 1013 Testatur
2792 975 3052 1030 campana
3081 966 3407 1032 percelebris
3441 968 3554 1037 ejus
3577 967 3727 1035 jussu
3755 969 3897 1024 facta
3923 981 3976 1025 et
4001 987 4093 1025 ec-

2518 1048 2690 1103 clesiae
2716 1060 2909 1107 nostra:
2932 1052 3150 1119 donata,
3188 1056 3238 1108 in
3281 1071 3383 1125 qua
3420 1067 3546 1112 sunt
3580 1075 3783 1123 versus,
3815 1063 3905 1130 qui
3928 1063 4095 1118 abba-

2520 1148 2621 1193 tem
2654 1140 2718 1171 ¹¹⁵
2746 1150 2797 1195 et
2825 1142 3101 1207 factorem,
3131 1144 3213 1198 vel
3238 1147 3303 1199 ad
3333 1149 3457 1216 quid
3488 1148 3625 1202 facta
3658 1150 3746 1214 sit,
3793 1154 3943 1220 quasi
3977 1154 4091 1223 ipsa

2515 1228 2579 1283 de
2604 1245 2661 1285 se
2698 1231 2969 1301 loquente,
3003 1236 3103 1290 hoc
3130 1238 3286 1291 modo
3317 1240 3657 1295 manifestaut
3683 1256 3696 1294 :

2698 1350 3163 1421 Harbgrtiimperio
3187 1369 3444 1416 componor
3468 1360 3527 1406 ab
3550 1366 3653 1409 a'te
3690 1360 3904 1421 Falerni,

2693 1411 2804 1486 aee
2831 1414 2978 1486 musis
2999 1411 3160 1486 docta,
3178 1430 3249 1486 ιρι)
3274 1411 3442 1466 cautus
3473 1411 4005 1486 modulaboramae'uos,

2692 1470 2845 1522 Nocte
2868 1475 3050 1535 dieque
3076 1470 3189 1537 vigil
3213 1478 3491 1537 depromam
3514 1470 3723 1530 carmina
3748 1470 3951 1534 Chr-stu.

2579 1591 2880 1663 Temptavit
2927 1606 2973 1649 et
3009 1597 3145 1652 idem
3186 1600 3353 1654 abbas
3397 1604 3768 1670 aqumduclum
3822 1622 3851 1661 a
3892 1607 4093 1663 foreste

2512 1678 2723 1742 ducere,
2780 1683 2945 1735 ardua
2992 1686 3252 1739 montium
3298 1689 3534 1754 sulcans,
3584 1693 3650 1746 ad
3697 1704 4089 1763 competentem

2508 1776 2692 1819 nutum
2745 1768 2794 1821 in
2849 1785 3001 1823 usum
3048 1772 3493 1841 molendinorum,
3540 1779 3631 1833 sed
3678 1781 3935 1849 perficere
3979 1800 4088 1839 non

2432 1868 2476 1925 Β
2508 1858 2673 1926 potuit
2704 1873 2838 1927 opus
2866 1872 3245 1929 praeposterum
3287 1872 3339 1917 et
3362 1880 3484 1920 sero
3516 1867 3821 1923 inchoatum
3852 1870 3917 1901 ¹¹⁶
3948 1872 4082 1942 (72).

2506 1946 2637 1999 Nam
2666 1963 2891 2015 pervasa
2927 1958 3007 2003 est
3056 1951 3267 2005 abbatia
3300 1952 3385 2006 illa
3415 1956 3681 2009 hostiliter
3732 1958 3799 2011 ab
3832 1960 3894 1991 ¹¹¹¹
3936 1959 4083 2016 Huc-

2504 2038 2657 2090 bcrto
2694 2039 2759 2070 ¹¹⁸
2788 2040 2896 2108 (75)
2929 2040 3038 2094 Deo
3065 2051 3118 2095 et
3163 2045 3363 2097 sanctis
3401 2047 3604 2100 odibili.
3639 2047 3737 2113 Qui
3770 2051 3856 2105 ubi
3904 2068 4082 2106 rerum

2503 2141 2708 2178 summa
2733 2127 3013 2196 “’potitus
3042 2138 3126 2182 est
3148 2129 3315 2198 (864),
3338 2133 3561 2201 expulso
3586 2134 3849 2191 llarberto
3879 2148 3931 2192 et
3954 2140 4083 2193 Cor-

2500 2213 2675 2266 beiam
2720 2230 2959 2279 reverso,
3014 2232 3226 2270 omnem
3257 2219 3530 2275 abbatiam
3582 2224 3724 2277 illico
3767 2228 3999 2293 partitur
4028 2231 4080 2281 iu

2500 2317 2559 2354 re
2598 2302 2835 2365 militari,
2884 2304 3134 2371 delegans
3176 2307 3241 2337 “°
3285 2308 3444 2362 victui
3498 2309 3721 2364 fratrum
3767 2314 3993 2378 villulas,
4028 2327 4082 2369 et

2498 2404 2588 2443 eas
2618 2391 2763 2459 parvi
2798 2392 3055 2456 redditus,
3080 2402 3139 2446 ut
3177 2394 3375 2462 placuit
3400 2395 3716 2467 delegaturi.
3752 2400 3990 2456 Ellicitur
4010 2404 4079 2457 ad

2498 2477 2611 2532 haec
2646 2479 2883 2541 uxorius,
2928 2480 3127 2535 liberos
3175 2498 3487 2551 procreatis,
3518 2497 3572 2539 et
3610 2490 3677 2541 ad
3719 2504 3829 2544 sua:
3859 2494 4078 2546 damna-

2498 2569 2657 2623 tionis
2707 2571 2977 2624 cumulum
3012 2573 3084 2625 nil
3129 2574 3229 2627 sibi
3276 2574 3523 2631 clericale
3571 2589 3767 2646 prrcter
3803 2590 4077 2637 tonsuram

2494 2656 2785 2725 prwfcrens
2818 2661 2902 2712 η’.
2931 2659 3051 2713 Fuit
3071 2662 3212 2715 enim
3240 2672 3397 2717 tanta:
3417 2668 3806 2734 perversitatis,
3838 2680 3898 2723 ut
3924 2672 4076 2741 vulgo

2494 2747 2679 2813 fertur,
2720 2759 2778 2804 ut
2812 2751 2983 2819 ipsam
3025 2752 3090 2783 “’
3137 2754 3298 2807 etiam
3330 2756 3649 2825 evangelica:
3693 2760 3937 2814 veritatis
3964 2777 4077 2815 ma-

2485 2838 2736 2905 jestatcm
2784 2851 3042 2908 quantum
3089 2844 3154 2897 ad
3202 2859 3259 2897 se
3300 2862 3406 2899 non
3466 2848 3739 2901 horruerit
3791 2849 4072 2911 infamare,

2492 2930 2675 2983 dicens
2706 2930 2833 2984 illud
2865 2934 3003 2999 quod
3037 2935 3296 3002 scriptum
3342 2944 3423 2989 est
3462 2952 3489 2989 a
3525 2937 3591 2967 ¹²³
3619 2937 3866 3003 Domino,
3890 2941 4077 2995 dicen-

2492 3025 2541 3068 te
2567 3034 2576 3068 :
2605 3016 2787 3069 Omnis
2807 3021 2893 3085 qui
2920 3036 2972 3072 se
2996 3020 3188 3073 exultat
3220 3022 3602 3088 Itumilt'abitur,
3636 3035 3739 3079 etc.
3779 3026 3860 3095 (LP
3883 3045 3928 3081 c.
3963 3045 4069 3090 xw,

2490 3104 2598 3174 11),
2634 3122 2736 3159 non
2768 3118 3041 3173 constare,
3076 3126 3172 3179 pro
3217 3127 3282 3165 eo
3335 3114 3401 3143 ηδ
3430 3115 3570 3181 quod
3621 3131 3662 3169 su
3699 3116 3808 3184 ipse
3850 3133 3907 3171 se
3957 3129 4072 3172 tan-

800 3204 950 3255 brcm
983 3218 1102 3257 esse
1152 3219 1397 3258 samem
1432 3203 1595 3259 Fac“,
1646 3214 1723 3259 es.
1768 3215 1944 3259 autem
1992 3207 2107 3261 ιιωο
2158 3209 2383 3265 ειθνοιίο
2412 3214 2454 3275 C
2489 3203 2598 3248 tum
2622 3196 2925 3249 humiliarel
2949 3208 3207 3267 quantum
3238 3202 3585 3270 exaltaverat,
3630 3221 3917 3274 numquam
3948 3223 4071 3262 eum

800 3308 943 3346 anno
976 3294 1181 3347 Domini
1231 3294 1352 3356 825,
1404 3296 1470 3347 ab
1502 3296 1666 3363 ipsius
1700 3310 1825 3347 vero
1854 3298 2025 3351 sancti
2056 3298 2121 3328 ’θ’
2168 3314 2271 3351 non
2304 3300 2385 3352 di-

800 3396 917 3433 cam
951 3381 1098 3436 obitu
1150 3382 1241 3434 sed
1284 3382 1550 3448 natalitio,
1600 3399 1706 3452 quo
1757 3385 1935 3438 vivere
1970 3386 2033 3415 “°
2059 3388 2222 3457 coepit
2260 3404 2381 3442 cum

798 3470 1030 3532 Christo,
1078 3471 1285 3524 decimo
1315 3481 1431 3539 post
1480 3482 1695 3525 centum
1749 3483 1957 3528 exacto.
2018 3474 2227 3530 Abhinc
2256 3491 2381 3546 ergo

796 3563 957 3630 coepit
987 3562 1128 3615 beati
1159 3563 1255 3615 viri
1304 3562 1530 3617 celebris
1580 3562 1721 3617 fama
1766 3567 2133 3631 crebrescere,
2161 3576 2215 3621 et
2250 3583 2379 3622 con-

794 3652 1083 3705 fluentibus
1107 3652 1475 3721 languentium
1538 3656 1728 3709 turmis
1758 3655 1823 3709 ad
1852 3655 2061 3710 diversa
2090 3658 2378 3711 sanitatum

795 3755 989 3809 genera
1018 3741 1292 3795 miraculis
1319 3756 1622 3795 coruscare.
1669 3742 1797 3809 Qum
1827 3743 1988 3797 multa
2018 3745 2379 3812 prmdecesso-

797 3844 912 3882 rum
948 3841 1254 3883 nostrorum
1282 3847 1375 3885 seu
1423 3833 1633 3901 ignavia
1660 3847 1751 3886 seu
1778 3834 2047 3901 imperitia
2072 3835 2138 3888 ad
2171 3843 2377 3903 tempus

790 3916 1097 3981 iacuerunt,
1126 3928 1181 3972 et
1211 3919 1274 3949 ¹³¹
1304 3921 1479 3975 studia
1508 3921 1809 3974 litterarum
1840 3930 1959 3974 sunt
1987 3924 2371 3991 praetermissa;

794 4025 893 4064 nos
921 4025 982 4063 ea
1007 4026 1125 4080 quas
1156 4012 1388 4066 vidimus
1412 4022 1505 4066 aut
1535 4015 1869 4078 audivimus,
1904 4015 2283 4070 excellentiora
2310 4018 2375 4048 “'

792 4111 1001 4155 tantum
1052 4113 1328 4167 notantes,
1387 4105 1498 4159 suis
1546 4106 1597 4158 in
1647 4106 1777 4160 l0cis
1829 4120 2117 4175 ponemus,
2173 4118 2223 4161 et
2274 4108 2373 4162 hoc

788 4192 1051 4246 faciemus
1098 4195 1286 4249 ordine
1330 4204 1560 4257 servato,
1605 4211 1726 4250 cum
1758 4194 1867 4249 Deo
1912 4195 2147 4250 donante
2194 4197 2258 4250 ad
2287 4213 2374 4250 uo-

790 4286 885 4337 stri
925 4287 1182 4353 temporis
1212 4285 1395 4340 faccem
1421 4286 1839 4355 pervencrimus.

860 4377 944 4429 ll.
980 4376 1220 4431 Decessit
1252 4385 1429 4429 autem
1457 4377 1746 4445 praulictus
1776 4376 1942 4430 abbas
1990 4377 2219 4429 triennio
2251 4383 2369 4445 post

785 4465 1067 4533 prmfatam
1132 4466 1484 4520 elevationem
1535 4464 1703 4534 (826),
1763 4466 2071 4534 relinquens
2143 4476 2262 4533 post
2312 4482 2368 4519 se

785 4556 1086 4624 licgardum
1114 4556 1180 4586 ¹¹³
1204 4556 1473 4611 abbatem.
1514 4554 1677 4622 Cujus
1703 4565 1941 4624 tempore
1967 4555 2240 4609 ordinatio
2262 4557 2369 4623 pri-
2396 4578 2446 4636 υ

783 4659 868 4696 ma
903 4643 1042 4699 facta
1073 4654 1155 4699 est
1192 4645 1242 4697 in
1272 4644 1601 4699 monasterio
1632 4646 1838 4710 nostro,
1872 4654 2065 4713 agente
2120 4644 2363 4699 Theode-

782 4733 895 4787 rico
927 4732 1308 4789 Cameracensi
1364 4734 1641 4805 pontifice,
1690 4735 1861 4789 adhuc
1908 4732 2174 4788 Ludovico
2202 4734 2367 4803 impeo

783 4833 959 4879 ratore
991 4832 1298 4892 superstite.

2490 3283 2674 3350 fuisse,
2707 3295 2763 3339 ut
2795 3297 2919 3341 tunc
2963 3296 3100 3354 erat,
3153 3299 3259 3343 tam
3318 3294 3642 3360 praeducem,
3717 3296 3881 3350 immo
3928 3298 4074 3365 abje-

2487 3374 2782 3428 ctissiuuun
2812 3377 3059 3431 omnibus
3089 3389 3140 3431 et
3172 3379 3352 3434 vilem.
3377 3380 3419 3435 Ο
3445 3382 3679 3452 linguam
3709 3387 4070 3451 particulatim

2485 3464 2868 3519 concidendam
2913 3475 2965 3519 et
2996 3468 3221 3521 canibus
3253 3478 3344 3523 aut
3395 3472 3585 3527 avibus
3641 3474 4065 3542 projiciendam!

2482 3554 2748 3625 lgnoravit
2777 3556 3000 3610 forsitan
3025 3560 3207 3622 miser,
3256 3570 3347 3613 aut
3376 3562 3551 3641 sciens
3592 3564 3785 3619 misere
3816 3566 4068 3635 desipuit,

2483 3646 2621 3715 quod
2659 3647 2778 3700 talis
2824 3657 2881 3700 ut
2906 3663 3021 3710 sua,
3054 3649 3176 3703 licet
3211 3651 3277 3682 '"
3311 3654 3653 3720 permittente
3694 3655 3823 3721 Deo,
3855 3658 4065 3711 exalta-

2483 3737 2575 3799 tio,
2604 3737 2874 3790 teternalis
2912 3740 2981 3792 sit
3009 3754 3165 3794 casus
3185 3749 3238 3793 et
3268 3741 3499 3811 abjectio
3524 3761 3534 3795 :
3572 3745 3709 3797 sicut
3735 3746 4070 3814 imprecatur

2480 3825 2562 3878 vel
2586 3826 2762 3893 potius
2798 3827 3082 3895 prophetat
3135 3828 3301 3883 David
3344 3832 3396 3883 in
3455 3831 3693 3900 psalmo:
3729 3833 3868 3888 Deus
3897 3852 4063 3896 meus,

2479 3917 2746 3984 inquiens,
2778 3934 2909 3987 pone
2938 3919 3054 3972 illos
3088 3930 3143 3972 ut
3189 3935 3354 3974 rotam
3405 3933 3450 3975 et
3498 3925 3631 3976 sicut
3669 3925 3913 3994 stipulam
3943 3940 4066 3981 ante

2477 4007 2663 4074 facient
2686 4009 2816 4059 venti
2835 4006 3005 4063 (Psal.
3030 4026 3232 4073 Luxu,
3264 4011 3367 4079 14).
3388 4012 3577 4067 Butam
3600 4016 3793 4084 quippe
3822 4016 4065 4070 videmus

2479 4094 2699 4150 inferius
2721 4096 2787 4126 ¹²⁰
2814 4098 3039 4161 elevari,
3077 4101 3167 4152 sed
3195 4101 3374 4155 inante
3404 4116 3680 4165 corruere,
3726 4112 3781 4156 et
3807 4105 3944 4158 unde
3973 4105 4061 4157 in-

2476 4186 2631 4239 choat
2656 4201 2961 4250 ascensum,
2991 4189 3112 4242 inde
3146 4189 3213 4241 ibi
3261 4192 3459 4258 patitur
3484 4206 3689 4245 casum.
3734 4192 3936 4261 Stipula
3964 4208 4063 4246 au-

2475 4283 2580 4329 tem
2607 4290 2712 4344 quo
2742 4277 2901 4329 altius
2932 4287 3090 4331 vento
3116 4288 3377 4347 raptatur,
3416 4296 3479 4335 eo
3522 4282 3584 4311 “7
3610 4281 3826 4349 gravius
3858 4285 4023 4352 mergi
4046 4316 4060 4324 -

2474 4376 2577 4419 tur.
2614 4366 2878 4435 Expertus
2902 4376 2983 4421 est
3027 4379 3081 4423 et
3114 4370 3226 4437 ipse
3259 4371 3310 4423 in
3368 4385 3423 4425 se
3481 4371 3571 4425 Dei
3623 4387 3786 4441 super
3814 4372 3913 4426 hoc
3940 4374 4058 4424 vin-

2473 4459 2690 4511 dictam.
2758 4457 2889 4511 Nam
2947 4460 3060 4527 ipsa
3118 4461 3247 4523 die,
3300 4477 3403 4530 qua
3458 4463 3571 4517 lucc
3628 4464 3919 4517 nauseabat
3974 4464 4057 4516 vel

2473 4544 2720 4610 latrabat,
2748 4545 3037 4617 conﬂigens
3061 4548 3112 4600 in
3143 4550 3258 4603 acie
3288 4566 3407 4604 cum
3437 4552 3685 4606 Conrado
3734 4552 3802 4583 ηδ
3831 4551 4051 4605 Raetica-

2473 4654 2588 4691 rum
2621 4638 2703 4691 vel
2733 4637 3037 4693 Jurensium
3068 4640 3134 4671 ¹¹⁹
3162 4642 3392 4707 partium
3424 4646 3577 4707 duce,
3612 4646 3842 4711 primum
3871 4644 4049 4713 lingua

2472 4729 2779 4799 blaspheme
2800 4730 3147 4795 transfossus,
3165 4732 3228 4783 ad
3250 4732 3489 4787 ultimum
3509 4733 3824 4789 interfectus
3839 4744 3915 4788 est
3934 4733 4047 4801 (74)

2472 4824 2523 4873 et
2552 4823 2692 4875 hunc
2706 4822 2918 4889 quidem
2936 4822 3080 4877 necis
3102 4822 3261 4877 finem
3286 4824 3840 4892 blasphemusliabere
3855 4824 4047 4895 dignus

2081 4936 2305 4990 VARIAS
2348 4936 2747 4994 LECTIONES.

851 5030 894 5061 "’
922 5029 1187 5083 fulradum
1220 5029 1273 5081 2.
1364 5029 1409 5061 ³⁸
1444 5029 1582 5082 deest
1610 5028 1661 5080 l.
1740 5028 1783 5058 ”
1812 5026 2011 5081 relucet
2040 5026 2091 5079 2.

784 5100 851 5129 ιολ
883 5100 1109 5167 probare
1131 5097 1183 5150 2.
1263 5098 1328 5129 ¹⁰⁸
1351 5098 1489 5151 deest
1513 5098 1562 5150 1.
1588 5097 1641 5167 2.
1724 5096 1790 5167 Ψ
1817 5097 1955 5167 deest
1973 5096 2025 5167 2.

785 5183 844 5221 re
874 5164 993 5220 ante
1023 5169 1205 5221 vivere
1233 5167 1460 5219 deletum
1502 5167 1555 5219 in
1582 5164 1635 5218 2.
1727 5166 1789 5195 ¹¹¹
1814 5165 1951 5218 deest
1989 5164 2040 5217 2.

784 5237 919 5282 Ann.
949 5234 1111 5282 Lnub-
1191 5235 1255 5265 ¹²⁸
1294 5246 1347 5282 et
1372 5234 1424 5282 2.
1504 5236 1570 5266 ²¹⁵
1601 5233 1865 5282 habentur
1894 5236 1944 5282 l.

2172 5027 2238 5057 ¹⁰⁰
2270 5026 2406 5079 deest
2435 5027 2485 5079 2.

2107 5096 2174 5125 ¹⁰⁷
2201 5098 2409 5165 agentis
2435 5096 2487 5148 2.

2140 5165 2203 5195 ¹¹¹
2227 5165 2543 5220 excellentia
2571 5166 2623 5218 2.

2045 5235 2110 5264 ¹¹⁶
2136 5236 2445 5282 inunnalum
2483 5250 2620 5282 corr.
2654 5236 2957 5282 inclinatum
2989 5236 3042 5282 2.

2578 5027 2641 5098 ¹⁰Ῠ¹
2674 5036 2851 5098 septra
2882 5028 2931 5080 2.
3031 5029 3095 5059 ¹⁰¹
3126 5027 3365 5098 ingentes
3402 5030 3419 5081 i
3452 5030 3472 5082 ?
3500 5029 3554 5083 2.
3644 5030 3711 5062 ¹⁰³
3741 5030 3857 5084 aula
3892 5030 3910 5083 l
3940 5029 4038 5083 ?2.

2568 5097 2633 5127 ¹⁰⁸
2658 5097 2708 5149 d.
2737 5113 2787 5147 n.
2814 5106 2869 5149 et
2888 5112 2939 5163 p.
2970 5113 3015 5151 c.
3049 5113 3165 5150 esse
3187 5097 3367 5151 desunt
3389 5098 3440 5151 2.
3522 5100 3585 5129 ¹⁰⁹
3609 5100 3705 5151 viri
3728 5099 3780 5152 2.
3859 5098 3925 5129 ¹ι⁰
3951 5114 4040 5153 ve-

2715 5166 2781 5201 “3
2816 5168 3101 5235 ergardum
3132 5168 3153 5218 1
3187 5167 3208 5218 ?
3236 5166 3288 5219 2.
3320 5166 3609 5235 eggardum
3650 5170 3731 5221 ed.
3785 5168 4038 5236 egardum

3125 5236 3186 5265 “7
3216 5252 3242 5282 ιι
3277 5236 3298 5282 1
3332 5236 3425 5282 ⁸22.
3517 5238 3581 5268 ²¹⁸
3624 5238 3850 5282 hitherto
3902 5246 4033 5282 τον-ι’-

4094 4884 4119 4909 ει
