4482 5524
373 480 471 533 557

1372 477 1456 528 DE
1494 474 1733 528 CESTIS
1769 474 2089 528 ABBATL‘M
2129 475 2584 530 LAITBIENSUM.

3491 478 3596 531 558

374 594 491 645 qitit.
548 590 667 644 Fuit
701 598 877 643 autem
919 591 1005 643 hic
1043 599 1281 657 tempore
1316 600 1547 657 quatuor
1582 588 1805 640 fratrum
1849 602 1930 637 re-
1966 596 2007 650 Α
2041 604 2136 656 pus
2162 588 2260 640 sibi
2286 597 2338 641 et
2363 589 2712 641 militantibus
2744 588 3090 658 manciparet.
3124 588 3347 642 Additur
3372 595 3594 655 praetcr—
3646 646 3649 651 ,

373 699 499 753 gum
540 684 605 712 ‘“
644 682 708 733 de
756 696 921 749 regno
968 681 1300 733 Francorum
1349 680 1808 741 coneertantium,
1855 680 1933 730 vel

375 782 617 838 tempore
653 769 889 822 Lotharii
932 769 994 799 "'
1034 769 1401 837 imperatoris,
1450 768 1539 835 qui
1589 776 1795 835 patrem
1846 766 1937 818 do-

375 875 558 913 muum
585 858 913 913 Ludovieum
943 858 994 911 in
1022 873 1295 913 carcerem
1323 862 1617 911 retruserat
1636 896 1649 919 ,
1676 866 1729 907 et
1756 863 1937 923 postea

374 948 594 1003 Prumia
627 948 957 1000 monasterio
987 948 1285 1000 monachus
1316 945 1494 1000 factus
1522 953 1625 998 est.

449 1036 535 1090 15.
580 1034 696 1090 1am
734 1050 862 1089 vero
896 1044 1079 1103 postea
1115 1050 1143 1088 a
1181 1034 1440 1088 Lothario
1480 1048 1638 1101 rego,
1688 1031 1798 1085 tilio
1828 1030 1939 1099 jam

378 1126 506 1179 dicti
536 1125 880 1192 imperatoris
910 1124 1186 1188 Lotharii,
1220 1124 1383 1192 coepit
1428 1124 1567 1177 idem
1605 1122 1755 1176 locus
1790 1137 1945 1189 repa-

380 1214 488 1265 rari
523 1212 588 1243 ¹³²
619 1222 672 1265 et
703 1228 799 1281 per
828 1210 1128 1265 Johannem
1156 1211 1601 1265 Cameracensem
1634 1211 1941 1279 episcopum

380 1303 461 1355 vel
490 1302 768 1372 liugonem
800 1302 1063 1371 quendam
1099 1311 1207 1355 tam
1250 1300 1677 1369 possessionibus
1706 1314 1866 1367 quam
1893 1310 1948 1353 et

380 1390 780 1445 habitatoribus
810 1405 904 1458 per
930 1391 1166 1459 ejusdem
1200 1392 1343 1458 regis
1360 1388 1569 1457 jussum
1604 1405 1707 1443 non
1746 1391 1945 1443 medio-

382 1480 549 1532 criter
579 1480 955 1548 redintegrari.
997 1479 1047 1533 Is
1083 1494 1212 1533 sane
1242 1480 1327 1533 ille
1371 1479 1657 1533 Lotharius
1680 1520 1694 1543 ,
1720 1482 1810 1548 qui
1852 1497 1948 1549 pro

380 1570 563 1635 regina
595 1570 871 1637 repudiata
899 1578 953 1622 et
976 1569 1265 1623 Waldrada
1288 1571 1607 1637 superducta
1636 1570 1817 1623 Romae
1838 1570 1949 1623 fue-

379 1667 463 1711 rat
489 1659 1003 1720 excommunicatus,
1021 1675 1123 1727 qua
1146 1668 1358 1727 petente
1378 1669 1431 1712 et
1454 1675 1578 1729 rege
1600 1660 1945 1722 concedente,

380 1748 567 1802 fiscum
599 1748 735 1801 llum
768 1750 878 1816 (75)
906 1751 1109 1803 dictum
1144 1751 1373 1804 ecclesia
1401 1761 1585 1805 nostra
1616 1754 1813 1805 meruit
1850 1753 1945 1805 ba-

378 1841 529 1893 bere.
563 1840 731 1892 Erant
758 1848 932 1893 autem
973 1840 1044 1892 ibi
1084 1841 1307 1894 mdilieia
1346 1842 1660 1910 quamplura
1682 1882 1694 1903 ,
1725 1844 1794 1895 ob
1832 1857 1950 1909 qure

2041 696 2101 732 ea
2132 720 2143 735 ,
2196 687 2252 730 ut
2296 678 2516 730 decima:
2556 692 2742 731 omnes
2772 678 3163 731 indominicata:
3195 676 3259 706 ι’*
3291 676 3356 728 ad
3388 684 3598 743 portam

2042 768 2351 821 monasterii
2384 768 2448 797 ‘“
2482 768 2533 819 in
2567 782 2694 819 usus
2722 782 3014 835 pauperum
3054 767 3161 819 sint
3200 774 3254 817 et
3294 764 3601 833 peregrino-g

2043 873 2195 919 rum,
2250 865 2303 910 et
2350 864 2408 909 ut
2450 855 2565 909 dies
2607 856 3007 909 anniversarios
3041 854 3383 908 Carlomanni
3426 854 3599 923 regis,

2045 946 2199 1013 cujus
2224 945 2440 1015 quidem
2468 945 2780 1012 Arnulpbus
2807 955 2922 998 erat
2951 945 3119 1008 filius,
3156 944 3430 997 annuatim
3462 952 3605 999 esset

2047 1035 2345 1087 recensitus
2365 1075 2377 1096 ,
2412 1044 2709 1102 praeparato
2738 1036 2802 1087 ad
2835 1035 2885 1088 id
2916 1050 3050 1102 opus
3078 1037 3144 1087 ab
3171 1035 3418 1103 episeopo
3456 1049 3605 1088 com-

2045 1127 2247 1193 petenti
2277 1124 2498 1179 obsonio
2533 1126 2594 1155 ’“
2628 1126 2768 1194 quod
2798 1135 3121 1195 praeceptum
3152 1127 3327 1196 regale
3365 1126 3610 1181 volumus

2046 1217 2288 1267 intexere.
2314 1232 2325 1264 :

2118 1300 2181 1353 In
2207 1303 2409 1354 nomine
2432 1312 2627 1354 sancta:
2656 1313 2702 1356 et
2732 1303 2957 1357 invidum
2992 1302 3282 1369 Trinitatis,
3313 1302 3610 1371 Arnulplms

2049 1408 2159 1451 rex,
2196 1402 2297 1442 etc.
2334 1392 2418 1443 ιδ’.

2120 1482 2201 1535 16.
2249 1482 2454 1535 Interea
2489 1482 2771 1536 vacillante
2804 1496 2982 1534 rerum
3013 1490 3151 1534 statu
3172 1522 3184 1542 ,
3217 1491 3271 1534 et
3298 1496 3482 1551 regum
3518 1497 3615 1533 nam

2052 1573 2332 1633 turalium,
2390 1574 2528 1626 sicut
2576 1582 2703 1625 ante
2754 1572 3019 1633 diximus,
3069 1572 3157 1638 qui
3201 1572 3336 1639 apud
3382 1570 3617 1624 l-‘ratcos

2050 1677 2261 1729 semper
2308 1662 2619 1714 hereditarii
2671 1662 3029 1723 habebantur,
3075 1660 3353 1713 deficiente
3399 1674 3619 1712 succes-

2050 1756 2234 1811 sione,
2279 1768 2374 1819 pro
2416 1767 2481 1804 eo
2523 1751 2663 1818 quod
2702 1751 3005 1803 Ludovicus
3044 1750 3414 1818 Supradiclus,
3459 1764 3618 1816 quem

2051 1850 2269 1909 propter
2308 1841 2625 1893 brevitatem
2667 1841 2920 1907 regnandi
2962 1840 3124 1892 nichil
3168 1838 3358 1891 fecisse
3401 1838 3616 1900 dicunt,

379 1927 450 1980 ibi
494 1927 578 1980 illa
612 1929 898 1996 plurimum
938 1929 1269 1991 morabatur,
1302 1930 1555 1983 visitante
1586 1943 1643 1983 se
1686 1945 1809 1998 rege
1850 1944 1944 1983 co-
1978 1935 2017 1991 Β
2050 1931 2301 1984 Carulum
2349 1931 2514 1982 lilium
2541 1932 2627 1981 vix
2660 1932 2859 1983 binmm
2895 1931 2958 1960 ³³³
2987 1930 3098 1998 (78)
3130 1929 3464 1995 reliquisset,
3494 1944 3623 1997 gens

377 2018 503 2083 pula
540 2018 743 2070 illicita.
779 2016 983 2083 Quarto
1016 2019 1223 2072 decimo
1250 2018 1414 2086 igitur
1442 2019 1588 2086 regni
1630 2019 1709 2071 sui
1754 2019 1818 2048 ¹³³
1850 2034 1946 2070 an-

379 2122 451 2158 no
500 2106 646 2175 (868)
710 2106 950 2159 redditus
998 2106 1246 2158 villarum
1290 2116 1596 2158 nostrarum
1644 2106 1949 2158 describere

372 2196 561 2261 jussit,
613 2195 751 2261 quod
805 2194 1114 2263 poliptieum
1166 2202 1380 2247 vocant.
1432 2192 1594 2245 Facta
1642 2202 1724 2245 est
1772 2200 1949 2244 autem

379 2286 495 2336 luce
524 2285 814 2351 descriptio
845 2300 872 2335 a
905 2283 1148 2336 Johanne
1181 2284 1433 2351 episcopo
1464 2283 1879 2350 prtenominato.

456 2374 539 2426 14.
592 2374 717 2427 Post
779 2374 891 2426 lizec
946 2372 1206 2426 fratribus
1261 2373 1313 2424 in
1368 2381 1597 2440 quatuor
1650 2373 1955 2425 tetrarchiis

378 2460 621 2514 Francia:
670 2461 1021 2529 regnantibus
1068 2469 1175 2512 tam
1226 2460 1357 2527 ipsis
1403 2474 1562 2527 quam
1605 2458 1730 2512 ﬁliis
1767 2474 1951 2512 eorum

377 2549 679 2602 defunctis.
734 2550 879 2602 solus
914 2550 1144 2602 domnus
1183 2548 1409 2601 Carolus
1448 2546 1743 2617 superfuit,
1796 2563 1954 2615 quem

378 2642 555 2693 bonus
608 2640 878 2693 Johannes
931 2654 1068 2706 papa
1126 2639 1179 2692 in
1221 2640 1601 2707 imperatorem
1657 2640 1951 2692 benedixit.

378 2730 481 2795 Qui
514 2730 652 2783 sicut
683 2730 843 2782 etiam
878 2730 943 2760 ³³⁸
975 2730 1094 2783 aliis
1124 2728 1307 2783 multis
1344 2729 1478 2782 locis
1502 2769 1515 2791 ,
1556 2729 1629 2781 ita
1668 2728 1952 2782 Laubicusi

382 2820 713 2873 monasterio
743 2819 906 2872 multa
937 2820 1076 2873 bona
1109 2828 1162 2873 et
1199 2820 1449 2886 praestitit
1480 2828 1531 2873 et
1564 2819 1812 2871 reddidit.
1848 2818 1955 2871 Sed

379 2916 437 2959 et
475 2906 892 2960 Carlomannum
938 2907 1106 2960 lilium
1143 2922 1296 2960 suum
1332 2907 1507 2960 eidem
1544 2906 1664 2960 loco
1704 2907 1953 2960 abbatem

380 2997 616 3051 instituit
649 2997 818 3065 (870).

455 3087 543 3139 15.
582 3087 680 3140 Cui
729 3086 839 3155 (76)
890 3089 943 3140 in
998 3088 1261 3157 regimine
1315 3088 1581 3141 successit
1636 3087 1700 3118 ’³⁸
1731 3087 1958 3140 domnus

381 3179 597 3232 Franco
647 3191 887 3246 tempore
933 3177 1189 3232 Ludovici
1242 3178 1424 3248 (885),
1473 3179 1555 3231 vel
1602 3178 1730 3232 dicti
1778 3177 1956 3231 Caroli

381 3268 723 3336 imperatoris
774 3268 886 3321 filii.
941 3267 1043 3334 Qui
1090 3266 1299 3323 France
1325 3267 1528 3322 'multm
1566 3268 1865 3323 nobilitatis
1903 3260 2028 3321 etC

382 3358 634 3426 palatinis
681 3358 875 3411 studiis
921 3358 1217 3411 instructus
1253 3358 1471 3421 extitit;
1512 3357 1652 3410 unde
1703 3366 1758 3411 et
1801 3356 1956 3424 plura

382 3447 712 3500 monasterio
743 3457 925 3499 nostro
950 3448 1252 3515 acquisivit.
1286 3446 1422 3501 Sunt
1446 3448 1534 3515 qui
1566 3448 1954 3501 monasterium

381 3537 713 3590 Anthonium
738 3537 938 3589 dictum
968 3535 1103 3603 (77),
1127 3546 1253 3589 tunc
1278 3536 1576 3604 puellarum
1593 3576 1605 3598 ,
1628 3550 1770 3589 nunc
1795 3549 1957 3589 cano-

383 3629 651 3688 nieurum,
682 3626 797 3692 ejus
825 3636 1068 3694 tempore
1096 3635 1337 3679 nostrum
1365 3624 1612 3679 effectum
1640 3626 1857 3688 dicunt;
1894 3625 1958 3676 li-

381 3726 474 3769 cet
494 3717 602 3769 sint
628 3716 751 3777 alii,
778 3716 867 3784 qui
895 3716 1199 3783 antiquitati
1229 3716 1331 3768 hoc
1355 3715 1654 3767 attribuant
1673 3756 1685 3774 ,
1714 3715 1805 3767 sed
1832 3727 1955 3768 ante

381 3805 699 3866 aliena-tum,
718 3805 818 3857 sub
841 3819 905 3857 eo
930 3813 1198 3871 receptum
1222 3818 1342 3857 esse
1375 3803 1461 3852 ⁸³⁸.
1494 3788 1658 3871 lgiTur
1683 3802 1957 3856 Ludovico

381 3903 580 3960 quarto
612 3893 761 3962 regni
789 3894 869 3946 sui
897 3908 1036 3945 anno
1066 3891 1321 3945 defuncto
1346 3932 1360 3955 ,
1394 3891 1619 3945 Francis
1660 3892 1710 3945 in
1742 3894 1955 3945 diversa

380 3981 726 4035 tendentibus
754 3981 896 4035 facto
922 3982 1230 4050 interregno
1261 3996 1357 4050 per
1402 3980 1464 4034 l8
1502 3996 1703 4043 annos,
1751 3980 1957 4034 Conra-

383 4072 455 4125 do
494 4070 579 4133 ⁸³⁷,
620 4069 935 4136 Radulpho,
978 4068 1162 4124 Odone
1200 4077 1255 4121 et
1293 4067 1529 4121 Roberto
1568 4069 1620 4122 in
1674 4070 1957 4123 occidente

382 4159 736 4228 regnantibus
777 4158 865 4222 ⁸³⁸,
902 4173 1023 4211 eum
1061 4157 1404 4225 Arnulphus,
1460 4173 1555 4212 rex
1604 4156 1954 4221 Noricorum,

382 4248 640 4302 australis
697 4248 941 4302 Francia:
997 4263 1091 4301 rex
1156 4248 1544 4312 ascisceretur,
1602 4246 1714 4314 jam
1781 4248 1958 4303 dictus

380 4334 596 4389 Franco
643 4337 709 4388 ad
760 4350 895 4403 Opus
936 4334 1178 4389 ecclesiae
1223 4334 1541 4389 Leodiensis
1586 4336 1954 4403 supradictam

381 4423 655 4478 abbatiam
691 4425 844 4494 petiit
871 4424 1031 4492 (889,
1065 4424 1201 4477 Nov.
1233 4423 1364 4492 15),
1402 4432 1456 4476 et
1488 4424 1956 4478 consentientibus

379 4511 643 4567 fratribus
685 4513 1021 4579 impetravit,
1076 4510 1213 4566 facta
1247 4512 1395 4580 prius
1431 4512 1809 4565 convenientia
1833 4550 1848 4575 ,
1898 4520 1959 4564 ut

2053 2022 2295 2087 quamam
2341 2021 2671 2088 aquilouaris
2705 2020 2789 2082 ‘“,
2824 2021 2888 2073 de
2931 2036 3036 2088 qua
3076 2019 3216 2071 forte
3255 2020 3454 2071 dictum
3494 2028 3618 2071 est:

2055 2112 2129 2163 Ab
2162 2110 2404 2179 aquilone
2434 2111 2692 2177 pandetur
2732 2126 2881 2163 omne
2919 2108 3112 2161 malum
3136 2150 3148 2171 ,
3187 2124 3345 2176 quant
3382 2109 3625 2177 plerique

2056 2200 2473 2253 Northalbinros
2516 2200 2603 2262 ‘3‘,
2664 2199 2751 2251 alii
2803 2200 3054 2252 usitatius
3098 2198 3495 2253 Northmanuos
3534 2213 3626 2252 vo-

2056 2297 2207 2348 cant,
2246 2288 2541 2356 pyraticam
2576 2302 2770 2352 agens,
2804 2302 2940 2339 novo
2967 2296 3018 2338 et
3050 2287 3290 2339 inaudito
3322 2296 3468 2338 retro
3500 2294 3623 2337 ante

2057 2377 2387 2445 temporibus
2430 2378 2588 2427 modo
2620 2375 2901 2427 Franciam
2933 2385 3013 2428 est
3043 2390 3289 2444 aggressa
3316 2392 3328 2438 ;
3364 2390 3479 2441 qua:
3509 2389 3623 2425 ma-

2059 2466 2137 2515 ria
2168 2465 2399 2532 primum
2427 2477 2729 2531 occupans,
2765 2463 2980 2515 demunt
3015 2463 3187 2515 hostia
3228 2462 3503 2515 ﬂuminum
3538 2462 3627 2525 Μ,

2058 2566 2175 2617 qua:
2222 2551 2505 2603 Frauciam
2549 2551 2785 2613 alhumt,
2830 2561 2911 2605 est
2954 2552 3231 2619 ingressa;
3274 2551 3503 2603 subinde
3547 2565 3628 2602 re-

2058 2652 2245 2704 stans,
2291 2640 2514 2694 subinde
2554 2641 2939 2708 progrediens;
2986 2640 3071 2691 ubi
3115 2640 3448 2692 resistentem
3492 2638 3625 2689 vidit

2058 2734 2350 2796 neminem,
2394 2747 2601 2799 quaqua
2638 2746 2851 2783 versum
2880 2729 2980 2783 sibi
3031 2730 3237 2782 libitum
3286 2729 3455 2780 visunt
3508 2737 3625 2790 est,

2058 2821 2351 2875 ferebatur.
2396 2824 2496 2886 Qui
2548 2820 2794 2873 videlicet
2836 2817 3193 2873 Northmauni
3242 2834 3336 2886 per
3390 2826 3627 2885 quatuor

2061 2913 2394 2967 nobilissima
2419 2914 2660 2971 flumina.
2686 2912 2892 2966 Renum
2924 2922 2979 2966 et
3007 2913 3152 2965 Scalt
3182 2911 3249 2964 ab
3274 2912 3505 2972 oriente,
3531 2908 3631 2962 Se-

2061 3021 2252 3058 eauam
2284 3015 2337 3058 et
2363 3005 2595 3074 Ligerim
2627 3006 2694 3058 ab
2723 3005 3019 3065 occidente,
3049 3003 3331 3057 Franciam
3367 3000 3593 3072 ingressi
3616 3041 3629 3059 .

2063 3095 2324 3148 incendiis
2358 3096 2419 3124 ⁸³⁷
2454 3104 2506 3147 et
2536 3094 2736 3161 rapinis
2757 3093 2937 3146 omnia
2969 3091 3379 3161 depopulantur,
3414 3090 3542 3143 nulli
3568 3089 3635 3120 “‘

2065 3185 2213 3237 sexui
2246 3183 2325 3235 vel
2354 3184 2496 3235 :etati
2526 3192 2839 3251 parcentes,
2884 3183 3122 3250 captivos
3166 3182 3478 3243 abducunt;
3520 3181 3633 3249 ipsa

2061 3277 2221 3329 etiam
2256 3275 2443 3326 altaria
2471 3275 2695 3343 paganis
2722 3274 2968 3327 manibus
2998 3272 3363 3341 profanantes.
3394 3271 3633 3336 Quorum

2063 3373 2207 3418 metu
2237 3362 2387 3431 plura
2423 3371 2730 3417 sanctorum
2762 3376 2988 3431 corpora
3013 3401 3025 3423 ,
3068 3370 3121 3414 et
3162 3360 3363 3428 Optima
3409 3374 3637 3428 qumque

2061 3456 2125 3508 ad
2171 3454 2368 3508 tutiora
2401 3452 2517 3507 loca
2560 3454 2927 3522 deportantur.
2974 3452 3079 3506 Sed
3124 3461 3429 3505 nostrorum
3457 3458 3636 3519 patro-

2061 3558 2249 3598 norum
2280 3558 2385 3597 non
2420 3557 2638 3596 necesse
2666 3541 2769 3595 fuit
2796 3542 3002 3610 longius
3034 3541 3333 3608 asportari,
3380 3538 3635 3607 quoniam

2060 3630 2308 3698 adjacens
2332 3631 2583 3685 Thudinii
2626 3639 2859 3683 castrum
2886 3628 3033 3699 (79),
3056 3629 3216 3696 idque
3246 3628 3399 3680 nobis
3427 3626 3491 3656 ¹¹⁵⁹
3514 3641 3637 3694 pro-

2061 3721 2234 3787 prium
2256 3731 2310 3773 et
2332 3719 2771 3782 munitissimum,
2800 3717 3003 3772 fecerat
3028 3715 3301 3770 affluentes
3324 3716 3637 3783 indenipnes

2061 3812 2275 3874 haberi;
2303 3813 2546 3863 villarum
2569 3825 2699 3864 vero
2719 3810 2874 3879 longe
2898 3809 3195 3879 positarqu
3221 3816 3338 3861 erat
3363 3805 3513 3859 multi
3540 3820 3632 3858 ex.

2063 3902 2293 3955 terminii
2325 3902 2605 3955 desolatio.
2640 3901 2778 3970 Hysa
2805 3900 2916 3968 (80)
2952 3914 3092 3953 nunc
3121 3898 3267 3951 ﬂuvii
3299 3910 3491 3951 nomen
3523 3904 3636 3958 est,

2061 3995 2151 4061 qui
2199 3992 2493 4061 antiquitus
2542 3991 2744 4061 llysara
2796 3991 2907 4059 (8|)
2960 3990 3262 4044 dicebatur.
3302 3988 3374 4041 De
3405 4001 3512 4054 quo
3563 3986 3637 4037 ita

2062 4083 2303 4136 meminit
2336 4082 2586 4135 Lucanus
2618 4081 2726 4150 (82)
2758 4082 2809 4133 in
2843 4080 2997 4133 bellis
3026 4079 3275 4132 civilibus
3306 4096 3316 4129 :

2181 4191 2259 4239 Hii
2287 4191 2404 4240 vids
2429 4192 2674 4253 liquerunt
2704 4190 2921 4253 Hyssraa,
2945 4192 3027 4251 qui
3066 4190 3264 4253 gurgite
3286 4189 3457 4238 ductus

2187 4253 2279 4300 l’er
2301 4260 2396 4300 ta.
2423 4246 2568 4299 multa
2587 4263 2693 4305 suo,
2719 4246 2855 4298 liniue
2883 4246 3238 4309 maiortsiu‘in
3259 4264 3448 4298 amnem

2186 4312 2387 4371 Lapsus,
2425 4315 2471 4360 in
2507 4324 2761 4373 aequoreas
2786 4308 2967 4360 nomen
2999 4308 3105 4359 non‘
3126 4313 3324 4372 pertulit
3357 4313 3526 4363 undas.

2060 4417 2235 4471 Iulluit
2262 4418 2407 4470 enim
2436 4417 2488 4469 in
2522 4414 2806 4470 Seeanam.
2849 4413 2951 4467 Per
2991 4430 3152 4481 quant
3194 4414 3547 4470 Northmanni
3584 4418 3635 4470 in

2063 4508 2155 4561 illo
2205 4506 2397 4569 delati,
2447 4506 2573 4559 licet
2619 4506 2671 4557 in
2714 4505 2820 4558 illis
2860 4504 3101 4571 partibus
3129 4513 3320 4558 cuncta
3348 4505 3633 4574 depopula-

381 4590 646 4655 medietas
693 4600 924 4655 abbatize
970 4599 1229 4655 fratribus
1276 4600 1404 4655 inibi
1458 4600 1776 4670 regulariter
1818 4599 1957 4653 mili-
1986 4608 2035 4665 ι)
2068 4608 2273 4663 rentur,
2306 4598 2597 4667 plurimum
2632 4597 2694 4625 ¹⁸¹
2728 4604 2903 4649 tamen
2938 4594 3045 4657 illi,
3089 4595 3181 4662 qui
3230 4594 3408 4647 littora
3454 4594 3637 4649 Sealdi

380 4693 621 4747 tantibus
647 4692 700 4746 in
731 4708 826 4745 usu
856 4694 1127 4746 communi
1169 4692 1494 4755 deserviret,
1549 4692 1709 4745 aliam
1749 4692 1958 4761 episco-
2062 4693 2411 4756 insederant,
2470 4689 2975 4751 debacchabantur,
3027 4689 3279 4757 quoniam
3332 4689 3636 4755 gratissima

1647 4803 1882 4859 VARIE
1918 4800 2320 4857 LECTIONES.

457 4915 520 4947 ⁸³⁸
548 4916 688 4970 deest
715 4915 770 4970 2.
850 4916 914 4945 ⁸⁸⁸
946 4915 1195 4969 clotharii
1229 4916 1279 4968 l.
1358 4915 1423 4945 η’
1454 4914 1766 4982 recuperari
1794 4912 1819 4967 1
1844 4912 1867 4965 ?
1894 4912 1949 4966 2.
2029 4912 2096 4942 ¹³³
2124 4910 2265 4982 deest
2292 4911 2348 4965 2.
2428 4911 2494 4941 ’⁸⁸
2520 4911 2663 4982 deest
2693 4911 2745 4964 2.
2798 4910 2892 4982 ΠΨ
2923 4897 3238 4982 εῡεεδβῖῖέ.
3318 4905 3385 4982 "f
3412 4911 3549 4982 deest
3582 4914 3633 4982 1.

380 4982 447 5017 ⁸⁸⁷
498 4987 573 5037 ita
621 4986 772 5038 codd.
855 4984 923 5015 "'
968 4984 1108 5037 deest
1156 4986 1205 5037 1.
1287 4984 1351 5015 ’³⁸
1403 4977 1721 5036 intruncataa
1767 4984 1818 5037 1.
1867 4982 2203 5036 indecimatte
2244 4981 2301 5034 2.
2382 4981 2447 5011 “'
2496 4980 2637 5034 deest
2667 4983 2716 5034 l.
2795 4980 2857 5009 “‘
2907 4980 3136 5046 opsonio
3162 4996 3301 5033 corr.
3330 4978 3555 5032 obsonio
3582 4977 3640 5029 2.

382 5053 448 5083 ’δ’
490 5054 673 5105 charta
711 5064 848 5107 deest
890 5056 945 5106 in
990 5055 1139 5105 codd.
1187 5070 1231 5105 υ.
1282 5068 1394 5105 eam
1434 5054 1486 5103 in
1539 5048 1711 5122 Mirari
1746 5052 1879 5122 Opp.
1922 5050 2141 5122 1,651)2
2177 5047 2562 5122 piplotnatibus
2608 5050 2800 5122 nostris
2832 5050 3189 5122 inserendum.
3268 5047 3436 5122 “tito
3462 5046 3644 5122 “Quen.

383 5137 549 5194 unum
581 5132 637 5174 ut
667 5123 871 5194 videtur
896 5122 1124 5194 de].
1160 5130 1526 5194 nonconstal.‘
1586 5114 2044 5194 “f_acquilonaris
2073 5120 2095 5172 1
2309 5120 2375 5194 ¹ξ⁵
2408 5116 2953 5194 uorthabbrincus}.
3041 5119 3108 5151 ³⁸⁸
3148 5119 3285 5171 deest
3323 5114 3379 5166 2.
3461 5115 3523 5144 ’³⁷
3567 5114 3649 5166 itt-

382 5192 634 5244 cedentes
669 5193 690 5242 1
717 5191 739 5242 ?
768 5193 818 5244 2.
902 5190 968 5220 ’⁸⁸
1001 5190 1072 5242 nil
1110 5192 1155 5243 1.
1236 5190 1299 5220 ’δ’
1329 5195 1465 5242 deest
1497 5188 1548 5239 2.
1628 5190 1697 5220 ¹⁸⁰
1728 5184 1961 5248 nievoris
1990 5188 2042 5243 ἰ.
2122 5188 2186 5219 ’⁵³
2218 5188 2501 5258 plurimam
2536 5189 2585 5240 l.
2620 5188 2847 5260 plurima
2874 5184 2927 5236 2.

1898 5295 2124 5356 ΝΟΤιΕ.

464 5409 559 5418 --.-n
597 5409 638 5418 _
878 5411 925 5418 .-
1298 5410 1329 5418 -.
1396 5410 1443 5418 -α
1537 5410 1552 5418 ο
2143 5410 2251 5418 .--μ
2300 5409 2360 5416 --Α
2409 5409 2467 5416 -ι
