4482 5524
851 464 954 522 559

1987 465 2300 523 FOLCUINI
2337 464 2624 521 ABBATIS
2665 466 3061 524 LAUBIENSIS

4001 471 4106 526 560

854 580 1011 634 statio
1032 580 1246 634 navium
1268 620 1281 645 ,
1309 581 1419 635 sive
1446 581 1509 635 ad
1537 582 1895 652 hyemaudum
1923 582 2035 634 sive
2060 582 2124 634 ad
2151 580 2424 650 quodlibet
2454 581 2497 637 Λ
2530 578 2973 647 Mediomatricm,
3020 599 3140 653 quae
3184 598 3323 639 nunc
3367 584 3545 640 Mettis
3593 586 3805 652 dicitur,
3854 602 3882 641 a
3931 602 4103 657 puero

850 667 973 724 belli
1015 669 1311 739 periculum
1350 670 1728 725 declinandum
1750 711 1763 734 ,
1810 669 1919 724 illic
1949 686 2041 725 eos
2070 670 2274 725 fecerat
2306 683 2427 722 esse

850 758 1158 813 continuos.
1197 757 1480 828 Singulphi
1514 758 1636 812 villa
1678 772 1871 813 nomen
1904 768 1988 813 est
2027 757 2196 811 fundi.
2242 758 2291 813 ls
2333 772 2428 810 no-

849 856 976 901 stra:
1004 848 1247 903 ecclesiae
1276 850 1473 909 servit,
1508 856 1561 902 ct
1605 848 1655 901 in
1701 864 1765 902 eo
1794 848 2051 901 memoria
2100 848 2272 902 sancti
2300 847 2427 902 Urs-

850 938 988 992 mari
1029 947 1085 992 et
1132 938 1306 992 sancti
1349 936 1529 1002 Petri,
1580 938 1632 991 in
1684 952 1788 1006 qua
1836 946 1965 991 tunc
2013 937 2292 991 duodecim
2337 952 2425 990 ca-

847 1029 1164 1083 nonicorum
1192 1028 1488 1082 habebatur
1517 1037 1830 1082 conventus.
1879 1026 2094 1080 Memini
2127 1041 2211 1080 me
2240 1035 2295 1081 et
2325 1042 2424 1079 no-

847 1129 1083 1174 strorum
1115 1118 1399 1189 plerosque
1446 1118 1718 1173 hominem
1751 1119 1817 1150 ¹⁸¹
1857 1119 2070 1173 illorum
2120 1127 2422 1187 temporum

846 1206 1075 1274 vidisse,
1128 1209 1220 1279 qui
1275 1218 1454 1261 utrum
1500 1208 1566 1239 ¹⁸⁸
1610 1208 1715 1262 alio
1770 1208 1987 1263 nomine
2031 1217 2342 1273 vocaretur,
2393 1223 2422 1262 a

849 1297 1004 1352 nobis
1058 1311 1164 1350 non
1222 1296 1391 1351 multo
1448 1298 1776 1365 quaesitum,
1831 1297 2028 1352 affectu
2084 1306 2309 1361 tamen,
2367 1306 2425 1352 ut

846 1395 1091 1454 putatur,
1135 1386 1406 1455 patronali
1439 1386 1505 1417 ⁸⁸⁸
1531 1402 1561 1440 a
1608 1402 1774 1456 puero
1820 1406 1837 1438 ι
1868 1387 2229 1442 bruoderchin
2256 1386 2367 1456 (83)
2402 1405 2418 1438 ι

846 1478 1159 1541 vocabatur,
1207 1490 1365 1544 quem
1415 1490 1513 1530 nos
1558 1476 1658 1530 etsi
1704 1476 1881 1529 minus
1925 1476 2090 1530 latine
2139 1490 2424 1545 possumus

846 1568 1126 1623 nominare
1171 1566 1554 1631 fraterculum,
1610 1566 1700 1635 qui
1748 1567 1963 1621 eosdem
2010 1566 2207 1621 vidisse
2261 1580 2319 1620 se
2371 1573 2425 1619 et

843 1658 1198 1728 cognovisse,
1264 1666 1317 1711 et
1371 1656 1514 1726 quod
1564 1657 1886 1726 praepositus
1939 1670 2126 1710 eorum
2186 1654 2423 1724 Sparna-

844 1749 955 1803 rius
989 1748 1055 1778 ¹⁵⁸
1086 1747 1261 1802 dictus
1289 1747 1395 1810 sit,
1427 1747 1751 1800 testabatur.
1798 1745 1898 1811 Qui
1940 1745 2089 1799 locus
2137 1760 2167 1797 a
2218 1743 2418 1799 North-

841 1838 1056 1893 mannis
1110 1837 1184 1890 ita
1236 1837 1543 1890 destructus
1590 1844 1713 1901 est,
1770 1845 1828 1889 ut
1882 1846 2225 1890 remanerent
2254 1837 2307 1888 in
2360 1850 2423 1890 eo

2532 671 2817 727 educatum
2879 674 3063 729 fuisse.
3128 674 3260 730 Nam
3325 677 3591 743 ltoberto,
3656 679 3895 749 ejusdem
3957 682 4102 735 sedis

2531 764 2825 832 episcopo,
2886 767 3115 820 eundem
3180 766 3417 823 libellum
3481 768 3767 841 legendum
3836 771 3983 824 misit
4044 782 4100 824 et

2530 854 3007 922 comprobandum.
3068 856 3239 926 Hujus
3289 859 3527 929 episcopi
3572 860 3734 929 aliqui
3788 863 3947 915 etiam
3996 877 4095 914 no-

2531 952 2641 997 stra
2708 954 2866 999 aetate
2930 947 3312 1002 meminerunt.
3376 948 3544 1017 Hujus
3594 965 3808 1019 quoque
3858 960 4099 1020 tempore

2530 1031 2809 1086 dedicatur
2858 1034 3085 1089 ecclesia
3132 1046 3314 1092 nostra
3365 1039 3433 1093 ab
3485 1040 3604 1107 ipso
3656 1050 3877 1094 evocato
3922 1041 3987 1094 ad
4045 1040 4098 1095 id

2528 1137 2694 1191 opus,
2760 1135 2815 1179 et
2881 1125 3172 1193 conjuncto
3236 1128 3336 1182 sibi
3411 1129 3667 1185 Dodilone
3720 1129 4098 1185 Cameracensi

2528 1215 2813 1285 episcopo;
2887 1218 3030 1286 quod
3100 1218 3151 1271 iu
3210 1218 3435 1275 basibus
3504 1220 3919 1286 columnarum,
3978 1222 4100 1290 quis

2528 1318 2689 1371 quam
2748 1313 2956 1373 partem
3014 1306 3390 1374 dedicaverit,
3443 1309 3494 1364 in
3554 1320 3803 1380 promptu
3850 1319 3933 1365 est
3980 1326 4103 1365 cer-

2528 1408 2677 1447 nere.
2726 1392 2877 1448 Hanc
2917 1409 3048 1465 ergo
3091 1397 3355 1450 novellam
3397 1397 3822 1462 dedicationem,
3856 1414 3923 1454 ne
3962 1398 4102 1453 forte

2529 1483 2721 1537 iterata
2770 1494 2862 1539 aut
2908 1496 3068 1540 antea
3120 1486 3320 1541 infecta
3375 1487 3574 1554 fuerit,
3620 1490 3663 1544 si
3740 1489 3860 1559 quis
3926 1490 4099 1557 requi-

2528 1577 2641 1641 rit,
2698 1578 2886 1646 paucis
2941 1578 3305 1634 absolvemus.
3363 1580 3660 1636 Ecclesiam
3712 1582 3987 1651 priorem,
4054 1582 4099 1635 si

2528 1665 2777 1719 meminit
2823 1665 2995 1720 lector
3040 1668 3301 1737 prudens,
3352 1670 3453 1722 sub
3504 1669 3728 1739 Pippiuo
3775 1671 4015 1739 principe
4068 1686 4098 1723 a

2528 1767 2713 1812 sancto
2744 1758 2999 1813 Ursmaro
3028 1758 3225 1814 factam
3261 1761 3324 1791 ¹⁶⁷
3349 1760 3460 1829 jam
3496 1776 3657 1830 supra
3685 1760 3919 1815 diximus
3948 1760 4061 1829 (85)
4081 1803 4095 1825 ,

2527 1847 2777 1918 diemque
2841 1849 3199 1904 dedicationis
3256 1850 3372 1919 ejus
3431 1866 3463 1902 v
3516 1849 3783 1905 Kalendas
3850 1849 4099 1919 Septem-

841 1928 928 1983 vix
972 1925 1330 1981 materiarum
1368 1925 1557 1978 ruina).
1607 1922 1869 1977 Similiter
1914 1932 1968 1978 et
2010 1934 2190 1979 cetera
2243 1925 2418 1978 eccle-
2454 1937 2494 1995 Β
2526 1938 2637 1992 bris
2691 1940 3085 1993 annotavimus.
3148 1939 3310 2005 Quae,
3367 1949 3647 1995 crescente
3708 1940 3858 2008 copia
3913 1954 4097 1994 rerum

840 2018 934 2072 sia:
988 2024 1187 2069 nostra:
1241 2011 1455 2082 predia,
1511 2028 1631 2081 quae
1688 2012 1828 2082 apud
1878 2012 2207 2066 Brabantum
2264 2021 2420 2067 erant

836 2108 1181 2179 profusiora,
1244 2107 1345 2160 hoc
1402 2114 1639 2175 tempore
1705 2105 1969 2159 exhausta
2036 2115 2161 2159 sunt
2217 2113 2271 2159 et
2325 2119 2418 2159 ex-

836 2204 1060 2258 inanita.

908 2296 995 2348 l7.
1035 2292 1152 2347 Tali
1203 2306 1335 2360 ergo
1386 2289 1543 2343 modo
1594 2296 1810 2343 turbata
1858 2287 2102 2343 ecclesia:
2150 2300 2309 2355 pace,
2364 2293 2419 2337 et

835 2384 1179 2438 firmamento
1214 2380 1279 2411 ¹⁸⁶
1312 2379 1460 2449 regni
1514 2378 1689 2449 posito
1733 2378 1786 2431 in
1836 2376 2156 2440 formidine,
2209 2375 2417 2429 France

834 2474 1125 2545 prmdictus
1176 2471 1492 2541 episc0pus,
1545 2476 1763 2522 coactus
1811 2467 1989 2537 justa,
2038 2475 2298 2536 quantum
2350 2465 2417 2518 ad

838 2564 1171 2625 saeculares,
1233 2569 1289 2614 et
1350 2573 1478 2613 vere
1540 2558 1849 2612 necessaria
1898 2555 2036 2612 bella
2097 2554 2413 2623 suscipere,

836 2657 1015 2712 accito
1070 2653 1173 2709 sibi
1230 2649 1522 2723 Reginerio
1579 2650 1854 2718 quodam,
1909 2663 2068 2717 quem
2125 2647 2415 2717 Longum-

834 2746 1030 2803 collum
1076 2751 1303 2805 vocant,
1349 2743 1464 2794 viro
1505 2748 1766 2793 strennuo
1804 2749 1859 2793 et
1898 2740 1951 2793 in
2006 2738 2213 2793 bellicis
2253 2738 2416 2793 rebus

834 2837 1207 2899 excercitato,
1264 2833 1339 2887 hii
1392 2832 1701 2900 frequenter
1754 2831 1807 2883 in
1865 2830 1979 2884 acie
2026 2828 2413 2899 eontligentes,

833 2944 1062 3003 perraro
1126 2927 1293 2989 victi,
1355 2924 1633 2979 multoties
1678 2923 1912 2978 extitere
1977 2924 2234 2979 victores.
2307 2921 2415 2977 Nec

834 3031 1109 3079 cessatum
1154 3028 1236 3074 est
1260 3059 1274 3078 ,
1325 3018 1495 3071 donec
1527 3017 1591 3046 ¹⁵⁷
1625 3026 1774 3085 peste
1829 3014 2017 3068 attrito
2052 3014 2118 3044 “"'
2150 3028 2276 3083 rege
2322 3028 2416 3068 eo-

834 3132 955 3169 rum
1010 3110 1303 3168 Godefrido
1336 3107 1400 3160 ad
1435 3108 1593 3161 fidem
1625 3105 1825 3160 Christi
1859 3119 2124 3158 converso
2152 3115 2206 3157 et
2239 3104 2415 3171 bapti—

834 3215 984 3267 sato,
1028 3217 1127 3257 nec
1172 3198 1338 3253 multo
1386 3206 1511 3268 post
1565 3194 1883 3258 interfecto,
1934 3210 2041 3263 pax
2075 3195 2140 3225 ¹⁵⁹
2172 3193 2415 3248 ecclesiae

2523 2043 2619 2097 per
2662 2029 3087 2083 munificentiam
3122 2045 3309 2099 regum
3344 2044 3436 2084 seu
3473 2038 3776 2084 ceterorum
3822 2028 4053 2083 fidelium
4079 2070 4094 2093 ,

2521 2120 2644 2188 quia
2711 2119 2813 2174 loci
2880 2120 3143 2174 nobilitati
3204 2135 3369 2190 parva
3421 2128 3476 2174 et
3529 2122 3708 2174 minus
3762 2128 3887 2187 apta
3949 2118 4100 2173 vide-

2523 2207 2699 2270 batur,
2754 2207 3029 2261 destructa
3078 2216 3132 2260 et
3179 2206 3420 2261 funditus
3472 2221 3661 2261 eversa
3718 2218 3831 2270 est,
3888 2216 3941 2261 et
3991 2206 4097 2261 ista

2521 2314 2640 2367 quzc
2689 2313 2828 2351 nunc
2878 2308 2961 2352 est
2998 2298 3341 2367 elegantioris
3392 2297 3576 2352 formae
3626 2308 3681 2352 et
3723 2298 3921 2365 speciei
3967 2297 4099 2351 adi-

2522 2389 2699 2443 licata.
2754 2388 2885 2455 Quae
2939 2390 3007 2443 ad
3072 2390 3122 2443 id
3185 2405 3319 2459 opus
3390 2389 3653 2444 columnis
3719 2390 4097 2457 undecumque

2520 2481 2786 2544 corrasis,
2858 2496 2979 2534 cum
3049 2480 3271 2536 basibus
3331 2489 3385 2536 et
3438 2482 3687 2551 epistiliis
3750 2496 3843 2535 seu
3897 2481 4096 2535 ceteris

2520 2568 2843 2623 latomorum
2927 2568 3010 2623 vel
3100 2570 3554 2624 cementariorum
3626 2569 3923 2638 disciplinis
3998 2583 4096 2637 pro

2520 2658 2719 2712 moduli
2772 2660 2854 2713 sui
2910 2659 3214 2729 quantitate
3279 2661 3529 2715 omnibus
3583 2660 3789 2714 circum
3843 2674 3900 2713 se
3946 2660 4095 2728 posi-

2521 2749 2591 2803 tis
2644 2759 2728 2803 est
2776 2751 3252 2819 incomparabilis,
3310 2752 3451 2819 quod
3510 2752 3635 2820 quia
3688 2750 3929 2805 occulata
3965 2790 3979 2812 ,
4038 2758 4098 2803 ut

2519 2840 2703 2903 aiunt,
2756 2842 3016 2910 probatur
3057 2842 3193 2904 fide,
3246 2844 3359 2897 htec
3404 2843 3491 2897 hic
3540 2844 3672 2897 satis
3716 2843 3786 2897 sit
3833 2841 4093 2911 tetigisse.

2519 2933 2805 2987 Auctorem
2835 2943 3012 2987 autem
3042 2934 3174 3003 ejus,
3205 2934 3317 2988 sive
3348 2950 3440 2989 rex
3463 2933 3622 2987 fuerit
3652 2934 3737 2988 ille
3766 2934 3879 2988 sive
3906 2933 4090 2994 abbas.

2519 3024 2571 3077 id
2598 3024 2885 3077 nescimus.
2916 3024 2971 3077 Si
2999 3025 3121 3093 quis
3148 3025 3494 3093 improperat,
3530 3023 3836 3093 antiquitati
3880 3038 3999 3091 qua:
4031 3023 4099 3076 de

2519 3112 2605 3166 his
2635 3113 2799 3177 siluit,
2834 3128 2939 3167 non
2969 3114 3143 3176 nobis,
3182 3121 3516 3167 succenseat.

2593 3202 2679 3255 l9.
2720 3201 2827 3256 Isto
2871 3217 3083 3272 quoque
3154 3211 3367 3256 mortuo
3428 3211 3483 3256 et
3539 3203 3591 3256 in
3643 3203 3871 3256 ecclesia
3928 3200 4098 3254 sancti

833 3294 1077 3351 redditur
1110 3290 1277 3363 (885).
1313 3288 1441 3342 Post
1480 3288 1596 3341 hrec
1638 3286 1847 3340 France
1893 3285 2204 3354 episcopus,
2234 3284 2412 3338 sciens
2440 3287 2484 3350 C
2517 3293 2603 3347 Lm

2326 3298 2412 3337 305
2440 3287 2484 3350 C
2517 3293 2789 3347 Lamberli
2818 3293 3028 3362 sepulto
3058 3293 3227 3362 (920),
3260 3292 3510 3345 turbatur
3545 3306 3734 3345 rursus
3772 3290 3997 3344 ecclesia
4031 3292 4096 3344 de

833 3385 1082 3439 illicitum
1149 3395 1306 3444 esse,
1375 3390 1703 3447 quemquam
1778 3375 2088 3444 sanguineis
2162 3374 2413 3428 manibus

834 3484 1018 3529 sancta
1079 3479 1356 3531 tractare,
1410 3467 1575 3521 mittit
1628 3465 1857 3519 Romam
1911 3463 2225 3517 Bericonem
2279 3462 2415 3516 Leo-

833 3567 1076 3621 diensem
1121 3561 1375 3617 clericum
1398 3598 1413 3623 ,
1451 3564 1505 3610 et
1549 3557 1878 3610 Theuterum
1910 3552 2269 3608 Lobbiensem
2303 3567 2416 3607 mo-

834 3662 1103 3725 nachum,
1173 3670 1311 3727 quos
1373 3650 1615 3707 ordinari
1684 3650 2007 3719 episcopos,
2081 3647 2173 3717 qui
2240 3647 2414 3701 vicem

833 3767 988 3808 suam
1026 3748 1309 3818 suppleant
1340 3745 1430 3809 “°,
1462 3744 1637 3798 oravit
1667 3750 1722 3797 et
1754 3741 2021 3796 exoravit.
2065 3739 2270 3806 Quibus
2302 3739 2415 3809 jam

829 3842 995 3896 factis
1058 3835 1327 3909 episcopis
1373 3832 1720 3904 parrochiam
1791 3845 1943 3884 suam
2007 3829 2413 3899 gubernandam

833 3929 1149 3992 commisit,
1205 3926 1319 3995 ipse
1372 3924 1439 3978 de
1491 3922 1701 3990 reliquo
1764 3920 1817 3972 in
1883 3933 2015 3989 pace
2067 3928 2123 3973 et
2176 3918 2296 3973 ocio
2350 3918 2413 3947 ¹⁸¹

834 4017 1160 4079 consenuit,
1212 4015 1323 4071 vita
1380 4011 1704 4073 discedens,
1757 4017 2040 4078 postquam
2098 4008 2151 4061 in
2210 4008 2420 4077 episco-

834 4120 960 4182 patu
1006 4108 1128 4179 plus
1167 4120 1327 4176 quam
1373 4101 1765 4173 quinquaginta
1808 4107 2093 4168 perageret
2127 4099 2191 4129 ¹⁶²
2225 4114 2415 4152 annos.

906 4198 992 4253 18.
1033 4195 1179 4267 (901)
1226 4192 1379 4247 Hune
1423 4190 1731 4260 Stephanus
1778 4190 2039 4257 sequitur,
2094 4189 2179 4241 vir
2220 4188 2419 4242 littera-

836 4306 956 4346 rum
989 4296 1075 4351 et,
1107 4292 1368 4354 quantum
1412 4280 1479 4335 ad
1522 4278 1843 4341 canonicos,
1892 4277 2132 4347 religioni
2176 4277 2413 4331 studens.

834 4383 934 4436 l'lic
966 4378 1081 4447 (84)
1125 4375 1433 4445 passionem
1476 4370 1619 4426 beati
1655 4369 1720 4400 ⁸⁸⁸
1752 4369 2027 4426 Lamberti
2066 4369 2309 4437 impolito
2353 4370 2417 4400 ¹⁶³

834 4475 1097 4543 digestam
1152 4464 1278 4521 stilo
1325 4462 1589 4517 urbanius
1632 4460 1957 4524 elucidavit,
2012 4468 2066 4513 et
2116 4461 2415 4514 armoniam

831 4577 895 4613 ex
944 4573 1008 4611 ea
1062 4551 1426 4610 dulcissimam
1479 4548 1761 4613 melodiaa,
1809 4563 1928 4617 qua:
1972 4547 2200 4603 celebris
2247 4548 2415 4605 habe-

2519 3384 2761 3438 antistite
2801 3384 3200 3437 substituendo.
3252 3380 3383 3435 Nam
3414 3381 3526 3452 (86)
3571 3396 3697 3450 pars
3740 3396 3844 3434 una
3896 3378 4100 3433 llildui-

2519 3488 2667 3537 num,
2699 3470 2936 3540 ejusdem
2986 3472 3227 3526 ecclesia:
3273 3471 3528 3525 clericum
3562 3471 3661 3525 sibi
3704 3470 3957 3541 poscebat
3985 3471 4100 3538 epi-

2519 3576 2759 3631 scepum,
2805 3561 3020 3615 favente
3052 3561 3117 3592 ¹⁶⁸
3168 3560 3268 3614 sibi
3310 3560 3374 3592 “’
3428 3562 3495 3615 ad
3548 3560 3652 3615 hoc
3699 3560 4003 3615 Gisleberto
4031 3561 4101 3592 ⁸⁷⁸

2519 3652 2857 3707 Lethariensi
2895 3653 3050 3717 duce,
3076 3652 3165 3721 qui
3197 3650 3593 3721 floccipendens
3622 3651 3822 3721 regiam
3848 3650 4102 3719 majesta-

2520 3755 2643 3807 tem,
2676 3745 2823 3814 regni
2869 3744 2971 3797 sibi
3007 3752 3363 3813 usurpaverat
3414 3758 3709 3805 summam;
3761 3741 3860 3795 alia
3901 3740 4103 3795 Richa-

2520 3839 2657 3893 rium
2683 3839 2746 3867 ¹⁷¹
2784 3836 3015 3890 Prumiae
3046 3837 3313 3901 abbatem,
3360 3834 3502 3888 dono
3532 3843 3585 3888 et
3616 3848 3881 3889 consensu
3921 3832 4103 3889 Caroli

2522 3929 2665 3998 regis
2690 3927 3004 3996 expetitum.
3038 3926 3137 3993 Qui
3171 3926 3419 3980 videlicet
3447 3924 3690 3989 Carolus,
3734 3923 3900 3988 facto,
3932 3932 3990 3977 ut
4020 3923 4103 3998 di-

2520 4029 2664 4074 ctum
2689 4027 2788 4081 est,
2813 4018 3119 4086 interregno
3148 4032 3333 4086 regum
3360 4017 3699 4081 quorundam
3729 4014 4103 4084 iuterregnan-

2523 4110 2677 4172 tium,
2724 4123 2754 4160 a
2786 4106 3020 4175 Fulcone
3062 4106 3469 4174 archiepiscopo
3513 4104 3697 4158 Remis
3746 4114 3999 4158 evocatus
4044 4114 4102 4158 et

2522 4204 2871 4250 consecratus
2898 4204 3231 4263 paternoque
3264 4208 3429 4262 regno
3458 4201 3541 4246 est
3583 4194 3888 4247 restitutus.
3932 4192 4102 4259 Quam

2522 4285 2918 4341 ordinationem
2948 4282 3209 4338 novellam
3244 4283 3355 4336 suis
3384 4282 3583 4351 quique
3630 4283 3684 4335 in
3725 4283 3969 4351 partibus
4010 4284 4105 4336 dc-

2522 4377 2826 4446 dignantes,
2871 4374 3091 4443 partim,
3139 4382 3198 4427 ut
3235 4381 3318 4427 est
3354 4373 3625 4442 ingenium
3676 4372 3975 4438 hominum,
4009 4389 4105 4441 spe

2522 4466 2833 4538 acquirendi
2865 4468 3093 4536 gratiam
3133 4464 3258 4519 novi
3305 4464 3447 4533 regis
3484 4464 3585 4518 sibi
3657 4464 4102 4529 reconciliabaut,

2521 4558 2715 4626 partim
2747 4558 3034 4611 obfirmato
3062 4555 3348 4625 supercilio
3370 4570 3465 4623 per
3492 4568 3549 4609 se
3583 4554 3694 4609 suis
3729 4554 4107 4624 principaban-

836 4663 943 4717 tur,
1016 4645 1340 4716 composuit.
1398 4642 1551 4698 Fecit
1606 4650 1660 4695 et
1717 4641 1954 4695 libellum
2023 4642 2292 4709 quendam
2348 4628 2492 4695 exD
2525 4662 2606 4705 μη.

2348 4654 2414 4695 EX
2444 4628 2492 4687 D
2525 4662 2627 4705 tur.
2660 4649 2739 4703 Ex
2764 4648 2957 4716 quibus
2982 4646 3312 4701 Gislebertus
3352 4661 3489 4701 unus
3529 4654 3668 4708 erat,
3709 4646 3798 4715 qui
3834 4655 3959 4699 tunc
3998 4643 4106 4697 Loo

831 4739 1083 4813 plurimis
1139 4736 1447 4790 divinorum
1502 4731 1763 4785 librorum
1819 4730 1886 4761 ¹⁶⁸
1926 4729 2161 4785 ﬂosculis
2219 4731 2413 4787 decer-

833 4834 977 4903 ptis,
1013 4831 1065 4885 in
1099 4842 1206 4899 quo
1251 4822 1583 4895 singularum
1630 4821 1684 4875 in
1732 4836 1875 4876 anno
1920 4820 2278 4876 festivitatum
2327 4837 2418 4877 ca—

835 4922 1004 4995 pitula
1038 4935 1160 4975 cum
1187 4914 1430 4972 collectis
1471 4922 1525 4969 et
1566 4912 1813 4968 versibus
1856 4913 1970 4967 utili
2016 4924 2323 4971 commento
2354 4916 2420 4949 ¹⁶⁶

838 5012 1128 5086 congessit.
1172 5009 1229 5066 in
1271 5006 1425 5077 cujus
1462 5005 1629 5062 libelli
1676 5005 1993 5075 praefatione
2043 5007 2314 5072 ostendit,
2362 5023 2418 5061 se

2526 4741 2851 4799 thariensetn
2884 4738 3135 4792 ducatum
3182 4737 3373 4805 agebat
3401 4737 3489 4788 ¹⁷⁸.
3521 4734 3637 4802 Quo
3657 4734 3906 4804 jubente,
3937 4732 4106 4785 immo

2524 4838 2880 4900 extorquente
2916 4831 3094 4898 potius
3121 4838 3175 4883 et
3208 4837 3457 4898 urgente,
3509 4835 3858 4881 consecratur
3898 4823 4102 4878 Hildui-

2525 4937 2627 4976 nus
2660 4920 2946 4988 episcopus
2976 4920 3043 4972 ab
3084 4917 3413 4971 Herimanno
3453 4916 3792 4986 Aggrippinae
3826 4914 3969 4968 sedis
4014 4928 4105 4965 ar-

2528 5009 2865 5078 chipraesule,
2898 5023 3032 5062 novo
3058 5016 3111 5061 et
3134 5007 3391 5061 inusitato
3414 5020 3635 5075 genere,
3662 5004 3865 5074 absque
3886 5004 4025 5074 regis
4050 5011 4103 5056 et

2182 5139 2267 5195 VA
2280 5142 2414 5197 ῐὶΙᾸΞ
2456 5139 2854 5199 LECTIONES.

912 5260 978 5299 ³⁸¹
1007 5258 1148 5312 deest
1179 5253 1233 5308 2.

834 5346 979 5378 corr.
1012 5330 1182 5378 donec
1210 5322 1266 5375 2.

1314 5252 1381 5284 ’⁸³
1408 5259 1699 5319 utrumque
1732 5251 1751 5304 l
1784 5251 1884 5303 '22.

1345 5322 1413 5354 ³⁸⁸
1440 5322 1627 5376 attrita
1657 5321 1712 5374 2.
1793 5320 1857 5350 ’δ’
1891 5334 1943 5378 n.
1967 5321 2155 5373 Christi
2185 5322 2240 5375 2.

1966 5251 2033 5281 ωδ
2076 5252 2358 5281 mninnnnli

2076 5252 2358 5306 matronali
2388 5254 2445 5311 2.
2526 5254 2590 5285 ¹³⁸
2639 5268 2860 5322 sponnat

2076 5322 2155 5373 isti
2185 5322 2240 5375 2.
2346 5324 2412 5356 ¹⁸⁰
2465 5324 2776 5378 suoolereut
2808 5322 2860 5375 2.

3790 5253 3855 5283 "7
3903 5252 4102 5306 docnec

2526 5254 2590 5285 ¹³⁸
2639 5252 2960 5322 sponnarius
2999 5251 3053 5306 2.
3152 5253 3219 5284 ¹⁸⁶
3272 5252 3597 5307 ﬁrmamenti
3639 5255 3688 5306 l.
3790 5253 3855 5283 ⁸⁸⁷
3903 5252 4080 5306 όοεηες

2532 5324 2776 5373 nnlerent
2808 5322 2860 5373 2.
2962 5322 3025 5352 ¹⁶¹
3065 5323 3220 5373 ocvio
3250 5339 3387 5373 corr.
3421 5324 3543 5373 oeio
3572 5322 3625 5373 2.
3734 5322 3798 5352 ⁸⁸⁸
3839 5330 4021 5373 ageret
4045 5320 4080 5373 2

3839 5337 4021 5378 ageret
4045 5337 4100 5373 Ζ.

2962 5322 3025 5352 ¹⁶¹
3065 5323 3220 5378 ocvio
3250 5339 3387 5375 corr.
3421 5324 3543 5376 ocio
3572 5322 3625 5375 2.
