4482 5524
862 418 962 472 563

859 536 960 590 clis
984 536 1262 593 defunctus
1296 542 1465 610 (ΘΠ),
1497 543 1868 612 Faraberttttn,
1898 548 2026 600 item
2066 547 2295 606 Pruntim
2344 552 2430 603 ab-

860 624 1057 688 batem,
1099 627 1343 681 antistitii
1374 630 1454 683 sui
1485 631 1699 702 reliquit
1754 635 2021 689 heredem.
2094 638 2299 691 Rursus
2331 642 2430 693 sub

858 730 939 778 eo,
965 726 1021 769 ιιι
1052 719 1253 787 pridem
1286 722 1385 775 sub
1405 722 1675 789 Richario,
1696 728 1833 793 apud
1870 742 1966 781 nos
1992 738 2182 783 cuncta
2214 729 2429 784 fuerunt

856 807 1083 869 venalia,
1119 812 1250 865 adeo
1284 822 1339 866 ut
1373 813 1521 870 locus
1557 816 1696 871 idem
1722 832 1749 869 a
1779 818 2029 886 parasitis
2056 820 2321 891 Argentea
2350 825 2429 875 di-

856 907 1070 952 ceretur
1119 900 1290 956 vallis.
1347 901 1496 958 Tunc
1545 919 1745 959 corona
1779 906 1864 959 illa
1920 908 2113 977 regalis
2144 926 2306 965 aurea
2335 912 2426 975 ’°“,

854 986 1111 1042 hactenus
1144 990 1312 1043 artius
1336 991 1611 1061 deplorata
1639 995 1731 1057 ²⁰⁷,
1768 998 1887 1049 miri
1911 998 2090 1066 operis
2113 1009 2165 1053 et
2192 1016 2295 1055 non
2329 1004 2429 1055 nti-

850 1076 980 1131 nimi
1022 1078 1291 1147 pondcris,
1321 1082 1597 1138 confracta
1627 1101 1723 1154 pro
1756 1086 1905 1140 libitu
1935 1089 2003 1119 ²⁰⁸
2031 1100 2085 1143 ct
2108 1091 2422 1159 dilapidata,

847 1181 1074 1235 gemma:
1100 1169 1217 1237 ejus
1253 1174 1609 1237 pessumdata:
1638 1176 1862 1231 mirifice
1893 1187 1945 1233 et
1994 1179 2062 1232 ab
2088 1180 2255 1235 oculis
2301 1183 2424 1236 sub-

847 1258 1023 1312 ducta:
1050 1269 1192 1314 sunt.
1226 1261 1291 1316 Et
1316 1263 1415 1317 hoc
1446 1264 1742 1322 ducebatur
1776 1285 1870 1335 pro
1904 1270 2091 1334 nihilo,
2136 1280 2342 1325 tantum
2369 1281 2426 1328 ut

844 1350 1111 1417 potiretur
1136 1367 1322 1408 cmcus
1351 1356 1565 1410 annuali
1600 1358 1937 1423 ministerio;
1982 1377 2153 1431 coque
2180 1364 2303 1432 quis
2345 1365 2424 1417 di-

844 1437 1067 1495 cebatur
1094 1445 1352 1510 sanctior,
1397 1461 1502 1514 quo
1550 1449 1615 1503 ad
1648 1449 1879 1504 dattdum
1914 1450 2203 1520 profusior,
2229 1468 2293 1508 eo
2322 1456 2423 1508 uti-

838 1528 1098 1597 issimus,
1125 1550 1231 1603 quo
1278 1538 1657 1593 voracissimus
1686 1540 1775 1592 '°’.
1828 1541 1929 1595 Sed
1979 1542 2045 1596 de
2072 1544 2141 1574 ¹¹⁰
2175 1544 2258 1598 his
2291 1544 2421 1598 nihil

846 1634 1025 1677 nostra
1059 1624 1313 1690 interest,
1339 1628 1515 1684 videat
1543 1631 1607 1661 ἰ’
1647 1632 1736 1700 qui
1769 1631 1925 1688 fecit!

909 1714 1000 1767 22.
1037 1714 1222 1777 Ottho,
1277 1728 1401 1773 tunc
1455 1723 1858 1789 potentissimus
1891 1740 1982 1778 rex
2034 1728 2310 1792 australis,
2367 1737 2421 1783 et

840 1804 1078 1859 subaclre
1104 1803 1269 1858 ltalire
1298 1819 1423 1866 tunc
1454 1810 1831 1880 imperitabat;
1862 1812 2014 1880 eujtts
2044 1814 2211 1869 frater
2238 1816 2417 1871 Bruno

1814 432 2026 490 FOLCL
2040 436 2123 488 l.\'l
2164 436 2450 495 ABBATIS
2487 441 2886 505 LAUBIENSIS

4002 471 4107 527 561

2460 557 2504 611 Α
2538 560 2806 623 potentite,
2838 564 3092 631 populum
3129 566 3436 636 imperitum
3478 573 3934 640 scandalizabant,
3966 596 4106 649 ειυρο

2534 646 2706 700 dictus
2756 658 2809 701 et
2858 666 2998 725 saepe
3048 654 3308 712 dicendus
3355 660 3584 714 domnus
3633 661 3834 728 Bruno,
3885 669 3969 720 cui
3990 646 4103 738 jam

2534 736 2699 790 totius
2738 741 2884 807 regni
2936 742 3280 812 dispensandi
3329 762 3459 801 cura
3507 750 3841 817 imminebat,
3874 736 4021 812 ratus
4052 760 4104 812 id

2530 827 2669 891 quod
2703 842 2886 881 verum
2936 829 3053 895 fuit,
3103 832 3245 889 hunc
3294 837 3524 905 ejectum
3573 843 3802 896 antehac
3831 853 3885 898 et
3919 845 4101 915 negle—

2528 926 2670 970 ctum
2703 918 2804 973 hoc
2836 929 2986 977 tanto
3015 923 3280 981 beneficio
3310 932 3375 981 ad
3425 930 3551 984 illud
3597 930 3717 987 fidei
3761 943 3815 989 et
3856 938 4103 991 veritatis

2529 1009 2705 1063 ftedus
2751 1013 2963 1076 adduci,
3010 1026 3120 1071 uta
3157 1019 3372 1072 nemine
3419 1029 3598 1089 posset
3651 1024 3854 1090 seduci,
3891 1027 3960 1080 ita
4008 1029 4102 1081 de-

2529 1112 2669 1149 tnum
2721 1113 2781 1151 os
2842 1099 3169 1168 loquentium
3211 1105 3425 1160 inimica
3455 1110 3523 1140 ¹¹⁹
3548 1110 3827 1166 obstruere
3865 1129 4101 1183 seposse

2527 1190 2775 1254 credidit,
2808 1193 2853 1246 si
2886 1193 3025 1247 nulla
3055 1198 3271 1250 occasio
3320 1200 3555 1253 scandali
3595 1214 3777 1271 posset
3816 1205 3866 1258 in
3908 1220 4095 1260 eorum

2525 1280 2773 1349 episcopo
2798 1284 3044 1351 reperiri.
3074 1283 3175 1340 Sed
3200 1287 3264 1339 ad
3292 1289 3373 1341 sui
3403 1290 3694 1358 perniciem
3724 1308 3849 1362 pars
3872 1295 4092 1348 sinistra

2523 1373 2833 1440 prtevaluit;
2868 1375 3121 1445 quicquid
3170 1393 3269 1447 pro
3319 1380 3490 1435 salute
3528 1397 3716 1437 eorum
3745 1394 3950 1455 gestum
3989 1396 4094 1449 est,

2523 1464 2625 1519 hoc
2667 1464 2770 1520 sibi
2810 1468 3125 1536 pestiferum
3172 1473 3532 1527 testimabant.
3572 1475 3709 1542 Quid
3745 1478 3951 1534 multa?
3998 1479 4097 1533 Er-

2524 1564 2697 1607 ratum
2725 1564 2829 1621 est,
2861 1558 3101 1613 srevitum
3132 1562 3201 1592 “°
3228 1571 3334 1625 est,
3366 1578 3463 1618 nec
3495 1572 3760 1626 cessatum
3795 1576 3897 1632 est,
3927 1570 4098 1624 donec

2522 1642 2834 1711 expulsione
2870 1646 2987 1715 ejus
3022 1649 3327 1704 crudelitati
3374 1667 3483 1706 sure
3509 1664 3563 1707 et
3591 1656 3843 1724 nequitiae
3879 1658 4095 1712 satisfa-

2522 1744 2722 1789 cerent.
2749 1736 2935 1791 Ablata
2961 1749 3043 1793 est
3068 1743 3244 1795 omnis
3264 1756 3388 1811 spes
3420 1744 3778 1801 restitutionis
3802 1746 3915 1815 ejus
3944 1748 4091 1816 (954,

2524 1821 2649 1874 Dec.
2679 1823 2791 1887 25).
2858 1824 2990 1879 Nam
3023 1843 3142 1881 cum
3180 1831 3318 1898 apud
3368 1846 3464 1885 nos
3512 1834 3842 1888 nativitatem
3879 1836 4091 1891 Domini

842 1892 953 1961 (98)
984 1893 1204 1948 unicum
1244 1905 1295 1950 et
1344 1898 1615 1965 singulare
1656 1902 1706 1955 in
1750 1902 1949 1958 Christi
1981 1906 2211 1960 ecclesia
2238 1896 2415 1964 decus
2450 1890 2489 1947 Β
2519 1909 2707 1966 festive
2736 1924 2788 1968 et
2818 1916 3037 1984 opipare
3076 1890 3396 1985 celebraret,
3438 1922 3577 1977 facta
3609 1933 3693 1979 est
3719 1926 3770 1979 in
3804 1924 4089 1981 Leodio'“

840 1984 1113 2050 futurum,
1157 1987 1306 2043 velut
1356 1992 1777 2059 pretiosissimus
1840 1994 1971 2065 lapis
2028 1998 2414 2068 multiplicibus

837 2072 1275 2144 philosophorum
1320 2079 1555 2147 pollebat
1599 2086 1929 2152 argumentis
1962 2085 2127 2156 (952).
2178 2089 2414 2143 Advoca-

838 2172 924 2215 tur
955 2163 1248 2223 Ratlterius
1276 2168 1406 2239 (99),
1442 2180 1493 2224 et
1531 2171 1781 2237 habetur,
1827 2176 1966 2229 inter
2005 2179 2265 2245 palatinos
2296 2181 2411 2250 phi-

831 2255 1084 2322 losophos
1130 2259 1355 2326 primus.
1396 2260 1532 2327 Quid
1564 2265 1777 2318 multa?
1809 2266 1924 2321 Non
1974 2269 2200 2335 destitit,
2238 2273 2408 2327 donec

834 2346 1035 2416 regiam
1066 2348 1207 2403 illam
1239 2361 1293 2405 et
1325 2352 1609 2409 mirificam
1640 2356 1870 2411 indolem
1900 2360 1950 2413 in
1980 2362 2230 2415 omnibus
2253 2364 2411 2418 disci-

828 2436 989 2507 plinis
1019 2440 1543 2509 perspicacissimam
1572 2446 1821 2501 redderet
1841 2458 1895 2501 et
1918 2449 2230 2519 perfectam.
2256 2451 2407 2518 Quod

828 2542 1057 2583 cernens
1111 2545 1295 2599 regum
1342 2536 1559 2589 tunc'"
1604 2538 1890 2601 maximus,
1948 2557 2069 2594 eum
2121 2557 2149 2594 a
2210 2544 2407 2597 scholis

827 2634 949 2672 cum
975 2629 1121 2675 tanto
1150 2623 1351 2678 honore
1383 2632 1458 2689 ut,
1485 2641 1584 2695 par
1609 2637 1743 2692 erat,
1777 2632 2038 2692 evocavit,
2068 2641 2121 2684 et
2149 2634 2199 2684 in
2224 2649 2407 2703 sugge-

826 2721 967 2765 stum
1010 2712 1345 2768 Colonieusis
1372 2716 1614 2770 ecclesia:
1665 2727 1782 2785 post
1826 2718 2147 2773 Wicfridum
2183 2723 2271 2785 ²¹³,
2313 2723 2402 2789 qui

824 2815 998 2869 nuper
1034 2802 1359 2867 decesserat,
1402 2806 1652 2859 omnilms
1703 2808 2130 2861 acclamantibus
2180 2820 2233 2862 ct
2275 2827 2406 2879 gau-

824 2893 1095 2957 dentibus,
1131 2897 1497 2951 inlronizavit.
1535 2899 1632 2953 Ubi
1684 2901 1954 2968 quomodo
2004 2902 2217 2965 vixerit,
2265 2919 2400 2971 quo—

823 2986 983 3040 modo
1030 2990 1291 3053 docuerit,
1324 2990 1406 3044 vel
1448 2992 1574 3058 quid
1618 2991 1829 3055 fecerit,
1883 2994 2115 3061 qualiter
2146 3012 2242 3063 pro
2272 3011 2402 3064 pace

820 3075 1172 3130 ecclesiarum
1219 3080 1311 3133 Dei
1342 3095 1403 3133 se
1447 3082 1619 3148 ipsum
1660 3083 2001 3150 impenderit,
2034 3100 2195 3152 quam
2224 3087 2275 3138 in
2309 3102 2399 3140 eeo

821 3167 1001 3223 clesiis
1050 3170 1163 3223 sive
1210 3171 1531 3240 ampliandis
1562 3175 1673 3226 sive
1720 3175 2200 3240 restanraudis'“,
2235 3191 2397 3244 quam

818 3257 875 3310 in
935 3257 1158 3326 privatis
1206 3270 1261 3313 et
1308 3261 1375 3292 ²¹⁸
1426 3262 1652 3329 publicis
1705 3263 1949 3319 aediliciis
1991 3269 2396 3335 componendis,

818 3361 981 3415 quam
1029 3348 1079 3401 in
1130 3349 1448 3405 ordinandis
1489 3352 1629 3406 domi
1686 3354 2021 3423 militizeque,
2070 3371 2229 3424 quam
2277 3372 2398 3411 san-

816 3446 917 3492 ctze
946 3438 1015 3468 ¹¹⁸
1050 3438 1140 3492 Dei
1169 3441 1410 3496 ecclesite
1441 3444 1603 3497 rebus
1630 3444 1891 3498 sollicitus
1918 3444 2097 3508 fuerit,
2146 3454 2269 3501 actu
2316 3457 2398 3501 est

816 3526 1155 3592 admirabile,
1187 3530 1329 3584 dictu
1361 3532 1648 3588 laudabile.

885 3618 974 3671 25.
1017 3620 1162 3687 (955)
1194 3621 1428 3693 Contigit
1456 3640 1519 3678 eo
1544 3633 1780 3694 tempore
1826 3626 2175 3681 Leediensem
2208 3628 2393 3682 cathe-

814 3710 967 3764 dram
1005 3728 1225 3775 vacare,
1272 3715 1569 3771 Faraberto
1609 3719 1932 3781 decedente;
1980 3722 2065 3774 cui
2113 3723 2162 3774 in
2193 3721 2395 3774 emolu-

815 3813 1053 3857 mentum
1084 3806 1279 3875 prioris
1304 3810 1593 3878 magisterii
1623 3827 1812 3879 magna
1843 3810 1988 3880 (100)
2018 3812 2287 3866 Brunouis
2317 3813 2394 3865 in-

815 3892 1021 3945 dustria
1070 3894 1362 3949 Ratherius
1398 3907 1481 3951 est
1524 3899 1915 3953 incardinatus.
1974 3900 2125 3966 Quod
2177 3900 2391 3968 quidem

811 3990 1031 4051 propter
1058 3984 1456 4041 ltabundantem
1487 3988 1786 4042 doctrinam
1815 4000 1868 4044 et
1906 3991 2267 4059 eloquentiam
2305 4007 2393 4045 co-

811 4072 1042 4143 piosam,
1066 4091 1170 4144 qua
1200 4076 1339 4130 inter
1358 4080 1788 4145 sapientissimos
1812 4083 1877 4113 ¹¹⁷
1902 4081 2091 4139 florere
2118 4085 2261 4137 visus
2284 4095 2390 4148 est,

816 4179 920 4218 non
975 4166 1149 4219 eidem
1195 4168 1368 4223 solum
1398 4170 1467 4209 ³³⁸
1498 4172 1743 4226 ecclesia:
1786 4174 1871 4227 cui
1932 4174 2168 4241 praefuit,
2198 4178 2290 4230 sed
2340 4186 2393 4231 et

813 4253 994 4307 multis
1020 4255 1139 4311 aliis
1162 4258 1582 4329 circumquaque
1608 4262 1762 4317 valde
1782 4264 2078 4331 proficuum
2098 4266 2210 4320 fore
2237 4276 2391 4335 puta-

811 4350 923 4419 tum
948 4351 1050 4397 est.
1079 4344 1251 4399 Simul
1272 4348 1397 4415 quia
1422 4349 1475 4401 in
1502 4349 1604 4404 illis
1621 4352 1867 4418 partibus
1888 4366 1983 4419 per
1996 4353 2169 4407 zelum
2192 4364 2247 4408 ct
2264 4372 2389 4409 con-

806 4433 1126 4498 tentionem,
1148 4435 1286 4491 unde
1312 4436 1425 4492 fieri
1448 4438 1582 4492 solet
1607 4441 1967 4495 inconstantia
1996 4452 2049 4495 et
2074 4459 2232 4498 omne
2255 4461 2389 4512 opus

2518 2011 2703 2055 contra
2734 2017 2853 2057 eum
2887 2006 3206 2075 gravissima
3248 2012 3597 2079 conspiratio,
3643 2029 3761 2083 qua:
3800 2016 3899 2069 nisi
3926 2027 3979 2070 et
4001 2018 4089 2072 hic

2515 2093 2729 2159 penitus
2756 2106 3117 2161 amoveretur,
3156 2107 3212 2151 et
3240 2099 3293 2153 in
3323 2102 3552 2155 eundem
3584 2103 3759 2158 locum
3788 2105 4085 2171 Baldricus,

2514 2183 2604 2251 qui
2637 2192 2754 2237 erat
2784 2184 2851 2239 de
2883 2197 3253 2257 magnatorum
3284 2201 3441 2247 terra:
3466 2192 3607 2249 illius
3633 2197 3880 2265 prosapia
3904 2198 4089 2250 oriun-

2513 2275 3049 2346 dus,subrogaretur,
3075 2281 3250 2335 sedari
3277 2283 3387 2336 visa
3412 2292 3495 2338 est
3517 2300 3619 2339 non
3647 2288 3920 2354 posse.Ad
3946 2289 4085 2341 hanc

2512 2366 2780 2420 sentinam
2809 2369 2877 2398 ¹¹⁸
2912 2379 3259 2438 tempestates
3286 2372 3523 2441 undique
3563 2374 3859 2428 innumera:
3885 2375 4084 2429 conﬂu-

2512 2463 2739 2519 xerunt;
2782 2457 2937 2512 navis
2962 2458 3204 2513 ecclesia:
3234 2460 3514 2515 laborante
3541 2464 3745 2533 remige
3773 2463 4077 2529 ﬂuctuavit;

2510 2548 2839 2614 gubernator
2893 2552 3004 2619 ipse
3056 2554 3365 2623 procelloso:
3423 2560 3758 2625 tempestatis
3823 2560 4079 2629 impetum

2510 2637 2650 2693 ferre
2696 2655 2801 2695 non
2846 2643 3038 2710 potuit.
3084 2643 3257 2698 Cessit
3289 2646 3481 2716 igitur;
3510 2650 3674 2703 cessit
3704 2651 3792 2715 m,
3818 2668 3885 2706 ne
3910 2653 4082 2707 vince-

2509 2741 2659 2785 retur
2690 2748 2719 2786 a
2750 2734 2912 2799 malo,
2958 2736 3051 2789 sed
3104 2736 3344 2792 vinceret
3386 2740 3438 2792 in
3481 2741 3622 2796 bono
3655 2744 3886 2807 malum;
3916 2745 4081 2799 cessit

2508 2823 2907 2877 adversantium
2950 2826 3232 2891 voluntati,
3273 2837 3331 2881 ut
3359 2844 3457 2882 suo
3487 2844 3580 2884 eos
3610 2831 4080 2902 gladiojugularet

2506 2913 2626 2966 sibi.
2695 2912 2951 2968 Obstricti
2998 2925 3124 2969 sunt
3175 2928 3639 2973 sacramentorum
3696 2920 3799 2975 fide
3861 2930 4078 2990 sponta-

2505 3007 2591 3058 nei
2620 3007 2711 3069 ηδ,
2764 3016 2821 3058 ut
2863 3006 2907 3059 si
2938 3007 3180 3075 accipere
3209 3019 3547 3063 mererentur
3576 3010 3884 3080 episcopum
3916 3026 4075 3080 quem

2507 3096 2806 3163 petebant,
2862 3096 3060 3150 invicta
3119 3097 3313 3150 exinde
3380 3097 3639 3153 firmitate
3698 3101 4077 3155 auctoritatem

2504 3183 2746 3237 ecclesia:
2771 3193 2824 3236 et
2846 3182 2935 3250 jus
2964 3185 3273 3253 imperatori
3305 3193 3587 3240 tuerentur
3612 3185 3779 3256 (955).

2571 3274 2661 3328 2-1.
2705 3273 2851 3340 (957)
2892 3274 3093 3327 Exacto
3125 3274 3287 3343 igitur
3331 3274 3382 3327 in
3427 3274 3530 3329 hac
3576 3276 3925 3331 destitutione
3976 3292 4074 3332 sua

2500 3364 2792 3419 Ratherius
2822 3362 2991 3417 ferme
3023 3363 3239 3417 biennio
3264 3364 3443 3433 (101),
3484 3363 3767 3418 deficiente
3787 3364 3855 3417 ab
3877 3380 3942 3419 eo
3974 3367 4074 3418 mi-

2500 3456 2644 3509 litari
2670 3456 2846 3523 copia,
2873 3454 3079 3507 Italiam
3118 3456 3442 3519 revertitur;
3494 3470 3555 3509 ac
3587 3470 3653 3508 ne
3686 3456 3812 3525 quid
3843 3457 3897 3509 in
3924 3453 4070 3521 ejus-

2499 3546 2642 3599 modi
2689 3546 2906 3614 nogotio
2948 3544 3325 3612 imperfectum
3370 3557 3625 3610 restaret,
3673 3547 3816 3615 quod
3843 3548 4073 3601 curiosis

2499 3637 2794 3689 alienarum
2829 3651 3007 3690 rerum
3034 3636 3507 3705 investigatoriltus
3534 3637 3602 3668 ²²⁵
3628 3636 3960 3708 [scrupulum
3978 3635 4069 3707 ³³⁸]

2498 3734 2903 3788 commoveret,
2964 3740 3087 3779 cum
3157 3724 3485 3793 imperatore
3543 3727 3609 3756 ¹¹⁷
3668 3740 3924 3794 germano
3973 3741 4072 3780 suo

2497 3816 2785 3885 przedictus
2830 3816 3009 3869 Bruno
3037 3816 3088 3869 id
3123 3814 3299 3870 effecit
3342 3815 3508 3886 (96l),
3555 3827 3614 3869 ut
3644 3816 3816 3870 eidem
3844 3816 3954 3884 jam
3984 3816 4072 3870 bis

2496 3908 2752 3962 destituto
2801 3908 3019 3975 antiqua
3070 3909 3225 3962 sedes
3252 3906 3581 3961 Veronensis
3605 3908 3847 3962 ecclesiae
3876 3906 4069 3962 redde-

2496 4006 2644 4050 retur
2682 3997 2772 4048 "3.
2822 3995 3051 4063 Scripsit
3095 4012 3193 4065 per
3222 3997 3363 4049 idem
3411 4006 3620 4067 tempus
3660 3996 3854 4050 librum
3896 3996 4069 4067 (955),

2494 4100 2653 4154 quem
2686 4084 2970 4154 appellavit
3000 4085 3277 4139 Frenesim
3319 4085 3489 4157 (l02),
3524 4102 3587 4140 eo
3612 4086 3753 4155 quod
3782 4088 3933 4156 quasi
3962 4086 4071 4141 fre-

2494 4176 2701 4230 neticus
2736 4176 2899 4228 nimis
2930 4186 3143 4229 austere
3177 4177 3244 4206 "9
3276 4187 3330 4229 et
3358 4176 3499 4229 ultra
3531 4178 3747 4230 modum
3782 4178 3833 4230 in
3864 4175 4071 4230 Baldri-

2494 4282 2614 4320 cum
2640 4266 2707 4296 ’³ο
2734 4267 3100 4319 inveheretur.
3136 4264 3367 4335 Scripsit
3407 4274 3460 4319 et
3497 4265 3660 4319 alium
3690 4280 3848 4333 quem
3887 4264 4071 4333 appel-

2493 4354 2622 4407 lavit
2672 4353 3117 4422 Perpendiculum
3150 4354 3330 4423 (105),
3365 4366 3572 4407 necnon
3614 4365 3661 4408 et
3708 4354 3870 4407 alium
3906 4368 4069 4422 quem

2492 4444 2775 4513 appellavit
2798 4444 3028 4497 Sirmam
3053 4443 3219 4513 (104),
3237 4443 3288 4496 in
3313 4459 3419 4512 quo
3442 4444 3492 4496 in
3513 4444 3740 4498 eundem
3764 4443 4067 4497 Baldricum

805 4525 1282 4594 pravum,quidam
1298 4529 1458 4582 etiam
1477 4530 1784 4583 sacerdotes
1802 4532 2029 4594 Domini,
2049 4533 2383 4604 plerumque,
2419 4558 2466 4615 ι)
2494 4537 2787 4599 invehitur,
2838 4549 3180 4604 pervasorem
3209 4535 3299 4599 ¹⁸¹,
3328 4544 3387 4589 ut
3417 4535 3531 4604 ipse
3571 4534 3837 4599 nominat,
3885 4548 4063 4588 suum.

806 4616 949 4687 quod
1002 4616 1153 4674 nefas
1193 4629 1277 4675 est
1328 4621 1494 4686 dictu,
1556 4631 1783 4678 terrenae
1838 4626 1957 4695 plus
2005 4626 2153 4696 justo
2197 4630 2385 4685 confisi

2495 4625 2589 4680 Est
2617 4634 2671 4678 et
2697 4624 2935 4693 ejusdem
2980 4623 3192 4678 libellus
3224 4623 3291 4654 ’³⁸
3322 4632 3509 4678 contra
3558 4622 4067 4692 anthropomorpbio

2088 4780 2318 4836 VARIAS
2358 4780 2756 4837 LECTIONES.

874 4885 945 4917 ¹⁰⁶
984 4894 1233 4952 argentea
1286 4888 1334 4939 l.
1412 4888 1481 4919 ¹⁰⁷
1504 4888 1755 4942 decorata
1791 4888 1838 4942 1.
1917 4891 1985 4923 ²⁰⁸
2026 4890 2175 4945 libito
2204 4893 2256 4946 2.

802 4968 908 5019 quo
940 4956 1185 5009 veracior
1210 4955 1262 5008 2.
1344 4958 1410 4989 ²²⁰
1432 4958 1575 5011 deest
1595 4958 1648 5011 2.
1728 4959 1793 4988 '“
1820 4960 1931 5040 ipse
1960 4960 2152 5015 viderit
2180 4963 2234 5015 2.
2312 4964 2380 4994 ἰ’
2405 4980 2500 5017 suo
2530 4972 2770 5029 tempore
2790 4964 2843 5016 2.
2922 4963 2989 4993 ²¹⁸
3012 4955 3280 5015 wifridum
3362 4961 3384 5013 ?
3410 4963 3462 5014 2.
3543 4958 3612 4991 ¹¹⁸
3636 4960 3983 5040 restituendis

803 5022 875 5069 ω
917 5023 995 5077 vel
1026 5023 1080 5077 2.
1157 5025 1226 5056 ⁸⁸³
1256 5041 1365 5079 sure
1391 5027 1446 5080 2.
1525 5028 1593 5058 ¹¹⁷
1631 5026 1973 5083 doctissunos
2002 5029 2055 5082 2.
2134 5032 2202 5063 ²¹⁸
2240 5033 2337 5085 soli
2369 5034 2437 5085 Η
2468 5034 2521 5085 2.
2599 5034 2666 5062 ²¹⁹
2713 5033 2893 5085 iniuua
2934 5032 2982 5085 1.
3062 5031 3130 5061 ’⁸ο
3159 5030 3251 5084 sed
3275 5039 3441 5083 vntum
3471 5030 3516 5083 1.
3595 5030 3661 5061 ¹¹¹
3687 5037 3770 5085 est
3812 5030 3969 5081 leodtt

2002 5035 2055 5082 2.
2134 5035 2202 5063 ²¹⁸
2240 5035 2337 5086 soli
2369 5035 2437 5086 1?
2468 5035 2521 5086 2.

1984 5100 2053 5130 ⁸³⁸
2076 5109 2371 5169 spontanea
2395 5104 2449 5156 2.

805 5162 874 5215 1⁸⁸
896 5163 1274 5219 restitueretur
1295 5166 1347 5219 2.
1422 5166 1491 5196 ’³³
1519 5166 1845 5234 abjiceretur
1871 5168 1925 5221 2.
1994 5170 2061 5201 "°
2087 5162 2384 5226 brunonem
2407 5175 2455 5225 1.

1525 5028 1593 5058 ¹¹⁷
1631 5026 1973 5083 doctissimos
2002 5029 2055 5082 2.

1487 5097 1557 5127 ²¹⁸
1573 5098 1711 5151 deest
1740 5099 1762 5150 1
1794 5099 1816 5150 ?
1847 5097 1902 5151 2.

803 5022 875 5069 ω
917 5023 995 5077 vel
1026 5023 1080 5077 2.
1157 5025 1226 5056 ⁸⁸³
1256 5041 1365 5079 sure
1391 5027 1446 5080 2.

802 5093 870 5123 ¹²²
901 5094 1223 5149 sententiam
1254 5096 1322 5148 l?
1352 5096 1407 5149 2.

2336 4894 2403 4926 '°”
2441 4880 2521 4949 ila‘
2544 4894 2661 4947 edd.
2694 4924 2764 4933 —
2788 4910 2850 4947 eo
2882 4887 3101 4946 ultimu’s
3129 4907 3236 4959 quo
3266 4890 3643 4959 veracissimus
3666 4892 3715 4944 1.
3743 4904 3808 4945 eo
3828 4890 4065 4959 deterior

2599 4979 2770 5029 upore
2790 4964 2843 5016 2.
2922 4963 2989 4993 ²¹⁸
3012 4958 3280 5015 ννὶῑτῖάυηι
3312 4963 3331 5014 1
3362 4961 3384 5013 ?
3410 4963 3462 5014 2.
3543 4958 3612 4991 ¹¹⁸
3636 4960 3983 5040 restituendis
4003 4958 4057 5012 2.

2599 5034 2666 5062 ²¹⁹
2713 5033 2893 5100 iniqua
2934 5032 2982 5085 1.
3062 5031 3130 5061 ’⁸ο
3159 5030 3251 5084 sed
3275 5031 3441 5083 vitum
3471 5030 3516 5083 1.
3595 5030 3661 5061 ¹¹¹
3687 5037 3770 5085 est
3812 5030 3969 5100 leodtt
4000 5028 4057 5100 2.

2532 5104 2599 5133 ²²⁸
2627 5100 3353 5172 investigationibusAl_.__m
3384 5101 3544 5172 deest.
3571 5101 3622 5154 1.
3646 5100 3701 5153 2.

2534 5173 2599 5202 ¹³¹
2628 5168 2930 5224 ἱιιγτιεοιῖεηι
2976 5171 3030 5223 2.
3123 5169 3190 5201 ’³⁸
3221 5168 3356 5223 liber
3398 5168 3451 5221 2.

3773 5099 3840 5129 ’⁸⁷
3866 5100 3980 5167 ipso
4005 5098 4057 5150 1.

2298 5280 2530 5337 NOTAE.
