4482 5524
354 358 456 413 565

1319 362 1404 413 DE
1444 362 1686 415 (SESTIS
1727 363 2052 418 ABBATL'M
2095 365 2577 421 l-\l.'lilF..\S|L'.\f.

3501 371 3603 424 566

359 486 441 529 tas
465 474 533 504 ’³³
564 472 733 543 (105),
782 474 874 538 ιι·ίί
908 473 1095 536 Deum,
1129 476 1228 527 hoc
1256 484 1340 528 est
1393 476 1560 544 ipsam
1611 478 1933 531 invisibile-tn
1964 485 2007 540 Λ
2042 480 2481 545 sollicitudinem,
2508 498 2612 549 qua
2642 483 3048 551 premebantur,
3074 484 3397 552 autpenitus
3420 485 3601 545 adimi,

358 562 633 623 deitatem,
660 576 756 630 per
783 562 1150 616 membrorum
1177 562 1500 617 lineamenta
1531 566 1929 636 depingunt’“.

362 651 630 721 Synodiea
695 666 913 720 quoque
970 649 1086 717 ejus
1150 652 1215 705 ad
1281 652 1600 708 dioeesanos
1654 656 1935 725 presbyte-

359 758 448 797 ros
472 741 639 812 (106).
665 752 723 797 et
767 742 1075 810 conjectura
1104 744 1223 797 vitae
1268 742 1383 811 ejus
1428 744 1595 813 (107),
1630 745 1935 800 itinerarius

357 845 572 901 quoque
594 830 713 901 ejus
735 831 959 885 Romam
984 832 1253 903 pergentis
1281 832 1449 901 (108),
1468 834 1559 887 sed
1580 844 1635 887 et
1661 850 1937 889 sermones

359 938 520 991 quam
553 921 759 993 plures,
798 924 849 976 in
885 923 1082 991 pascha
1117 923 1343 987 scilicet,
1374 933 1428 978 et
1458 925 1509 977 in
1540 926 1608 955 ³³⁸
1639 940 1792 979 coena
1834 926 1937 979 Do-

360 1012 516 1073 mini,
559 1022 614 1067 et
650 1012 704 1066 in
734 1012 1048 1065 ascensione
1079 1012 1312 1075 Domini,
1341 1022 1394 1065 et
1425 1013 1510 1066 die
1541 1014 1933 1081 penthecostes,

362 1114 576 1156 necnon
606 1101 985 1156 festivitatibus
1008 1102 1077 1132 ’³⁸
1105 1111 1305 1158 sanctae
1336 1102 1533 1167 Μαι-ἰαὶ,
1566 1114 1617 1158 et
1648 1104 1747 1157 alia
1775 1120 1935 1174 quam

362 1194 517 1262 plura
548 1195 718 1263 (109).

436 1287 524 1341 25.
561 1288 708 1343 Gens
758 1288 824 1317 ’³⁷
870 1288 1114 1356 quadam
1164 1290 1335 1359 ripam
1392 1290 1587 1344 insidet
1640 1290 1708 1321 ’³⁸
1759 1291 1937 1345 Danu-

366 1380 439 1433 bii
470 1378 642 1449 (954).
672 1378 1013 1434 Provinciam
1049 1396 1207 1449 quam
1242 1383 1426 1436 incolit
1454 1382 1749 1436 Panoniam
1782 1398 1939 1437 voea-

368 1476 557 1522 verunt
608 1469 837 1538 antiqui,
887 1469 1219 1538 llungariam
1252 1472 1530 1535 moderni;
1564 1488 1630 1527 ex
1659 1488 1761 1542 qua
1797 1472 1941 1526 llun-

367 1559 447 1627 gri
499 1558 566 1589 ’³³
620 1560 899 1614 venientes
951 1569 1111 1614 antea
1166 1561 1321 1615 nobis
1366 1570 1490 1615 sunt
1539 1562 1697 1615 insita
1746 1562 1845 1615 sibi
1890 1572 1942 1617 et

369 1646 601 1700 naturali
652 1646 905 1703 barbarie
950 1650 1211 1718 comperti
1259 1665 1419 1719 quam
1466 1652 1675 1718 origine
1718 1652 1939 1721 cogniti.

368 1735 607 1801 Quorum
660 1738 911 1792 insatiata
956 1739 1251 1793 crudelitas
1296 1740 1395 1794 sub
1436 1739 1689 1795 Heinrico
1717 1743 1784 1771 "°
1820 1757 1944 1811 rege

2035 582 2127 624 aut
2178 572 2519 640 aliquatenus
2556 586 2715 641 posse
2767 574 2955 626 minui.
3006 572 3116 626 lIac
3159 572 3305 641 (115)
3357 572 3419 627 de
3448 587 3505 626 rc
3536 574 3605 604 ³³⁵

2036 675 2173 713 szeva
2203 660 2347 729 (114)
2374 660 2713 731 llungrorum
2741 677 2891 731 gens,
2919 672 2972 716 et
2995 662 3206 731 qualem
3235 663 3607 731 numquath

2038 760 2180 804 terra
2210 763 2390 805 nostra
2422 754 2591 807 sensit
2625 754 2928 807 barbariem
2954 755 3020 783 ’⁵⁷
3041 796 3053 818 ,
3081 770 3110 806 a
3144 755 3411 822 perversis
3436 753 3608 807 illeeta

2036 841 2242 901 civibus
2278 843 2367 907 ’⁵⁸,
2402 842 2645 897 transitis
2677 842 2981 899 Germania:
3007 852 3061 897 ct
3093 844 3363 912 plerisque
3390 843 3610 911 provin-

2037 932 2124 985 tiis
2149 932 2218 963 "’
2247 932 2451 997 Galliae,
2484 934 2566 986 cui
2589 934 2701 1002 jam
2728 934 2942 989 olitu’“
2960 935 3150 988 nobilis
3178 934 3264 988 ille
3281 934 3608 987 Francorum

2038 1024 2262 1095 populus
2290 1024 2485 1078 insedit
2512 1025 2575 1055 ’⁶¹
2601 1025 2781 1078 omnia
2823 1024 2969 1078 ferro
2996 1034 3049 1078 et
3078 1024 3293 1095 ignibus
3335 1033 3609 1076 vastatura

2039 1136 2097 1173 se
2126 1130 2289 1173 totam
2320 1118 2530 1172 infudit.
2564 1118 2617 1171 In
2646 1119 2745 1172 hac
2770 1119 2887 1172 acie
2914 1119 3063 1171 Ceno
3089 1117 3374 1185 pnedictus
3396 1116 3462 1145 ’θ’
3492 1131 3611 1169 cum

2041 1211 2153 1265 Suis
2205 1210 2526 1280 sequacibus
2559 1210 2840 1273 militavit;
2875 1212 2965 1263 sed
2996 1209 3141 1277 (115)
3178 1208 3267 1261 ubi
3306 1206 3610 1274 Trajectum

2042 1311 2255 1354 ventum
2306 1309 2611 1372 est,41uam
2650 1299 2793 1353 Mosa
2848 1300 3015 1360 alluit,
3076 1300 3341 1353 incertum
3392 1313 3495 1367 qua
3545 1298 3611 1351 de

2041 1405 2201 1443 causa
2234 1391 2300 1442 ab
2328 1390 2407 1443 eis
2434 1388 2658 1443 descivit
2687 1388 2773 1439 ’⁶³.
2802 1387 3001 1456 llungri
3031 1387 3359 1441 llasbanium
3392 1387 3459 1416 ’⁶”’
3487 1386 3616 1455 igni-

2041 1482 2140 1535 bus
2164 1490 2217 1535 et
2246 1480 2643 1549 deprardatione
2674 1480 2740 1509 ’⁸⁵
2772 1480 3039 1548 aggressi,
3087 1478 3473 1532 Carbonariam
3519 1493 3613 1547 pe-

2046 1580 2181 1625 tunt.
2231 1570 2395 1624 Fatua
2446 1569 2511 1623 ad
2567 1586 2666 1623 nos
2724 1569 2952 1637 perlata,
3018 1570 3249 1622 mittitur
3303 1586 3333 1623 e
3389 1568 3617 1637 collegio

2048 1671 2235 1715 nostro
2267 1660 2571 1715 llucbertus
2603 1660 2769 1713 frater
2805 1660 3015 1729 patiens
3056 1658 3257 1713 laboris
3291 1670 3345 1713 et
3383 1658 3617 1727 fugitans

2046 1751 2266 1819 quietis,
2298 1760 2351 1804 et
2379 1758 2549 1804 semet
2578 1749 2869 1818 inpendere
2901 1759 3121 1816 paratus
3142 1748 3211 1801 ob
3246 1762 3486 1800 amorem
3516 1746 3618 1799 lori

368 1833 705 1895 transgressa
763 1827 1023 1881 terminos
1079 1826 1478 1883 Marahensium
1520 1830 1609 1894 “‘,
1656 1846 1791 1898 quos
1838 1831 1941 1885 sibi
1974 1836 2017 1893 Β
2047 1849 2100 1895 et

1850 1831 1941 1885 Sibi
1974 1836 2017 1893 Β
2047 1849 2100 1895 et
2154 1849 2355 1893 sancta:
2406 1838 2700 1907 religionis,
2754 1837 2953 1906 pacisci
3003 1852 3124 1890 cum
3170 1835 3294 1889 illis.
3334 1836 3496 1889 Facta
3527 1849 3620 1903 pa-

366 1929 472 1969 non
502 1916 659 1986 longe
680 1919 885 1972 antem
903 1919 1065 1987 impia
1091 1922 1371 1989 usurpavit
1397 1922 1637 1985 licentia,
1660 1923 1944 1991 plerasque

367 2007 677 2073 provincias
707 2010 856 2079 regni
892 2009 1009 2077 ejus
1040 2009 1182 2064 ferro
1204 2010 1273 2041 m
1300 2020 1354 2065 et
1382 2012 1505 2081 igne
1541 2013 1696 2081 longe
1727 2013 1943 2081 lateque

368 2096 618 2150 vastavit.
651 2096 842 2153 Postea
875 2099 975 2153 sub
1004 2098 1199 2154 Ottone
1233 2100 1342 2154 filio
1370 2101 1505 2170 ejus,
1537 2112 1655 2155 orta
1686 2103 1830 2171 (110)
1864 2110 1945 2156 est

370 2195 666 2255 tempestas
710 2189 1066 2245 dissensionis
1109 2191 1197 2255 ’δ’δ,
1248 2191 1549 2245 dormiente
1577 2201 1705 2260 puto
1732 2193 1799 2222 ’³⁵
1821 2191 1945 2246 Jesu

369 2275 425 2328 in
462 2277 769 2345 pectoribus
802 2280 1023 2348 vigilum
1066 2289 1191 2335 ante
1220 2280 1362 2334 fores
1393 2281 1582 2335 domus
1616 2283 1823 2336 Domini
1852 2298 1945 2336 ex-

370 2364 723 2430 cubantium,
777 2366 850 2420 ita
899 2377 958 2421 ut
1005 2368 1222 2435 quidam
1272 2369 1402 2422 socii
1456 2368 1713 2424 Sathante
1765 2387 1945 2441 regem

369 2467 701 2512 conarentur
735 2461 1069 2531 extinguere.
1107 2462 1333 2517 Cassato
1368 2463 1436 2494 ’δ’
1469 2477 1563 2532 per
1593 2464 1686 2516 Dei
1723 2464 1946 2518 misera-

371 2548 575 2601 tionem
627 2550 727 2603 hoc
776 2565 871 2618 per
912 2553 1283 2621 serpentinum
1330 2554 1545 2607 sibilum
1578 2554 1644 2585 "7
1687 2565 1948 2625 concepto

370 2636 619 2700 oonsilio,
648 2640 902 2707 nequitiae
924 2656 1034 2694 suae
1066 2642 1215 2696 virus
1244 2658 1339 2711 per
1368 2644 1531 2699 totius
1564 2645 1709 2713 regni
1741 2644 1857 2712 ejus
1880 2646 1949 2676 ’³⁸

368 2726 577 2779 viscera
623 2725 967 2784 diffuderunt.
1018 2731 1315 2802 Erat(lll)
1364 2733 1417 2787 in
1463 2748 1525 2788 ea
1574 2733 1949 2802 eonjuratioue

369 2816 623 2886 princeps
672 2819 840 2887 ipsius
873 2822 1013 2891 regis
1042 2823 1185 2877 filius
1235 2824 1591 2894 Liudulphus,
1641 2826 1950 2894 spectabilis

370 2908 706 2973 adolescens,
736 2920 789 2964 et
823 2914 979 2966 unice
1022 2914 1223 2979 clarus,
1260 2918 1304 2970 si
1333 2918 1401 2948 “’
1432 2918 1808 2973 seductoribus
1848 2921 1951 2973 mi-

370 3000 516 3053 nime
541 3001 610 3031 “°
633 3003 973 3069 credidisset,
1018 3015 1072 3060 et
1107 3008 1265 3062 heres
1288 3024 1410 3063 esse
1438 3009 1611 3078 (954),
1640 3025 1743 3064 non
1768 3010 1950 3079 prodi-

370 3104 479 3158 tor,
505 3095 782 3151 maluisset
816 3098 908 3161 η’,
935 3107 989 3151 et
1015 3098 1163 3169 (112)
1192 3114 1313 3153 cum
1335 3113 1399 3153 eo
1425 3099 1581 3167 quasi
1608 3100 1826 3167 quidam
1852 3101 1950 3155 sti-

370 3186 551 3241 mulus
576 3187 745 3253 Cono,
771 3190 876 3242 dux
908 3189 1067 3258 paulo
1103 3202 1227 3245 ante
1251 3190 1580 3244 fortissimus
1603 3208 1616 3254 ;
1639 3192 1857 3259 quibus,
1893 3200 1950 3245 ut
1979 3176 2022 3236 (ἶ

372 3278 447 3329 ita
494 3277 692 3342 dicam,
720 3279 898 3331 omnia
930 3288 1085 3333 erant
1117 3280 1167 3333 in
1202 3282 1483 3345 manibus;
1512 3282 1716 3351 agendo
1746 3290 1802 3334 ut
1832 3282 1949 3351 plus

369 3366 657 3429 baberent,
704 3368 797 3421 sed
832 3378 888 3421 ut
917 3370 1049 3423 nihil
1084 3372 1347 3425 haberent
1378 3372 1447 3402 ’⁸³
1476 3372 1801 3427 omnimodis
1824 3370 1950 3427 effe-

370 3466 566 3510 cerunt
594 3458 682 3510 ¹⁸³.
710 3457 793 3511 Hii
819 3458 1087 3530 Hungros,
1112 3462 1389 3531 antiquam
1422 3477 1580 3531 quam
1604 3462 1950 3531 praediximus

371 3555 602 3613 pestem,
646 3548 1094 3611 sollicitaverunt,
1133 3559 1191 3602 ttt
1224 3566 1448 3619 regnum
1490 3552 1540 3604 in
1573 3566 1630 3604 se
1665 3553 1834 3621 ipsum
1864 3552 1947 3603 di-

370 3635 546 3690 visum
595 3638 943 3702 invaderent;
991 3639 1343 3703 arbitrantes,
1398 3640 1501 3693 hoc
1548 3640 1707 3693 modo
1753 3639 1855 3693 sibi
1881 3640 1949 3669 ’⁸³

2045 1930 2225 1983 ctione
2262 1928 2327 1981 de
2367 1926 2555 1980 solidis
2598 1925 2863 1988 ducentis,
2896 1926 3186 1977 revertitur
3214 1932 3333 1992 post
3366 1925 3497 1984 hzec,
3529 1922 3622 1975 ob-

2046 2021 2251 2073 sidibus
2280 2020 2345 2071 ab
2368 2019 2447 2071 eis
2477 2017 2731 2085 acceptis.
2774 2013 2878 2070 Sed
2922 2016 3088 2067 nostri
3122 2030 3225 2067 non
3256 2015 3388 2067 satis
3419 2010 3623 2066 creduli

2045 2143 2112 2151 ——
2138 2128 2258 2181 quae
2288 2112 2434 2165 enim
2465 2110 2533 2140 ’“
2557 2110 2690 2163 fides
2729 2120 2813 2163 est
2853 2108 3088 2162 infideli?
3116 2137 3184 2147 -—-
3214 2108 3425 2161 munire
3462 2105 3624 2159 Tudi-

2046 2203 2193 2255 ttium
2225 2209 2504 2270 temptant,
2529 2205 2671 2269 quod
2693 2201 2759 2230 "7
2782 2200 3083 2269 liagiuerus
3109 2198 3211 2261 ’⁶¹⁸,’
3229 2195 3616 2267 suspectamm

2049 2293 2253 2346 habens
2288 2292 2636 2345 Leodiensem
2669 2291 2938 2355 militiam,
2964 2291 3074 2359 jam
3107 2290 3312 2359 pridem
3347 2289 3622 2341 destruxe-

2049 2394 2165 2449 rat;
2197 2385 2291 2439 sed
2323 2384 2487 2439 misso
2517 2384 2587 2414 "°
2617 2399 2805 2438 rursus
2841 2384 3031 2447 utilite,
3073 2382 3327 2453 prohibiti
3359 2390 3485 2435 sunt
3509 2396 3626 2433 tuu-

2049 2475 2307 2529 nitionem
2355 2475 2573 2527 firmare
2596 2474 2687 2525 ³⁷³.
2729 2472 2867 2537 Quid
2908 2482 3035 2526 tune
3068 2479 3287 2540 agerent
3319 2471 3631 2523 imminente

2049 2566 2245 2619 hoste?
2273 2565 2497 2619 Sublata
2526 2566 2707 2633 itaque
2734 2566 2804 2595 ’⁷³
2830 2580 2922 2633 spe
2953 2565 3241 2617 Tudiniunt
3268 2563 3510 2633 petiundi
3532 2561 3627 2621 ³⁷⁸.

2051 2654 2301 2721 nullaque
2353 2662 2605 2706 exstante
2638 2652 2831 2706 fiducia
2863 2653 2915 2705 in
2946 2651 3249 2705 remilitari
3270 2680 3341 2692 —
3364 2649 3627 2717 siquidem

2051 2741 2263 2793 laudata
2307 2740 2395 2794 illa
2430 2749 2485 2794 et
2516 2742 2728 2795 cunctis
2754 2739 2953 2793 seculis
2976 2738 3265 2806 praedicata
3313 2737 3631 2791 Lutharieu-

2052 2832 2126 2883 sis
2156 2830 2223 2860 ’⁷³
2254 2831 2439 2883 militia
2478 2830 2528 2882 in
2566 2829 2913 2899 Hungrorum
2942 2830 3174 2883 adventu
3200 2828 3346 2897 justo
3373 2829 3465 2881 Dei
3488 2827 3631 2894 judi-

2052 2924 2141 2978 cio
2196 2923 2467 2985 hebetata,
2516 2922 2627 2975 suis
2675 2920 3064 2974 munitionibus
3116 2920 3312 2989 passim
3347 2920 3627 2972 tenebatur

2054 3012 2258 3068 inclusa
2286 3012 2355 3043 ’⁷⁸
2385 3019 2657 3065 -—nostra
2698 3026 2817 3079 quae
2875 3009 3087 3063 residua
3126 3018 3244 3063 erat
3290 3009 3394 3062 Deo
3439 3008 3632 3060 dilecta

2056 3103 2443 3157 monachorum
2477 3111 2652 3154 turma
2697 3110 2749 3153 et
2800 3100 2898 3153 sibi
2944 3100 3075 3152 satis
3102 3099 3205 3152 fida
3241 3097 3469 3152 ecclesia
3498 3096 3636 3149 mili-

2056 3192 2137 3245 cia
2154 3192 2221 3221 ’⁷³
2240 3199 2499 3254 montem,
2516 3190 2604 3243 ubi
2631 3198 2940 3244 sanctorum
2965 3204 3189 3256 corpora
3216 3186 3459 3243 Ursmari
3486 3188 3553 3217 ’⁷⁷
3582 3197 3634 3241 et

2056 3279 2259 3331 Ermiui
2290 3286 2636 3341 venerantur,
2676 3278 2763 3331 diu
2798 3286 2922 3331 ante
2952 3277 3023 3308 ³⁷³
3053 3276 3358 3331 deliberans
3400 3276 3634 3333 scandit.

2055 3378 2109 3421 ct
2135 3368 2201 3421 de
2228 3367 2319 3421 Dci
2355 3367 2450 3421 ﬁsa
2480 3365 2770 3434 adjutorio,
2818 3382 2941 3421 cum
2988 3366 3354 3434 plaustrorum
3386 3364 3469 3418 vel
3507 3379 3640 3431 qua-

2058 3461 2419 3529 liumcumque
2448 3461 2517 3490 ’⁷³
2538 3460 2876 3513 surculorum
2900 3459 2980 3512 vel
3007 3459 3213 3528 sepium
3242 3457 3648 3528 impedimentis

2056 3568 2177 3605 eum
2208 3551 2276 3582 ’³³
2301 3552 2352 3604 in
2382 3552 2599 3604 modum
2632 3551 2949 3605 munitionis
2977 3551 3144 3622 cingit
3168 3550 3234 3581 ’⁸³
3264 3558 3456 3620 agente
3488 3548 3557 3579 ’⁸⁸
3586 3549 3637 3601 id

2060 3652 2117 3696 ut
2143 3643 2415 3697 credimus
2461 3643 2594 3707 Deo,
2641 3651 2698 3696 ut
2746 3643 3081 3707 ostenderet,
3125 3657 3419 3711 numquam
3453 3641 3643 3695 deesse

1693 3797 1922 3854 VARIA‘Z
1961 3798 2362 3855 LECTIONES.

444 3912 514 3943 ’³⁸
530 3913 1135 3982 anthrophomorphitas
1148 3930 1283 3967 corr.
1312 3912 1878 3981 anthropomorphitas
1898 3912 1951 3966 2.
2006 3912 2074 3942 ’³⁵
2095 3912 2351 3981 depingit.
2382 3912 2478 3982 l.__
2498 3911 2565 3941 ’³⁵
2589 3912 2748 3964 deest.
2768 3912 2822 3964 2.
2894 3910 2960 3940 ’³⁸
2982 3909 3274 3982 festivitate
3294 3909 3350 3982 2.
3415 3910 3481 3982 ’³³
3512 3919 3655 3965 tunc,

372 3982 633 4051 temporis
653 3979 786 4051 gens
810 3979 1077 4050 quaedam,
1101 3994 1205 4037 etc.
1237 3984 1436 4037 Deinde
1465 3979 1713 4051 sequitur
1732 3982 1839 4035 Nos
1871 3992 1928 4036 ut
1958 3984 2148 4035 omisso
2164 3979 2214 4034 e.
2240 3979 2330 4046 23,
2353 3982 2406 4034 2.
2432 3979 2632 4051 Eadem
2657 3996 2771 4033 rem
2800 3980 3034 4051 tiurrqtio
3054 3989 3193 4032 extat
3216 3981 3275 4051 in,
3294 3979 3425 4051 libro
3446 3980 3509 4032 de
3529 3982 3637 4051 Ami-

373 4048 919 4121 raculisiSCUrsm‘ai-i
958 4070 1003 4106 c.
1032 4054 1109 4116 1.,
1146 4054 1297 4119 cujus
1330 4048 1569 4105 lectiones
1601 4053 1652 4105 3.
1684 4052 2060 4121 signiﬁcamus.
2150 4051 2219 4085 ’³⁸
2242 4051 2305 4105 G.
2345 4068 2398 4121 q.
2435 4067 2479 4103 r.
2510 4050 2889 4121 ulterioremgi.
2933 4050 2993 4121 D.
3039 4050 3371 4121 provinciam
3401 4048 3640 4121 incolens

370 4134 536 4185 quam
571 4120 904 4175 Pannoniam
934 4132 1260 4175 vocaverunt
1289 4122 1493 4188 antiqui
1521 4140 1535 4185 ;
1572 4138 1634 4175 ex
1663 4119 1747 4175 3.‘
1785 4122 1852 4152 ’³³
1888 4122 2112 4189 hungari
2144 4121 2191 4173 1.
2227 4120 2506 4174 interdum.
2585 4120 2652 4149 “°
2686 4119 2911 4189 ltenrico
2940 4119 2988 4171 1.
3067 4119 3133 4149 ’⁸³
3164 4119 3555 4189 marahentium
3588 4120 3637 4171 1.

371 4189 444 4219 ’³³
476 4198 631 4242 antea
671 4190 705 4243 3
734 4190 898 4243 Dach.
976 4191 1046 4221 ’⁸³
1074 4191 1217 4244 ferro
1244 4222 1308 4231 —
1337 4186 1443 4243 tilio
1490 4192 1675 4244 desunt
1728 4192 1776 4243 1.
1867 4190 1936 4220 ’⁸³
1964 4186 2314 4245 (ἰίἐδεηῑίοηὶε
2344 4191 2409 4244 1?
2442 4191 2495 4243 2.
2529 4190 2602 4241 ita
2632 4199 2676 4242 et
2706 4188 2867 4257 infra.
2899 4198 3017 4243 orta
3047 4196 3365 4255 tempestate
3390 4186 3528 4241 facta
3558 4200 3643 4241 εει

370 4259 638 4313 dissensio
662 4260 809 4359 regni
833 4260 886 4313 3.
964 4261 1032 4292 ’δ’
1056 4261 1217 4314 credo
1239 4262 1291 4315 3.
1368 4260 1435 4290 ’“
1452 4263 1543 4314 sed
1566 4270 1776 4315 cassato
1806 4261 1858 4314 3.
1933 4260 1998 4290 "7
2025 4260 2462 4329 persequentium
2486 4258 2641 4312 sibilo
2668 4259 2712 4311 1.
2782 4258 2851 4289 ’³⁸
2872 4258 3008 4312 deest
3026 4258 3080 4311 3.
3159 4258 3227 4288 ’δ’
3244 4257 3286 4310 si
3317 4271 3374 4311 se
3395 4258 3644 4311 seducto-

370 4329 522 4359 ιρῗΙνιιιρ
557 4331 571 4359 Ι
676 4330 720 4359 η
780 4344 882 4359 nn“
912 4330 943 4359 ιι
1040 4331 1108 4359 ut
1139 4332 1393 4359 uvnlnl:nnnl
1418 4340 1579 4359 “IIII-th
1604 4330 1635 4359 2
1728 4330 1797 4359 181
1825 4328 2119 4359 halm-nm...“
2150 4330 2169 4359 Ι
2277 4330 2345 4359 III
2370 4329 2674 4359 ΛιηηῖηιΛΛο
2701 4326 2990 4359 Amnon-nni
3027 4336 3077 4359 nl
3119 4327 3249 4359 nihil
3287 4327 3545 4359 Ιιοιιιονοιιο
3587 4327 3618 4359 ’Χ

370 4329 524 4383 ribus
557 4331 601 4380 1.
676 4326 745 4359 ’⁸⁵
780 4344 883 4382 non
912 4330 963 4384 3.
1040 4331 1108 4363 ’δ’
1139 4332 1579 4398 voluissetatque
1603 4330 1657 4382 3.
1728 4330 1797 4359 ’³’
1825 4326 2123 4383 habuerunt
2150 4326 2217 4381 1Ῐ
2277 4330 2345 4360 ’⁸³
2370 4329 2674 4383 omnimode
2700 4326 2995 4383 effecerunt
3027 4336 3081 4381 ut
3119 4327 3251 4398 nihil
3287 4327 3549 4398 haberent
3586 4327 3639 4380 3.

369 4397 443 4428 ’“
479 4398 619 4451 deest
651 4400 684 4453 3
755 4399 825 4429 ³⁸⁸
858 4399 968 4454 Hac
995 4410 1055 4454 ut
1076 4398 1255 4454 dicere
1295 4396 1624 4454 instituimus
1650 4399 1934 4452 occasione
1959 4399 2013 4452 3.
2092 4399 2161 4429 ’⁸⁸
2189 4400 2328 4453 deest
2380 4400 2431 4453 1.
2509 4398 2576 4428 ³⁸⁷
2602 4399 2906 4452 barbariam
2934 4399 2982 4451 1.
3079 4397 3149 4429 ’⁵⁸
3179 4396 3323 4449 illata
3358 4396 3405 4450 1.
3436 4397 3642 4450 civibus

367 4466 551 4539 illecta
578 4467 631 4520 3.
674 4469 773 4539 7'"
796 4469 953 4537 gallie
982 4471 1267 4539 provintiis
1294 4470 1342 4523 1.
1421 4470 1487 4499 ’⁸ο
1520 4471 1658 4522 deest
1689 4468 1742 4521 3.
1817 4469 1883 4499 ’⁵³
1913 4468 2255 4539 insederat3.
2332 4470 2400 4499 ’⁶’
2431 4482 2589 4539 quem
2623 4468 2970 4539 praediximus
2998 4468 3050 4521 3.
3128 4466 3202 4539 “’_
3231 4466 3426 4521 desivit
3453 4467 3502 4539 l_.
3533 4480 3638 4535 qua

369 4537 612 4609 factione
639 4538 706 4591 ab
731 4536 1118 4609 eisdissidium
1150 4537 1279 4593 fecit
1308 4541 1358 4593 3.
1437 4539 1505 4569 ’“
1532 4539 1847 4609 hasbaniam
1882 4539 1917 4609 5
1946 4538 2113 4593 Ducit.
2190 4539 2256 4570 ’³⁸
2294 4540 2417 4609 igne
2446 4536 2500 4595 et
2527 4538 2797 4609 rapina3.
2874 4537 2943 4567 ’“
2966 4552 3019 4605 q.
3048 4554 3097 4593 e.
3124 4536 3429 4609 veliquanta
3462 4536 3501 4589 f.
3524 4552 3644 4609 esse

369 4615 560 4680 potest
584 4608 632 4680 i.
652 4609 705 4663 3.
760 4608 853 4680 _’"
886 4610 1029 4678 quod
1060 4624 1166 4662 non
1198 4609 1365 4680 multo
1392 4618 1517 4663 ante
1548 4624 1591 4662 s.
1628 4609 1682 4661 h.
1709 4608 1743 4660 l.
1774 4624 1847 4662 m.
1879 4608 2180 4680 Raginerus
2200 4607 2541 4665 destruxerat
2566 4608 2617 4662 3.
2668 4608 2766 4637 ’³⁸⁸
2796 4623 3056 4680 ragucrus
3088 4609 3137 4680 1.
3214 4607 3280 4637 ’⁸³
3311 4614 3559 4676 suspecta
3591 4608 3641 4658 l.

370 4676 444 4747 ³⁷⁸
470 4678 564 4731 sed
588 4679 655 4731 ab
677 4678 862 4732 eodem
888 4676 1052 4733 misso
1078 4693 1289 4733 rursum
1316 4678 1368 4732 3.
1446 4680 1513 4709 ’τ’
1547 4688 1843 4743 restruere,
1861 4676 1987 4743 Deo',
2016 4688 2270 4747 utpostea
2296 4688 2630 4747 compertum
2649 4686 2752 4740 est,
2781 4677 3012 4731 maxime
3048 4679 3100 4731 id
3133 4686 3428 4747 agentehut
3456 4685 3641 4747 osten-

369 4746 529 4817 deret
560 4762 661 4801 non
687 4749 738 4801 in
764 4748 977 4802 homine
1003 4750 1096 4800 sed
1124 4749 1176 4801 in
1201 4762 1259 4801 se
1281 4758 1335 4801 et
1362 4749 1413 4801 in
1438 4757 1744 4803 sanctorum
1770 4765 1988 4803 suorum
2011 4745 2313 4817 patrocinio
2337 4745 2708 4805 defensionem
2732 4748 3094 4817 illossperare
3115 4745 3331 4817 debere.
3350 4745 3574 4801 Sublata
3588 4746 3643 4799 3.

368 4816 441 4889 _’"
455 4817 601 4889 _de_est
628 4817 675 4889 1.
754 4817 826 4889 ’⁷³
855 4819 1090 4889 potiendi
1119 4819 1168 4871 1.
1194 4817 1433 4886 potiundi
1468 4828 1519 4871 et
1548 4819 1925 4889 crebrescente
1956 4815 2097 4889 fama
2120 4819 2536 4889 depraedationis
2562 4829 2619 4889 et
2640 4816 2873 4889 incendii
2904 4818 2959 4870 5.
3033 4818 3101 4889 ’⁷³
3135 4815 3544 4889 lothariensium
3573 4831 3645 4870 m.

371 4886 406 4937 i.
435 4885 618 4939 d.i.in
641 4887 694 4941 b.
724 4902 773 4941 a.
803 4885 1054 4942 hebetata
1085 4902 1130 4941 s.
1161 4885 1214 4957 pl
1246 4903 1318 4940 m.
1351 4896 1465 4957 erat
1501 4888 1702 4941 inclusa
1731 4890 1783 4943 3.
1862 4889 1932 4919 ’⁷⁸
1956 4887 2091 4941 incla
2124 4885 2206 4941 1.’
2252 4890 2321 4920 ’⁷³
2346 4889 2549 4943 familia
2584 4886 2756 4941 Dach.
2779 4895 3056 4957 e.uostr:e
3080 4886 3359 4957 fatniliaid
3385 4886 3528 4957 quod
3559 4899 3650 4937 ve-

372 4969 495 5006 rum
527 4964 610 5026 est
638 4964 775 5021 rata,
801 4958 945 5026 quod
984 4955 1277 5025 numquam
1321 4956 1569 5011 videlicet
1612 4958 1753 5013 desit
1779 4958 2017 5011 divinum
2045 4959 2133 5011 ubi
2170 4961 2463 5013 humanum
2492 4967 2675 5013 cessat
2713 4956 2992 5018 auxilium,
3027 4967 3263 5013 montem
3289 4956 3343 5011 5.
3419 4955 3570 5026 ’"_u.
3599 4963 3667 5009 et.

371 5040 419 5075 e.
457 5038 507 5077 c.
538 5024 589 5079 3.
666 5026 737 5058 ’⁷⁸
762 5023 901 5081 deest
922 5026 977 5081 3.
1052 5027 1121 5057 ’⁷³
1138 5023 1608 5094 quorumcumque
1635 5027 1689 5081 5.
1765 5029 1833 5061 ’⁸³
1864 5028 2000 5082 deest
2026 5027 2077 5081 5.
2160 5030 2225 5063 ’⁸¹
2256 5030 2480 5098 cingunt
2502 5029 2550 5081 1.
2633 5029 2703 5060 ’θ’
2734 5029 3261 5097 agente—auxilium
3291 5026 3472 5078 desunt
3499 5023 3548 5075 3.

1889 5185 2116 5243 NOTAE.

446 5314 591 5387 (l05)
622 5316 805 5372 Sermo
844 5331 899 5370 a.
949 5310 1057 5365 964
1090 5310 1140 5364 in
1173 5312 1582 5383 quadragesima
1618 5317 1835 5375 habitus
1861 5334 1955 5372 ex—
1991 5320 2037 5377 D

378 5395 483 5457 stat
508 5386 604 5457 0p.
628 5402 679 5456 p.
711 5388 828 5444 581.

2137 5318 2155 5385 (
2168 5320 2287 5388 110)
2324 5318 2689 5384 ΕχζΒυοικθιοὶ
2722 5312 3158 5388 \'ita_[3runonis
3189 5332 3236 5370 c.
3271 5312 3342 5364 l0.

2136 5382 2292 5468 ea)
2332 5382 2719 5468 ιξυοιεετο
2750 5402 2798 5439 εο
2834 5382 2916 5468 es

2136 5454 2290 5524 (112)
2332 5458 2412 5515 Ex
2443 5454 2725 5524 Ruotgero
2757 5474 2805 5510 ς.
2850 5454 2925 5506 19.
