4482 5524
441 441 546 495 569

1426 448 1510 500 DE
1552 447 1792 503 GESTIS
1829 446 2151 501 ABDATUM
2195 447 2669 504 LAUBIENSICM.

3566 459 3666 514 570

443 563 556 606 erat
589 551 764 622 vigilia
819 556 985 607 sancti
1016 554 1287 609 Laurentii
1320 559 1588 627 martyris,
1622 575 1714 626 per
1741 561 1890 629 cujus
1927 561 2002 612 in-
2031 563 2082 620 Α
2109 561 2304 613 sutiam
2357 563 2496 616 nihil
2531 563 2738 618 deerat.
2785 563 2840 617 Si
2894 563 3188 633 respiceres
3235 565 3300 620 ad
3332 567 3674 638 religionem,

445 655 744 699 terventum
780 646 877 699 sibi
903 647 1201 715 populoque
1235 664 1330 701 suo
1364 649 1536 717 ipsum
1576 651 1738 704 Deum
1768 654 2008 721 poposcit

443 749 560 787 esse
597 733 875 802 refugium.
918 734 1252 803 [’rOpositnm
1281 735 1376 766 ³³⁸·
1430 741 1660 806 suscepti
1697 743 1875 809 operis
1909 758 2002 796 ne-

442 835 530 894 gat
553 826 618 855 ³³⁹
642 826 892 894 expedire
930 827 1127 880 bellum
1159 827 1325 897 (tot),
1363 830 1536 898 primo
1567 842 1764 886 sancte
1802 833 2005 887 festivi-

443 913 568 967 tatis
591 912 821 968 diluculo
851 925 1180 985 susceptum,
1216 916 1432 971 vixdum
1467 921 1770 989 vespertino
1810 938 2002 992 crepu-

442 1002 588 1058 sculo
619 1002 707 1068 “°,
741 1004 848 1059 Deo
879 1005 1298 1061 misericorditer
1321 1008 1663 1077 dispensante
1689 1022 1743 1066 et
1776 1029 1872 1082 pro
1894 1015 2006 1082 suis

439 1104 727 1164 pugnante,
776 1097 907 1149 satis
945 1095 1171 1151 feliciter
1198 1107 1470 1166 peractum
1518 1102 1606 1164 ”‘,
1642 1081 2005 1158 miserandum

439 1196 555 1254 post
594 1187 874 1240 victoriam
924 1187 1155 1241 Cononis
1212 1189 1484 1244 interitum
1510 1233 1522 1255 ,
1557 1193 2003 1260 gloriosissimum

439 1277 781 1344 imperatoris
813 1277 1164 1347 triumphum,
1199 1294 1377 1348 regem
1431 1280 1602 1348 ipsum
1631 1283 2000 1348 barbarorum,

439 1369 600 1422 duces
653 1378 708 1422 et
757 1370 1023 1438 principes
1068 1371 1330 1439 captivos,
1355 1374 1592 1442 trophzea
1619 1375 1684 1405 ’δ’
1717 1389 1812 1444 per
1836 1385 2003 1430 totam

439 1459 586 1526 regni
615 1458 681 1488 ’“
710 1459 850 1512 illius
904 1459 1240 1514 latitudinem
1279 1478 1446 1532 usque
1474 1465 1539 1518 ad
1569 1464 1808 1532 ejusdem
1831 1469 2005 1536 gentis

437 1547 570 1597 fines
598 1545 1029 1614 frequentissima
1058 1588 1072 1611 ,
1101 1565 1218 1617 qua:
1247 1552 1422 1603 omnia
1459 1555 1656 1619 proprii
1687 1555 2001 1608 industriam

437 1637 614 1704 operis
654 1639 716 1690 ad
756 1639 964 1693 laudem
1019 1650 1070 1694 et
1097 1641 1322 1708 gloriam
1365 1644 1750 1710 omnipotentis
1795 1646 1862 1676 ³³³
1913 1648 2003 1701 Dei

436 1735 765 1793 exspectant.

505 1814 593 1864 26.
624 1813 728 1866 {Vos
753 1824 809 1867 ut
835 1831 862 1867 a
895 1817 1208 1874 diverticulo
1233 1820 1296 1873 ad
1324 1822 1657 1890 propositum
1691 1823 1997 1888 redeamus,

2110 649 2240 702 nihil
2273 650 2361 703 illo
2413 660 2673 719 quantum
2711 651 2776 704 ad
2818 651 3010 705 faciem
3061 653 3361 717 sublimius,
3394 657 3436 709 si
3486 659 3552 711 ad
3580 673 3673 714 vo-

2106 737 2392 792 luntariam
2447 746 2499 794 et
2545 740 2843 794 invocatam
2901 756 3041 810 sche
3094 743 3445 798 mundialium
3492 762 3672 802 rerum

2106 830 2506 899 occupationem
2549 831 2948 899 earnndemqnc
2996 831 3405 903 indefatigatam
3445 850 3674 904 percur-

2105 921 2308 975 sionem
2333 951 2398 960 —
2427 921 2567 990 quod
2598 922 2919 976 monaclnun
2956 924 3133 977 minus
3157 925 3312 980 decet
3337 956 3404 966 —
3433 928 3563 981 nihil
3587 929 3676 984 illo

2105 1013 2384 1082 abjcctius.
2438 1011 2491 1064 In
2537 1026 2786 1066 sermone
2820 1012 2934 1082 ipso
2980 1021 3127 1066 tanta
3154 1013 3228 1068 illi
3268 1016 3573 1081 diversitas,
3618 1025 3677 1070 ut

2106 1119 2227 1158 cum
2265 1103 2694 1172 proloqueretur,
2722 1104 2884 1157 verba
2936 1105 3048 1174 ipsa
3092 1107 3242 1174 quasi
3271 1107 3337 1137 ³⁸⁵
3370 1108 3674 1172 trutinaret,

2106 1194 2172 1247 ad
2231 1193 2479 1247 ultimum
2566 1193 2908 1248 multimodas
2986 1196 3389 1250 cavillationum
3479 1196 3675 1252 strofas

2106 1283 2294 1337 doctus
2347 1281 2413 1312 ³³⁸
2467 1282 2826 1335 versutiarum
2864 1281 3047 1336 rhetor
3073 1284 3356 1338 intexeret.
3399 1284 3494 1339 Hic
3527 1287 3674 1354 quia,

2105 1384 2163 1427 ut
2185 1374 2384 1428 dictum
2413 1383 2516 1437 est,
2561 1373 2742 1427 invitis
2781 1372 3036 1426 fratribus
3065 1384 3341 1442 promotus
3376 1384 3516 1440 erat,
3547 1390 3678 1429 una-

2107 1463 2336 1518 nimitati
2372 1463 2596 1516 fratrum
2639 1478 2836 1517 exosus
2877 1473 3014 1516 erat.
3051 1463 3282 1533 Contigit
3312 1465 3541 1532 quadam
3571 1465 3678 1528 dic,

2107 1551 2342 1604 instante
2387 1550 2780 1604 vindemiarum
2815 1561 3074 1620 tempore,
3109 1554 3524 1608 consedentibus
3571 1553 3680 1606 fra-

2107 1637 2277 1691 tribus
2322 1646 2374 1691 et
2402 1639 2582 1692 nescio
2624 1640 2750 1707 quid
2784 1641 2934 1692 triste
2965 1640 3436 1694 confabulantibus
3467 1643 3557 1705 ⁸⁸⁷,
3591 1657 3680 1695 su-

2104 1729 2382 1796 pervenire
2407 1729 2705 1792 Erluinnm,
2738 1745 2894 1798 quem
2924 1739 3066 1784 tanta
3099 1731 3242 1785 czede
3287 1731 3510 1786 fustium
3544 1734 3680 1787 mul-

2104 1819 2234 1871 ctati
2271 1828 2416 1882 sunt,
2459 1828 2516 1872 ut
2563 1829 2841 1888 putaretur
2873 1835 2992 1875 esse
3043 1831 3285 1875 mortuus
3332 1823 3420 1873 ³⁵⁸.
3452 1824 3596 1889 Quos
3621 1833 3680 1877 ut

439 1899 714 1956 Baldricns
752 1906 991 1960 ecclesiae
1021 1907 1295 1962 Leodiensi
1329 1921 1576 1980 praeerat.
1608 1912 1658 1965 ls
1681 1913 1999 1968 avunculum
2034 1899 2076 1956 Β
2105 1909 2415 1964 discessisse
2455 1912 2749 1978 persensit,
2802 1911 3074 1981 paululum
3125 1912 3393 1980 palpitans
3427 1915 3682 1968 subduxit

434 2004 586 2042 suum
627 1989 954 2059 Raginerum
983 1995 1154 2035 "‘3"
1181 1999 1335 2051 unice.
1367 1999 1594 2061 colebat,
1625 2015 1721 2068 pro
1749 2017 1813 2055 eo
1856 2003 2001 2070 quod

437 2096 556 2134 eum
584 2083 634 2135 in
663 2085 970 2153 episcopatu
1002 2087 1346 2156 adipiscendo
1388 2089 1475 2144 ille
1506 2091 1570 2122 ³⁸⁷
1609 2092 2004 2160 plurimnmju-

434 2185 613 2236 verat;
661 2177 747 2242 qui
784 2176 1079 2246 ltaginerus
1103 2181 1170 2211 ’⁵⁸
1205 2191 1324 2248 post
1358 2182 1638 2236 mirificam
1682 2184 1826 2237 illam
1856 2186 2005 2239 iiun-

435 2281 652 2333 grorum
696 2268 1068 2324 liberationem
1097 2271 1380 2324 ecclesiam
1413 2275 1583 2327 sancti
1616 2273 1858 2328 Ursmari
1887 2292 2002 2330 om-

435 2358 578 2409 nium
623 2359 846 2424 primus,
892 2369 944 2412 et
975 2361 1178 2414 utinam
1224 2362 1422 2415 abhinc
1461 2363 1639 2416 solus!
1677 2380 1778 2416 non
1811 2365 2006 2418 exhor-

436 2447 542 2498 ruit
569 2446 788 2500 violarc.
822 2449 1090 2502 Oduinum
1119 2451 1386 2518 quendam
1419 2451 1557 2504 odiis
1597 2452 2001 2520 insequebatur,

434 2537 522 2604 qui
562 2540 698 2604 apud
724 2538 1011 2592 ecclesiam
1039 2541 1319 2608 praefatam
1346 2542 1411 2572 “’
1436 2540 1746 2611 confugium
1778 2543 1999 2607 fecerat,

432 2627 620 2680 volens
670 2628 999 2696 aliquantum
1048 2631 1116 2684 ab
1178 2633 1344 2684 armis
1399 2633 1684 2701 respirare,
1747 2634 2004 2687 militibus

432 2717 544 2769 suis
593 2717 644 2768 in
675 2717 808 2770 locis
845 2718 1099 2772 dimissis.
1136 2718 1333 2774 Nactus
1382 2722 1724 2775 occasionem
1771 2723 2003 2790 Ragine-

434 2820 525 2860 rus
557 2808 787 2870 advolat,
830 2821 886 2861 ut
912 2809 1240 2876 insperatum
1279 2811 1329 2863 in
1362 2812 1586 2866 ecclesia
1629 2822 1812 2881 cogat;
1844 2828 2001 2881 quem

435 2897 693 2950 inermem
727 2899 791 2950 ab
830 2898 956 2966 ipsis
1006 2909 1312 2952 sanctorum
1357 2901 1677 2970 sepulchris,
1730 2916 1847 2969 quae
1877 2912 2004 2957 tunc

435 2988 572 3041 forte
597 2990 869 3056 patebant,
896 2991 1155 3053 extrahit,
1184 3000 1236 3044 et
1278 2992 1326 3043 in
1364 2991 1493 3059 ipsis
1516 2992 1667 3045 atriis
1691 3002 1812 3045 ante
1842 2997 2002 3047 vesti-

433 3079 617 3131 bulum
667 3079 911 3133 ecclesia:
947 3081 1120 3148 capite
1159 3091 1389 3134 truncat.
1425 3082 1571 3146 Esto,
1622 3083 1784 3136 fuerit
1812 3086 2002 3154 dignus

434 3167 520 3218 ille
553 3169 662 3220 haec
695 3169 823 3236 pati,
858 3170 949 3221 sed
978 3171 1308 3222 observanda
1350 3179 1467 3223 erat
1498 3174 1832 3240 oportunitas
1862 3183 1998 3226 tem-

434 3259 580 3324 poris
603 3267 655 3310 et
697 3261 954 3312 sanctitas
1001 3260 1129 3312 loci!
1178 3261 1248 3312 De
1280 3260 1396 3313 loco
1418 3260 1530 3327 jam
1557 3263 1688 3314 satis
1718 3272 1996 3330 expertum

431 3354 562 3407 crat,
590 3362 750 3415 quam
783 3347 891 3401 Deo
926 3364 1106 3412 carus,
1139 3365 1297 3417 quam
1331 3351 1381 3403 in
1407 3352 1796 3419 patrocinando
1821 3355 2001 3407 muni-

430 3435 584 3498 ficus,
639 3451 798 3504 quam
850 3438 900 3490 in
947 3438 1296 3492 violatoribus
1334 3439 1525 3492 vindex
1559 3448 1607 3492 et
1646 3455 1907 3504 severus;
1938 3442 2003 3496 de

428 3527 793 3593 oportunitate
817 3528 1076 3595 temporis
1101 3527 1190 3580 ille
1230 3529 1442 3590 viderit,
1470 3530 1558 3597 qui
1583 3529 1696 3583 hazc
1725 3530 1778 3583 in
1803 3531 2001 3600 vigiliis

428 3614 677 3667 Omnium
733 3624 1066 3677 sanctorum,
1111 3615 1235 3668 dum
1293 3631 1526 3684 vespera:
1574 3617 1998 3682 celebrarentur,

426 3705 508 3758 vel
561 3706 689 3774 legit
733 3707 818 3760 vel
876 3708 1042 3759 audit.
1107 3707 1404 3776 Raginerus
1468 3709 1671 3761 interea
1725 3709 2000 3762 Erluinum

426 3797 691 3862 quendam
751 3797 850 3849 sibi
904 3798 1148 3848 intimttm
1204 3798 1348 3850 facit.
1403 3798 1531 3850 Erat
1561 3807 1736 3850 autem
1768 3813 1796 3850 a
1842 3798 2002 3853 Gem-

426 3886 578 3938 blans
634 3886 702 3916 ³⁸⁰
749 3886 1075 3939 monasterio
1105 3926 1118 3948 ,
1168 3886 1308 3953 quod
1367 3887 1581 3954 quidam
1633 3885 1997 3940 Wibertus’“

428 3979 712 4029 mundanae
746 3977 1042 4029 nobilitatis
1072 3977 1241 4029 titulis
1266 3976 1549 4044 insignitus
1584 3976 1633 4027 in
1663 3977 1879 4044 proprio
1902 3992 1999 4030 suo

427 4077 809 4123 construxerat
854 4067 1021 4136 (118).
1063 4076 1117 4119 ct
1170 4067 1356 4134 inquo
1391 4066 1503 4134 ipse
1532 4080 1654 4119 vere
1703 4082 1999 4121 conversus

425 4171 489 4208 ex
525 4155 778 4208 mundiali
833 4157 1024 4208 militia
1058 4155 1262 4217 fuerat;
1317 4170 1475 4222 quem
1536 4155 1663 4209 inibi
1719 4156 1994 4221 abbatem,

423 4244 508 4297 cui
543 4244 655 4311 ipse
679 4259 882 4312 pauper
927 4242 1125 4296 Christi
1167 4243 1482 4312 regulariter
1506 4244 1774 4308 obediret,
1805 4246 1996 4314 praefe-

425 4344 594 4386 cerat.
652 4333 748 4386 Hic
804 4333 1054 4385 Erlninus
1103 4333 1428 4402 Raginernm
1498 4333 1804 4387 adulatione
1857 4336 1994 4388 assi-

423 4425 525 4477 dua
566 4425 632 4456 3"
677 4425 931 4487 lactabat,
979 4434 1032 4478 et
1059 4425 1314 4494 paulatim
1364 4418 1542 4493 et'per
1566 4425 1896 4479 incrementa
1931 4427 1996 4480 ad

2106 2014 2183 2063 se,
2215 2010 2267 2053 et
2290 2000 2355 2052 ad
2385 2001 2716 2053 Bernardnm
2740 2010 2863 2055 tunc
2895 2003 3210 2056 advocatum
3242 2003 3505 2072 confugit,
3530 2004 3682 2074 cujus

2105 2087 2302 2141 auxilio
2324 2098 2509 2155 postea
2538 2088 2837 2142 Ercliacum
2869 2089 2936 2122 '”
2983 2088 3367 2158 proﬁciscitur,
3403 2092 3490 2144 ubi
3518 2106 3683 2159 quan-

2107 2182 2217 2226 tum
2268 2183 2351 2228 est
2387 2176 2659 2229 inventum
2696 2177 2975 2230 vinearum
3023 2177 3226 2247 eliquat
3253 2188 3306 2232 et
3343 2180 3578 2243 abducit,
3626 2188 3682 2235 et

2107 2264 2158 2317 in
2214 2264 2343 2319 locis
2401 2266 2504 2319 sibi
2553 2268 2834 2335 Oportunis
2884 2269 3147 2322 recondit.
3207 2269 3378 2339 Rogat
3419 2280 3680 2339 praeterea

2107 2353 2431 2420 Raginermn
2456 2372 2576 2408 cum
2605 2355 2848 2410 Bahlrico
2871 2357 3143 2426 pontifice,
3181 2367 3238 2411 ut
3261 2360 3376 2413 dies
3399 2360 3681 2415 natalicios

2106 2443 2313 2496 Domini
2365 2443 2583 2496 Laubiis
2637 2445 2942 2508 celebrent;
2989 2447 3132 2515 quod
3184 2457 3237 2501 et
3265 2448 3517 2501 obtinuit.
3555 2449 3686 2502 Erat

2109 2541 2234 2586 tunc
2255 2533 2437 2586 videre
2461 2533 2940 2597 abominationem,
2971 2544 3206 2589 stantem
3237 2538 3289 2588 in
3317 2537 3431 2590 loco
3460 2538 3546 2591 ubi
3573 2553 3682 2592 non

2107 2621 2346 2675 deberet.
2379 2620 2510 2674 Nam
2540 2637 2720 2675 comes
2751 2637 2869 2676 cum
2901 2624 3126 2692 conjuge
3159 2625 3210 2677 in
3240 2626 3480 2680 sacrario
3507 2627 3683 2681 eccle-

2107 2713 2198 2766 sine
2226 2712 2569 2775 mansitabat,
2598 2720 2650 2765 et
2679 2728 2885 2775 mensa,
2924 2729 3026 2781 qua
3064 2714 3130 2744 ³⁶⁰
3159 2717 3584 2770 sacratissimum
3616 2717 3682 2747 ³⁶¹

2106 2803 2316 2855 Domini
2360 2817 2555 2870 corpus
2602 2803 2986 2858 absumebatnr
3036 2805 3125 2869 ³⁸³,
3166 2807 3524 2860 ministerium
3575 2808 3684 2861 cal-

2106 2892 2494 2945 ciamentorum
2541 2900 2594 2943 et
2625 2900 2929 2959 paterarum
2977 2907 3069 2946 seu
3103 2895 3451 2947 scutellarum
3497 2893 3686 2949 efficie-

2107 2985 2284 3037 batur.
2318 2983 2541 3036 Peracta
2587 2985 2749 3052 igitur
2799 2985 3049 3038 natalicia
3081 2987 3288 3039 diermn
3343 2986 3682 3052 celebritate,

2106 3075 2194 3126 ubi
2221 3074 2513 3127 discessum
2551 3084 2652 3138 est,
2699 3074 2894 3128 fratres
2935 3074 3034 3128 sibi
3087 3075 3257 3128 minui
3307 3075 3446 3127 unde
3475 3074 3563 3126 alii
3602 3075 3684 3127 in-

2107 3165 2532 3234 gurgitarentur,
2567 3174 2624 3218 ut
2680 3165 2807 3218 illud
2839 3181 3005 3233 genus
3050 3165 3324 3218 hominum
3358 3163 3686 3231 qnerulosis-

2107 3259 2325 3320 simum,
2357 3258 2406 3309 in
2448 3272 2733 3310 commune
2766 3257 3064 3324 deplorant.
3109 3257 3399 3324 Assumpta
3425 3256 3587 3324 igitur
3615 3255 3683 3286 ⁸⁸³

2106 3348 2348 3410 audacia,
2409 3348 2768 3401 Foutanas'“
2827 3349 2973 3416 (H9)
3024 3357 3251 3416 petunt,
3311 3349 3489 3400 villam
3519 3362 3680 3416 quam

2106 3438 2335 3490 Sambra
2391 3438 2573 3502 alluit;
2635 3438 2707 3491 ibi
2745 3449 3006 3507 quantum
3061 3437 3168 3490 vini
3207 3445 3288 3490 est
3319 3447 3586 3505 repertum
3614 3466 3682 3475 —

2106 3541 2228 3579 nam
2287 3527 2356 3579 ibi
2406 3526 2794 3594 aliquantulum
2839 3527 3141 3594 portionem
3194 3523 3561 3578 occultaverat
3609 3554 3679 3564 —

2104 3615 2318 3682 capiunt
2344 3625 2396 3668 et
2421 3616 2715 3669 abducunt.
2755 3613 3037 3669 Profectus
3069 3614 3246 3668 fuerat
3278 3613 3531 3666 Erlninus
3555 3613 3682 3667 Ber-

2105 3705 2388 3766 meriacas,
2422 3713 2478 3758 ut
2501 3719 2769 3758 annonam
2795 3719 2913 3772 qua:
2942 3704 3014 3758 ibi
3047 3703 3222 3758 fuerat
3245 3704 3593 3757 vennmdaret
3627 3702 3680 3755 in

2103 3795 2366 3848 solutione
2415 3796 2604 3859 debiti,
2651 3795 2791 3863 quod
2825 3796 2876 3847 in
2905 3795 3129 3863 prmfalo
3161 3794 3385 3848 obsonio
3429 3793 3683 3861 Oppigne-

2102 3893 2331 3936 raverat.
2377 3884 2546 3949 Quem
2610 3883 2810 3938 fratres
2884 3885 3109 3937 insecuti
3157 3899 3279 3936 cum
3337 3883 3683 3936 multitudine

2101 3989 2294 4041 magna
2325 3974 2526 4042 populi,
2552 3975 2624 4026 ita
2659 3975 2709 4027 in
2731 3988 2853 4027 eum
2877 3974 3192 4029 debacchati
3225 3982 3371 4037 sunt,
3409 3983 3464 4026 ut
3487 3973 3683 4025 mirum

2099 4060 2282 4125 fuerit,
2307 4062 2447 4129 quod
2481 4071 2704 4115 mortem
2735 4064 2906 4116 evasit
2937 4062 3024 4115 ³⁸⁸.
3055 4062 3158 4118 Sed
3187 4063 3254 4116 ad
3278 4063 3527 4116 abbatem
3559 4075 3682 4128 pro-

2099 4163 2278 4207 motus
2303 4153 2391 4217 ³⁸⁸,
2423 4169 2612 4207 omnes
2638 4168 2664 4205 a
2692 4155 3022 4208 monasterio
3055 4164 3251 4222 praeter
3285 4168 3484 4222 paucos
3513 4167 3681 4220 expu-

2098 4244 2179 4296 lit.
2215 4243 2315 4309 Qni
2364 4245 2432 4298 ob
2463 4244 2564 4297 hoc
2615 4245 2787 4309 magis
2823 4243 2969 4308 irati,
3019 4259 3087 4298 ne
3117 4244 3330 4314 longius
3369 4257 3674 4298 sermonem

2098 4334 2434 4400 protraham,
2461 4342 2567 4386 tres
2589 4348 2655 4386 ex
2679 4332 2805 4396 illis,
2828 4334 2916 4401 qui
2940 4333 3242 4400 juventutis
3269 4343 3322 4388 et
3349 4336 3681 4405 pr0pinquo-

2099 4437 2217 4474 rum
2272 4421 2601 4487 adminiculo
2653 4423 2852 4476 ceteris
2908 4425 3254 4490 praestabant,
3314 4439 3508 4492 magno
3548 4429 3682 4484 satis

422 4513 739 4568 Laubiensis
785 4515 1016 4568 abbatize
1063 4515 1321 4567 ambitum
1353 4513 1421 4544 ³⁸³
1445 4514 1747 4575 anhelabat,
1781 4530 1879 4570 nec
1902 4517 1995 4570 de-
2023 4550 2072 4608 υ
2099 4510 2444 4581 professionis
2487 4521 2537 4566 et
2593 4512 2800 4566 ordinis
2833 4527 2956 4565 cum
3004 4513 3248 4581 periculo
3297 4514 3677 4572 dormitorium

421 4604 575 4666 stitit,
607 4604 774 4658 donec
805 4604 870 4657 ad
905 4603 1270 4673 prmpositurte
1300 4603 1581 4666 honorem,
1605 4605 1695 4672 qni
1725 4613 1850 4658 tunc
1882 4621 1994 4658 ma-

415 4695 500 4762 jor
526 4694 845 4760 habebatur,
873 4703 1051 4747 amoto
1072 4693 1308 4746 Blitardo
1336 4693 1502 4762 ipsius
1536 4694 1846 4747 monasterii
1876 4709 1992 4748 mo—

421 4787 616 4850 nacho,
653 4787 836 4840 invitis
875 4785 999 4839 licet
1030 4784 1310 4848 fratribus,
1336 4786 1724 4853 proveheretur
1752 4785 1840 4837 ³⁵⁸.
1865 4785 1993 4839 Erat

420 4885 596 4930 autem
623 4876 704 4928 vir
732 4875 785 4928 in
810 4876 1002 4942 exiguo
1025 4889 1228 4943 ponens
1258 4875 1618 4941 mendacium,
1650 4876 1735 4930 cui
1770 4876 1836 4929 ad
1863 4891 1989 4929 ver-

2101 4612 2259 4656 noctu
2284 4601 2544 4672 aggressi,
2572 4615 2694 4655 eum
2720 4602 3033 4666 extrahunt,
3070 4611 3123 4655 et
3152 4618 3261 4658 non
3289 4603 3444 4675 longe
3470 4607 3536 4661 ab
3566 4623 3680 4662 am-

2101 4694 2213 4748 bitu
2264 4693 2483 4747 claustri
2527 4701 2861 4762 protractum
2890 4693 2980 4757 “7,
3006 4693 3178 4748 oculis
3203 4695 3439 4763 privarit,
3470 4706 3676 4766 partem

2098 4785 2256 4838 etiam
2275 4784 2466 4853 lingua:
2481 4793 2781 4853 amputant,
2806 4785 2899 4840 sed
2924 4801 3027 4840 non
3048 4801 3216 4855 usque
3230 4787 3295 4841 ad
3322 4787 3677 4856 privationem

2097 4873 2340 4943 loquelae.
2370 4874 2434 4928 Et
2458 4874 2608 4943 quia,
2629 4883 2688 4928 ut
2712 4875 2940 4938 dicebat,
2970 4877 3286 4946 martyrium
3313 4877 3675 4943 desiderabat,

1641 4984 1643 4986 ’
1696 5008 1926 5063 νΑιιιΑῑ
1966 5007 2366 5064 LECTIONES.

485 5096 586 5130 ""'
639 5109 696 5152 et
731 5114 782 5167 p.
819 5100 873 5153 5.

416 5166 481 5198 ³⁵³
510 5169 545 5221 i.
583 5184 630 5221 r.
664 5166 742 5221 3.7
814 5168 880 5200 ‘“
900 5169 952 5223 d.
988 5187 1039 5224 ο.
1069 5173 1120 5225 5.
1143 5166 1165 5170 ”
1197 5166 1362 5210 ³⁸⁸-⁸²⁸
1389 5172 1715 5232 raginerium
1749 5171 1801 5222 2.

415 5236 481 5310 ξξῗ
508 5239 938 5310 prenominatam
966 5243 1279 5310 confugerat
1304 5241 1356 5293 2.
1390 5308 1403 5310 _
1435 5239 1503 5270 ³⁸⁰
1532 5239 1890 5306 gemblacensi
1920 5238 1974 5291 2.

414 5306 480 5380 3A"
504 5307 695 5380 sedula
718 5308 782 5360 ad
812 5309 864 5361 2.
942 5311 1012 5342 ³³³
1036 5306 1348 5380 dignitatem
1374 5308 1433 5380 2.
1516 5310 1584 5341 ³⁸⁸

413 5374 445 5405 0
540 5376 614 5405 258
642 5392 672 5405 η
737 5382 1022 5405 ...η-ε..--..-
1051 5374 1118 5405 a‘
1180 5380 1247 5405 sse
1274 5379 1544 5405 “unum”...
1583 5374 1625 5405 Γ
1710 5380 1776 5405 suo
1811 5381 1860 5405 :..
1895 5395 1910 5405 ι

972 5100 1039 5133 ³³⁸
1073 5109 1225 5170 urget
1263 5100 1533 5167 expedire.
1576 5099 1777 5154 Bellum
1817 5101 1874 5154 5.
1907 5100 2141 5168 (editoris
2172 5099 2362 5166 error).

988 5187 1039 5221 ο.
1069 5173 1120 5221 5.
1197 5170 1362 5210 ³⁸⁸-δδθ
1389 5172 1715 5221 raeinerium
1749 5171 1801 5221 2.
1897 5169 1961 5200 "‘7
1990 5169 2126 5221 deest
2161 5170 2215 5221 2.
2318 5169 2362 5204 “

1922 5180 1958 5199 ³⁷
1990 5180 2126 5221 deest
2161 5180 2215 5221 ‘Z.

2054 5239 2118 5270 ³⁸¹
2149 5242 2286 5291 deest
2317 5239 2372 5293 2.
2406 5241 2491 5308 qui
2515 5251 2624 5305 post
2660 5241 2943 5305 insignitus
2974 5243 3100 5294 add.
3125 5242 3404 5296 Wibertus
3441 5239 3680 5297 nomine.

1611 5319 2020 5378 promoveretur
2037 5309 2091 5362 2.

2441 5097 2509 5130 m
2539 5115 2587 5154 c.
2618 5115 2669 5152 ν.
2695 5100 2746 5153 5.

2826 5100 2890 5131 ³⁸¹
2921 5108 3098 5154 actum
3128 5111 3211 5157 est
3240 5106 3287 5157 1.
3365 5102 3430 5134 ³⁸¹
3454 5102 3593 5158 deest
3625 5104 3676 5158 1.

2318 5168 2388 5254 1“
2432 5170 2898 5251 ragineriuscorr.
2935 5172 3298 5254 raginerps2.
3325 5171 3395 5224 ita
3436 5183 3483 5225 et
3514 5173 3680 5254 infra.

2170 5309 2239 5389 ἷξε
2264 5309 2566 5389 quoque]?
2593 5309 2646 5362 2.

2151 5309 2239 5405 ³2⁵
2264 5324 2477 5376 quoque
2507 5309 2566 5360 l?
2593 5309 2646 5362 2.
2677 5309 2794 5405 om
2826 5311 3042 5405 (iactum
3074 5312 3129 5365 2.
3158 5382 3174 5405 ‘
3209 5310 3686 5405 ’"lfabulantibns

2244 5379 2647 5405 μη..ηιζμηζ..ι.....
2932 5395 2955 5405 ,ι
2985 5395 3152 5405 mu---
3177 5391 3247 5405 .-ι
3372 5385 3686 5405 ....-.-,.ι.-.....

2244 5385 2647 5405 ραι-Λιξι-Λίιιιιιιιι
2677 5385 2710 5405 CI
2835 5385 2902 5405 ,δ’
2932 5385 3247 5405 ΛΙιΛΙι--ριΑ1ιΑ.
3290 5385 3307 5405 Ι
3372 5385 3687 5405 θιι-..ιιΙ.ΑΙ.-..

2677 5379 2710 5405 Ω
2835 5378 2902 5405 ,δ’
2932 5380 3247 5405 ΑΙ.Α..-...Α1.-.
3290 5382 3307 5405 Ι
