4482 5524
795 382 892 446 571

1795 370 2113 429 FOLCUINI
2150 366 2438 423 ABBATIS
2475 368 2871 426 LAUBIENSiS

3927 372 4031 426 572

790 494 905 562 ipse
928 504 1047 543 sese
1069 487 1278 550 fefellit,
1304 485 1429 540 dum
1446 485 1624 538 statim
1642 492 1762 553 post
1787 484 1901 537 lucc
1921 480 2359 550 naviimpositus,
2388 480 2436 539 Δ
2468 494 2551 534 res
2584 481 2654 513 ⁸⁷⁸
2690 498 2898 536 summa
2928 483 3296 548 decumbebat,
3325 484 3463 540 diem
3493 485 3685 539 clausit
3728 494 4027 538 extremum

791 589 1033 636 metuens
1059 591 1126 632 ne
1150 578 1326 631 denuo
1356 575 1724 644 impeteretur,
1750 573 2041 628 Gemblaus
2067 572 2134 603 ⁸⁸⁸
2160 579 2243 625 εει
2272 571 2362 623 de-

787 678 1004 734 vectus;
1036 676 1090 724 et
1124 666 1265 737 quod
1293 666 1589 736 praevidere
1614 674 1738 719 ante
1767 665 2025 719 debuerat
2054 677 2235 723 sanus,
2269 662 2362 714 de-

787 760 1007 813 clinavit
1062 758 1256 813 debilis
1309 766 1362 811 et
1398 756 1733 811 exoculatus.
1761 756 1826 809 Et
1848 756 1997 823 quia,
2044 754 2183 807 sicut
2223 751 2360 805 scri-

784 859 936 918 ptum
956 858 1039 904 est
1067 868 1079 901 :
1110 848 1267 916 [mpii
1292 857 1442 919 agent
1465 848 1637 914 impie,
1672 863 1833 917 neque
1872 862 2045 899 omnes
2075 842 2359 911 intelligent

785 939 933 1006 impii
986 938 1148 1007 (Dim.
1184 954 1281 1000 xu,
1333 936 1438 1004 lO),
1470 944 1523 990 et
1552 936 1678 989 alibi
1711 952 1724 988 :
1762 935 1866 1000 Qui
1912 937 1965 987 in
2002 935 2239 1001 sordibus
2263 941 2356 997 est,

784 1028 1047 1081 sordescat
1062 1027 1232 1080 adhuc
1251 1026 1435 1095 (Apoc.
1454 1042 1587 1088 xxu,
1608 1026 1715 1094 ll),
1732 1034 1853 1094 post
1870 1025 2177 1094 przedictam
2194 1022 2361 1077 eccleo

783 1119 878 1173 sim
898 1120 1067 1173 sancti
1092 1116 1331 1172 Ursmari
1348 1117 1687 1171 violationem
1706 1117 2005 1185 llaginerus
2023 1115 2358 1185 tyrannidem

783 1207 1127 1275 multiplicat,
1177 1220 1443 1275 pauperes
1472 1206 1689 1275 premit,
1751 1215 1807 1259 et
1860 1219 1947 1257 res
2004 1203 2356 1257 ecclesiarum

783 1310 890 1349 non
924 1294 1019 1348 Dei
1049 1294 1143 1348 sed
1174 1310 1300 1347 suas
1324 1294 1453 1348 facit
1479 1292 1648 1363 (958).
1680 1293 1781 1347 Pro
1811 1294 2008 1361 quibus
2037 1292 2287 1347 omnibus
2327 1306 2357 1343 ει

783 1386 981 1440 domno
1020 1380 1271 1438 Brunone
1319 1398 1447 1438 vere
1498 1381 1725 1449 pacifico
1783 1383 1922 1451 apud
1952 1392 2196 1437 sanctum
2241 1383 2358 1438 Sal-

779 1474 929 1528 vium
952 1472 1098 1546 (l20)
1138 1482 1419 1537 evocatus,
1443 1471 1745 1535 confessus,
1766 1481 1820 1526 et
1842 1472 1980 1526 laesa:
2009 1472 2078 1505 ³⁸⁸
2108 1477 2268 1546 regiae
2290 1479 2357 1509 ³⁷⁰

778 1562 1080 1630 maiestatis
1117 1563 1395 1618 convictus
1435 1578 1558 1618 reus
1582 1605 1594 1625 ,
1629 1564 1960 1632 proscriptus
1986 1574 2101 1632 est,
2136 1582 2200 1622 ac
2239 1585 2358 1639 per-

777 1662 942 1723 petuo
970 1653 1132 1708 exilio
1174 1652 1484 1725 [damnatus
1517 1669 1579 1708 ac
1616 1652 1707 1725 ³⁷⁸]
1748 1655 2078 1723 deportatus.
2134 1658 2357 1714 Multum

778 1745 962 1813 itaque
988 1744 1040 1797 in
1078 1744 1178 1799 boc
1224 1744 1321 1808 illi,
1374 1743 1501 1798 licet
1527 1744 1726 1810 invito,
1758 1745 2058 1799 consultum
2108 1756 2207 1814 est.
2241 1748 2357 1815 Quo

2465 586 2513 624 vt
2541 572 2661 626 ldus
2688 573 2933 628 Octobris
2961 573 3129 645 (965),
3157 575 3456 630 ctdomnus
3471 577 3635 630 abbas
3658 576 3727 607 ⁸⁷³
3744 585 4028 645 postquam

2462 663 2678 717 biennio
2724 664 2954 733 paralysi
3006 664 3294 719 dissolutus
3339 672 3440 728 est,
3464 673 3691 733 postque
3713 665 4028 733 quinquen-

2462 754 2608 806 nium
2653 768 2811 821 quam
2843 768 3074 822 prmesse
3097 754 3166 784 ³⁸⁰
3206 763 3462 821 cmperat,
3505 755 3557 807 in
3593 770 3783 823 magna
3808 770 3901 823 spe
3943 751 4027 807 fu-

2463 850 2593 895 tura:
2634 842 2815 911 gloria:
2857 840 3161 910 defungitur
3205 857 3263 894 ut
3309 841 3485 896 Nonas
3534 841 3848 897 Novembris
3883 857 4031 895 anno

2463 933 2647 1000 utique
2694 932 3121 1001 nongeutesimo.
3158 971 3170 983 .
3202 971 3213 982 .
3248 971 3259 982 .
3292 972 3305 984 .
3340 932 3405 961 ³⁸¹
3436 932 3725 986 Βοηιὶηίετε
3777 933 4033 987 incarna-

2463 1020 2645 1074 tionis.
3498 1034 3501 1035 '

2527 1108 2616 1162 28.
2656 1108 2783 1163 Post
2839 1109 2953 1163 haec
2998 1107 3227 1162 domnus
3277 1109 3545 1163 Evraerus
3573 1110 3642 1148 "9
3690 1109 4029 1163 Fulcuinum.

2459 1214 2586 1252 vere
2633 1207 2993 1267 peccatorem,
3025 1205 3183 1252 aetate
3222 1199 3492 1268 juvenem,
3537 1198 3926 1251 Laubiensibus
3955 1195 4032 1227 ⁸³⁵⁸

2458 1292 2697 1360 praefecit
2725 1292 3006 1356 abbatem;
3057 1308 3239 1362 quem,
3292 1308 3413 1346 cum
3442 1301 3584 1346 esset
3614 1293 3753 1345 idem
3789 1291 4033 1361 pontifex

2458 1380 2691 1434 Colonia:
2722 1380 2773 1433 in
2800 1381 3082 1449 prtesentia
3107 1380 3391 1449 imperiali,
3424 1381 3475 1433 in
3505 1379 3804 1448 frequentia
3832 1394 4029 1448 magna

2456 1471 2719 1541 populari,
2781 1472 3003 1525 recitata
3052 1471 3120 1502 '“
3161 1472 3307 1539 prius
3359 1480 3412 1524 et
3432 1471 3567 1524 lecta
3609 1470 3834 1524 fratrum
3883 1485 3914 1522 e
3950 1468 4031 1521 le-

2457 1562 2651 1624 ctione,
2708 1561 2903 1615 ibidem
2947 1561 3184 1615 ortlinari
3222 1559 3368 1615 fecit.
3394 1559 3682 1615 Ordinatus
3707 1567 3790 1613 est
3816 1573 3945 1628 ergo
3965 1558 4035 1611 ab

2456 1649 2721 1719 lngranno
2791 1649 3167 1705 Cameracensi
3225 1650 3474 1720 episc0po
3526 1649 3612 1703 die
3664 1650 3777 1718 ipso
3824 1648 4036 1702 Domini

2459 1740 2708 1793 natalicia
2764 1738 2914 1811 (Dec.
2972 1739 3096 1809 25).
3173 1740 3300 1794 Inde
3346 1755 3615 1804 reversus,
3666 1748 3722 1793 et
3764 1740 3879 1794 loco
3944 1754 4036 1808 po-

775 1836 921 1889 enim
957 1835 1261 1888 diuturnior
1289 1844 1374 1889 est
1414 1850 1666 1904 nequam,
1697 1851 1763 1890 eo
1807 1838 1907 1891 sibi
1951 1838 2254 1909 graviorem
2302 1850 2358 1896 ει
2386 1830 2431 1887 Β
2463 1830 2611 1894 titus,
2672 1831 2821 1900 plura
2871 1847 2968 1886 suo
3005 1832 3262 1885 arbitratu
3296 1833 3437 1901 egit;
3469 1832 3609 1886 unde
3638 1831 3709 1863 ³⁸⁸
3733 1840 3785 1885 et
3815 1830 4032 1885 fortuna

778 1924 1209 1993 longinquiorem
1233 1934 1512 1992 comparat
1532 1939 1745 1994 poenam
1791 1926 1958 1996 (l2l).

848 2013 937 2066 27.
980 2013 1187 2066 interea
1238 2012 1484 2067 Bablrico
1547 2015 1840 2069 decedente
1880 2016 2026 2087 (959)
2060 2059 2072 2082 ,
2129 2020 2356 2076 domnus

778 2103 1048 2158 Evracrus
1083 2117 1149 2156 ex
1174 2102 1358 2156 Bonna
1400 2104 1660 2168 decanus,
1706 2105 1957 2161 Brunone
1998 2110 2353 2176 concedente,

773 2192 1005 2247 efﬁcitur
1047 2192 1351 2261 episcopus,
1383 2192 1466 2246 vir
1495 2194 1846 2263 ingenuarum
1894 2197 2092 2251 artium
2146 2198 2353 2253 littera-

778 2291 885 2335 tus.
932 2280 1029 2335 Hic
1058 2282 1317 2334 domuum
1352 2281 1707 2336 Aletrannum
1738 2287 2114 2354 undecumque
2145 2289 2353 2344 doctis-

775 2371 972 2424 simum
1000 2379 1054 2424 et
1100 2370 1151 2424 in
1191 2371 1309 2441 lege
1367 2370 1461 2425 Dei
1509 2376 1865 2428 exercitatum
1908 2377 1976 2411 "'
2003 2393 2067 2432 ac
2096 2378 2354 2448 eloquen-

778 2468 907 2522 tem,
934 2460 1241 2513 volcutibus
1273 2461 1546 2524 omnibus,
1599 2461 1817 2517 Laubiis
1840 2465 2082 2532 praefecit
2104 2468 2354 2522 abbatem

776 2550 946 2621 (960);
980 2550 1071 2604 ubi
1097 2551 1173 2604 ita
1196 2551 1351 2615 vixit,
1394 2563 1452 2605 ut
1476 2566 1691 2606 servum
1719 2555 1811 2609 Dei
1844 2556 2044 2609 decuit.
2075 2557 2208 2611 Nam
2231 2574 2354 2613 cum

775 2652 901 2696 ante
930 2656 1051 2696 eum
1101 2642 1360 2710 permissa
1391 2641 1647 2698 fratribus
1689 2659 1867 2698 rerum
1908 2647 1977 2678 ³⁷³
2008 2634 2356 2717 peculiarium

775 2742 831 2787 et
863 2731 1217 2786 tricliniorum
1268 2731 1606 2787 solummodo
1639 2734 1930 2804 impunitas
1971 2736 2246 2802 fuerit“,
2291 2741 2357 2794 de

774 2821 1209 2875 ceteroboueste
1242 2821 1458 2890 quidem
1505 2833 1558 2875 et
1591 2823 1641 2876 in
1691 2838 1976 2879 commune
2029 2827 2354 2902 vivebatur;

773 2915 884 2975 bic,
936 2914 1205 2983 quomodo
1249 2915 1545 2969 instructus
1599 2915 1718 2979 fuit,
1777 2919 1955 2971 omnia
2019 2921 2084 2972 ad
2118 2922 2354 2991 regulam

774 3001 1032 3055 correxit.
1084 3001 1164 3056 Ad
1219 3001 1374 3071 cujus
1419 3004 1846 3071 supplementum
1905 3007 2132 3063 domnus
2194 3010 2359 3063 Evra-

775 3108 901 3147 crus
924 3093 994 3124 ³⁷³
1028 3094 1319 3148 restituens
1347 3095 1394 3149 ei
1437 3094 1588 3149 villas
1618 3106 1743 3151 ante
1770 3097 2126 3164 abalienatas,
2158 3100 2357 3156 Gimia-

775 3198 897 3237 cum
930 3181 1197 3245 videlicet,
1229 3198 1391 3252 quam
1419 3183 1711 3252 Folquinus
1737 3187 1953 3254 quidam
1994 3190 2094 3243 sibi
2137 3200 2189 3245 et
2237 3192 2357 3247 filiis
2385 3170 2431 3232 Ο

775 3274 829 3328 in
845 3274 1144 3344 precariam
1167 3274 1511 3343 acquisierat,
1531 3275 1856 3341 etStratam,
1872 3295 2031 3349 quam
2057 3283 2358 3340 Atlclardus

774 3363 828 3417 in
863 3362 1124 3417 beneficio
1158 3363 1409 3427 habebat,
1434 3374 1487 3417 et
1509 3363 1848 3432 Gosiniacas,
1877 3386 2036 3439 quam
2068 3372 2360 3427 l‘leribran-

776 3451 876 3503 dus
933 3465 1088 3520 aeque
1136 3452 1186 3504 in
1226 3453 1527 3521 precariam
1569 3457 1803 3521 tenebat,
1838 3468 1891 3512 et
1915 3460 2017 3513 alia
2076 3464 2352 3517 nonnulla.

779 3541 891 3597 Sub
942 3542 1032 3597 illo
1066 3543 1245 3597 omnia
1294 3543 1446 3599 fuere
1487 3547 1707 3612 nobilia,
1767 3560 2124 3621 prmterquam
2183 3572 2357 3625 capsa:

775 3629 1130 3698 reliquiarum
1162 3635 1506 3703 praegrandes
1536 3645 1588 3690 et
1620 3653 1798 3692 aureae
1843 3651 1999 3695 noctu
2053 3643 2195 3699 furto
2235 3659 2359 3701 sunt

777 3720 986 3787 ablatm,
1020 3738 1119 3777 nec
1143 3740 1327 3778 earum
1372 3727 1499 3795 quid
1543 3727 1611 3758 ³⁷⁸
1670 3740 1964 3797 repertum,
1999 3744 2357 3806 praeterquam

775 3813 918 3879 quod
962 3821 1079 3867 erat
1133 3813 1396 3883 ligneum.
1431 3816 1564 3870 Erat
1596 3828 1651 3871 et
1681 3836 1812 3873 crux
1844 3824 2085 3888 aureola,
2116 3842 2234 3892 qua!
2258 3826 2357 3879 sub

777 3901 1002 3955 Erluinu
1031 3902 1307 3958 confracta
1341 3920 1369 3957 a
1400 3903 1659 3961 fratribus
1694 3908 1744 3960 in
1773 3910 2137 3978 redemptione
2166 3917 2259 3966 sua
2289 3916 2357 3946 ³⁷⁷

776 3990 1051 4061 Regiuero
1096 4000 1173 4047 est
1220 3993 1363 4047 data.
1408 3993 1518 4049 llac
1569 3996 1733 4066 igitur
1783 3999 1870 4051 diu
1930 4001 2230 4055 desiderata
2262 4021 2360 4073 pa-

782 4098 844 4135 ce
876 4080 986 4149 jam
1023 4082 1236 4137 tandem
1280 4099 1402 4137 sero
1445 4087 1634 4152 potita,
1684 4087 1943 4141 citissime
1981 4091 2208 4146 ecclesia
2269 4110 2363 4147 no-

779 4180 890 4225 stra
936 4180 1017 4226 est
1060 4171 1339 4226 destituta.
1385 4171 1517 4226 Nam
1553 4174 1782 4229 domnus
1829 4176 2045 4243 Bruno,
2098 4183 2149 4235 iu
2203 4201 2361 4254 quem

2458 1918 2511 1972 in
2561 1919 2807 1988 plurimis
2860 1934 2980 1974 eam
3017 1921 3223 1975 servire
3270 1920 3419 1975 fecit.
3450 1950 3519 1959 —
3546 1920 3834 1975 Ratberius
3856 1921 4033 1974 adhuc

2458 2010 2683 2064 Veronae
2728 2018 2865 2063 erat.
2923 2009 3024 2076 Qui
3063 2022 3323 2079 pertaesus
3372 2012 3567 2066 civium
3628 2012 3906 2065 insolentia
3940 2012 4035 2077 “‘,

2458 2101 2725 2170 simulque
2762 2111 3064 2170 suspectam
3099 2102 3304 2156 babens
3347 2103 3583 2157 innatam
3627 2104 3730 2158 illis
3767 2114 3822 2157 et
3866 2119 4032 2172 pecu-

2458 2193 2644 2247 liarem
2674 2193 2978 2263 perfidiam,
3019 2194 3085 2247 de
3115 2194 3286 2248 reditu
3315 2195 3609 2264 cogitabat,
3639 2210 3945 2264 proponens
3970 2194 4035 2248 il-

2457 2282 2569 2347 lud,
2606 2282 2749 2350 quod
2780 2282 2831 2334 in
2864 2281 3037 2335 aliena
3073 2281 3246 2349 patria
3284 2297 3424 2350 saepe
3474 2282 3691 2350 quidem
3722 2282 3858 2336 bene
3898 2282 4036 2335 vivi-

2461 2382 2570 2438 tur,
2607 2373 2700 2428 sed
2733 2372 2872 2427 male
2907 2372 3157 2425 moritur.
3200 2372 3362 2425 Mittit
3389 2373 3551 2439 igitur
3580 2374 3647 2427 ad
3692 2373 3941 2427 abbatem
3970 2371 4039 2424 ἱξε-

2458 2467 2613 2520 brum
2662 2463 2832 2534 (122),
2863 2478 3022 2531 quem
3065 2461 3411 2532 praetitulavit
3438 2460 3755 2516 Conﬂictum
3786 2461 4033 2523 duorum,

2458 2572 2557 2626 pro
2595 2571 2661 2611 eo
2690 2556 2833 2624 quod
2863 2555 2915 2608 in
2948 2553 3136 2609 eodem
3172 2553 3476 2623 disputans,
3500 2562 3682 2607 utrum
3736 2562 4039 2607 revertere-

2461 2659 2547 2703 tur
2576 2662 2763 2711 necne,
2812 2646 3003 2700 auxius
3046 2642 3353 2708 ﬂuctuaret,
3406 2644 3566 2699 simul
3595 2655 3649 2698 et
3704 2658 3920 2714 rogans,
3978 2652 4040 2695 ut

2460 2739 2803 2793 mitterentur
2843 2735 2891 2789 ei
2932 2734 3056 2803 equi
3108 2742 3162 2787 et
3196 2734 3441 2797 comites,
3490 2748 3598 2802 quo
3627 2734 3932 2803 expeditius
3971 2732 4039 2784 ab

2459 2828 2539 2881 eis
2564 2827 2668 2880 iter
2692 2824 2999 2879 accelerare
3028 2833 3228 2892 posset.
3285 2823 3506 2877 Factum
3537 2833 3639 2888 est,
3703 2824 3921 2877 missum
3953 2832 4039 2876 est

2460 2916 2606 2988 (968,
2628 2916 2797 2985 Jul.);
2827 2914 2973 2969 venit
3001 2913 3110 2977 ille,
3142 2911 3371 2967 afferens
3406 2928 3586 2967 secum
3618 2913 3733 2965 auri
3759 2920 3812 2965 et
3833 2913 4039 2979 argenti

2462 3024 2567 3063 non
2612 3008 2787 3061 dicam
2836 3005 2903 3040 ³⁸⁷
2942 3006 3201 3075 pondera,
3272 3005 3363 3058 sed
3386 3012 3445 3057 ut
3470 3005 3639 3074 ipsius
3669 3004 3849 3058 verbis
3884 3012 4038 3065 utar,

2464 3114 2671 3153 massas
2728 3106 2783 3151 et
2839 3110 3079 3150 acervos.
3139 3095 3217 3148 Ex
3274 3095 3470 3163 quibus
3524 3109 3553 3146 a
3590 3093 3849 3148 Lothario
3911 3108 4043 3160 rege

2467 3196 2738 3242 mercatus
2775 3193 2858 3240 est
2915 3184 3087 3239 sancti
3152 3183 3379 3237 Amandi
3422 3181 3733 3244 abbatiam;
3787 3195 3892 3249 qua
3950 3182 4042 3235 vix

2467 3295 2574 3332 una
2634 3284 2792 3331 nocte
2834 3277 3060 3345 potitus,
3125 3288 3268 3338 eam,
3319 3281 3376 3325 ut
3436 3280 3553 3326 erat
3593 3272 3744 3325 mira:
3805 3271 4043 3326 levitatis

2467 3369 2567 3432 vir,
2592 3366 2971 3433 derelinquens
3000 3365 3091 3429 ³⁸⁸,
3123 3364 3313 3417 Aluam
3343 3362 3488 3434 (I25)
3516 3363 3806 3417 revertitur
3836 3362 4041 3423 villam,

2465 3473 2628 3528 quam
2678 3455 3047 3510 munificentia
3112 3453 3295 3507 domni
3360 3452 3596 3522 episcopi
3646 3462 4041 3521 promeruerat.

2463 3551 2590 3605 lude
2620 3563 2829 3619 quoque
2864 3547 3024 3602 simili
3062 3546 3220 3601 modo
3247 3547 3653 3609 monasterium,
3680 3547 3821 3616 quod
3859 3545 4041 3599 Altum

2465 3653 2700 3697 montem
2748 3639 2892 3711 (124)
2946 3638 3241 3701 nominant,
3292 3636 3419 3689 dato
3448 3651 3642 3707 magno
3676 3636 3857 3705 precio
3884 3650 4041 3690 com-

2462 3736 2693 3807 paravit,
2726 3733 2815 3786 ubi
2858 3730 3114 3801 quicquid
3154 3730 3255 3784 sibi
3282 3729 3611 3798 praecipuum
3652 3729 3703 3781 in
3750 3743 4039 3781 ornamen-

2466 3827 2537 3879 tis
2590 3824 2662 3864 θεν
2710 3833 2764 3875 ει
2803 3819 3142 3875 vestimentis
3202 3817 3588 3871 ecclesiasticis
3648 3815 3851 3879 fuerat,
3900 3831 4047 3884 qua»

2464 3930 2568 3985 que
2587 3912 2658 3945 ³⁹⁰
2687 3920 2840 3965 antea
2884 3911 2995 3978 ipse
3023 3908 3264 3963 ecclesiae
3293 3916 3489 3961 nostrze
3510 3907 3733 3977 largitus
3757 3906 3929 3961 fuerat
3951 3899 4047 3962 sed

2466 4013 2655 4077 postea
2693 4008 3076 4075 resumpserat,
3110 3998 3251 4053 facta
3283 3998 3574 4053 donatione
3609 3998 3900 4067 congessit.
3933 3996 4048 4050 Hoc

2469 4108 2685 4166 quoque
2714 4090 2970 4145 derelicto
3006 4089 3097 4153 ³⁹¹,
3149 4087 3339 4141 Alnam
3380 4088 3555 4141 denuo
3591 4088 3883 4141 revertitur
3922 4102 4045 4156 per-

2470 4195 2592 4240 acto
2656 4183 2767 4235 vix.
2804 4219 2817 4233 .
2855 4218 2870 4233 .
2907 4219 2920 4232 .
2957 4220 2970 4232 .
3004 4179 3093 4230 "'.
3144 4178 3378 4232 Dederat
3436 4187 3614 4232 autem
3669 4180 3717 4232 ei
3775 4187 3829 4233 et
3882 4180 4051 4233 abbas

2074 4270 2304 4329 VARUE
2344 4272 2743 4333 LECTIONES.

1443 4354 1509 4384 ³⁶⁹
1544 4354 1685 4408 deest
1722 4356 1767 4407 l.

850 4352 919 4384 ³⁸⁸
948 4353 1281 4422 gemblacum
1309 4354 1361 4407 2.
1443 4354 1509 4384 ³⁶⁹
1544 4354 1685 4408 deest
1722 4356 1767 4407 l.
1845 4357 1912 4387 ³⁷⁰
1957 4359 2095 4411 deest
2126 4361 2179 4415 2.

778 4494 1136 4561 tlemptionem
1167 4494 1246 4548 sui
1275 4494 1330 4547 2.
1424 4493 1494 4526 ³⁷⁸
1521 4508 1698 4547 rerum
1721 4496 1775 4547 2.

1366 4633 1433 4667 ass
1482 4634 1710 4687 uude—
1732 4634 1857 4688 fecit
1887 4637 2025 4689 deest
2059 4642 2105 4693 1.

1526 4703 1594 4734 ³⁹⁰
1627 4706 1769 4774 quod
1823 4706 1876 4758 2.

776 4633 832 4686 2.
910 4632 977 4670 ³⁸⁵
1009 4635 1202 4689 rescita
1232 4634 1286 4686 2.

779 4702 830 4771 2.
909 4701 977 4735 ⁸⁸³
1000 4719 1051 4758 o.
1086 4714 1141 4759 et
1180 4706 1363 4757 desunt
1399 4706 1448 4757 1.

2257 4365 2323 4395 ³⁷¹
2368 4368 2419 4420 tl.
2468 4381 2533 4418 ac
2579 4364 2763 4415 desunt
2797 4360 2845 4413 1.

778 4425 1009 4506 munt
1087 4425 1156 4462 ³⁷³
1187 4424 1323 4506 deest
1352 4423 1555 4506 2.“:7‘
1586 4424 1980 4506 izupunuitategz.
2058 4430 2127 4506 ³ξ⁸
2162 4433 2221 4485 E.
2255 4434 2398 4502 juvit
2426 4435 2713 4506 plurimum
2736 4429 2784 4482 ei
2817 4446 2859 4480 r.
2903 4427 3021 4506 edd.

1876 4497 1943 4526 ³⁷³³
1966 4512 2017 4551 a.
2044 4497 2353 4557 aletrannus
2379 4497 2434 4557 ΞΣ

778 4499 1136 4561 ιιεῐηριίοηεηι
1167 4499 1246 4548 sui
1275 4499 1330 4547 2.
1424 4499 1494 4526 ³⁷⁵
1521 4508 1698 4547 rerum
1721 4499 1775 4547 2.
1876 4499 1943 4526 ³⁷⁵³
1966 4512 2017 4551 a.
2044 4499 2353 4558 aletrannus
2379 4499 2439 4559 2.‘
2524 4503 2592 4536 ³⁸⁰
2623 4516 2703 4569 ροε

778 4571 833 4615 ει
856 4574 1137 4633 postquam
1170 4563 1598 4633 quinquennium
1626 4578 1858 4631 pra'csse
1889 4566 1940 4619 2.
2022 4569 2090 4599 ³⁸³
2124 4588 2370 4628 numerus
2399 4576 2537 4629 deest
2572 4575 2622 4626 i.
2650 4571 2703 4624 2.

2184 4641 2253 4673 ³⁸⁸
2281 4644 2619 4699 insolentiam
2640 4641 2693 4693 2.

1956 4707 2020 4738 ⁸⁹¹
2067 4711 2153 4783 bic
2199 4727 2414 4784 quoque
2469 4715 2536 4768 de
2572 4712 2779 4779 reliquo
2831 4710 2878 4762 1.
2943 4708 3161 4775 Hocque
3210 4705 3264 4759 d.
3296 4705 3349 4758 2.
3428 4705 3496 4736 ⁸⁹¹
3521 4706 3593 4758 ita
3619 4707 3666 4759 l.
3717 4707 3770 4759 2.

2933 4358 3002 4388 ⁸⁷⁸
3030 4357 3535 4411 exercitatissinuun
3576 4372 3639 4412 ac
3678 4358 4051 4426 eloquentissi-

3110 4426 3179 4457 ³⁷⁶
3203 4427 3490 4496 quicquam
3521 4441 3705 4479 earqu
3734 4428 3788 4480 2.
3866 4428 3933 4458 ³⁷⁷
3966 4443 4051 4479 re-

2524 4503 2592 4536 ³⁸⁰
2623 4508 2903 4583 ρρεῑᾳιιοίξιη
2934 4497 3150 4550 biennio
3170 4495 3450 4583 profuerat
3476 4496 3942 4583 p‘aralxsi‘sulutus
3967 4510 4050 4551 est

2782 4568 2851 4600 ⁸⁸³
2880 4582 3137 4621 eurarcus
3168 4566 3463 4619 fulcuiuum
3491 4566 3545 4619 2.
3624 4566 3692 4599 "3
3716 4568 4045 4621 laubiensetu

2790 4638 2857 4669 ³⁸⁷
2885 4638 3091 4691 modica
3128 4638 3177 4690 1.
3253 4635 3321 4667 ³⁸⁸
3358 4636 3561 4689 dimisit
3590 4636 3768 4689 alnam
3804 4652 4048 4691 reversus

2297 4803 2527 4861 ΝΟΤᾹΞ.

851 4886 998 4954 (I20)
1043 4886 1098 4942 S.
1126 4886 1303 4942 Sauve
1324 4889 1460 4956 apud
1494 4886 1855 4943 Valentianas.

853 4957 1000 5027 (l2l)
1041 4958 1113 5011 De
1134 4973 1197 5011 ac
1223 4958 1491 5011 rescribit
1522 4967 1726 5027 auctor
1768 4959 1900 5013 Vita:
1950 4960 2174 5017 Gerarili
2224 4964 2356 5018 Bro-

780 5026 1257 5103 uiensis‘abbatiS}
1298 5046 1314 5077 ‹
1355 5026 1475 5080 Fuit.
1502 5026 1682 5103 Ottoui
1710 5028 1885 5103 frater
1921 5030 2227 5097 lleinricus,
2268 5049 2354 5103 pa-

784 5096 848 5148 tri
880 5097 1095 5164 quidem
1126 5097 1418 5167 equivucus
1444 5138 1457 5158 ,
1521 5098 1614 5151 sed
1645 5097 1799 5167 longe
1836 5099 2039 5154 distans
2094 5096 2357 5157 moribus.

783 5166 1036 5219 lustinctu
1068 5166 1211 5221 enim
1247 5167 1592 5222 rcnrnboruut
1638 5166 1791 5221 fratri
1837 5170 2113 5222 rebellavit
2144 5173 2357 5222 infidus.

2383 4925 2433 4984 D

2459 4893 2773 4955 bundanlia,
2811 4905 3132 4945 asseverans
3159 4891 3276 4956 ejus
3304 4897 3561 4942 tutamlna
3590 4891 3858 4943 revexisse
3886 4905 4043 4941 aurea

2463 4965 2731 5033 quondam
2783 4958 3133 5033 tetupttSCula.
3172 4958 3346 5033 ljujus
3381 4959 3456 5033 rei
3506 4958 3706 5033 indicio
3753 4968 3835 5011 est
3884 4958 4042 5028 Ragi-

2468 5027 2628 5087 uerus
2659 5046 2841 5085 comes
2867 5027 3291 5083 llainuocnsinm
3337 5028 3362 5066 δ
3416 5029 3549 5081 baut
3576 5027 3813 5097 ignotus,
3852 5044 4045 5091 cognu.

2468 5111 2648 5157 mento
2681 5099 3042 5171 Lorngicollus.
3068 5099 3195 5171 qui,
3223 5098 3348 5167 quia
3390 5098 3815 5171 tyrannicesuis
3862 5100 4041 5167 inpor-

2469 5172 2760 5222 tunabatur
2785 5166 3253 5222 urovincialibus.’
3281 5178 3334 5222 et
3379 5167 3551 5220 noluit
3586 5166 3921 5222 resipiscere.
3959 5182 4043 5221 se-
