4482 5524
390 374 491 427 5ἷό

1418 382 1502 434 DE
1541 381 1782 434 GESTIS
1819 381 2145 436 ABBATUM
2182 384 2664 442 LAUBIENSIUM.

3522 396 3624 448 574

391 505 512 540 cum
573 505 837 542 consensu
897 489 1122 541 fratrum
1173 491 1324 544 villas
1367 492 1600 545 Stratam
1631 503 1681 546 et
1711 493 1956 547 Gosinia-
1985 502 2032 559 Α
2061 510 2314 567 emptum,
2347 513 2400 556 et
2448 503 2557 557 Deo
2588 502 2916 558 concedente
2968 506 3100 558 satis
3149 505 3364 575 elegans
3443 509 3619 576 perfe-

391 593 499 637 cas,
552 588 605 630 et
650 579 969 631 abbatiolam
1003 581 1171 633 sancti
1206 579 1464 641 Ursmari.
1517 594 1570 636 et
1603 583 1762 636 aliam
1794 599 1953 652 quam

390 668 632 722 Waslare
681 672 1062 723 monasterium
1113 681 1322 725 vocant.
1371 671 1476 726 Sed
1535 675 1647 742 ipse
1679 674 1854 728 locum
1886 675 1954 706 ⁸⁸³

389 765 626 809 nostrum
675 772 888 826 semper
933 773 1214 823 execrans,
1265 761 1444 814 abbati
1495 761 1715 817 insidias
1743 765 1952 818 machi-

387 848 634 910 nabatur,
683 847 1055 917 instigantibus
1077 865 1197 903 eum
1223 851 1288 881 '“
1313 853 1377 904 ad
1409 853 1508 906 lioc
1545 855 1612 884 ⁸³⁸
1656 855 1948 909 nonnullis.

386 934 521 999 Quid
555 936 734 990 multis
774 951 950 991 morer
979 938 1083 990 "'1'
1126 939 1206 992 Ad
1234 940 1333 993 hoc
1357 956 1442 995 res
1482 943 1650 1006 venit,
1697 952 1756 996 ut
1782 944 1951 998 abbas

385 1023 599 1077 cederet
651 1025 788 1087 loco,
834 1027 1007 1080 sciens
1054 1029 1130 1080 sic
1172 1044 1384 1098 quoque
1435 1032 1742 1101 episcopum
1790 1033 1945 1088 velle.

382 1111 514 1166 Nam
564 1115 628 1168 de
688 1130 751 1169 eo
787 1116 916 1168 nihil
969 1129 1210 1172 nostrum
1260 1132 1342 1173 est
1387 1121 1527 1174 aliud
1585 1123 1783 1176 dicere.
1837 1123 1948 1177 Ra-

385 1204 612 1267 therius,
667 1214 723 1258 ut
774 1206 1082 1260 ostenderet
1132 1209 1328 1278 prioris
1375 1211 1665 1266 inimicitiae
1716 1227 1945 1278 causas,

381 1293 557 1348 locum
608 1296 849 1360 invadit,
901 1307 956 1351 et
993 1308 1235 1354 metuens
1281 1302 1497 1366 abbatis
1543 1303 1945 1358 animositatem

378 1389 645 1458 simulque
687 1395 1060 1459 cognationem
1100 1395 1238 1463 ejus,
1294 1413 1412 1466 qua:
1461 1414 1565 1453 non
1593 1409 1709 1454 erat
1740 1400 1945 1462 infima,

378 1477 667 1532 claustrum
717 1481 768 1533 in
821 1483 1033 1536 modum
1081 1484 1283 1538 castelli
1333 1486 1538 1553 cingit,
1571 1488 1638 1541 de
1688 1502 1948 1543 mammoa

377 1581 446 1619 na
486 1567 604 1626 sibi,
651 1578 706 1620 ut
730 1569 962 1633 dicebat,
1022 1574 1234 1626 residuo
1273 1577 1604 1642 quorundam
1645 1578 1950 1646 principum

377 1657 443 1708 ad
501 1657 599 1711 hoc
655 1669 834 1727 empto
890 1662 1194 1728 adjutorio;
1250 1666 1476 1720 ecclesia
1516 1682 1730 1736 quoque
1773 1670 1946 1723 sancti

373 1747 619 1812 Dionisii,
651 1765 808 1817 quam
859 1764 1066 1808 emerat
1101 1771 1129 1808 a
1156 1758 1351 1811 comite
1393 1759 1629 1814 Roberto
1661 1762 1848 1830 viginti
1881 1761 1942 1814 li-

2058 603 2225 648 ctum.
2255 594 2309 647 In
2341 595 2496 662 cujus
2522 595 2740 648 introitu
2773 594 2902 648 fecit
2935 597 3273 659 vestibulum,
3306 597 3355 649 in
3388 614 3493 666 quo
3527 614 3624 668 per

2057 683 2434 737 subterraneos
2470 691 2676 736 meatus
2725 696 2878 751 aqua:
2906 683 3123 737 ductum
3154 683 3301 747 fecit,
3350 700 3468 753 quae
3499 701 3620 739 sur-

2054 790 2171 828 sum
2204 775 2463 828 ebulliens
2489 774 2683 828 ibidem
2719 776 2981 829 scaturire
3025 775 3267 839 videtur,
3302 777 3616 830 concavaria

2054 866 2179 919 huic
2206 865 2467 933 superiori
2499 864 2833 934 receptaculo
2877 875 3196 934 prepirata,
3223 880 3340 934 qua:
3369 880 3464 936 per
3484 881 3615 935 qua-

2053 963 2173 1008 tuor
2221 954 2482 1009 foramina
2541 953 2594 1006 in
2633 953 2904 1022 supposita
2952 953 3056 1005 alia
3104 968 3296 1021 aquam
3341 953 3614 1017 cribrans,

2051 1042 2402 1098 sufficientem
2441 1042 2699 1096 fratribus
2741 1042 3256 1096 administrationem
3308 1058 3460 1112 aqua:
3507 1044 3616 1097 dis-

2052 1135 2206 1189 tillat.
2245 1133 2396 1200 Quod
2444 1132 2785 1188 refectorium
2831 1147 2862 1185 a
2909 1132 3107 1187 domno
3134 1133 3370 1189 Tiedone
3395 1134 3465 1166 ’⁵⁸⁸
3496 1135 3612 1204 epi-

2049 1242 2212 1296 scopo
2259 1234 2634 1280 consecratum
2677 1235 2760 1280 est
2789 1239 2910 1278 cum
2941 1225 3114 1279 cereis
3142 1234 3197 1280 et
3219 1225 3616 1280 timiamateriis

2049 1326 2104 1372 et
2133 1318 2276 1373 omni
2308 1332 2415 1385 quo
2453 1316 2645 1370 domus
2680 1313 3043 1369 consecranda
3071 1324 3155 1370 est
3183 1323 3464 1385 apparatu.
3514 1315 3611 1370 Ec-

2049 1410 2266 1466 clesiam
2298 1409 2470 1462 sancti
2498 1407 2668 1472 Pauli,
2695 1421 2854 1476 quam
2882 1406 3115 1476 llungari
3140 1408 3610 1470 incenderant,re-

2048 1501 2199 1564 texit,
2233 1500 2316 1553 cui
2348 1499 2564 1553 domum
2606 1497 2942 1551 infirmorum
2999 1499 3262 1559 annexit;
3297 1497 3610 1551 obambula-

2047 1590 2240 1643 torium
2285 1589 2526 1653 claustri,
2567 1589 2612 1642 si
2663 1589 2736 1642 ita
2787 1588 3070 1642 dicendum
3124 1596 3203 1641 est
3252 1617 3318 1626 —
3358 1586 3611 1654 quoniam

2047 1696 2189 1734 nunc
2241 1695 2345 1733 non
2395 1679 2538 1732 aliud
2585 1679 2851 1746 quomodo
2900 1677 3284 1731 nominandum
3322 1675 3392 1707 ⁸⁸³
3425 1677 3494 1730 sit
3523 1692 3612 1730 oc-

2047 1772 2218 1826 currit
2274 1771 2592 1825 vocabulum
2618 1799 2707 1832 —,
2740 1769 2944 1822 nullum
2976 1777 3093 1822 erat
3142 1777 3337 1837 prater
3390 1768 3608 1835 capituli

370 1837 588 1891 brarum
643 1848 824 1894 taxato
877 1845 1090 1908 precio,
1148 1844 1303 1912 hujus
1333 1847 1408 1900 rei
1442 1862 1602 1902 causa
1633 1859 1825 1918 sponte
1851 1865 1941 1904 ca-
1973 1836 2015 1894 Β
2044 1861 2140 1916 dou

1851 1865 1941 1904 0³-
1973 1836 2015 1894 Β
2044 1861 2261 1916 domum
2300 1868 2355 1913 et
2381 1860 2610 1930 ligneam
2642 1858 2948 1920 aediculam,
2980 1873 3097 1926 quae
3120 1836 3315 1926 prioris
3341 1856 3605 1912 refectorii

373 1926 499 1978 ruit.
556 1925 664 1980 Nec
713 1930 860 1997 quid,
908 1942 1187 1999 quantum,
1243 1937 1398 1990 cuive
1455 1937 1524 1990 ob
1554 1939 1618 1969 ³⁸⁷
1660 1939 1712 1993 id
1767 1940 1940 2004 daret,

369 2014 654 2082 quicquam
719 2021 864 2085 pensi
917 2021 1119 2075 habuit.
1175 2024 1310 2090 Quid
1368 2026 1566 2095 plura?
1633 2029 1820 2083 Annus
1855 2031 1942 2086 ille

369 2104 448 2155 sic
484 2105 670 2158 ductus
701 2115 802 2170 est,
835 2108 1002 2163 donec
1033 2112 1099 2144 ³⁹⁸
1122 2114 1401 2170 defunctus
1425 2126 1508 2171 est
1539 2118 1804 2173 Evracrus
1829 2122 1942 2188 epi-

366 2207 562 2261 sc0pus
589 2204 642 2248 et
665 2196 714 2247 in
753 2196 868 2250 loco
900 2198 965 2228 ⁸⁹⁹
989 2199 1103 2266 ejus
1126 2202 1431 2272 Nothgerus
1460 2209 1741 2261 successit.
1773 2207 1938 2274 Cujus

368 2281 517 2349 U25)
560 2283 724 2336 animi
767 2285 918 2339 dotes
940 2297 994 2340 et
1044 2290 1299 2346 virtutum
1345 2308 1609 2347 summam
1643 2295 1687 2348 si
1719 2310 1936 2365 pergam

365 2371 570 2436 dicere,
612 2373 863 2439 quoniam
906 2377 1082 2432 adhuc
1121 2389 1362 2448 superest
1407 2383 1578 2453 (126),
1628 2385 1834 2439 adulari
1861 2387 1939 2439 vi-

365 2460 553 2515 debor.
608 2460 780 2515 Unum
825 2479 922 2531 pro
961 2476 1110 2521 certo
1157 2471 1440 2525 dicendum
1491 2483 1592 2538 est,
1649 2476 1791 2543 quod
1857 2477 1939 2529 vir

365 2551 458 2615 sit,
490 2553 542 2605 in
581 2569 736 2622 quem
771 2556 992 2624 Spiritus
1017 2558 1110 2613 Dei
1153 2561 1351 2614 donum
1394 2563 1666 2632 singulare
1709 2567 1938 2619 contulit

363 2644 608 2698 veritatis
653 2657 706 2700 et
757 2649 896 2701 fidei.
955 2648 1055 2714 Qui
1096 2651 1284 2703 nolens
1316 2653 1610 2720 primordia
1643 2669 1739 2708 sua
1801 2655 1936 2710 levia

362 2745 460 2787 aut
487 2739 814 2818 praecipitata
848 2742 1064 2805 haberi,
1115 2745 1354 2800 evocatis
1392 2746 1695 2809 abbatibus,
1725 2749 1936 2804 Werin-

362 2823 517 2877 fredo
551 2828 794 2882 videlicet
826 2846 853 2882 a
891 2831 1178 2886 Stabulaus
1221 2842 1274 2886 et
1303 2834 1584 2890 Heriberto
1643 2839 1710 2891 ab
1757 2838 1936 2893 Anda-

361 2909 510 2980 giiio,
549 2930 666 2967 cum
699 2917 966 2983 aliquibus
1008 2918 1282 2982 fratribus,
1313 2923 1542 2989 primum
1576 2927 1935 2993 conspiratio-

360 3006 448 3057 nis
497 3008 710 3059 exordia
760 3011 986 3075 quaerit,
1034 3011 1250 3065 inventa
1289 3014 1517 3069 trutinat
1568 3025 1622 3070 et
1671 3017 1928 3081 discutit,

360 3093 602 3147 discussa
640 3095 854 3149 demum
887 3097 1090 3164 judicio
1129 3101 1316 3154 utitur.
1371 3102 1470 3157 Ubi
1519 3107 1929 3174 perspexitom-

2034 1953 2254 2020 januam
2283 1951 2548 2006 vestiebat
2572 1950 2642 1982 ⁸⁸⁵
2664 1964 2784 2018 quae
2812 1948 3090 2002 annuatim
3120 1946 3376 2001 scindulis
3398 1947 3465 1977 ⁵⁸⁸
3489 1961 3608 2014 ope-

2043 2044 2279 2096 riebatur
2299 2041 2402 2106 “';
2452 2041 2546 2095 sed
2583 2040 2674 2094 ubi
2722 2040 3008 2093 exsiccata:
3055 2047 3232 2100 erant,
3280 2037 3398 2091 foco
3418 2040 3603 2090 obser-

2040 2132 2256 2186 viebant
2285 2131 2373 2184 “7.
2407 2131 2519 2184 Hoc
2547 2130 2638 2184 illo
2663 2129 2839 2200 lapide
2862 2129 3052 2192 cinxit,
3081 2138 3134 2182 et
3164 2130 3305 2184 facta
3331 2130 3607 2198 contigna-

2041 2225 2203 2286 tione,
2259 2223 2530 2276 asseribus
2553 2222 2623 2254 ‘°'
2649 2237 2772 2276 cum
2797 2221 2985 2275 ferreis
3015 2220 3182 2275 clavis
3219 2223 3372 2275 texit.
3414 2221 3604 2275 Eccle'

2039 2312 2116 2366 sia
2140 2313 2264 2380 quia
2295 2326 2390 2379 per
2424 2326 2481 2366 se
2511 2312 2641 2365 satis
2669 2311 2887 2381 elegans
2915 2319 3050 2373 erat,
3083 2319 3142 2364 ut
3175 2310 3226 2363 in
3267 2312 3603 2365 ornamentis

2038 2401 2332 2470 elegantior
2366 2401 2677 2455 redderetur
2716 2415 2934 2469 operam
2963 2399 3149 2463 dedit;
3200 2415 3358 2469 quam
3399 2400 3464 2454 de
3489 2400 3604 2468 pul-

2038 2492 2168 2546 chra
2219 2490 2347 2544 fecit
2396 2490 2837 2558 pulcherrimam.
2914 2488 3079 2559 Cujus
3123 2488 3312 2542 altaris
3345 2488 3598 2552 tabulam,

2037 2580 2162 2649 quia
2200 2580 2345 2632 nulla
2366 2587 2502 2644 erat,
2543 2578 2672 2632 fecit
2699 2587 3044 2648 argenteam;
3086 2578 3302 2632 domum
3327 2579 3494 2647 ipsam
3525 2577 3602 2631 al-

2039 2670 2171 2723 taris
2194 2678 2249 2722 et
2278 2669 2499 2736 laquear
2527 2669 2695 2737 ipsius
2729 2670 2969 2738 apprime
2998 2669 3066 2701 ⁸⁸⁸
3096 2669 3295 2737 pinxit;
3321 2669 3602 2738 pulpitum-

2036 2775 2140 2829 que
2168 2757 2428 2828 evangelii
2458 2757 2550 2810 tali
2578 2759 2736 2812 modo
2773 2756 2900 2812 fecit
2924 2757 3016 2821 “°,
3063 2767 3121 2811 ut
3156 2766 3334 2811 essent
3371 2765 3603 2824 quatuor

2035 2848 2291 2901 emicedia
2331 2845 2651 2900 altrinsecus
2679 2860 2709 2898 e
2730 2845 2949 2914 regione
2976 2844 3029 2897 in
3065 2847 3278 2898 modum
3302 2844 3483 2898 crucis
3510 2859 3592 2912 po-

2034 2937 2155 3000 sita,
2188 2949 2306 3004 quae
2327 2949 2390 2988 ex
2431 2949 2536 2987 arra
2564 2933 2806 2996 ductilia,
2846 2941 2900 2986 et
2931 2932 2997 2986 ad
3027 2930 3234 2986 libitum
3263 2932 3486 2987 artificis
3509 2948 3603 3000 per

2032 3027 2146 3080 loca
2174 3025 2438 3093 scalprata
2460 3025 2527 3055 ⁸⁸⁸
2566 3032 2621 3078 et
2640 3025 2918 3084 deaurata.
2971 3023 3214 3090 postibus
3247 3022 3600 3090 undiquesse-

2030 3132 2126 3170 cus
2173 3116 2241 3146 “’
2305 3113 2702 3184 deargeutatis,
2779 3113 2830 3167 in
2888 3111 3287 3180 septentrionali
3316 3121 3470 3180 parte
3510 3112 3597 3165 fu-

359 3185 450 3238 nia
499 3201 616 3239 esse
665 3185 875 3251 frivola,
928 3187 1123 3244 fratres
1151 3191 1327 3245 abbati
1361 3195 1672 3248 reconciliat
1711 3195 1803 3260 δυο,
1852 3197 1928 3265 ip-
1957 3179 2000 3240 ο
2033 3208 2183 3259 silem
2221 3205 2419 3258 habent
2441 3179 2677 3270 aquilam
2701 3203 2902 3270 optime
2926 3202 3236 3256 deauratam
3265 3179 3333 3234 διδ
3371 3217 3490 3271 qua;
3519 3203 3598 3256 ίη.

358 3289 482 3327 sum
534 3278 785 3329 restituit.
866 3277 1152 3334 Ratberius
1203 3282 1392 3336 Alnam
1448 3286 1782 3348 revertitur,
1837 3287 1926 3341 ubi

357 3371 608 3432 uterque,
656 3366 769 3433 ipse
800 3367 1046 3423 videlicet
1075 3378 1128 3422 et
1160 3370 1345 3434 abbas,
1379 3372 1478 3426 sibi
1521 3375 1920 3438 reconciliatus,

357 3455 424 3509 de
465 3456 672 3524 reliquo
718 3459 918 3528 deguit.
988 3460 1087 3526 Qui
1129 3471 1312 3530 postea
1365 3465 1503 3532 apud
1553 3463 1877 3520 Namurcum
1912 3508 1924 3530 ,

356 3559 481 3597 cum
514 3545 584 3598 ibi
649 3545 786 3599 forte
813 3564 933 3602 cum
959 3552 1157 3604 comite
1185 3552 1573 3621 aliquantulum
1605 3566 1924 3619 moraretur,

356 3641 470 3692 vita
499 3641 750 3696 decessit.
788 3645 950 3713 Cujus
984 3661 1178 3715 corpus
1215 3647 1278 3700 ad
1312 3664 1405 3700 nos
1447 3648 1699 3713 delatum,
1743 3652 1922 3718 ponti-

355 3730 606 3785 ficalibus
653 3735 891 3801 exequiis
943 3735 1250 3790 solemuiter
1287 3738 1594 3803 celebratis,
1636 3741 1926 3795 honorifice

355 3830 439 3874 est
510 3823 825 3877 tumulatum
863 3826 928 3855 ⁸⁰¹
967 3827 1018 3879 in
1078 3829 1305 3882 ecclesia
1359 3830 1529 3884 sancti
1577 3830 1818 3886 Ursmari
1860 3831 1926 3885 ad

352 3919 568 3980 partem
598 3913 979 3980 aquilonarem.

426 4000 520 4052 29.
564 3999 698 4054 Pace
734 4005 886 4057 nobis
932 4020 1025 4072 per
1070 4006 1160 4060 Dei
1189 4018 1414 4077 gratiam
1443 4010 1713 4082 Nothgero
1737 4025 1927 4084 agente

354 4088 670 4144 ﬁrmissima
723 4092 934 4157 collata,
989 4096 1214 4151 domnus
1243 4099 1523 4168 episcopus
1546 4101 1804 4158 Leodium
1837 4121 1923 4159 re-

351 4180 612 4243 vertitur,
656 4181 913 4249 reliquum
941 4192 1146 4252 tempus
1188 4187 1239 4239 in
1273 4188 1588 4245 innovandis
1626 4193 1736 4247 sive
1767 4194 1926 4248 deco-

351 4269 540 4322 randis
575 4271 778 4324 aedibus
814 4282 866 4324 et
894 4273 1268 4328 ecclesiasticis
1316 4278 1474 4332 rebus
1509 4279 1925 4349 multiplicandis

348 4371 697 4411 consumens.
719 4358 872 4421 Nam,
902 4371 957 4412 ut
982 4376 1164 4415 verum
1201 4364 1484 4431 fateamur,
1519 4368 1692 4423 nullus
1719 4373 1925 4440 prede-

349 4461 631 4500 cessorum
669 4462 911 4512 suorum,
949 4462 1204 4518 quantum
1238 4456 1552 4510 recordatur
1583 4460 1785 4528 Opinio,
1835 4462 1924 4516 illo

2032 3295 2237 3349 terdum
2261 3293 2374 3346 alas
2404 3291 2641 3361 stringit,
2663 3291 2932 3345 interdum
2964 3291 3062 3344 alis
3085 3292 3322 3345 extensis
3344 3307 3601 3362 capacem

2027 3385 2436 3454 Evangeliorum
2497 3381 2668 3436 codici
2718 3381 2891 3435 locum
2953 3382 3136 3449 pandit
3203 3382 3372 3451 (l27),
3437 3381 3599 3436 collo-

2028 3492 2130 3544 que
2183 3474 2334 3544 quasi
2391 3487 2488 3541 pro
2539 3472 2693 3525 libitu
2730 3471 2800 3502 “‘
2839 3470 3126 3526 artificiose
3165 3473 3228 3524 ad
3275 3471 3595 3526 audiendum

2028 3575 2231 3621 retorto
2257 3565 2346 3629 διδ,
2382 3563 2637 3617 immissis
2681 3563 2751 3593 “'
2792 3562 2979 3630 prunis
3010 3561 3356 3632 fragrantiam
3399 3577 3591 3631 super-

2029 3655 2263 3724 iinpositi
2297 3654 2469 3708 thuris
2511 3654 2729 3708 emittit.
2774 3653 2831 3706 In
2877 3652 3195 3706 occidentali
3240 3662 3416 3706 autem
3445 3661 3595 3721 parte

2029 3748 2265 3816 ejusdem
2297 3745 2541 3798 ambonis
2571 3758 2760 3799 versus
2785 3742 3034 3813 populum
3069 3743 3195 3796 fecit
3220 3743 3386 3795 altare
3417 3743 3468 3796 in
3499 3743 3596 3797 ho-

2029 3855 2214 3893 norem
2244 3849 2446 3894 sanctze
2473 3839 2648 3894 crucis
2677 3846 2734 3892 et
2773 3840 3012 3892 omnium
3061 3849 3369 3893 sanctorum
3391 3879 3404 3903 ,
3433 3838 3517 3893 cui
3547 3847 3601 3893 et

2028 3931 2262 3984 tabulam
2288 3937 2594 3998 argenteam
2625 3929 2962 3997 anteposuit,
2989 3937 3042 3982 et
3072 3929 3299 3998 desuper
3331 3927 3597 3982 vivificam

2029 4018 2174 4070 illam
2206 4017 2415 4072 Domini
2444 4017 2729 4084 imaginem
2753 4057 2766 4082 ,
2798 4032 2958 4085 quam
3005 4017 3199 4071 nostris
3229 4017 3402 4071 adhuc
3441 4017 3599 4070 terris

2030 4108 2501 4176 incomparabilem
2551 4108 2663 4176 ipse
2705 4109 2970 4177 quendam
3023 4118 3081 4162 ut
3143 4107 3345 4163 faceret
3407 4123 3598 4178 maguo

2028 4201 2207 4268 precio
2231 4199 2500 4252 locaverat
2521 4199 2610 4262 “7,
2643 4200 2834 4253 erexit.
2872 4200 2944 4253 De
2974 4199 3176 4268 reliquo
3205 4209 3396 4252 ornatu
3427 4197 3597 4253 eccle-

2030 4289 2244 4343 siastico
2289 4298 2342 4342 et
2385 4291 2450 4342 de
2481 4288 2921 4358 multiplicatione
2956 4290 3213 4343 librorum
3259 4290 3310 4342 in
3363 4289 3596 4342 armario

2029 4393 2133 4432 non
2162 4387 2319 4432 vacat
2346 4378 2557 4444 dicere;
2594 4377 2787 4433 sufficit
2816 4395 2880 4434 ex
2928 4378 3196 4448 superfluo
3247 4379 3349 4433 hoc
3377 4377 3446 4410 ‘“
3480 4378 3597 4432 teti-

2028 4469 2185 4538 gisse.
2219 4468 2369 4523 Fecit
2396 4479 2452 4523 et
2489 4485 2744 4524 coronam
2788 4480 3095 4540 argenteam
3123 4510 3136 4534 ,
3180 4470 3232 4523 iu
3265 4484 3366 4539 qua
3413 4457 3600 4522 versus

346 4535 984 4632 εφρηυξηξέθοάίθηδεηι
1027 4541 1309 4596 εεοιθδῖθῐη
1338 4546 1499 4599 rebus
1539 4549 1707 4613 θυλίῐν
1758 4550 1924 4603 αθάίίίί
1953 4521 2001 4579 D
2026 4521 2260 4629 scripsit.
2296 4560 2446 4616 Fecit
2474 4549 2529 4616 et
2565 4521 2879 4632 campana;
2900 4563 3031 4615 duas
3074 4521 3333 4630 majores,
3369 4575 3603 4629 quarum,

347 4625 446 4678 ciis
488 4625 810 4680 nobilitavit.
854 4628 1147 4685 Creverunt
1191 4633 1277 4686 illo
1300 4642 1538 4705 tempore
1569 4648 1620 4692 et
1646 4639 1698 4691 in
1733 4655 1918 4694 mona-

345 4715 518 4770 sterio
554 4727 739 4771 nostro
765 4719 986 4774 aedificia
1038 4724 1309 4790 nonnulla,
1351 4727 1607 4784 instinctu
1660 4732 1919 4803 episcopi,

346 4821 512 4874 opera
586 4809 797 4864 abbatis
861 4811 1023 4866 facta.
1094 4814 1450 4873 Refectorium
1500 4837 1528 4875 a
1575 4822 1921 4882 fundamento

2025 4667 2202 4714 unam,
2258 4667 2377 4720 quae
2409 4653 2641 4706 maxima
2693 4661 2828 4711 erat.
2865 4661 3053 4707 sancto
3099 4651 3292 4713 Petro,
3343 4661 3393 4704 et
3437 4649 3601 4716 aliam,

2025 4753 2210 4798 sancto
2236 4742 2493 4799 Ursmaro
2520 4743 2665 4798 dedit
2693 4744 2781 4797 δι’.
2811 4743 2866 4797 In
2900 4744 3000 4798 ista
3032 4757 3220 4798 versus
3241 4741 3313 4795 hii
3353 4741 3601 4810 inscripti

2023 4843 2194 4886 sunt:
2231 4831 2395 4887 Juuu
2442 4831 2691 4888 Fulcuini
2736 4849 2815 4886 me
2864 4832 3090 4886 condidit
3143 4831 3360 4899 artiﬁcis
3413 4847 3608 4900 manus

1637 4960 1725 5016 VA
1735 4963 1871 5019 RUE
1911 4965 2311 5022 LECTIONES.

418 5081 487 5152 Ψ
519 5085 899 5139 monasterium
930 5085 982 5138 2.
1060 5088 1129 5118 ³⁹³
1165 5090 1301 5145 deest
1335 5095 1380 5146 1.
1460 5095 1527 5126 ³³⁸
1558 5098 1672 5152 haec
1695 5099 1748 5152 2.

345 5219 556 5272 sciebat
586 5221 638 5272 1.

346 5282 414 5316 ⁸¹⁰
447 5287 608 5341 ﬁnxit
631 5288 681 5340 2.

716 5223 787 5255 ‘°'
811 5225 1042 5279 scedulis
1065 5225 1116 5278 2.
1143 5229 1363 5285 scidulis
1393 5232 1438 5284 1.

773 5294 838 5363 9⁸⁸
866 5295 1069 5363 sculpta
1096 5295 1148 5347 2.

347 5102 1380 5180 ...'IL.'.'.'?."2“B'ZL‘1"‘_?;--Z'.i.5‘?f“.‘°
1460 5102 1672 5180 ἷῖἶίιαῗς
1695 5102 1748 5152 2ο
1827 5102 2104 5180 “morer
2152 5105 2205 5156 θ·
2260 5103 2349 5180 ,³⁸⁷
2379 5105 2447 5180 9.1!
2478 5104 2528 5158 id
2560 5105 2830 5180 τέθηπα·

444 5150 623 5242 tecum
645 5152 840 5242 aut“
897 5157 1262 5242 reconciliavit
1300 5164 1410 5242 Α..
1466 5150 1763 5242 ιοξᾼτειῖᾳᾶξι
1809 5150 2304 5242 εαρέὶῗὲἶίὲεοῦἱιῑ.

1517 5236 1588 5266 ⁸⁸⁸
1614 5236 1943 5298 vestiebatur
1958 5241 2010 5292 2.

1231 5299 1297 5332 ’⁸³⁸
1339 5301 1573 5368 undique
1604 5321 1660 5362 se
1693 5325 1846 5367 secus
1879 5312 1945 5367 l?
1973 5309 2025 5361 2-

345 5354 572 5416 reducto
611 5358 731 5414 add.
766 5362 934 5416 Dacia.
983 5354 1073 5395 ’⁸η
1124 5365 1310 5425 invisis
1347 5373 1395 5424 1.
1475 5354 1899 5439 “7112257123:
1927 5354 1937 5364 .
1964 5354 2033 5410 δῖδ
2077 5380 2179 5436 hoc

2909 5105 2978 5138 an
3021 5110 3078 5165 do
3106 5107 3160 5163 ἀ,
3187 5117 3237 5156 e.
3267 5116 3318 5154 e.
3349 5101 3530 5153 desunt
3558 5100 3608 5152 1-.

2382 5175 2450 5206 ‘°’
2484 5176 2693 5231 nedone
2730 5177 2780 5228 1.
2859 5173 2927 5205 ⁸⁸³
2959 5163 3252 5237 dicendum
3281 5168 3337 5221 2.
3431 5167 3499 5200 ⁸⁸⁸
3529 5163 3620 5225 ιιεὲ

2729 5245 2803 5277 tos
2831 5244 3107 5308 assumus
3127 5249 3177 5304 ι,
3249 5237 3314 5308 “ff
3344 5239 3545 5308 optime
3565 5237 3622 5289 2.

2791 5313 2862 5344 διδ
2891 5306 3158 5380 [ibim—9"
3249 5307 3313 5340 δι’
3343 5315 3400 5358 et
3442 5306 3636 5363 iterum

2615 5386 2682 5418 ιη
2708 5384 2993 5460 dedicavit
3024 5394 3062 5448 «ρ

2091 5242 2158 5277 “7
2192 5244 2570 5298 deserviehant
2593 5247 2648 5299 2.

2125 5311 2195 5344 ⁸⁸³
2222 5311 2624 5383 deargenlalam
2655 5317 2709 5371 2.
