  <div class='ocr_page' id='page_1' title='image "/cluster/home/n/w/nwhite01/storage/ocr_20150623/137/hvd.32044021286828/293.png"; bbox 0 0 4482 5524; ppageno 0'>
   <div class='ocr_carea' id='block_1_1' title="bbox 822 487 838 517">
    <p class='ocr_par' dir='ltr' id='par_1_1' title="bbox 822 487 838 517">
     <span class='ocr_line' id='line_1_1' title="bbox 822 487 838 517; baseline 0 0"><span class='ocrx_word' id='word_1_1' title='bbox 822 487 838 517; x_wconf 67' lang='grc'><strong>9</strong></span> 
     </span>
    </p>
   </div>
   <div class='ocr_carea' id='block_1_2' title="bbox 818 472 2992 538">
    <p class='ocr_par' dir='ltr' id='par_1_2' title="bbox 818 472 2992 538">
     <span class='ocr_line' id='line_1_2' title="bbox 818 472 2992 538; baseline -0.005 -1"><span class='ocrx_word' id='word_1_2' title='bbox 818 483 917 538; x_wconf 59' lang='grc' dir='ltr'><strong>τῆς</strong></span> <span class='ocrx_word' id='word_1_3' title='bbox 1913 475 2230 532; x_wconf 72' lang='lat' dir='ltr'><strong>FOLCUINI</strong></span> <span class='ocrx_word' id='word_1_4' title='bbox 2267 472 2553 528; x_wconf 76' lang='lat' dir='ltr'><strong>ABBATIS</strong></span> <span class='ocrx_word' id='word_1_5' title='bbox 2591 473 2992 529; x_wconf 77' lang='lat' dir='ltr'><strong>LAUBIENSIS</strong></span> 
     </span>
    </p>
   </div>
   <div class='ocr_carea' id='block_1_3' title="bbox 3960 466 4063 526">
    <p class='ocr_par' dir='ltr' id='par_1_3' title="bbox 3960 466 4063 526">
     <span class='ocr_line' id='line_1_3' title="bbox 3960 466 4063 526; baseline 0 -1"><span class='ocrx_word' id='word_1_6' title='bbox 3960 466 4063 526; x_wconf 82' lang='lat'><strong>576</strong></span> 
     </span>
    </p>
   </div>
   <div class='ocr_carea' id='block_1_4' title="bbox 818 577 4059 659">
    <p class='ocr_par' dir='ltr' id='par_1_4' title="bbox 818 577 4059 659">
     <span class='ocr_line' id='line_1_4' title="bbox 818 577 4059 659; baseline -0.005 -7"><span class='ocrx_word' id='word_1_7' title='bbox 818 597 1079 659; x_wconf 77' lang='lat' dir='ltr'><strong>Dauielis,</strong></span> <span class='ocrx_word' id='word_1_8' title='bbox 1121 594 1188 647; x_wconf 85' lang='lat' dir='ltr'><strong>ad</strong></span> <span class='ocrx_word' id='word_1_9' title='bbox 1227 592 1436 646; x_wconf 78' lang='lat' dir='ltr'><strong>laudent</strong></span> <span class='ocrx_word' id='word_1_10' title='bbox 1486 590 1713 643; x_wconf 77' lang='lat' dir='ltr'><strong>Triadis.</strong></span> <span class='ocrx_word' id='word_1_11' title='bbox 1748 588 1805 641; x_wconf 85' lang='lat' dir='ltr'><strong>In</strong></span> <span class='ocrx_word' id='word_1_12' title='bbox 1848 588 1952 640; x_wconf 88' lang='lat' dir='ltr'><strong>alia</strong></span> <span class='ocrx_word' id='word_1_13' title='bbox 1986 585 2125 640; x_wconf 99' lang='lat' dir='ltr'><strong>istud</strong></span> <span class='ocrx_word' id='word_1_14' title='bbox 2162 596 2393 639; x_wconf 87' lang='lat' dir='ltr'><strong>tantum—</strong></span> <span class='ocrx_word' id='word_1_15' title='bbox 2423 588 2467 645; x_wconf 76' lang='grc' dir='ltr'><strong>Α</strong></span> <span class='ocrx_word' id='word_1_16' title='bbox 2498 599 2596 638; x_wconf 93' lang='lat' dir='ltr'><strong>nos</strong></span> <span class='ocrx_word' id='word_1_17' title='bbox 2621 597 2834 652; x_wconf 89' lang='lat' dir='ltr'><strong>quoque</strong></span> <span class='ocrx_word' id='word_1_18' title='bbox 2880 582 2947 613; x_wconf 78' lang='grc'>⁸⁸⁹</span> <span class='ocrx_word' id='word_1_19' title='bbox 2985 580 3248 643; x_wconf 88' lang='lat' dir='ltr'><strong>volumus,</strong></span> <span class='ocrx_word' id='word_1_20' title='bbox 3294 587 3349 633; x_wconf 89' lang='lat' dir='ltr'><strong>et</strong></span> <span class='ocrx_word' id='word_1_21' title='bbox 3376 577 3463 632; x_wconf 89' lang='lat' dir='ltr'><strong>tali</strong></span> <span class='ocrx_word' id='word_1_22' title='bbox 3513 578 3669 634; x_wconf 92' lang='lat' dir='ltr'><strong>modo</strong></span> <span class='ocrx_word' id='word_1_23' title='bbox 3714 578 3890 636; x_wconf 68' lang='lat' dir='ltr'><strong>fmnus</strong></span> <span class='ocrx_word' id='word_1_24' title='bbox 3936 596 4059 652; x_wconf 90' lang='lat' dir='ltr'><strong>per-</strong></span> 
     </span>
    </p>
   </div>
   <div class='ocr_carea' id='block_1_5' title="bbox 818 674 2393 749">
    <p class='ocr_par' dir='ltr' id='par_1_5' title="bbox 818 674 2393 749">
     <span class='ocr_line' id='line_1_5' title="bbox 818 674 2393 749; baseline -0.01 -8"><span class='ocrx_word' id='word_1_25' title='bbox 818 686 979 742; x_wconf 82' lang='lat' dir='ltr'><strong>tnudo</strong></span> <span class='ocrx_word' id='word_1_26' title='bbox 1028 705 1039 737; x_wconf 90' lang='lat'>:</span> <span class='ocrx_word' id='word_1_27' title='bbox 1090 682 1381 737; x_wconf 77' lang='lat' dir='ltr'><strong>Fulcut’nus</strong></span> <span class='ocrx_word' id='word_1_28' title='bbox 1444 680 1553 734; x_wconf 84' lang='lat' dir='ltr'><strong>Deo</strong></span> <span class='ocrx_word' id='word_1_29' title='bbox 1595 690 1643 733; x_wconf 81' lang='lat' dir='ltr'><strong>et</strong></span> <span class='ocrx_word' id='word_1_30' title='bbox 1686 689 1906 749; x_wconf 80' lang='lat' dir='ltr'><strong>patrono</strong></span> <span class='ocrx_word' id='word_1_31' title='bbox 1953 694 2048 731; x_wconf 84' lang='lat' dir='ltr'><strong>suo</strong></span> <span class='ocrx_word' id='word_1_32' title='bbox 2103 687 2280 729; x_wconf 78' lang='lat' dir='ltr'><strong>sancto</strong></span> <span class='ocrx_word' id='word_1_33' title='bbox 2326 674 2393 705; x_wconf 80' lang='grc'><strong>⁸¹⁰</strong></span> 
     </span>
    </p>
   </div>
   <div class='ocr_carea' id='block_1_6' title="bbox 819 781 1094 833">
    <p class='ocr_par' dir='ltr' id='par_1_6' title="bbox 819 781 1094 833">
     <span class='ocr_line' id='line_1_6' title="bbox 819 781 1094 833; baseline -0.015 0"><span class='ocrx_word' id='word_1_34' title='bbox 819 781 860 833; x_wconf 87' lang='lat' dir='ltr'><em>U</em></span> <span class='ocrx_word' id='word_1_35' title='bbox 873 794 1094 831; x_wconf 82' lang='lat' dir='ltr'><strong>rsmaro.</strong></span> 
     </span>
    </p>
   </div>
   <div class='ocr_carea' id='block_1_7' title="bbox 888 857 2395 923">
    <p class='ocr_par' dir='ltr' id='par_1_7' title="bbox 888 857 2395 923">
     <span class='ocr_line' id='line_1_7' title="bbox 888 857 2395 923; baseline -0.008 -4"><span class='ocrx_word' id='word_1_36' title='bbox 888 865 977 919; x_wconf 88' lang='grc'><strong>50.</strong></span> <span class='ocrx_word' id='word_1_37' title='bbox 1018 863 1253 917; x_wconf 83' lang='lat' dir='ltr'><strong>Ecclesia</strong></span> <span class='ocrx_word' id='word_1_38' title='bbox 1282 862 1349 893; x_wconf 81' lang='grc'>⁸¹¹</span> <span class='ocrx_word' id='word_1_39' title='bbox 1383 869 1529 914; x_wconf 91' lang='lat' dir='ltr'><strong>trans</strong></span> <span class='ocrx_word' id='word_1_40' title='bbox 1554 858 1835 913; x_wconf 87' lang='lat' dir='ltr'><strong>Samhram</strong></span> <span class='ocrx_word' id='word_1_41' title='bbox 1862 857 1915 911; x_wconf 90' lang='lat' dir='ltr'><strong>in</strong></span> <span class='ocrx_word' id='word_1_42' title='bbox 1942 857 2012 888; x_wconf 78' lang='grc'>⁸³⁸</span> <span class='ocrx_word' id='word_1_43' title='bbox 2036 864 2217 909; x_wconf 87' lang='lat' dir='ltr'><strong>monte</strong></span> <span class='ocrx_word' id='word_1_44' title='bbox 2238 868 2395 923; x_wconf 84' lang='lat' dir='ltr'><strong>quem</strong></span> 
     </span>
    </p>
   </div>
   <div class='ocr_carea' id='block_1_8' title="bbox 820 946 2396 1019">
    <p class='ocr_par' dir='ltr' id='par_1_8' title="bbox 820 946 2396 1019">
     <span class='ocr_line' id='line_1_8' title="bbox 820 946 2396 1019; baseline -0.007 -11"><span class='ocrx_word' id='word_1_45' title='bbox 820 968 917 1008; x_wconf 89' lang='lat' dir='ltr'><strong>nos</strong></span> <span class='ocrx_word' id='word_1_46' title='bbox 947 952 1297 1015; x_wconf 91' lang='lat' dir='ltr'><strong>Sanctorum,</strong></span> <span class='ocrx_word' id='word_1_47' title='bbox 1324 949 1515 1019; x_wconf 92' lang='lat' dir='ltr'><strong>vulgus</strong></span> <span class='ocrx_word' id='word_1_48' title='bbox 1556 947 1847 1002; x_wconf 89' lang='lat' dir='ltr'><strong>Pulchrum</strong></span> <span class='ocrx_word' id='word_1_49' title='bbox 1882 954 2074 1011; x_wconf 88' lang='lat' dir='ltr'><strong>vocat,</strong></span> <span class='ocrx_word' id='word_1_50' title='bbox 2120 946 2234 1013; x_wconf 87' lang='lat' dir='ltr'><strong>ejus</strong></span> <span class='ocrx_word' id='word_1_51' title='bbox 2258 954 2396 998; x_wconf 90' lang='lat' dir='ltr'><strong>tem-</strong></span> 
     </span>
    </p>
   </div>
   <div class='ocr_carea' id='block_1_9' title="bbox 818 1037 2398 1116">
    <p class='ocr_par' dir='ltr' id='par_1_9' title="bbox 818 1037 2398 1116">
     <span class='ocr_line' id='line_1_9' title="bbox 818 1037 2398 1116; baseline -0.006 -17"><span class='ocrx_word' id='word_1_52' title='bbox 818 1060 949 1116; x_wconf 89' lang='lat' dir='ltr'><strong>pore</strong></span> <span class='ocrx_word' id='word_1_53' title='bbox 993 1053 1171 1112; x_wconf 69' lang='lat' dir='ltr'><strong>empta</strong></span> <span class='ocrx_word' id='word_1_54' title='bbox 1207 1051 1291 1096; x_wconf 91' lang='lat' dir='ltr'><strong>est</strong></span> <span class='ocrx_word' id='word_1_55' title='bbox 1321 1042 1608 1095; x_wconf 83' lang='lat' dir='ltr'><strong>occasione</strong></span> <span class='ocrx_word' id='word_1_56' title='bbox 1658 1037 1986 1106; x_wconf 90' lang='lat' dir='ltr'><strong>hujusmodi.</strong></span> <span class='ocrx_word' id='word_1_57' title='bbox 2020 1037 2221 1091; x_wconf 84' lang='lat' dir='ltr'><strong>Arebat</strong></span> <span class='ocrx_word' id='word_1_58' title='bbox 2264 1051 2398 1105; x_wconf 85' lang='lat' dir='ltr'><strong>quo—</strong></span> 
     </span>
    </p>
   </div>
   <div class='ocr_carea' id='block_1_10' title="bbox 818 1127 2395 1203">
    <p class='ocr_par' dir='ltr' id='par_1_10' title="bbox 818 1127 2395 1203">
     <span class='ocr_line' id='line_1_10' title="bbox 818 1127 2395 1203; baseline -0.006 -14"><span class='ocrx_word' id='word_1_59' title='bbox 818 1137 943 1190; x_wconf 90' lang='lat' dir='ltr'><strong>dam</strong></span> <span class='ocrx_word' id='word_1_60' title='bbox 966 1144 1209 1203; x_wconf 90' lang='lat' dir='ltr'><strong>tempore</strong></span> <span class='ocrx_word' id='word_1_61' title='bbox 1238 1132 1310 1171; x_wconf 79' lang='grc'><strong>⁸¹³</strong></span> <span class='ocrx_word' id='word_1_62' title='bbox 1341 1143 1484 1186; x_wconf 90' lang='lat' dir='ltr'><strong>terra</strong></span> <span class='ocrx_word' id='word_1_63' title='bbox 1512 1171 1526 1193; x_wconf 93' lang='lat'><strong>,</strong></span> <span class='ocrx_word' id='word_1_64' title='bbox 1570 1138 1623 1184; x_wconf 91' lang='lat' dir='ltr'><strong>et</strong></span> <span class='ocrx_word' id='word_1_65' title='bbox 1644 1128 1943 1196; x_wconf 85' lang='lat' dir='ltr'><strong>.denegatis</strong></span> <span class='ocrx_word' id='word_1_66' title='bbox 1970 1127 2165 1196; x_wconf 86' lang='lat' dir='ltr'><strong>pluviis</strong></span> <span class='ocrx_word' id='word_1_67' title='bbox 2187 1168 2200 1188; x_wconf 96' lang='lat'><strong>,</strong></span> <span class='ocrx_word' id='word_1_68' title='bbox 2234 1127 2395 1181; x_wconf 87' lang='lat' dir='ltr'><strong>desu-</strong></span> 
     </span>
    </p>
   </div>
   <div class='ocr_carea' id='block_1_11' title="bbox 820 1216 2393 1297">
    <p class='ocr_par' dir='ltr' id='par_1_11' title="bbox 820 1216 2393 1297">
     <span class='ocr_line' id='line_1_11' title="bbox 820 1216 2393 1297; baseline -0.007 -19"><span class='ocrx_word' id='word_1_69' title='bbox 820 1240 918 1294; x_wconf 87' lang='lat' dir='ltr'><strong>per</strong></span> <span class='ocrx_word' id='word_1_70' title='bbox 954 1224 1024 1256; x_wconf 85' lang='grc'><strong>⁸²⁸</strong></span> <span class='ocrx_word' id='word_1_71' title='bbox 1051 1221 1163 1277; x_wconf 88' lang='lat' dir='ltr'><strong>sole</strong></span> <span class='ocrx_word' id='word_1_72' title='bbox 1191 1229 1448 1283; x_wconf 87' lang='lat' dir='ltr'><strong>torrente,</strong></span> <span class='ocrx_word' id='word_1_73' title='bbox 1485 1218 1648 1273; x_wconf 78' lang='lat' dir='ltr'><strong>Helia:</strong></span> <span class='ocrx_word' id='word_1_74' title='bbox 1680 1218 2010 1297; x_wconf 71' lang='lat' dir='ltr'><strong>timebantur</strong></span> <span class='ocrx_word' id='word_1_75' title='bbox 2038 1216 2108 1247; x_wconf 83' lang='grc'><strong>⁸¹⁸</strong></span> <span class='ocrx_word' id='word_1_76' title='bbox 2133 1226 2393 1285; x_wconf 90' lang='lat' dir='ltr'><strong>tempora.</strong></span> 
     </span>
    </p>
   </div>
   <div class='ocr_carea' id='block_1_12' title="bbox 817 1308 2398 1386">
    <p class='ocr_par' dir='ltr' id='par_1_12' title="bbox 817 1308 2398 1386">
     <span class='ocr_line' id='line_1_12' title="bbox 817 1308 2398 1386; baseline -0.008 -13"><span class='ocrx_word' id='word_1_77' title='bbox 817 1317 1006 1373; x_wconf 86' lang='lat' dir='ltr'><strong>Omnis</strong></span> <span class='ocrx_word' id='word_1_78' title='bbox 1054 1316 1205 1386; x_wconf 85' lang='lat' dir='ltr'><strong>plebs</strong></span> <span class='ocrx_word' id='word_1_79' title='bbox 1256 1322 1310 1369; x_wconf 89' lang='lat' dir='ltr'><strong>et</strong></span> <span class='ocrx_word' id='word_1_80' title='bbox 1358 1322 1463 1367; x_wconf 91' lang='lat' dir='ltr'><strong>tota</strong></span> <span class='ocrx_word' id='word_1_81' title='bbox 1495 1311 1769 1382; x_wconf 83' lang='lat' dir='ltr'><strong>provincia</strong></span> <span class='ocrx_word' id='word_1_82' title='bbox 1801 1310 2038 1364; x_wconf 78' lang='lat' dir='ltr'><strong>cucurrit</strong></span> <span class='ocrx_word' id='word_1_83' title='bbox 2083 1318 2302 1377; x_wconf 78' lang='lat' dir='ltr'><strong>experta</strong></span> <span class='ocrx_word' id='word_1_84' title='bbox 2327 1308 2398 1339; x_wconf 84' lang='grc'>⁸¹⁶</span> 
     </span>
    </p>
   </div>
   <div class='ocr_carea' id='block_1_13' title="bbox 819 1397 2397 1477">
    <p class='ocr_par' dir='ltr' id='par_1_13' title="bbox 819 1397 2397 1477">
     <span class='ocr_line' id='line_1_13' title="bbox 819 1397 2397 1477; baseline -0.011 -11"><span class='ocrx_word' id='word_1_85' title='bbox 819 1411 919 1466; x_wconf 86' lang='lat' dir='ltr'><strong>sibi</strong></span> <span class='ocrx_word' id='word_1_86' title='bbox 954 1410 1019 1464; x_wconf 88' lang='lat' dir='ltr'><strong>ad</strong></span> <span class='ocrx_word' id='word_1_87' title='bbox 1054 1406 1330 1477; x_wconf 69' lang='lat' dir='ltr'><strong>suffragia,</strong></span> <span class='ocrx_word' id='word_1_88' title='bbox 1374 1414 1620 1460; x_wconf 86' lang='lat' dir='ltr'><strong>sanctum</strong></span> <span class='ocrx_word' id='word_1_89' title='bbox 1666 1402 1916 1456; x_wconf 87' lang='lat' dir='ltr'><strong>videlicet</strong></span> <span class='ocrx_word' id='word_1_90' title='bbox 1966 1401 2032 1437; x_wconf 73' lang='grc'>⁸⁸⁷</span> <span class='ocrx_word' id='word_1_91' title='bbox 2082 1397 2397 1452; x_wconf 91' lang='lat' dir='ltr'><strong>Ursmarum</strong></span> 
     </span>
    </p>
   </div>
   <div class='ocr_carea' id='block_1_14' title="bbox 820 1488 2397 1574">
    <p class='ocr_par' dir='ltr' id='par_1_14' title="bbox 820 1488 2397 1574">
     <span class='ocr_line' id='line_1_14' title="bbox 820 1488 2397 1574; baseline -0.008 -18"><span class='ocrx_word' id='word_1_92' title='bbox 820 1512 1105 1574; x_wconf 92' lang='lat' dir='ltr'><strong>patronum</strong></span> <span class='ocrx_word' id='word_1_93' title='bbox 1135 1499 1207 1533; x_wconf 76' lang='grc'><strong>⁸⁸⁸</strong></span> <span class='ocrx_word' id='word_1_94' title='bbox 1248 1499 1302 1551; x_wconf 87' lang='lat' dir='ltr'><strong>in</strong></span> <span class='ocrx_word' id='word_1_95' title='bbox 1339 1495 1647 1567; x_wconf 88' lang='lat' dir='ltr'><strong>hujusmodi</strong></span> <span class='ocrx_word' id='word_1_96' title='bbox 1694 1494 1763 1525; x_wconf 76' lang='grc'>⁸⁸³</span> <span class='ocrx_word' id='word_1_97' title='bbox 1803 1491 2167 1546; x_wconf 80' lang='lat' dir='ltr'><strong>anxietatibus</strong></span> <span class='ocrx_word' id='word_1_98' title='bbox 2209 1488 2274 1544; x_wconf 89' lang='lat' dir='ltr'><strong>ad</strong></span> <span class='ocrx_word' id='word_1_99' title='bbox 2302 1489 2397 1543; x_wconf 91' lang='lat' dir='ltr'><strong>Dei</strong></span> 
     </span>
    </p>
   </div>
   <div class='ocr_carea' id='block_1_15' title="bbox 818 1582 2398 1665">
    <p class='ocr_par' dir='ltr' id='par_1_15' title="bbox 818 1582 2398 1665">
     <span class='ocr_line' id='line_1_15' title="bbox 818 1582 2398 1665; baseline -0.008 -18"><span class='ocrx_word' id='word_1_100' title='bbox 818 1593 1049 1665; x_wconf 74' lang='lat' dir='ltr'><strong>gratiam</strong></span> <span class='ocrx_word' id='word_1_101' title='bbox 1079 1588 1544 1660; x_wconf 87' lang='lat' dir='ltr'><strong>repropiciandam</strong></span> <span class='ocrx_word' id='word_1_102' title='bbox 1591 1585 2041 1647; x_wconf 81' lang='lat' dir='ltr'><strong>assuetissimum,</strong></span> <span class='ocrx_word' id='word_1_103' title='bbox 2089 1597 2283 1650; x_wconf 83' lang='lat' dir='ltr'><strong>rogans</strong></span> <span class='ocrx_word' id='word_1_104' title='bbox 2328 1582 2398 1612; x_wconf 74' lang='grc'><strong>⁸³⁸</strong></span> 
     </span>
    </p>
   </div>
   <div class='ocr_carea' id='block_1_16' title="bbox 820 1672 2402 1748">
    <p class='ocr_par' dir='ltr' id='par_1_16' title="bbox 820 1672 2402 1748">
     <span class='ocr_line' id='line_1_16' title="bbox 820 1672 2402 1748; baseline -0.006 -12"><span class='ocrx_word' id='word_1_105' title='bbox 820 1682 1109 1743; x_wconf 86' lang='lat' dir='ltr'><strong>abbatem,</strong></span> <span class='ocrx_word' id='word_1_106' title='bbox 1162 1688 1220 1733; x_wconf 95' lang='lat' dir='ltr'><strong>ut</strong></span> <span class='ocrx_word' id='word_1_107' title='bbox 1266 1677 1489 1748; x_wconf 90' lang='lat' dir='ltr'><strong>prolatis</strong></span> <span class='ocrx_word' id='word_1_108' title='bbox 1528 1684 1837 1731; x_wconf 90' lang='lat' dir='ltr'><strong>sanctorum</strong></span> <span class='ocrx_word' id='word_1_109' title='bbox 1888 1672 2199 1743; x_wconf 83' lang='lat' dir='ltr'><strong>pigneribus</strong></span> <span class='ocrx_word' id='word_1_110' title='bbox 2250 1686 2402 1726; x_wconf 91' lang='lat' dir='ltr'><strong>more</strong></span> 
     </span>
    </p>
   </div>
   <div class='ocr_carea' id='block_1_17' title="bbox 820 1764 2401 1836">
    <p class='ocr_par' dir='ltr' id='par_1_17' title="bbox 820 1764 2401 1836">
     <span class='ocr_line' id='line_1_17' title="bbox 820 1764 2401 1836; baseline -0.004 -10"><span class='ocrx_word' id='word_1_111' title='bbox 820 1772 1141 1828; x_wconf 89' lang='lat' dir='ltr'><strong>lctaniarum</strong></span> <span class='ocrx_word' id='word_1_112' title='bbox 1170 1768 1507 1825; x_wconf 81' lang='lat' dir='ltr'><strong>circumferri</strong></span> <span class='ocrx_word' id='word_1_113' title='bbox 1529 1782 1591 1822; x_wconf 88' lang='lat' dir='ltr'><strong>ea</strong></span> <span class='ocrx_word' id='word_1_114' title='bbox 1615 1768 1933 1836; x_wconf 64' lang='lat' dir='ltr'><strong>prmciperet</strong></span> <span class='ocrx_word' id='word_1_115' title='bbox 1958 1767 2049 1819; x_wconf 83' lang='grc'>⁸³¹.</span> <span class='ocrx_word' id='word_1_116' title='bbox 2076 1765 2210 1819; x_wconf 78' lang='lat' dir='ltr'><strong>Rem</strong></span> <span class='ocrx_word' id='word_1_117' title='bbox 2235 1764 2401 1819; x_wconf 87' lang='lat' dir='ltr'><strong>abbas</strong></span> 
     </span>
    </p>
   </div>
   <div class='ocr_carea' id='block_1_18' title="bbox 820 1854 2401 1924">
    <p class='ocr_par' dir='ltr' id='par_1_18' title="bbox 820 1854 2401 1924">
     <span class='ocr_line' id='line_1_18' title="bbox 820 1854 2401 1924; baseline -0.006 -8"><span class='ocrx_word' id='word_1_118' title='bbox 820 1862 886 1916; x_wconf 88' lang='lat' dir='ltr'><strong>ad</strong></span> <span class='ocrx_word' id='word_1_119' title='bbox 919 1861 1115 1915; x_wconf 81' lang='lat' dir='ltr'><strong>fratres</strong></span> <span class='ocrx_word' id='word_1_120' title='bbox 1146 1859 1333 1921; x_wconf 83' lang='lat' dir='ltr'><strong>refert,</strong></span> <span class='ocrx_word' id='word_1_121' title='bbox 1363 1858 1581 1911; x_wconf 88' lang='lat' dir='ltr'><strong>laudant</strong></span> <span class='ocrx_word' id='word_1_122' title='bbox 1607 1857 1944 1910; x_wconf 89' lang='lat' dir='ltr'><strong>devotionem</strong></span> <span class='ocrx_word' id='word_1_123' title='bbox 1986 1855 2189 1924; x_wconf 85' lang='lat' dir='ltr'><strong>plebis,</strong></span> <span class='ocrx_word' id='word_1_124' title='bbox 2218 1854 2401 1907; x_wconf 87' lang='lat' dir='ltr'><strong>dicunt</strong></span> 
     </span>
    </p>
   </div>
   <div class='ocr_carea' id='block_1_19' title="bbox 820 1921 2477 2015">
    <p class='ocr_par' dir='ltr' id='par_1_19' title="bbox 820 1921 2477 2015">
     <span class='ocr_line' id='line_1_19' title="bbox 820 1921 2477 2015; baseline -0.005 -8"><span class='ocrx_word' id='word_1_125' title='bbox 820 1952 869 2008; x_wconf 92' lang='lat' dir='ltr'><strong>ei</strong></span> <span class='ocrx_word' id='word_1_126' title='bbox 899 1950 991 2015; x_wconf 76' lang='lat'><strong>“’,</strong></span> <span class='ocrx_word' id='word_1_127' title='bbox 1017 1950 1333 2005; x_wconf 82' lang='lat' dir='ltr'><strong>satisfacere</strong></span> <span class='ocrx_word' id='word_1_128' title='bbox 1362 1947 1559 2002; x_wconf 89' lang='lat' dir='ltr'><strong>debere</strong></span> <span class='ocrx_word' id='word_1_129' title='bbox 1600 1946 1692 1999; x_wconf 87' lang='grc'><strong>⁸³³.</strong></span> <span class='ocrx_word' id='word_1_130' title='bbox 1737 1945 1944 2000; x_wconf 81' lang='lat' dir='ltr'><strong>indicto</strong></span> <span class='ocrx_word' id='word_1_131' title='bbox 1970 1960 2101 2013; x_wconf 84' lang='lat' dir='ltr'><strong>ergo</strong></span> <span class='ocrx_word' id='word_1_132' title='bbox 2138 1942 2208 1975; x_wconf 89' lang='grc'>⁸³⁸</span> <span class='ocrx_word' id='word_1_133' title='bbox 2234 1959 2400 2013; x_wconf 84' lang='lat' dir='ltr'><strong>gene-</strong></span> <span class='ocrx_word' id='word_1_134' title='bbox 2434 1921 2477 1979; x_wconf 72' lang='grc' dir='ltr'><strong><em>Β</em></strong></span> 
     </span>
    </p>
   </div>
   <div class='ocr_carea' id='block_1_20' title="bbox 822 2034 2400 2109">
    <p class='ocr_par' dir='ltr' id='par_1_20' title="bbox 822 2034 2400 2109">
     <span class='ocr_line' id='line_1_20' title="bbox 822 2034 2400 2109; baseline -0.005 -13"><span class='ocrx_word' id='word_1_135' title='bbox 822 2042 921 2096; x_wconf 90' lang='lat' dir='ltr'><strong>rali</strong></span> <span class='ocrx_word' id='word_1_136' title='bbox 943 2039 1151 2109; x_wconf 82' lang='lat' dir='ltr'><strong>jejunio</strong></span> <span class='ocrx_word' id='word_1_137' title='bbox 1184 2050 1237 2094; x_wconf 92' lang='lat' dir='ltr'><strong>et</strong></span> <span class='ocrx_word' id='word_1_138' title='bbox 1265 2040 1333 2078; x_wconf 76' lang='grc'><strong>⁸⁸⁸</strong></span> <span class='ocrx_word' id='word_1_139' title='bbox 1358 2039 1444 2094; x_wconf 90' lang='lat' dir='ltr'><strong>die</strong></span> <span class='ocrx_word' id='word_1_140' title='bbox 1475 2038 1725 2107; x_wconf 66' lang='lat' dir='ltr'><strong>praefixo,</strong></span> <span class='ocrx_word' id='word_1_141' title='bbox 1758 2036 1910 2106; x_wconf 84' lang='lat' dir='ltr'><strong>plebs</strong></span> <span class='ocrx_word' id='word_1_142' title='bbox 1938 2044 2081 2089; x_wconf 88' lang='lat' dir='ltr'><strong>tanta</strong></span> <span class='ocrx_word' id='word_1_143' title='bbox 2118 2034 2400 2101; x_wconf 82' lang='lat' dir='ltr'><strong>confluxit,</strong></span> 
     </span>
    </p>
   </div>
   <div class='ocr_carea' id='block_1_21' title="bbox 821 2124 2405 2203">
    <p class='ocr_par' dir='ltr' id='par_1_21' title="bbox 821 2124 2405 2203">
     <span class='ocr_line' id='line_1_21' title="bbox 821 2124 2405 2203; baseline -0.007 -16"><span class='ocrx_word' id='word_1_144' title='bbox 821 2143 1079 2203; x_wconf 84' lang='lat' dir='ltr'><strong>quantam</strong></span> <span class='ocrx_word' id='word_1_145' title='bbox 1111 2132 1181 2163; x_wconf 78' lang='grc'>⁸³⁸</span> <span class='ocrx_word' id='word_1_146' title='bbox 1214 2132 1266 2183; x_wconf 91' lang='lat' dir='ltr'><strong>in</strong></span> <span class='ocrx_word' id='word_1_147' title='bbox 1314 2144 1478 2183; x_wconf 91' lang='lat' dir='ltr'><strong>unum</strong></span> <span class='ocrx_word' id='word_1_148' title='bbox 1528 2126 1900 2196; x_wconf 82' lang='lat' dir='ltr'><strong>conglobatam</strong></span> <span class='ocrx_word' id='word_1_149' title='bbox 1943 2124 2009 2156; x_wconf 86' lang='grc'>⁸⁸⁷</span> <span class='ocrx_word' id='word_1_150' title='bbox 2044 2126 2132 2177; x_wconf 77' lang='lat' dir='ltr'><strong>vix</strong></span> <span class='ocrx_word' id='word_1_151' title='bbox 2176 2124 2246 2156; x_wconf 83' lang='grc'>⁸³⁸</span> <span class='ocrx_word' id='word_1_152' title='bbox 2288 2141 2405 2178; x_wconf 80' lang='lat' dir='ltr'><strong>uin-</strong></span> 
     </span>
    </p>
   </div>
   <div class='ocr_carea' id='block_1_22' title="bbox 823 2213 2405 2291">
    <p class='ocr_par' dir='ltr' id='par_1_22' title="bbox 823 2213 2405 2291">
     <span class='ocr_line' id='line_1_22' title="bbox 823 2213 2405 2291; baseline -0.003 -17"><span class='ocrx_word' id='word_1_153' title='bbox 823 2236 986 2291; x_wconf 90' lang='lat' dir='ltr'><strong>qnam</strong></span> <span class='ocrx_word' id='word_1_154' title='bbox 1014 2221 1149 2274; x_wconf 90' lang='lat' dir='ltr'><strong>vidit</strong></span> <span class='ocrx_word' id='word_1_155' title='bbox 1189 2234 1365 2273; x_wconf 90' lang='lat' dir='ltr'><strong>nemo.</strong></span> <span class='ocrx_word' id='word_1_156' title='bbox 1397 2218 1774 2271; x_wconf 85' lang='lat' dir='ltr'><strong>Producuntur</strong></span> <span class='ocrx_word' id='word_1_157' title='bbox 1801 2215 1869 2255; x_wconf 72' lang='grc'>⁸³⁸</span> <span class='ocrx_word' id='word_1_158' title='bbox 1909 2215 1962 2268; x_wconf 93' lang='lat' dir='ltr'><strong>in</strong></span> <span class='ocrx_word' id='word_1_159' title='bbox 1997 2213 2212 2268; x_wconf 89' lang='lat' dir='ltr'><strong>feretris</strong></span> <span class='ocrx_word' id='word_1_160' title='bbox 2256 2230 2405 2269; x_wconf 88' lang='lat' dir='ltr'><strong>com-</strong></span> 
     </span>
    </p>
   </div>
   <div class='ocr_carea' id='block_1_23' title="bbox 821 2306 2403 2382">
    <p class='ocr_par' dir='ltr' id='par_1_23' title="bbox 821 2306 2403 2382">
     <span class='ocr_line' id='line_1_23' title="bbox 821 2306 2403 2382; baseline -0.014 -15"><span class='ocrx_word' id='word_1_161' title='bbox 821 2312 997 2382; x_wconf 85' lang='lat' dir='ltr'><strong>posita</strong></span> <span class='ocrx_word' id='word_1_162' title='bbox 1046 2319 1355 2365; x_wconf 91' lang='lat' dir='ltr'><strong>sanctorum</strong></span> <span class='ocrx_word' id='word_1_163' title='bbox 1386 2322 1634 2377; x_wconf 87' lang='lat' dir='ltr'><strong>corpora,</strong></span> <span class='ocrx_word' id='word_1_164' title='bbox 1687 2322 1792 2361; x_wconf 93' lang='lat' dir='ltr'><strong>non</strong></span> <span class='ocrx_word' id='word_1_165' title='bbox 1824 2306 1940 2360; x_wconf 89' lang='lat' dir='ltr'><strong>sine</strong></span> <span class='ocrx_word' id='word_1_166' title='bbox 1969 2320 2161 2375; x_wconf 87' lang='lat' dir='ltr'><strong>magno</strong></span> <span class='ocrx_word' id='word_1_167' title='bbox 2205 2306 2273 2336; x_wconf 69' lang='grc' dir='ltr'><strong>διο</strong></span> <span class='ocrx_word' id='word_1_168' title='bbox 2303 2320 2403 2373; x_wconf 81' lang='grc' dir='ltr'><strong>ρο-</strong></span> 
     </span>
    </p>
   </div>
   <div class='ocr_carea' id='block_1_24' title="bbox 819 2398 2402 2474">
    <p class='ocr_par' dir='ltr' id='par_1_24' title="bbox 819 2398 2402 2474">
     <span class='ocr_line' id='line_1_24' title="bbox 819 2398 2402 2474; baseline -0.004 -18"><span class='ocrx_word' id='word_1_169' title='bbox 819 2402 930 2474; x_wconf 85' lang='lat' dir='ltr'><strong>puli</strong></span> <span class='ocrx_word' id='word_1_170' title='bbox 956 2402 1098 2455; x_wconf 91' lang='lat' dir='ltr'><strong>luctu</strong></span> <span class='ocrx_word' id='word_1_171' title='bbox 1122 2400 1388 2471; x_wconf 77' lang='lat' dir='ltr'><strong>permixta</strong></span> <span class='ocrx_word' id='word_1_172' title='bbox 1419 2398 1599 2452; x_wconf 66' lang='lat' dir='ltr'><strong>laetitia</strong></span> <span class='ocrx_word' id='word_1_173' title='bbox 1626 2414 1641 2462; x_wconf 88' lang='lat'><strong>;</strong></span> <span class='ocrx_word' id='word_1_174' title='bbox 1667 2406 1721 2452; x_wconf 88' lang='lat' dir='ltr'><strong>et</strong></span> <span class='ocrx_word' id='word_1_175' title='bbox 1748 2398 1872 2466; x_wconf 88' lang='lat' dir='ltr'><strong>quia</strong></span> <span class='ocrx_word' id='word_1_176' title='bbox 1900 2405 2047 2450; x_wconf 89' lang='lat' dir='ltr'><strong>tanta</strong></span> <span class='ocrx_word' id='word_1_177' title='bbox 2077 2404 2194 2449; x_wconf 84' lang='lat' dir='ltr'><strong>erat</strong></span> <span class='ocrx_word' id='word_1_178' title='bbox 2223 2398 2402 2465; x_wconf 78' lang='lat' dir='ltr'><strong>populi</strong></span> 
     </span>
    </p>
   </div>
   <div class='ocr_carea' id='block_1_25' title="bbox 822 2487 2406 2558">
    <p class='ocr_par' dir='ltr' id='par_1_25' title="bbox 822 2487 2406 2558">
     <span class='ocr_line' id='line_1_25' title="bbox 822 2487 2406 2558; baseline -0.003 -12"><span class='ocrx_word' id='word_1_179' title='bbox 822 2492 1129 2553; x_wconf 89' lang='lat' dir='ltr'><strong>multitudo,</strong></span> <span class='ocrx_word' id='word_1_180' title='bbox 1162 2500 1219 2544; x_wconf 92' lang='lat' dir='ltr'><strong>ut</strong></span> <span class='ocrx_word' id='word_1_181' title='bbox 1250 2505 1371 2545; x_wconf 89' lang='lat' dir='ltr'><strong>eam</strong></span> <span class='ocrx_word' id='word_1_182' title='bbox 1402 2489 1469 2521; x_wconf 80' lang='grc'>⁸⁸³</span> <span class='ocrx_word' id='word_1_183' title='bbox 1497 2488 1735 2558; x_wconf 87' lang='lat' dir='ltr'><strong>cujusvis</strong></span> <span class='ocrx_word' id='word_1_184' title='bbox 1767 2487 1940 2555; x_wconf 85' lang='lat' dir='ltr'><strong>campi</strong></span> <span class='ocrx_word' id='word_1_185' title='bbox 1979 2488 2228 2556; x_wconf 86' lang='lat' dir='ltr'><strong>quamvis</strong></span> <span class='ocrx_word' id='word_1_186' title='bbox 2255 2487 2406 2542; x_wconf 90' lang='lat' dir='ltr'><strong>latis-</strong></span> 
     </span>
    </p>
   </div>
   <div class='ocr_carea' id='block_1_26' title="bbox 823 2578 2406 2649">
    <p class='ocr_par' dir='ltr' id='par_1_26' title="bbox 823 2578 2406 2649">
     <span class='ocr_line' id='line_1_26' title="bbox 823 2578 2406 2649; baseline -0.003 -10"><span class='ocrx_word' id='word_1_187' title='bbox 823 2584 946 2641; x_wconf 88' lang='lat' dir='ltr'><strong>simi</strong></span> <span class='ocrx_word' id='word_1_188' title='bbox 972 2584 1056 2636; x_wconf 75' lang='lat' dir='ltr'><strong>vix</strong></span> <span class='ocrx_word' id='word_1_189' title='bbox 1085 2590 1301 2648; x_wconf 83' lang='lat' dir='ltr'><strong>caperet</strong></span> <span class='ocrx_word' id='word_1_190' title='bbox 1322 2579 1639 2649; x_wconf 87' lang='lat' dir='ltr'><strong>amplitudo,</strong></span> <span class='ocrx_word' id='word_1_191' title='bbox 1668 2586 2079 2648; x_wconf 91' lang='lat' dir='ltr'><strong>proposuerunt,</strong></span> <span class='ocrx_word' id='word_1_192' title='bbox 2111 2587 2167 2631; x_wconf 93' lang='lat' dir='ltr'><strong>ut</strong></span> <span class='ocrx_word' id='word_1_193' title='bbox 2194 2578 2262 2610; x_wconf 75' lang='grc'>⁸⁸³</span> <span class='ocrx_word' id='word_1_194' title='bbox 2303 2579 2406 2634; x_wconf 90' lang='lat' dir='ltr'><strong>hiis</strong></span> 
     </span>
    </p>
   </div>
   <div class='ocr_carea' id='block_1_27' title="bbox 823 2667 2408 2743">
    <p class='ocr_par' dir='ltr' id='par_1_27' title="bbox 823 2667 2408 2743">
     <span class='ocr_line' id='line_1_27' title="bbox 823 2667 2408 2743; baseline -0.004 -14"><span class='ocrx_word' id='word_1_195' title='bbox 823 2675 914 2743; x_wconf 86' lang='lat' dir='ltr'><strong>qui</strong></span> <span class='ocrx_word' id='word_1_196' title='bbox 948 2674 1086 2726; x_wconf 90' lang='lat' dir='ltr'><strong>ultra</strong></span> <span class='ocrx_word' id='word_1_197' title='bbox 1129 2671 1199 2702; x_wconf 86' lang='grc'>⁸⁸³</span> <span class='ocrx_word' id='word_1_198' title='bbox 1238 2669 1519 2724; x_wconf 88' lang='lat' dir='ltr'><strong>Sambram</strong></span> <span class='ocrx_word' id='word_1_199' title='bbox 1547 2678 1700 2722; x_wconf 88' lang='lat' dir='ltr'><strong>erant</strong></span> <span class='ocrx_word' id='word_1_200' title='bbox 1741 2668 1971 2737; x_wconf 91' lang='lat' dir='ltr'><strong>primum</strong></span> <span class='ocrx_word' id='word_1_201' title='bbox 2014 2667 2293 2723; x_wconf 89' lang='lat' dir='ltr'><strong>salutanda</strong></span> <span class='ocrx_word' id='word_1_202' title='bbox 2319 2670 2408 2723; x_wconf 91' lang='lat' dir='ltr'><strong>de-</strong></span> 
     </span>
    </p>
   </div>
   <div class='ocr_carea' id='block_1_28' title="bbox 826 2755 2404 2823">
    <p class='ocr_par' dir='ltr' id='par_1_28' title="bbox 826 2755 2404 2823">
     <span class='ocr_line' id='line_1_28' title="bbox 826 2755 2404 2823; baseline -0.003 -9"><span class='ocrx_word' id='word_1_203' title='bbox 826 2761 1099 2814; x_wconf 88' lang='lat' dir='ltr'><strong>ferrentur</strong></span> <span class='ocrx_word' id='word_1_204' title='bbox 1130 2756 1182 2810; x_wconf 90' lang='lat' dir='ltr'><strong>in</strong></span> <span class='ocrx_word' id='word_1_205' title='bbox 1213 2766 1396 2809; x_wconf 88' lang='lat' dir='ltr'><strong>monte</strong></span> <span class='ocrx_word' id='word_1_206' title='bbox 1421 2769 1581 2822; x_wconf 91' lang='lat' dir='ltr'><strong>supra</strong></span> <span class='ocrx_word' id='word_1_207' title='bbox 1614 2763 1912 2809; x_wconf 89' lang='lat' dir='ltr'><strong>memorato</strong></span> <span class='ocrx_word' id='word_1_208' title='bbox 1949 2765 2002 2808; x_wconf 91' lang='lat' dir='ltr'><strong>et</strong></span> <span class='ocrx_word' id='word_1_209' title='bbox 2029 2756 2080 2808; x_wconf 92' lang='lat' dir='ltr'><strong>in</strong></span> <span class='ocrx_word' id='word_1_210' title='bbox 2123 2755 2241 2809; x_wconf 90' lang='lat' dir='ltr'><strong>loco</strong></span> <span class='ocrx_word' id='word_1_211' title='bbox 2270 2771 2404 2823; x_wconf 75' lang='lat' dir='ltr'><strong>pra:-</strong></span> 
     </span>
    </p>
   </div>
   <div class='ocr_carea' id='block_1_29' title="bbox 826 2844 2407 2915">
    <p class='ocr_par' dir='ltr' id='par_1_29' title="bbox 826 2844 2407 2915">
     <span class='ocr_line' id='line_1_29' title="bbox 826 2844 2407 2915; baseline -0.001 -13"><span class='ocrx_word' id='word_1_212' title='bbox 826 2852 963 2905; x_wconf 93' lang='lat' dir='ltr'><strong>viso.</strong></span> <span class='ocrx_word' id='word_1_213' title='bbox 998 2849 1073 2904; x_wconf 90' lang='lat' dir='ltr'><strong>lbi</strong></span> <span class='ocrx_word' id='word_1_214' title='bbox 1102 2856 1248 2901; x_wconf 86' lang='lat' dir='ltr'><strong>tanta</strong></span> <span class='ocrx_word' id='word_1_215' title='bbox 1276 2845 1377 2899; x_wconf 90' lang='lat' dir='ltr'><strong>fuit</strong></span> <span class='ocrx_word' id='word_1_216' title='bbox 1399 2846 1579 2915; x_wconf 90' lang='lat' dir='ltr'><strong>populi</strong></span> <span class='ocrx_word' id='word_1_217' title='bbox 1602 2844 1838 2909; x_wconf 91' lang='lat' dir='ltr'><strong>devotio,</strong></span> <span class='ocrx_word' id='word_1_218' title='bbox 1869 2854 1928 2898; x_wconf 92' lang='lat' dir='ltr'><strong>ut</strong></span> <span class='ocrx_word' id='word_1_219' title='bbox 1953 2860 2057 2900; x_wconf 92' lang='lat' dir='ltr'><strong>non</strong></span> <span class='ocrx_word' id='word_1_220' title='bbox 2090 2846 2259 2915; x_wconf 92' lang='lat' dir='ltr'><strong>possit</strong></span> <span class='ocrx_word' id='word_1_221' title='bbox 2284 2861 2407 2915; x_wconf 91' lang='lat' dir='ltr'><strong>pro-</strong></span> 
     </span>
    </p>
   </div>
   <div class='ocr_carea' id='block_1_30' title="bbox 824 2936 2408 3010">
    <p class='ocr_par' dir='ltr' id='par_1_30' title="bbox 824 2936 2408 3010">
     <span class='ocr_line' id='line_1_30' title="bbox 824 2936 2408 3010; baseline -0.002 -14"><span class='ocrx_word' id='word_1_222' title='bbox 824 2942 976 3010; x_wconf 84' lang='lat' dir='ltr'><strong>sequi</strong></span> <span class='ocrx_word' id='word_1_223' title='bbox 1014 2940 1084 2971; x_wconf 90' lang='grc'><strong>⁸⁸⁸</strong></span> <span class='ocrx_word' id='word_1_224' title='bbox 1112 2938 1334 3006; x_wconf 90' lang='lat' dir='ltr'><strong>scripto.</strong></span> <span class='ocrx_word' id='word_1_225' title='bbox 1383 2936 1463 2990; x_wconf 80' lang='lat' dir='ltr'><strong>Ex</strong></span> <span class='ocrx_word' id='word_1_226' title='bbox 1504 2937 1840 3006; x_wconf 80' lang='lat' dir='ltr'><strong>sumptibus,</strong></span> <span class='ocrx_word' id='word_1_227' title='bbox 1887 2952 2019 3005; x_wconf 91' lang='lat' dir='ltr'><strong>quos</strong></span> <span class='ocrx_word' id='word_1_228' title='bbox 2052 2937 2275 3008; x_wconf 86' lang='lat' dir='ltr'><strong>largitus</strong></span> <span class='ocrx_word' id='word_1_229' title='bbox 2323 2948 2408 2993; x_wconf 92' lang='lat' dir='ltr'><strong>est</strong></span> 
     </span>
    </p>
   </div>
   <div class='ocr_carea' id='block_1_31' title="bbox 828 3027 2406 3099">
    <p class='ocr_par' dir='ltr' id='par_1_31' title="bbox 828 3027 2406 3099">
     <span class='ocr_line' id='line_1_31' title="bbox 828 3027 2406 3099; baseline 0.002 -18"><span class='ocrx_word' id='word_1_230' title='bbox 828 3028 1075 3099; x_wconf 88' lang='lat' dir='ltr'><strong>populus,</strong></span> <span class='ocrx_word' id='word_1_231' title='bbox 1106 3027 1384 3094; x_wconf 83' lang='lat' dir='ltr'><strong>designata</strong></span> <span class='ocrx_word' id='word_1_232' title='bbox 1416 3034 1522 3090; x_wconf 90' lang='lat' dir='ltr'><strong>est,</strong></span> <span class='ocrx_word' id='word_1_233' title='bbox 1551 3035 1607 3081; x_wconf 88' lang='lat' dir='ltr'><strong>et</strong></span> <span class='ocrx_word' id='word_1_234' title='bbox 1639 3027 1848 3095; x_wconf 90' lang='lat' dir='ltr'><strong>incepta</strong></span> <span class='ocrx_word' id='word_1_235' title='bbox 1893 3027 2155 3092; x_wconf 88' lang='lat' dir='ltr'><strong>ecclesia;</strong></span> <span class='ocrx_word' id='word_1_236' title='bbox 2190 3029 2406 3096; x_wconf 81' lang='lat' dir='ltr'><strong>quando</strong></span> 
     </span>
    </p>
   </div>
   <div class='ocr_carea' id='block_1_32' title="bbox 823 3116 2401 3187">
    <p class='ocr_par' dir='ltr' id='par_1_32' title="bbox 823 3116 2401 3187">
     <span class='ocr_line' id='line_1_32' title="bbox 823 3116 2401 3187; baseline -0.001 -13"><span class='ocrx_word' id='word_1_237' title='bbox 823 3119 967 3175; x_wconf 90' lang='lat' dir='ltr'><strong>vela</strong></span> <span class='ocrx_word' id='word_1_238' title='bbox 997 3134 1104 3187; x_wconf 89' lang='lat' dir='ltr'><strong>quo</strong></span> <span class='ocrx_word' id='word_1_239' title='bbox 1148 3118 1255 3171; x_wconf 88' lang='lat' dir='ltr'><strong>erit</strong></span> <span class='ocrx_word' id='word_1_240' title='bbox 1296 3116 1654 3186; x_wconf 82' lang='lat' dir='ltr'><strong>perficienda,</strong></span> <span class='ocrx_word' id='word_1_241' title='bbox 1694 3116 1746 3169; x_wconf 93' lang='lat' dir='ltr'><strong>in</strong></span> <span class='ocrx_word' id='word_1_242' title='bbox 1797 3117 1889 3171; x_wconf 91' lang='lat' dir='ltr'><strong>Dei</strong></span> <span class='ocrx_word' id='word_1_243' title='bbox 1923 3126 2004 3171; x_wconf 91' lang='lat' dir='ltr'><strong>est</strong></span> <span class='ocrx_word' id='word_1_244' title='bbox 2044 3119 2401 3186; x_wconf 85' lang='lat' dir='ltr'><strong>providentia.</strong></span> 
     </span>
    </p>
   </div>
   <div class='ocr_carea' id='block_1_33' title="bbox 824 3204 2403 3275">
    <p class='ocr_par' dir='ltr' id='par_1_33' title="bbox 824 3204 2403 3275">
     <span class='ocr_line' id='line_1_33' title="bbox 824 3204 2403 3275; baseline -0.002 -12"><span class='ocrx_word' id='word_1_245' title='bbox 824 3210 1115 3275; x_wconf 79' lang='lat' dir='ltr'><strong>Reportata</strong></span> <span class='ocrx_word' id='word_1_246' title='bbox 1167 3214 1294 3259; x_wconf 86' lang='lat' dir='ltr'><strong>sunt</strong></span> <span class='ocrx_word' id='word_1_247' title='bbox 1338 3214 1391 3258; x_wconf 91' lang='lat' dir='ltr'><strong>et</strong></span> <span class='ocrx_word' id='word_1_248' title='bbox 1429 3204 1595 3267; x_wconf 90' lang='lat' dir='ltr'><strong>citra;</strong></span> <span class='ocrx_word' id='word_1_249' title='bbox 1642 3212 1693 3257; x_wconf 91' lang='lat' dir='ltr'><strong>et</strong></span> <span class='ocrx_word' id='word_1_250' title='bbox 1728 3204 1815 3257; x_wconf 91' lang='lat' dir='ltr'><strong>hic</strong></span> <span class='ocrx_word' id='word_1_251' title='bbox 1862 3205 2207 3259; x_wconf 85' lang='lat' dir='ltr'><strong>nihilominus</strong></span> <span class='ocrx_word' id='word_1_252' title='bbox 2256 3216 2403 3260; x_wconf 88' lang='lat' dir='ltr'><strong>tanta</strong></span> 
     </span>
    </p>
   </div>
   <div class='ocr_carea' id='block_1_34' title="bbox 823 3294 2405 3355">
    <p class='ocr_par' dir='ltr' id='par_1_34' title="bbox 823 3294 2405 3355">
     <span class='ocr_line' id='line_1_34' title="bbox 823 3294 2405 3355; baseline -0.002 -2"><span class='ocrx_word' id='word_1_253' title='bbox 823 3309 942 3353; x_wconf 86' lang='lat' dir='ltr'><strong>erat</strong></span> <span class='ocrx_word' id='word_1_254' title='bbox 976 3296 1283 3355; x_wconf 87' lang='lat' dir='ltr'><strong>multitudo,</strong></span> <span class='ocrx_word' id='word_1_255' title='bbox 1328 3302 1385 3348; x_wconf 93' lang='lat' dir='ltr'><strong>ut</strong></span> <span class='ocrx_word' id='word_1_256' title='bbox 1436 3294 1661 3347; x_wconf 84' lang='lat' dir='ltr'><strong>invicem</strong></span> <span class='ocrx_word' id='word_1_257' title='bbox 1696 3301 2024 3348; x_wconf 87' lang='lat' dir='ltr'><strong>artarentur.</strong></span> <span class='ocrx_word' id='word_1_258' title='bbox 2073 3297 2319 3350; x_wconf 87' lang='lat' dir='ltr'><strong>Ostendit</strong></span> <span class='ocrx_word' id='word_1_259' title='bbox 2350 3306 2405 3350; x_wconf 91' lang='lat' dir='ltr'><strong>et</strong></span> 
     </span>
    </p>
   </div>
   <div class='ocr_carea' id='block_1_35' title="bbox 826 3382 2405 3452">
    <p class='ocr_par' dir='ltr' id='par_1_35' title="bbox 826 3382 2405 3452">
     <span class='ocr_line' id='line_1_35' title="bbox 826 3382 2405 3452; baseline -0.001 -9"><span class='ocrx_word' id='word_1_260' title='bbox 826 3388 1085 3443; x_wconf 87' lang='lat' dir='ltr'><strong>Dominus</strong></span> <span class='ocrx_word' id='word_1_261' title='bbox 1119 3386 1454 3440; x_wconf 85' lang='lat' dir='ltr'><strong>devotionem</strong></span> <span class='ocrx_word' id='word_1_262' title='bbox 1488 3384 1645 3437; x_wconf 91' lang='lat' dir='ltr'><strong>istam</strong></span> <span class='ocrx_word' id='word_1_263' title='bbox 1688 3382 1859 3452; x_wconf 90' lang='lat' dir='ltr'><strong>plebis</strong></span> <span class='ocrx_word' id='word_1_264' title='bbox 1895 3398 1991 3452; x_wconf 91' lang='lat' dir='ltr'><strong>per</strong></span> <span class='ocrx_word' id='word_1_265' title='bbox 2012 3385 2199 3439; x_wconf 90' lang='lat' dir='ltr'><strong>merita</strong></span> <span class='ocrx_word' id='word_1_266' title='bbox 2227 3388 2405 3442; x_wconf 86' lang='lat' dir='ltr'><strong>sancti</strong></span> 
     </span>
    </p>
   </div>
   <div class='ocr_carea' id='block_1_36' title="bbox 830 3474 2403 3547">
    <p class='ocr_par' dir='ltr' id='par_1_36' title="bbox 830 3474 2403 3547">
     <span class='ocr_line' id='line_1_36' title="bbox 830 3474 2403 3547; baseline -0.002 -10"><span class='ocrx_word' id='word_1_267' title='bbox 830 3480 1073 3537; x_wconf 87' lang='lat' dir='ltr'><strong>Ursmari</strong></span> <span class='ocrx_word' id='word_1_268' title='bbox 1100 3479 1199 3533; x_wconf 91' lang='lat' dir='ltr'><strong>sibi</strong></span> <span class='ocrx_word' id='word_1_269' title='bbox 1238 3477 1523 3547; x_wconf 84' lang='lat' dir='ltr'><strong>placuisse.</strong></span> <span class='ocrx_word' id='word_1_270' title='bbox 1554 3474 1686 3529; x_wconf 87' lang='lat' dir='ltr'><strong>Nam</strong></span> <span class='ocrx_word' id='word_1_271' title='bbox 1717 3476 1833 3544; x_wconf 92' lang='lat' dir='ltr'><strong>ipso</strong></span> <span class='ocrx_word' id='word_1_272' title='bbox 1858 3475 1945 3529; x_wconf 91' lang='lat' dir='ltr'><strong>die</strong></span> <span class='ocrx_word' id='word_1_273' title='bbox 1973 3476 2024 3528; x_wconf 91' lang='lat' dir='ltr'><strong>in</strong></span> <span class='ocrx_word' id='word_1_274' title='bbox 2066 3491 2256 3546; x_wconf 90' lang='lat' dir='ltr'><strong>magna</strong></span> <span class='ocrx_word' id='word_1_275' title='bbox 2282 3478 2403 3534; x_wconf 71' lang='lat' dir='ltr'><strong>cceli</strong></span> 
     </span>
    </p>
   </div>
   <div class='ocr_carea' id='block_1_37' title="bbox 829 3563 2407 3629">
    <p class='ocr_par' dir='ltr' id='par_1_37' title="bbox 829 3563 2407 3629">
     <span class='ocr_line' id='line_1_37' title="bbox 829 3563 2407 3629; baseline -0.003 -2"><span class='ocrx_word' id='word_1_276' title='bbox 829 3570 1120 3627; x_wconf 86' lang='lat' dir='ltr'><strong>serenitate</strong></span> <span class='ocrx_word' id='word_1_277' title='bbox 1143 3566 1455 3621; x_wconf 86' lang='lat' dir='ltr'><strong>ohnubilato</strong></span> <span class='ocrx_word' id='word_1_278' title='bbox 1482 3565 1548 3597; x_wconf 81' lang='grc'><strong>⁸⁸⁸</strong></span> <span class='ocrx_word' id='word_1_279' title='bbox 1576 3580 1721 3629; x_wconf 90' lang='lat' dir='ltr'><strong>aere,</strong></span> <span class='ocrx_word' id='word_1_280' title='bbox 1767 3563 1943 3619; x_wconf 85' lang='lat' dir='ltr'><strong>factus</strong></span> <span class='ocrx_word' id='word_1_281' title='bbox 1970 3574 2053 3619; x_wconf 92' lang='lat' dir='ltr'><strong>est</strong></span> <span class='ocrx_word' id='word_1_282' title='bbox 2090 3581 2253 3621; x_wconf 90' lang='lat' dir='ltr'><strong>sonus</strong></span> <span class='ocrx_word' id='word_1_283' title='bbox 2279 3569 2407 3623; x_wconf 92' lang='lat' dir='ltr'><strong>sub-</strong></span> 
     </span>
    </p>
   </div>
   <div class='ocr_carea' id='block_1_38' title="bbox 826 3656 2404 3728">
    <p class='ocr_par' dir='ltr' id='par_1_38' title="bbox 826 3656 2404 3728">
     <span class='ocr_line' id='line_1_38' title="bbox 826 3656 2404 3728; baseline -0.006 -9"><span class='ocrx_word' id='word_1_284' title='bbox 826 3671 1090 3719; x_wconf 70' lang='lat' dir='ltr'><strong>secutum</strong></span> <span class='ocrx_word' id='word_1_285' title='bbox 1112 3658 1322 3728; x_wconf 67' lang='lat' dir='ltr'><strong>pluviae.</strong></span> <span class='ocrx_word' id='word_1_286' title='bbox 1347 3656 1475 3724; x_wconf 72' lang='lat' dir='ltr'><strong>Quae</strong></span> <span class='ocrx_word' id='word_1_287' title='bbox 1505 3665 1688 3726; x_wconf 91' lang='lat' dir='ltr'><strong>postea</strong></span> <span class='ocrx_word' id='word_1_288' title='bbox 1720 3665 1825 3710; x_wconf 89' lang='lat' dir='ltr'><strong>tam</strong></span> <span class='ocrx_word' id='word_1_289' title='bbox 1860 3656 2007 3727; x_wconf 86' lang='lat' dir='ltr'><strong>larga</strong></span> <span class='ocrx_word' id='word_1_290' title='bbox 2035 3656 2288 3726; x_wconf 81' lang='lat' dir='ltr'><strong>proﬂuxit</strong></span> <span class='ocrx_word' id='word_1_291' title='bbox 2313 3658 2404 3726; x_wconf 77' lang='grc'>⁸⁸⁸,</span> 
     </span>
    </p>
   </div>
   <div class='ocr_carea' id='block_1_39' title="bbox 826 3749 2401 3817">
    <p class='ocr_par' dir='ltr' id='par_1_39' title="bbox 826 3749 2401 3817">
     <span class='ocr_line' id='line_1_39' title="bbox 826 3749 2401 3817; baseline -0.002 -9"><span class='ocrx_word' id='word_1_292' title='bbox 826 3764 886 3809; x_wconf 90' lang='lat' dir='ltr'><strong>ut</strong></span> <span class='ocrx_word' id='word_1_293' title='bbox 914 3754 1047 3808; x_wconf 88' lang='lat' dir='ltr'><strong>satis</strong></span> <span class='ocrx_word' id='word_1_294' title='bbox 1078 3751 1366 3815; x_wconf 76' lang='lat' dir='ltr'><strong>sufﬁceret,</strong></span> <span class='ocrx_word' id='word_1_295' title='bbox 1403 3760 1457 3805; x_wconf 92' lang='lat' dir='ltr'><strong>et</strong></span> <span class='ocrx_word' id='word_1_296' title='bbox 1487 3750 1671 3817; x_wconf 89' lang='lat' dir='ltr'><strong>copias</strong></span> <span class='ocrx_word' id='word_1_297' title='bbox 1720 3749 1846 3802; x_wconf 91' lang='lat' dir='ltr'><strong>anni</strong></span> <span class='ocrx_word' id='word_1_298' title='bbox 1897 3750 2251 3806; x_wconf 89' lang='lat' dir='ltr'><strong>fertilissimas</strong></span> <span class='ocrx_word' id='word_1_299' title='bbox 2282 3752 2401 3806; x_wconf 89' lang='lat' dir='ltr'><strong>red-</strong></span> 
     </span>
    </p>
   </div>
   <div class='ocr_carea' id='block_1_40' title="bbox 826 3838 2402 3909">
    <p class='ocr_par' dir='ltr' id='par_1_40' title="bbox 826 3838 2402 3909">
     <span class='ocr_line' id='line_1_40' title="bbox 826 3838 2402 3909; baseline -0.001 -15"><span class='ocrx_word' id='word_1_300' title='bbox 826 3846 999 3897; x_wconf 86' lang='lat' dir='ltr'><strong>deret.</strong></span> <span class='ocrx_word' id='word_1_301' title='bbox 1028 3873 1095 3881; x_wconf 96' lang='lat'><strong>—</strong></span> <span class='ocrx_word' id='word_1_302' title='bbox 1126 3842 1191 3895; x_wconf 82' lang='lat' dir='ltr'><strong>Et</strong></span> <span class='ocrx_word' id='word_1_303' title='bbox 1226 3841 1291 3872; x_wconf 79' lang='grc'>⁸⁸⁷</span> <span class='ocrx_word' id='word_1_304' title='bbox 1319 3841 1441 3909; x_wconf 85' lang='lat' dir='ltr'><strong>quia</strong></span> <span class='ocrx_word' id='word_1_305' title='bbox 1474 3854 1663 3907; x_wconf 87' lang='lat' dir='ltr'><strong>parum</strong></span> <span class='ocrx_word' id='word_1_306' title='bbox 1692 3839 1795 3892; x_wconf 91' lang='lat' dir='ltr'><strong>hoc</strong></span> <span class='ocrx_word' id='word_1_307' title='bbox 1818 3838 1883 3893; x_wconf 93' lang='lat' dir='ltr'><strong>de</strong></span> <span class='ocrx_word' id='word_1_308' title='bbox 1913 3840 2201 3895; x_wconf 87' lang='lat' dir='ltr'><strong>virtutibus</strong></span> <span class='ocrx_word' id='word_1_309' title='bbox 2231 3840 2402 3895; x_wconf 87' lang='lat' dir='ltr'><strong>sancti</strong></span> 
     </span>
    </p>
   </div>
   <div class='ocr_carea' id='block_1_41' title="bbox 830 3928 2406 4002">
    <p class='ocr_par' dir='ltr' id='par_1_41' title="bbox 830 3928 2406 4002">
     <span class='ocr_line' id='line_1_41' title="bbox 830 3928 2406 4002; baseline -0.004 -13"><span class='ocrx_word' id='word_1_310' title='bbox 830 3933 1070 3989; x_wconf 89' lang='lat' dir='ltr'><strong>Ursmari</strong></span> <span class='ocrx_word' id='word_1_311' title='bbox 1107 3930 1571 4002; x_wconf 71' lang='lat' dir='ltr'><strong>przegustavimus,</strong></span> <span class='ocrx_word' id='word_1_312' title='bbox 1609 3936 1662 3981; x_wconf 88' lang='lat' dir='ltr'><strong>et</strong></span> <span class='ocrx_word' id='word_1_313' title='bbox 1694 3928 1760 3982; x_wconf 88' lang='lat' dir='ltr'><strong>ad</strong></span> <span class='ocrx_word' id='word_1_314' title='bbox 1806 3929 1975 3982; x_wconf 83' lang='lat' dir='ltr'><strong>nostri</strong></span> <span class='ocrx_word' id='word_1_315' title='bbox 2024 3930 2282 3997; x_wconf 78' lang='lat' dir='ltr'><strong>temporis</strong></span> <span class='ocrx_word' id='word_1_316' title='bbox 2314 3928 2406 3983; x_wconf 68' lang='lat' dir='ltr'><strong>fae-</strong></span> 
     </span>
    </p>
   </div>
   <div class='ocr_carea' id='block_1_42' title="bbox 828 4020 2403 4093">
    <p class='ocr_par' dir='ltr' id='par_1_42' title="bbox 828 4020 2403 4093">
     <span class='ocr_line' id='line_1_42' title="bbox 828 4020 2403 4093; baseline -0.002 -14"><span class='ocrx_word' id='word_1_317' title='bbox 828 4039 965 4089; x_wconf 88' lang='lat' dir='ltr'><strong>cem,</strong></span> <span class='ocrx_word' id='word_1_318' title='bbox 1007 4024 1148 4078; x_wconf 90' lang='lat' dir='ltr'><strong>sicut</strong></span> <span class='ocrx_word' id='word_1_319' title='bbox 1190 4023 1589 4093; x_wconf 90' lang='lat' dir='ltr'><strong>proposuimus,</strong></span> <span class='ocrx_word' id='word_1_320' title='bbox 1624 4021 1735 4075; x_wconf 91' lang='lat' dir='ltr'><strong>Deo</strong></span> <span class='ocrx_word' id='word_1_321' title='bbox 1762 4020 1996 4075; x_wconf 88' lang='lat' dir='ltr'><strong>donante</strong></span> <span class='ocrx_word' id='word_1_322' title='bbox 2040 4024 2403 4091; x_wconf 79' lang='lat' dir='ltr'><strong>pervenimus,</strong></span> 
     </span>
    </p>
   </div>
   <div class='ocr_carea' id='block_1_43' title="bbox 828 4109 2408 4182">
    <p class='ocr_par' dir='ltr' id='par_1_43' title="bbox 828 4109 2408 4182">
     <span class='ocr_line' id='line_1_43' title="bbox 828 4109 2408 4182; baseline -0.001 -16"><span class='ocrx_word' id='word_1_323' title='bbox 828 4112 957 4169; x_wconf 74' lang='lat' dir='ltr'><strong>libet</strong></span> <span class='ocrx_word' id='word_1_324' title='bbox 986 4115 1037 4167; x_wconf 91' lang='lat' dir='ltr'><strong>in</strong></span> <span class='ocrx_word' id='word_1_325' title='bbox 1066 4112 1170 4167; x_wconf 88' lang='lat' dir='ltr'><strong>line</strong></span> <span class='ocrx_word' id='word_1_326' title='bbox 1197 4112 1443 4182; x_wconf 88' lang='lat' dir='ltr'><strong>opusculi</strong></span> <span class='ocrx_word' id='word_1_327' title='bbox 1471 4112 1524 4164; x_wconf 92' lang='lat' dir='ltr'><strong>in</strong></span> <span class='ocrx_word' id='word_1_328' title='bbox 1558 4109 1832 4164; x_wconf 89' lang='lat' dir='ltr'><strong>miraculis</strong></span> <span class='ocrx_word' id='word_1_329' title='bbox 1872 4109 2110 4177; x_wconf 87' lang='lat' dir='ltr'><strong>ejusdem</strong></span> <span class='ocrx_word' id='word_1_330' title='bbox 2145 4111 2213 4142; x_wconf 79' lang='grc'><strong>⁸⁸⁸</strong></span> <span class='ocrx_word' id='word_1_331' title='bbox 2238 4111 2408 4179; x_wconf 89' lang='lat' dir='ltr'><strong>patris</strong></span> 
     </span>
    </p>
   </div>
   <div class='ocr_carea' id='block_1_44' title="bbox 828 4198 2404 4272">
    <p class='ocr_par' dir='ltr' id='par_1_44' title="bbox 828 4198 2404 4272">
     <span class='ocr_line' id='line_1_44' title="bbox 828 4198 2404 4272; baseline -0.003 -15"><span class='ocrx_word' id='word_1_332' title='bbox 828 4201 1245 4272; x_wconf 89' lang='lat' dir='ltr'><strong>aliquanstisper</strong></span> <span class='ocrx_word' id='word_1_333' title='bbox 1275 4199 1573 4255; x_wconf 87' lang='lat' dir='ltr'><strong>immorari.</strong></span> <span class='ocrx_word' id='word_1_334' title='bbox 1602 4198 1735 4253; x_wconf 84' lang='lat' dir='ltr'><strong>Nam</strong></span> <span class='ocrx_word' id='word_1_335' title='bbox 1783 4200 1827 4253; x_wconf 92' lang='lat' dir='ltr'><strong>si</strong></span> <span class='ocrx_word' id='word_1_336' title='bbox 1867 4200 2006 4269; x_wconf 87' lang='lat' dir='ltr'><strong>quod</strong></span> <span class='ocrx_word' id='word_1_337' title='bbox 2036 4200 2404 4269; x_wconf 88' lang='lat' dir='ltr'><strong>promisimus,</strong></span> 
     </span>
    </p>
   </div>
   <div class='ocr_carea' id='block_1_45' title="bbox 2496 674 2773 728">
    <p class='ocr_par' dir='ltr' id='par_1_45' title="bbox 2496 674 2773 728">
     <span class='ocr_line' id='line_1_45' title="bbox 2496 674 2773 728; baseline -0.011 -1"><span class='ocrx_word' id='word_1_338' title='bbox 2496 674 2773 728; x_wconf 88' lang='lat' dir='ltr'><strong>solvimus.</strong></span> 
     </span>
    </p>
   </div>
   <div class='ocr_carea' id='block_1_46' title="bbox 2563 762 4062 834">
    <p class='ocr_par' dir='ltr' id='par_1_46' title="bbox 2563 762 4062 834">
     <span class='ocr_line' id='line_1_46' title="bbox 2563 762 4062 834; baseline -0.001 -13"><span class='ocrx_word' id='word_1_339' title='bbox 2563 767 2652 821; x_wconf 95' lang='grc'><strong>51.</strong></span> <span class='ocrx_word' id='word_1_340' title='bbox 2694 765 2916 819; x_wconf 88' lang='lat' dir='ltr'><strong>Fundus</strong></span> <span class='ocrx_word' id='word_1_341' title='bbox 2958 772 3064 829; x_wconf 90' lang='lat' dir='ltr'><strong>est,</strong></span> <span class='ocrx_word' id='word_1_342' title='bbox 3110 778 3271 833; x_wconf 90' lang='lat' dir='ltr'><strong>quam</strong></span> <span class='ocrx_word' id='word_1_343' title='bbox 3313 764 3381 795; x_wconf 76' lang='grc'><strong>⁸⁸⁸</strong></span> <span class='ocrx_word' id='word_1_344' title='bbox 3422 762 3615 818; x_wconf 82' lang='lat' dir='ltr'><strong>Villam</strong></span> <span class='ocrx_word' id='word_1_345' title='bbox 3665 763 3872 818; x_wconf 83' lang='lat' dir='ltr'><strong>Reliam</strong></span> <span class='ocrx_word' id='word_1_346' title='bbox 3916 764 4062 834; x_wconf 80' lang='lat' dir='ltr'><strong>(I28)</strong></span> 
     </span>
    </p>
   </div>
   <div class='ocr_carea' id='block_1_47' title="bbox 2496 853 4065 918">
    <p class='ocr_par' dir='ltr' id='par_1_47' title="bbox 2496 853 4065 918">
     <span class='ocr_line' id='line_1_47' title="bbox 2496 853 4065 918; baseline -0.001 -9"><span class='ocrx_word' id='word_1_347' title='bbox 2496 864 2719 918; x_wconf 88' lang='lat' dir='ltr'><strong>vocant;</strong></span> <span class='ocrx_word' id='word_1_348' title='bbox 2753 856 2798 908; x_wconf 89' lang='lat' dir='ltr'><strong>is</strong></span> <span class='ocrx_word' id='word_1_349' title='bbox 2825 854 2891 885; x_wconf 72' lang='grc'><strong>⁸⁸⁸</strong></span> <span class='ocrx_word' id='word_1_350' title='bbox 2915 854 3070 908; x_wconf 90' lang='lat' dir='ltr'><strong>nobis</strong></span> <span class='ocrx_word' id='word_1_351' title='bbox 3098 854 3303 907; x_wconf 91' lang='lat' dir='ltr'><strong>vicinus</strong></span> <span class='ocrx_word' id='word_1_352' title='bbox 3326 862 3427 915; x_wconf 90' lang='lat' dir='ltr'><strong>est,</strong></span> <span class='ocrx_word' id='word_1_353' title='bbox 3454 862 3508 907; x_wconf 93' lang='lat' dir='ltr'><strong>et</strong></span> <span class='ocrx_word' id='word_1_354' title='bbox 3532 853 3582 906; x_wconf 91' lang='lat' dir='ltr'><strong>in</strong></span> <span class='ocrx_word' id='word_1_355' title='bbox 3606 867 3671 907; x_wconf 91' lang='lat' dir='ltr'><strong>eo</strong></span> <span class='ocrx_word' id='word_1_356' title='bbox 3706 853 3776 885; x_wconf 77' lang='grc'>⁸⁸³</span> <span class='ocrx_word' id='word_1_357' title='bbox 3805 854 4065 908; x_wconf 83' lang='lat' dir='ltr'><strong>memoria</strong></span> 
     </span>
    </p>
   </div>
   <div class='ocr_carea' id='block_1_48' title="bbox 2497 944 4060 1008">
    <p class='ocr_par' dir='ltr' id='par_1_48' title="bbox 2497 944 4060 1008">
     <span class='ocr_line' id='line_1_48' title="bbox 2497 944 4060 1008; baseline -0.001 -7"><span class='ocrx_word' id='word_1_358' title='bbox 2497 946 2666 1001; x_wconf 88' lang='lat' dir='ltr'><strong>sancti</strong></span> <span class='ocrx_word' id='word_1_359' title='bbox 2719 945 2981 1000; x_wconf 85' lang='lat' dir='ltr'><strong>Ursmari.</strong></span> <span class='ocrx_word' id='word_1_360' title='bbox 3028 944 3231 999; x_wconf 83' lang='lat' dir='ltr'><strong>Ferunt</strong></span> <span class='ocrx_word' id='word_1_361' title='bbox 3274 946 3502 998; x_wconf 89' lang='lat' dir='ltr'><strong>eundem</strong></span> <span class='ocrx_word' id='word_1_362' title='bbox 3552 945 3723 998; x_wconf 82' lang='lat' dir='ltr'><strong>virum</strong></span> <span class='ocrx_word' id='word_1_363' title='bbox 3756 945 3889 1008; x_wconf 91' lang='lat' dir='ltr'><strong>Dei,</strong></span> <span class='ocrx_word' id='word_1_364' title='bbox 3935 946 4060 1000; x_wconf 91' lang='lat' dir='ltr'><strong>dum</strong></span> 
     </span>
    </p>
   </div>
   <div class='ocr_carea' id='block_1_49' title="bbox 2496 1035 4068 1105">
    <p class='ocr_par' dir='ltr' id='par_1_49' title="bbox 2496 1035 4068 1105">
     <span class='ocr_line' id='line_1_49' title="bbox 2496 1035 4068 1105; baseline -0.003 -14"><span class='ocrx_word' id='word_1_365' title='bbox 2496 1038 2697 1091; x_wconf 86' lang='lat' dir='ltr'><strong>mundo</strong></span> <span class='ocrx_word' id='word_1_366' title='bbox 2726 1036 2989 1101; x_wconf 77' lang='lat' dir='ltr'><strong>exularet,</strong></span> <span class='ocrx_word' id='word_1_367' title='bbox 3037 1043 3093 1089; x_wconf 90' lang='lat' dir='ltr'><strong>et</strong></span> <span class='ocrx_word' id='word_1_368' title='bbox 3133 1048 3311 1104; x_wconf 81' lang='lat' dir='ltr'><strong>regem</strong></span> <span class='ocrx_word' id='word_1_369' title='bbox 3360 1036 3500 1103; x_wconf 90' lang='lat' dir='ltr'><strong>apud</strong></span> <span class='ocrx_word' id='word_1_370' title='bbox 3548 1035 3801 1105; x_wconf 87' lang='lat' dir='ltr'><strong>Lyptinas</strong></span> <span class='ocrx_word' id='word_1_371' title='bbox 3831 1050 4068 1089; x_wconf 84' lang='lat' dir='ltr'><strong>commo-</strong></span> 
     </span>
    </p>
   </div>
   <div class='ocr_carea' id='block_1_50' title="bbox 2499 1125 4071 1193">
    <p class='ocr_par' dir='ltr' id='par_1_50' title="bbox 2499 1125 4071 1193">
     <span class='ocr_line' id='line_1_50' title="bbox 2499 1125 4071 1193; baseline -0.003 -12"><span class='ocrx_word' id='word_1_372' title='bbox 2499 1136 2707 1181; x_wconf 90' lang='lat' dir='ltr'><strong>rantem</strong></span> <span class='ocrx_word' id='word_1_373' title='bbox 2734 1126 2804 1158; x_wconf 85' lang='grc'><strong>⁸⁸⁸</strong></span> <span class='ocrx_word' id='word_1_374' title='bbox 2826 1128 3011 1180; x_wconf 88' lang='lat' dir='ltr'><strong>urbem</strong></span> <span class='ocrx_word' id='word_1_375' title='bbox 3039 1126 3282 1180; x_wconf 89' lang='lat' dir='ltr'><strong>crebrius</strong></span> <span class='ocrx_word' id='word_1_376' title='bbox 3316 1125 3587 1189; x_wconf 86' lang='lat' dir='ltr'><strong>inviseret,</strong></span> <span class='ocrx_word' id='word_1_377' title='bbox 3615 1128 3739 1193; x_wconf 88' lang='lat' dir='ltr'><strong>quia</strong></span> <span class='ocrx_word' id='word_1_378' title='bbox 3763 1125 3912 1179; x_wconf 88' lang='lat' dir='ltr'><strong>locus</strong></span> <span class='ocrx_word' id='word_1_379' title='bbox 3941 1140 4071 1179; x_wconf 86' lang='lat' dir='ltr'><strong>con-</strong></span> 
     </span>
    </p>
   </div>
   <div class='ocr_carea' id='block_1_51' title="bbox 2498 1215 4069 1289">
    <p class='ocr_par' dir='ltr' id='par_1_51' title="bbox 2498 1215 4069 1289">
     <span class='ocr_line' id='line_1_51' title="bbox 2498 1215 4069 1289; baseline -0.003 -17"><span class='ocrx_word' id='word_1_380' title='bbox 2498 1220 2678 1289; x_wconf 90' lang='lat' dir='ltr'><strong>tiguus</strong></span> <span class='ocrx_word' id='word_1_381' title='bbox 2714 1218 2812 1272; x_wconf 82' lang='lat' dir='ltr'><strong>viae</strong></span> <span class='ocrx_word' id='word_1_382' title='bbox 2842 1226 2943 1281; x_wconf 90' lang='lat' dir='ltr'><strong>est,</strong></span> <span class='ocrx_word' id='word_1_383' title='bbox 2978 1216 3087 1270; x_wconf 92' lang='lat' dir='ltr'><strong>illic</strong></span> <span class='ocrx_word' id='word_1_384' title='bbox 3126 1215 3341 1270; x_wconf 89' lang='lat' dir='ltr'><strong>solitum</strong></span> <span class='ocrx_word' id='word_1_385' title='bbox 3374 1217 3748 1285; x_wconf 85' lang='lat' dir='ltr'><strong>requiescere;</strong></span> <span class='ocrx_word' id='word_1_386' title='bbox 3796 1226 3956 1285; x_wconf 90' lang='lat' dir='ltr'><strong>atque</strong></span> <span class='ocrx_word' id='word_1_387' title='bbox 3997 1216 4069 1269; x_wconf 88' lang='lat' dir='ltr'><strong>ibi</strong></span> 
     </span>
    </p>
   </div>
   <div class='ocr_carea' id='block_1_52' title="bbox 2498 1305 4073 1375">
    <p class='ocr_par' dir='ltr' id='par_1_52' title="bbox 2498 1305 4073 1375">
     <span class='ocr_line' id='line_1_52' title="bbox 2498 1305 4073 1375; baseline 0.001 -15"><span class='ocrx_word' id='word_1_388' title='bbox 2498 1308 2734 1371; x_wconf 85' lang='lat' dir='ltr'><strong>dentem,</strong></span> <span class='ocrx_word' id='word_1_389' title='bbox 2765 1306 2856 1375; x_wconf 90' lang='lat' dir='ltr'><strong>qui</strong></span> <span class='ocrx_word' id='word_1_390' title='bbox 2886 1306 2955 1360; x_wconf 93' lang='lat' dir='ltr'><strong>ob</strong></span> <span class='ocrx_word' id='word_1_391' title='bbox 3002 1305 3226 1359; x_wconf 91' lang='lat' dir='ltr'><strong>nimium</strong></span> <span class='ocrx_word' id='word_1_392' title='bbox 3272 1305 3509 1359; x_wconf 90' lang='lat' dir='ltr'><strong>dolorem</strong></span> <span class='ocrx_word' id='word_1_393' title='bbox 3537 1335 3605 1345; x_wconf 92' lang='lat'><strong>—</strong></span> <span class='ocrx_word' id='word_1_394' title='bbox 3632 1321 3736 1373; x_wconf 89' lang='lat' dir='ltr'><strong>qua</strong></span> <span class='ocrx_word' id='word_1_395' title='bbox 3776 1306 4073 1361; x_wconf 88' lang='lat' dir='ltr'><strong>valitudine</strong></span> 
     </span>
    </p>
   </div>
   <div class='ocr_carea' id='block_1_53' title="bbox 2502 1396 4069 1466">
    <p class='ocr_par' dir='ltr' id='par_1_53' title="bbox 2502 1396 4069 1466">
     <span class='ocr_line' id='line_1_53' title="bbox 2502 1396 4069 1466; baseline -0.001 -15"><span class='ocrx_word' id='word_1_396' title='bbox 2502 1399 2590 1452; x_wconf 90' lang='lat' dir='ltr'><strong>ille</strong></span> <span class='ocrx_word' id='word_1_397' title='bbox 2620 1398 2908 1466; x_wconf 93' lang='lat' dir='ltr'><strong>plurimum</strong></span> <span class='ocrx_word' id='word_1_398' title='bbox 2938 1396 3217 1451; x_wconf 89' lang='lat' dir='ltr'><strong>laborabat</strong></span> <span class='ocrx_word' id='word_1_399' title='bbox 3257 1427 3322 1435; x_wconf 97' lang='lat'><strong>—</strong></span> <span class='ocrx_word' id='word_1_400' title='bbox 3356 1396 3463 1450; x_wconf 91' lang='lat' dir='ltr'><strong>illic</strong></span> <span class='ocrx_word' id='word_1_401' title='bbox 3492 1396 3789 1459; x_wconf 90' lang='lat' dir='ltr'><strong>deciderat,</strong></span> <span class='ocrx_word' id='word_1_402' title='bbox 3816 1396 3945 1449; x_wconf 88' lang='lat' dir='ltr'><strong>inihi</strong></span> <span class='ocrx_word' id='word_1_403' title='bbox 3975 1396 4069 1449; x_wconf 89' lang='lat' dir='ltr'><strong>de-</strong></span> 
     </span>
    </p>
   </div>
   <div class='ocr_carea' id='block_1_54' title="bbox 2501 1486 4070 1549">
    <p class='ocr_par' dir='ltr' id='par_1_54' title="bbox 2501 1486 4070 1549">
     <span class='ocr_line' id='line_1_54' title="bbox 2501 1486 4070 1549; baseline -0.002 -7"><span class='ocrx_word' id='word_1_404' title='bbox 2501 1488 2721 1543; x_wconf 89' lang='lat' dir='ltr'><strong>fodisse.</strong></span> <span class='ocrx_word' id='word_1_405' title='bbox 2758 1486 2933 1542; x_wconf 89' lang='lat' dir='ltr'><strong>Locus</strong></span> <span class='ocrx_word' id='word_1_406' title='bbox 2964 1486 3065 1541; x_wconf 92' lang='lat' dir='ltr'><strong>iste</strong></span> <span class='ocrx_word' id='word_1_407' title='bbox 3110 1486 3338 1541; x_wconf 89' lang='lat' dir='ltr'><strong>ecclesia</strong></span> <span class='ocrx_word' id='word_1_408' title='bbox 3378 1501 3534 1540; x_wconf 87' lang='lat' dir='ltr'><strong>sacer</strong></span> <span class='ocrx_word' id='word_1_409' title='bbox 3560 1495 3699 1549; x_wconf 86' lang='lat' dir='ltr'><strong>erat,</strong></span> <span class='ocrx_word' id='word_1_410' title='bbox 3732 1488 3825 1541; x_wconf 90' lang='lat' dir='ltr'><strong>sed</strong></span> <span class='ocrx_word' id='word_1_411' title='bbox 3872 1486 4070 1541; x_wconf 90' lang='lat' dir='ltr'><strong>civinm</strong></span> 
     </span>
    </p>
   </div>
   <div class='ocr_carea' id='block_1_55' title="bbox 2500 1576 4073 1651">
    <p class='ocr_par' dir='ltr' id='par_1_55' title="bbox 2500 1576 4073 1651">
     <span class='ocr_line' id='line_1_55' title="bbox 2500 1576 4073 1651; baseline -0.003 -17"><span class='ocrx_word' id='word_1_412' title='bbox 2500 1579 2821 1651; x_wconf 77' lang='lat' dir='ltr'><strong>negligentia</strong></span> <span class='ocrx_word' id='word_1_413' title='bbox 2864 1578 3138 1633; x_wconf 85' lang='lat' dir='ltr'><strong>destructa</strong></span> <span class='ocrx_word' id='word_1_414' title='bbox 3188 1577 3404 1641; x_wconf 88' lang='lat' dir='ltr'><strong>fuerat,</strong></span> <span class='ocrx_word' id='word_1_415' title='bbox 3439 1576 3608 1631; x_wconf 88' lang='lat' dir='ltr'><strong>altare</strong></span> <span class='ocrx_word' id='word_1_416' title='bbox 3644 1577 3716 1609; x_wconf 84' lang='grc'><strong>⁸⁸⁸</strong></span> <span class='ocrx_word' id='word_1_417' title='bbox 3755 1587 3930 1632; x_wconf 91' lang='lat' dir='ltr'><strong>tamen</strong></span> <span class='ocrx_word' id='word_1_418' title='bbox 3972 1576 4073 1630; x_wconf 90' lang='lat' dir='ltr'><strong>loci</strong></span> 
     </span>
    </p>
   </div>
   <div class='ocr_carea' id='block_1_56' title="bbox 2502 1668 4072 1739">
    <p class='ocr_par' dir='ltr' id='par_1_56' title="bbox 2502 1668 4072 1739">
     <span class='ocr_line' id='line_1_56' title="bbox 2502 1668 4072 1739; baseline -0.003 -13"><span class='ocrx_word' id='word_1_419' title='bbox 2502 1672 2759 1727; x_wconf 90' lang='lat' dir='ltr'><strong>incultum</strong></span> <span class='ocrx_word' id='word_1_420' title='bbox 2791 1680 3141 1725; x_wconf 88' lang='lat' dir='ltr'><strong>remanserat.</strong></span> <span class='ocrx_word' id='word_1_421' title='bbox 3169 1669 3357 1725; x_wconf 77' lang='lat' dir='ltr'><strong>Czecus</strong></span> <span class='ocrx_word' id='word_1_422' title='bbox 3382 1669 3599 1739; x_wconf 92' lang='lat' dir='ltr'><strong>quidam</strong></span> <span class='ocrx_word' id='word_1_423' title='bbox 3635 1670 3707 1724; x_wconf 91' lang='lat' dir='ltr'><strong>ibi</strong></span> <span class='ocrx_word' id='word_1_424' title='bbox 3734 1678 3869 1734; x_wconf 88' lang='lat' dir='ltr'><strong>erat,</strong></span> <span class='ocrx_word' id='word_1_425' title='bbox 3904 1670 3988 1723; x_wconf 92' lang='lat' dir='ltr'><strong>cui</strong></span> <span class='ocrx_word' id='word_1_426' title='bbox 4018 1668 4072 1721; x_wconf 89' lang='lat' dir='ltr'><strong>in</strong></span> 
     </span>
    </p>
   </div>
   <div class='ocr_carea' id='block_1_57' title="bbox 2503 1760 4075 1831">
    <p class='ocr_par' dir='ltr' id='par_1_57' title="bbox 2503 1760 4075 1831">
     <span class='ocr_line' id='line_1_57' title="bbox 2503 1760 4075 1831; baseline -0.002 -15"><span class='ocrx_word' id='word_1_427' title='bbox 2503 1770 2735 1816; x_wconf 90' lang='lat' dir='ltr'><strong>mentem</strong></span> <span class='ocrx_word' id='word_1_428' title='bbox 2766 1760 2924 1823; x_wconf 88' lang='lat' dir='ltr'><strong>sedit,</strong></span> <span class='ocrx_word' id='word_1_429' title='bbox 2954 1769 3012 1814; x_wconf 89' lang='lat' dir='ltr'><strong>ut</strong></span> <span class='ocrx_word' id='word_1_430' title='bbox 3041 1760 3210 1813; x_wconf 86' lang='lat' dir='ltr'><strong>altare</strong></span> <span class='ocrx_word' id='word_1_431' title='bbox 3231 1760 3518 1814; x_wconf 88' lang='lat' dir='ltr'><strong>viminibus</strong></span> <span class='ocrx_word' id='word_1_432' title='bbox 3539 1760 3794 1831; x_wconf 81' lang='lat' dir='ltr'><strong>cingeret,</strong></span> <span class='ocrx_word' id='word_1_433' title='bbox 3822 1776 3890 1815; x_wconf 89' lang='lat' dir='ltr'><strong>ne</strong></span> <span class='ocrx_word' id='word_1_434' title='bbox 3918 1773 4075 1829; x_wconf 85' lang='lat' dir='ltr'><strong>peco-</strong></span> 
     </span>
    </p>
   </div>
   <div class='ocr_carea' id='block_1_58' title="bbox 2503 1848 4075 1918">
    <p class='ocr_par' dir='ltr' id='par_1_58' title="bbox 2503 1848 4075 1918">
     <span class='ocr_line' id='line_1_58' title="bbox 2503 1848 4075 1918; baseline -0.001 -14"><span class='ocrx_word' id='word_1_435' title='bbox 2503 1850 2653 1904; x_wconf 89' lang='lat' dir='ltr'><strong>ribus</strong></span> <span class='ocrx_word' id='word_1_436' title='bbox 2699 1859 2789 1903; x_wconf 89' lang='lat' dir='ltr'><strong>aut</strong></span> <span class='ocrx_word' id='word_1_437' title='bbox 2841 1848 3065 1902; x_wconf 85' lang='lat' dir='ltr'><strong>canibus</strong></span> <span class='ocrx_word' id='word_1_438' title='bbox 3112 1848 3308 1903; x_wconf 86' lang='lat' dir='ltr'><strong>adibile</strong></span> <span class='ocrx_word' id='word_1_439' title='bbox 3352 1858 3515 1903; x_wconf 90' lang='lat' dir='ltr'><strong>esset.</strong></span> <span class='ocrx_word' id='word_1_440' title='bbox 3565 1848 3666 1915; x_wconf 86' lang='lat' dir='ltr'><strong>Qui</strong></span> <span class='ocrx_word' id='word_1_441' title='bbox 3716 1849 3946 1918; x_wconf 88' lang='lat' dir='ltr'><strong>quadam</strong></span> <span class='ocrx_word' id='word_1_442' title='bbox 3988 1850 4075 1903; x_wconf 88' lang='lat' dir='ltr'><strong>die</strong></span> 
     </span>
    </p>
   </div>
   <div class='ocr_carea' id='block_1_59' title="bbox 2507 1939 4074 2011">
    <p class='ocr_par' dir='ltr' id='par_1_59' title="bbox 2507 1939 4074 2011">
     <span class='ocr_line' id='line_1_59' title="bbox 2507 1939 4074 2011; baseline 0.002 -19"><span class='ocrx_word' id='word_1_443' title='bbox 2507 1955 2675 2009; x_wconf 92' lang='lat' dir='ltr'><strong>puero</strong></span> <span class='ocrx_word' id='word_1_444' title='bbox 2704 1940 2951 2010; x_wconf 76' lang='lat' dir='ltr'><strong>przeduce</strong></span> <span class='ocrx_word' id='word_1_445' title='bbox 2978 1940 3030 1994; x_wconf 93' lang='lat' dir='ltr'><strong>in</strong></span> <span class='ocrx_word' id='word_1_446' title='bbox 3058 1939 3248 1993; x_wconf 84' lang='lat' dir='ltr'><strong>silvam</strong></span> <span class='ocrx_word' id='word_1_447' title='bbox 3275 1940 3549 2010; x_wconf 80' lang='lat' dir='ltr'><strong>perrexit,</strong></span> <span class='ocrx_word' id='word_1_448' title='bbox 3599 1942 3832 2009; x_wconf 91' lang='lat' dir='ltr'><strong>dumque</strong></span> <span class='ocrx_word' id='word_1_449' title='bbox 3869 1942 4074 2011; x_wconf 82' lang='lat' dir='ltr'><strong>virgam</strong></span> 
     </span>
    </p>
   </div>
   <div class='ocr_carea' id='block_1_60' title="bbox 2507 2030 4076 2101">
    <p class='ocr_par' dir='ltr' id='par_1_60' title="bbox 2507 2030 4076 2101">
     <span class='ocr_line' id='line_1_60' title="bbox 2507 2030 4076 2101; baseline 0 -16"><span class='ocrx_word' id='word_1_450' title='bbox 2507 2032 2573 2085; x_wconf 88' lang='lat' dir='ltr'><strong>ad</strong></span> <span class='ocrx_word' id='word_1_451' title='bbox 2601 2044 2659 2086; x_wconf 90' lang='lat' dir='ltr'><strong>se</strong></span> <span class='ocrx_word' id='word_1_452' title='bbox 2684 2030 2932 2100; x_wconf 90' lang='lat' dir='ltr'><strong>applicat,</strong></span> <span class='ocrx_word' id='word_1_453' title='bbox 2967 2036 3025 2083; x_wconf 92' lang='lat' dir='ltr'><strong>ut</strong></span> <span class='ocrx_word' id='word_1_454' title='bbox 3045 2045 3163 2084; x_wconf 86' lang='lat' dir='ltr'><strong>eam</strong></span> <span class='ocrx_word' id='word_1_455' title='bbox 3188 2045 3308 2084; x_wconf 92' lang='lat' dir='ltr'><strong>cum</strong></span> <span class='ocrx_word' id='word_1_456' title='bbox 3335 2030 3662 2085; x_wconf 87' lang='lat' dir='ltr'><strong>ferramento</strong></span> <span class='ocrx_word' id='word_1_457' title='bbox 3688 2031 4076 2101; x_wconf 71' lang='lat' dir='ltr'><strong>capularet‘”,</strong></span> 
     </span>
    </p>
   </div>
   <div class='ocr_carea' id='block_1_61' title="bbox 2509 2118 4079 2190">
    <p class='ocr_par' dir='ltr' id='par_1_61' title="bbox 2509 2118 4079 2190">
     <span class='ocr_line' id='line_1_61' title="bbox 2509 2118 4079 2190; baseline -0.001 -15"><span class='ocrx_word' id='word_1_458' title='bbox 2509 2122 2562 2175; x_wconf 90' lang='lat' dir='ltr'><strong>in</strong></span> <span class='ocrx_word' id='word_1_459' title='bbox 2596 2121 2666 2153; x_wconf 80' lang='grc'>⁸⁵⁸</span> <span class='ocrx_word' id='word_1_460' title='bbox 2705 2122 2820 2190; x_wconf 91' lang='lat' dir='ltr'><strong>ipso</strong></span> <span class='ocrx_word' id='word_1_461' title='bbox 2850 2121 3134 2174; x_wconf 88' lang='lat' dir='ltr'><strong>conamine</strong></span> <span class='ocrx_word' id='word_1_462' title='bbox 3178 2120 3320 2175; x_wconf 93' lang='lat' dir='ltr'><strong>oculi</strong></span> <span class='ocrx_word' id='word_1_463' title='bbox 3363 2118 3479 2188; x_wconf 89' lang='lat' dir='ltr'><strong>ejus</strong></span> <span class='ocrx_word' id='word_1_464' title='bbox 3511 2119 3582 2174; x_wconf 89' lang='lat' dir='ltr'><strong>ita</strong></span> <span class='ocrx_word' id='word_1_465' title='bbox 3614 2121 3786 2190; x_wconf 90' lang='lat' dir='ltr'><strong>aperti</strong></span> <span class='ocrx_word' id='word_1_466' title='bbox 3835 2130 3989 2185; x_wconf 84' lang='lat' dir='ltr'><strong>sunt,</strong></span> <span class='ocrx_word' id='word_1_467' title='bbox 4020 2130 4079 2174; x_wconf 88' lang='lat' dir='ltr'><strong>ut</strong></span> 
     </span>
    </p>
   </div>
   <div class='ocr_carea' id='block_1_62' title="bbox 2508 2210 3001 2266">
    <p class='ocr_par' dir='ltr' id='par_1_62' title="bbox 2508 2210 3001 2266">
     <span class='ocr_line' id='line_1_62' title="bbox 2508 2210 3001 2266; baseline -0.006 0"><span class='ocrx_word' id='word_1_468' title='bbox 2508 2213 2650 2266; x_wconf 88' lang='lat' dir='ltr'><strong>clare</strong></span> <span class='ocrx_word' id='word_1_469' title='bbox 2678 2212 2886 2265; x_wconf 91' lang='lat' dir='ltr'><strong>videret</strong></span> <span class='ocrx_word' id='word_1_470' title='bbox 2909 2210 3001 2263; x_wconf 78' lang='grc' dir='ltr'>⁸⁸τ.</span> 
     </span>
    </p>
   </div>
   <div class='ocr_carea' id='block_1_63' title="bbox 2577 2299 4079 2369">
    <p class='ocr_par' dir='ltr' id='par_1_63' title="bbox 2577 2299 4079 2369">
     <span class='ocr_line' id='line_1_63' title="bbox 2577 2299 4079 2369; baseline -0.001 -15"><span class='ocrx_word' id='word_1_471' title='bbox 2577 2300 2666 2355; x_wconf 97' lang='lat'><strong>52.</strong></span> <span class='ocrx_word' id='word_1_472' title='bbox 2705 2300 2854 2353; x_wconf 84' lang='lat' dir='ltr'><strong>Anus</strong></span> <span class='ocrx_word' id='word_1_473' title='bbox 2879 2300 3121 2369; x_wconf 73' lang='lat' dir='ltr'><strong>quaedam</strong></span> <span class='ocrx_word' id='word_1_474' title='bbox 3174 2300 3312 2369; x_wconf 92' lang='lat' dir='ltr'><strong>apud</strong></span> <span class='ocrx_word' id='word_1_475' title='bbox 3356 2312 3454 2352; x_wconf 90' lang='lat' dir='ltr'><strong>nos</strong></span> <span class='ocrx_word' id='word_1_476' title='bbox 3488 2306 3625 2361; x_wconf 89' lang='lat' dir='ltr'><strong>erat,</strong></span> <span class='ocrx_word' id='word_1_477' title='bbox 3658 2313 3776 2367; x_wconf 64' lang='lat' dir='ltr'><strong>quae</strong></span> <span class='ocrx_word' id='word_1_478' title='bbox 3812 2299 4079 2353; x_wconf 88' lang='lat' dir='ltr'><strong>interdum</strong></span> 
     </span>
    </p>
   </div>
   <div class='ocr_carea' id='block_1_64' title="bbox 2509 2387 4082 2459">
    <p class='ocr_par' dir='ltr' id='par_1_64' title="bbox 2509 2387 4082 2459">
     <span class='ocr_line' id='line_1_64' title="bbox 2509 2387 4082 2459; baseline -0.001 -14"><span class='ocrx_word' id='word_1_479' title='bbox 2509 2390 2750 2445; x_wconf 71' lang='lat' dir='ltr'><strong>ecclesia:</strong></span> <span class='ocrx_word' id='word_1_480' title='bbox 2794 2390 3110 2459; x_wconf 91' lang='lat' dir='ltr'><strong>stipendiis,</strong></span> <span class='ocrx_word' id='word_1_481' title='bbox 3171 2388 3438 2442; x_wconf 89' lang='lat' dir='ltr'><strong>interdum</strong></span> <span class='ocrx_word' id='word_1_482' title='bbox 3493 2387 3729 2443; x_wconf 80' lang='lat' dir='ltr'><strong>fidelium</strong></span> <span class='ocrx_word' id='word_1_483' title='bbox 3776 2388 4082 2443; x_wconf 86' lang='lat' dir='ltr'><strong>elemosinis</strong></span> 
     </span>
    </p>
   </div>
   <div class='ocr_carea' id='block_1_65' title="bbox 2510 2478 4082 2547">
    <p class='ocr_par' dir='ltr' id='par_1_65' title="bbox 2510 2478 4082 2547">
     <span class='ocr_line' id='line_1_65' title="bbox 2510 2478 4082 2547; baseline -0.003 -11"><span class='ocrx_word' id='word_1_484' title='bbox 2510 2481 2770 2536; x_wconf 89' lang='lat' dir='ltr'><strong>alebatur.</strong></span> <span class='ocrx_word' id='word_1_485' title='bbox 2800 2478 2963 2547; x_wconf 85' lang='lat' dir='ltr'><strong>Cujus</strong></span> <span class='ocrx_word' id='word_1_486' title='bbox 2994 2495 3187 2533; x_wconf 89' lang='lat' dir='ltr'><strong>manus</strong></span> <span class='ocrx_word' id='word_1_487' title='bbox 3210 2480 3427 2533; x_wconf 80' lang='lat' dir='ltr'><strong>dextera</strong></span> <span class='ocrx_word' id='word_1_488' title='bbox 3453 2478 3523 2533; x_wconf 91' lang='lat' dir='ltr'><strong>ita</strong></span> <span class='ocrx_word' id='word_1_489' title='bbox 3554 2488 3670 2533; x_wconf 88' lang='lat' dir='ltr'><strong>erat</strong></span> <span class='ocrx_word' id='word_1_490' title='bbox 3694 2489 3988 2542; x_wconf 86' lang='lat' dir='ltr'><strong>contracta,</strong></span> <span class='ocrx_word' id='word_1_491' title='bbox 4023 2489 4082 2533; x_wconf 94' lang='lat' dir='ltr'><strong>ut</strong></span> 
     </span>
    </p>
   </div>
   <div class='ocr_carea' id='block_1_66' title="bbox 2509 2568 4081 2641">
    <p class='ocr_par' dir='ltr' id='par_1_66' title="bbox 2509 2568 4081 2641">
     <span class='ocr_line' id='line_1_66' title="bbox 2509 2568 4081 2641; baseline -0.001 -16"><span class='ocrx_word' id='word_1_492' title='bbox 2509 2586 2714 2641; x_wconf 91' lang='lat' dir='ltr'><strong>ungues</strong></span> <span class='ocrx_word' id='word_1_493' title='bbox 2754 2568 3044 2638; x_wconf 85' lang='lat' dir='ltr'><strong>digitorum</strong></span> <span class='ocrx_word' id='word_1_494' title='bbox 3092 2569 3263 2624; x_wconf 88' lang='lat' dir='ltr'><strong>volam</strong></span> <span class='ocrx_word' id='word_1_495' title='bbox 3309 2568 3498 2637; x_wconf 64' lang='lat' dir='ltr'><strong>palmae</strong></span> <span class='ocrx_word' id='word_1_496' title='bbox 3553 2570 3865 2623; x_wconf 87' lang='lat' dir='ltr'><strong>viderentur</strong></span> <span class='ocrx_word' id='word_1_497' title='bbox 3905 2568 4081 2639; x_wconf 82' lang='lat' dir='ltr'><strong>perfo-</strong></span> 
     </span>
    </p>
   </div>
   <div class='ocr_carea' id='block_1_67' title="bbox 2511 2658 4079 2729">
    <p class='ocr_par' dir='ltr' id='par_1_67' title="bbox 2511 2658 4079 2729">
     <span class='ocr_line' id='line_1_67' title="bbox 2511 2658 4079 2729; baseline -0.001 -14"><span class='ocrx_word' id='word_1_498' title='bbox 2511 2676 2659 2715; x_wconf 88' lang='lat' dir='ltr'><strong>rasse</strong></span> <span class='ocrx_word' id='word_1_499' title='bbox 2685 2660 2774 2713; x_wconf 83' lang='grc'>⁸⁸⁸.</span> <span class='ocrx_word' id='word_1_500' title='bbox 2804 2659 2928 2714; x_wconf 66' lang='lat' dir='ltr'><strong>Hazc</strong></span> <span class='ocrx_word' id='word_1_501' title='bbox 2952 2658 3039 2714; x_wconf 92' lang='lat' dir='ltr'><strong>die</strong></span> <span class='ocrx_word' id='word_1_502' title='bbox 3063 2659 3315 2729; x_wconf 88' lang='lat' dir='ltr'><strong>quadam,</strong></span> <span class='ocrx_word' id='word_1_503' title='bbox 3336 2674 3455 2728; x_wconf 69' lang='lat' dir='ltr'><strong>qute</strong></span> <span class='ocrx_word' id='word_1_504' title='bbox 3482 2658 3777 2713; x_wconf 87' lang='lat' dir='ltr'><strong>habebatur</strong></span> <span class='ocrx_word' id='word_1_505' title='bbox 3805 2660 4079 2715; x_wconf 89' lang='lat' dir='ltr'><strong>Dominiea</strong></span> 
     </span>
    </p>
   </div>
   <div class='ocr_carea' id='block_1_68' title="bbox 2510 2752 4081 2823">
    <p class='ocr_par' dir='ltr' id='par_1_68' title="bbox 2510 2752 4081 2823">
     <span class='ocr_line' id='line_1_68' title="bbox 2510 2752 4081 2823; baseline -0.001 -15"><span class='ocrx_word' id='word_1_506' title='bbox 2510 2764 2733 2823; x_wconf 88' lang='lat' dir='ltr'><strong>eratque</strong></span> <span class='ocrx_word' id='word_1_507' title='bbox 2756 2752 3294 2823; x_wconf 72' lang='lat' dir='ltr'><strong>quadragesimalium</strong></span> <span class='ocrx_word' id='word_1_508' title='bbox 3316 2753 3520 2806; x_wconf 90' lang='lat' dir='ltr'><strong>dierum</strong></span> <span class='ocrx_word' id='word_1_509' title='bbox 3554 2754 3706 2806; x_wconf 88' lang='lat' dir='ltr'><strong>tertia</strong></span> <span class='ocrx_word' id='word_1_510' title='bbox 3727 2794 3740 2815; x_wconf 93' lang='lat'><strong>,</strong></span> <span class='ocrx_word' id='word_1_511' title='bbox 3775 2753 3826 2805; x_wconf 95' lang='lat' dir='ltr'><strong>in</strong></span> <span class='ocrx_word' id='word_1_512' title='bbox 3852 2752 4081 2806; x_wconf 87' lang='lat' dir='ltr'><strong>ecclesia</strong></span> 
     </span>
    </p>
   </div>
   <div class='ocr_carea' id='block_1_69' title="bbox 2511 2844 4080 2907">
    <p class='ocr_par' dir='ltr' id='par_1_69' title="bbox 2511 2844 4080 2907">
     <span class='ocr_line' id='line_1_69' title="bbox 2511 2844 4080 2907; baseline -0.003 -7"><span class='ocrx_word' id='word_1_513' title='bbox 2511 2847 2684 2900; x_wconf 87' lang='lat' dir='ltr'><strong>sancti</strong></span> <span class='ocrx_word' id='word_1_514' title='bbox 2721 2844 2964 2901; x_wconf 90' lang='lat' dir='ltr'><strong>Ursmari</strong></span> <span class='ocrx_word' id='word_1_515' title='bbox 3013 2846 3131 2899; x_wconf 88' lang='lat' dir='ltr'><strong>loco</strong></span> <span class='ocrx_word' id='word_1_516' title='bbox 3171 2859 3268 2898; x_wconf 90' lang='lat' dir='ltr'><strong>suo</strong></span> <span class='ocrx_word' id='word_1_517' title='bbox 3311 2844 3488 2907; x_wconf 89' lang='lat' dir='ltr'><strong>stetit,</strong></span> <span class='ocrx_word' id='word_1_518' title='bbox 3537 2853 3592 2898; x_wconf 93' lang='lat' dir='ltr'><strong>et</strong></span> <span class='ocrx_word' id='word_1_519' title='bbox 3622 2845 3762 2898; x_wconf 91' lang='lat' dir='ltr'><strong>inter</strong></span> <span class='ocrx_word' id='word_1_520' title='bbox 3796 2844 4080 2897; x_wconf 76' lang='lat' dir='ltr'><strong>missarum</strong></span> 
     </span>
    </p>
   </div>
   <div class='ocr_carea' id='block_1_70' title="bbox 2511 2935 4084 3003">
    <p class='ocr_par' dir='ltr' id='par_1_70' title="bbox 2511 2935 4084 3003">
     <span class='ocr_line' id='line_1_70' title="bbox 2511 2935 4084 3003; baseline -0.001 -12"><span class='ocrx_word' id='word_1_521' title='bbox 2511 2935 2930 2991; x_wconf 89' lang='lat' dir='ltr'><strong>celebrationem</strong></span> <span class='ocrx_word' id='word_1_522' title='bbox 2955 2935 3132 2989; x_wconf 84' lang='lat' dir='ltr'><strong>subito</strong></span> <span class='ocrx_word' id='word_1_523' title='bbox 3157 2935 3461 2997; x_wconf 90' lang='lat' dir='ltr'><strong>intremuit,</strong></span> <span class='ocrx_word' id='word_1_524' title='bbox 3495 2950 3617 2989; x_wconf 93' lang='lat' dir='ltr'><strong>cum</strong></span> <span class='ocrx_word' id='word_1_525' title='bbox 3645 2935 3842 2995; x_wconf 90' lang='lat' dir='ltr'><strong>subito,</strong></span> <span class='ocrx_word' id='word_1_526' title='bbox 3873 2944 3927 2989; x_wconf 92' lang='lat' dir='ltr'><strong>et</strong></span> <span class='ocrx_word' id='word_1_527' title='bbox 3962 2950 4084 3003; x_wconf 86' lang='lat' dir='ltr'><strong>pro—</strong></span> 
     </span>
    </p>
   </div>
   <div class='ocr_carea' id='block_1_71' title="bbox 2509 3026 4080 3097">
    <p class='ocr_par' dir='ltr' id='par_1_71' title="bbox 2509 3026 4080 3097">
     <span class='ocr_line' id='line_1_71' title="bbox 2509 3026 4080 3097; baseline 0.001 -16"><span class='ocrx_word' id='word_1_528' title='bbox 2509 3038 2628 3096; x_wconf 89' lang='lat' dir='ltr'><strong>pter</strong></span> <span class='ocrx_word' id='word_1_529' title='bbox 2678 3027 3083 3081; x_wconf 90' lang='lat' dir='ltr'><strong>diuturnitatem</strong></span> <span class='ocrx_word' id='word_1_530' title='bbox 3133 3026 3203 3058; x_wconf 76' lang='grc'>⁸⁸³</span> <span class='ocrx_word' id='word_1_531' title='bbox 3248 3027 3570 3081; x_wconf 88' lang='lat' dir='ltr'><strong>incommodi</strong></span> <span class='ocrx_word' id='word_1_532' title='bbox 3621 3029 3709 3082; x_wconf 88' lang='lat' dir='ltr'><strong>illa</strong></span> <span class='ocrx_word' id='word_1_533' title='bbox 3768 3030 4035 3097; x_wconf 88' lang='lat' dir='ltr'><strong>insperata</strong></span> <span class='ocrx_word' id='word_1_534' title='bbox 4067 3071 4080 3093; x_wconf 94' lang='lat'><strong>,</strong></span> 
     </span>
    </p>
   </div>
   <div class='ocr_carea' id='block_1_72' title="bbox 2511 3115 4082 3185">
    <p class='ocr_par' dir='ltr' id='par_1_72' title="bbox 2511 3115 4082 3185">
     <span class='ocr_line' id='line_1_72' title="bbox 2511 3115 4082 3185; baseline 0.001 -14"><span class='ocrx_word' id='word_1_535' title='bbox 2511 3125 2790 3185; x_wconf 72' lang='lat' dir='ltr'><strong>cmperunt</strong></span> <span class='ocrx_word' id='word_1_536' title='bbox 2814 3130 2873 3170; x_wconf 90' lang='lat' dir='ltr'><strong>se</strong></span> <span class='ocrx_word' id='word_1_537' title='bbox 2900 3116 3048 3169; x_wconf 91' lang='lat' dir='ltr'><strong>nervi</strong></span> <span class='ocrx_word' id='word_1_538' title='bbox 3080 3116 3369 3184; x_wconf 89' lang='lat' dir='ltr'><strong>digitorum</strong></span> <span class='ocrx_word' id='word_1_539' title='bbox 3402 3115 3692 3170; x_wconf 79' lang='lat' dir='ltr'><strong>extendere</strong></span> <span class='ocrx_word' id='word_1_540' title='bbox 3716 3126 3770 3170; x_wconf 91' lang='lat' dir='ltr'><strong>et</strong></span> <span class='ocrx_word' id='word_1_541' title='bbox 3799 3133 3988 3172; x_wconf 89' lang='lat' dir='ltr'><strong>manus</strong></span> <span class='ocrx_word' id='word_1_542' title='bbox 4016 3119 4082 3172; x_wconf 89' lang='lat' dir='ltr'><strong>ad</strong></span> 
     </span>
    </p>
   </div>
   <div class='ocr_carea' id='block_1_73' title="bbox 2510 3206 4083 3275">
    <p class='ocr_par' dir='ltr' id='par_1_73' title="bbox 2510 3206 4083 3275">
     <span class='ocr_line' id='line_1_73' title="bbox 2510 3206 4083 3275; baseline -0.001 -12"><span class='ocrx_word' id='word_1_543' title='bbox 2510 3207 2740 3263; x_wconf 89' lang='lat' dir='ltr'><strong>olIicium</strong></span> <span class='ocrx_word' id='word_1_544' title='bbox 2778 3222 2931 3261; x_wconf 90' lang='lat' dir='ltr'><strong>suum</strong></span> <span class='ocrx_word' id='word_1_545' title='bbox 2964 3206 3160 3261; x_wconf 90' lang='lat' dir='ltr'><strong>redire.</strong></span> <span class='ocrx_word' id='word_1_546' title='bbox 3214 3206 3305 3259; x_wconf 85' lang='lat' dir='ltr'><strong>llla</strong></span> <span class='ocrx_word' id='word_1_547' title='bbox 3356 3216 3414 3260; x_wconf 86' lang='lat' dir='ltr'><strong>ut</strong></span> <span class='ocrx_word' id='word_1_548' title='bbox 3466 3208 3771 3275; x_wconf 88' lang='lat' dir='ltr'><strong>persensit,</strong></span> <span class='ocrx_word' id='word_1_549' title='bbox 3803 3208 4083 3262; x_wconf 89' lang='lat' dir='ltr'><strong>ecclesiam</strong></span> 
     </span>
    </p>
   </div>
   <div class='ocr_carea' id='block_1_74' title="bbox 2511 3294 4052 3369">
    <p class='ocr_par' dir='ltr' id='par_1_74' title="bbox 2511 3294 4052 3369">
     <span class='ocr_line' id='line_1_74' title="bbox 2511 3294 4052 3369; baseline 0.001 -18"><span class='ocrx_word' id='word_1_550' title='bbox 2511 3297 2731 3351; x_wconf 89' lang='lat' dir='ltr'><strong>vocibus</strong></span> <span class='ocrx_word' id='word_1_551' title='bbox 2756 3296 3065 3365; x_wconf 86' lang='lat' dir='ltr'><strong>complevit.</strong></span> <span class='ocrx_word' id='word_1_552' title='bbox 3098 3294 3258 3351; x_wconf 90' lang='lat' dir='ltr'><strong>Plena</strong></span> <span class='ocrx_word' id='word_1_553' title='bbox 3302 3305 3422 3350; x_wconf 88' lang='lat' dir='ltr'><strong>erat</strong></span> <span class='ocrx_word' id='word_1_554' title='bbox 3451 3298 3675 3353; x_wconf 89' lang='lat' dir='ltr'><strong>ecclesia</strong></span> <span class='ocrx_word' id='word_1_555' title='bbox 3702 3339 3717 3364; x_wconf 98' lang='lat'><strong>,</strong></span> <span class='ocrx_word' id='word_1_556' title='bbox 3746 3300 4052 3369; x_wconf 88' lang='lat' dir='ltr'><strong>subseqnun</strong></span> 
     </span>
    </p>
   </div>
   <div class='ocr_carea' id='block_1_75' title="bbox 2512 3386 4087 3455">
    <p class='ocr_par' dir='ltr' id='par_1_75' title="bbox 2512 3386 4087 3455">
     <span class='ocr_line' id='line_1_75' title="bbox 2512 3386 4087 3455; baseline 0.006 -19"><span class='ocrx_word' id='word_1_557' title='bbox 2512 3396 2599 3441; x_wconf 82' lang='lat' dir='ltr'><strong>tur</strong></span> <span class='ocrx_word' id='word_1_558' title='bbox 2629 3387 2697 3419; x_wconf 85' lang='grc'><strong>⁸⁶⁰</strong></span> <span class='ocrx_word' id='word_1_559' title='bbox 2742 3402 2971 3441; x_wconf 84' lang='lat' dir='ltr'><strong>omnes:</strong></span> <span class='ocrx_word' id='word_1_560' title='bbox 3003 3386 3109 3439; x_wconf 83' lang='lat' dir='ltr'><strong>Deo</strong></span> <span class='ocrx_word' id='word_1_561' title='bbox 3149 3387 3390 3455; x_wconf 79' lang='lat' dir='ltr'><strong>gratias!</strong></span> <span class='ocrx_word' id='word_1_562' title='bbox 3434 3388 3543 3441; x_wconf 93' lang='lat' dir='ltr'><strong>Deo</strong></span> <span class='ocrx_word' id='word_1_563' title='bbox 3593 3388 3817 3453; x_wconf 88' lang='lat' dir='ltr'><strong>laudes,</strong></span> <span class='ocrx_word' id='word_1_564' title='bbox 3872 3394 4087 3447; x_wconf 89' lang='lat' dir='ltr'><strong>nemine</strong></span> 
     </span>
    </p>
   </div>
   <div class='ocr_carea' id='block_1_76' title="bbox 2512 3477 4081 3550">
    <p class='ocr_par' dir='ltr' id='par_1_76' title="bbox 2512 3477 4081 3550">
     <span class='ocr_line' id='line_1_76' title="bbox 2512 3477 4081 3550; baseline 0.003 -19"><span class='ocrx_word' id='word_1_565' title='bbox 2512 3487 2763 3542; x_wconf 87' lang='lat' dir='ltr'><strong>tacente,</strong></span> <span class='ocrx_word' id='word_1_566' title='bbox 2810 3478 2861 3531; x_wconf 93' lang='lat' dir='ltr'><strong>in</strong></span> <span class='ocrx_word' id='word_1_567' title='bbox 2909 3491 3196 3532; x_wconf 87' lang='lat' dir='ltr'><strong>connnnne</strong></span> <span class='ocrx_word' id='word_1_568' title='bbox 3242 3477 3514 3532; x_wconf 91' lang='lat' dir='ltr'><strong>dicuntur.</strong></span> <span class='ocrx_word' id='word_1_569' title='bbox 3557 3478 3806 3533; x_wconf 84' lang='lat' dir='ltr'><strong>Curritur</strong></span> <span class='ocrx_word' id='word_1_570' title='bbox 3859 3482 3924 3534; x_wconf 89' lang='lat' dir='ltr'><strong>ad</strong></span> <span class='ocrx_word' id='word_1_571' title='bbox 3975 3496 4081 3550; x_wconf 85' lang='lat' dir='ltr'><strong>me,</strong></span> 
     </span>
    </p>
   </div>
   <div class='ocr_carea' id='block_1_77' title="bbox 2511 3566 4087 3639">
    <p class='ocr_par' dir='ltr' id='par_1_77' title="bbox 2511 3566 4087 3639">
     <span class='ocr_line' id='line_1_77' title="bbox 2511 3566 4087 3639; baseline 0 -15"><span class='ocrx_word' id='word_1_572' title='bbox 2511 3570 2599 3624; x_wconf 90' lang='lat' dir='ltr'><strong>ubi</strong></span> <span class='ocrx_word' id='word_1_573' title='bbox 2628 3584 2777 3623; x_wconf 89' lang='lat' dir='ltr'><strong>eram</strong></span> <span class='ocrx_word' id='word_1_574' title='bbox 2812 3569 2863 3622; x_wconf 92' lang='lat' dir='ltr'><strong>in</strong></span> <span class='ocrx_word' id='word_1_575' title='bbox 2892 3568 3119 3623; x_wconf 89' lang='lat' dir='ltr'><strong>ecclesia</strong></span> <span class='ocrx_word' id='word_1_576' title='bbox 3168 3566 3308 3622; x_wconf 87' lang='lat' dir='ltr'><strong>forte</strong></span> <span class='ocrx_word' id='word_1_577' title='bbox 3363 3568 3573 3635; x_wconf 88' lang='lat' dir='ltr'><strong>majori,</strong></span> <span class='ocrx_word' id='word_1_578' title='bbox 3623 3586 3760 3623; x_wconf 90' lang='lat' dir='ltr'><strong>unus</strong></span> <span class='ocrx_word' id='word_1_579' title='bbox 3791 3578 3910 3639; x_wconf 89' lang='lat' dir='ltr'><strong>post</strong></span> <span class='ocrx_word' id='word_1_580' title='bbox 3951 3571 4087 3626; x_wconf 82' lang='lat' dir='ltr'><strong>alte-</strong></span> 
     </span>
    </p>
   </div>
   <div class='ocr_carea' id='block_1_78' title="bbox 2513 3658 4088 3729">
    <p class='ocr_par' dir='ltr' id='par_1_78' title="bbox 2513 3658 4088 3729">
     <span class='ocr_line' id='line_1_78' title="bbox 2513 3658 4088 3729; baseline 0.003 -18"><span class='ocrx_word' id='word_1_581' title='bbox 2513 3673 2629 3712; x_wconf 91' lang='lat' dir='ltr'><strong>rum</strong></span> <span class='ocrx_word' id='word_1_582' title='bbox 2661 3658 2861 3726; x_wconf 91' lang='lat' dir='ltr'><strong>aliquid</strong></span> <span class='ocrx_word' id='word_1_583' title='bbox 2888 3666 3268 3729; x_wconf 88' lang='lat' dir='ltr'><strong>apportaturus</strong></span> <span class='ocrx_word' id='word_1_584' title='bbox 3312 3660 3459 3721; x_wconf 80' lang='lat' dir='ltr'><strong>novi,</strong></span> <span class='ocrx_word' id='word_1_585' title='bbox 3497 3669 3551 3712; x_wconf 92' lang='lat' dir='ltr'><strong>et</strong></span> <span class='ocrx_word' id='word_1_586' title='bbox 3599 3660 3752 3728; x_wconf 89' lang='lat' dir='ltr'><strong>quasi</strong></span> <span class='ocrx_word' id='word_1_587' title='bbox 3804 3676 3907 3714; x_wconf 92' lang='lat' dir='ltr'><strong>non</strong></span> <span class='ocrx_word' id='word_1_588' title='bbox 3938 3662 4088 3729; x_wconf 89' lang='lat' dir='ltr'><strong>prius</strong></span> 
     </span>
    </p>
   </div>
   <div class='ocr_carea' id='block_1_79' title="bbox 2508 3750 4092 3823">
    <p class='ocr_par' dir='ltr' id='par_1_79' title="bbox 2508 3750 4092 3823">
     <span class='ocr_line' id='line_1_79' title="bbox 2508 3750 4092 3823; baseline 0.002 -20"><span class='ocrx_word' id='word_1_589' title='bbox 2508 3758 2654 3804; x_wconf 90' lang='lat' dir='ltr'><strong>esset</strong></span> <span class='ocrx_word' id='word_1_590' title='bbox 2700 3750 2936 3813; x_wconf 91' lang='lat' dir='ltr'><strong>dictum,</strong></span> <span class='ocrx_word' id='word_1_591' title='bbox 2990 3750 3348 3820; x_wconf 91' lang='lat' dir='ltr'><strong>rumigerulus</strong></span> <span class='ocrx_word' id='word_1_592' title='bbox 3385 3750 3645 3805; x_wconf 84' lang='lat' dir='ltr'><strong>afferebat</strong></span> <span class='ocrx_word' id='word_1_593' title='bbox 3690 3753 3907 3807; x_wconf 88' lang='lat' dir='ltr'><strong>nutibus</strong></span> <span class='ocrx_word' id='word_1_594' title='bbox 3959 3769 4092 3823; x_wconf 90' lang='lat' dir='ltr'><strong>gau-</strong></span> 
     </span>
    </p>
   </div>
   <div class='ocr_carea' id='block_1_80' title="bbox 2512 3839 4090 3905">
    <p class='ocr_par' dir='ltr' id='par_1_80' title="bbox 2512 3839 4090 3905">
     <span class='ocr_line' id='line_1_80' title="bbox 2512 3839 4090 3905; baseline 0.001 -12"><span class='ocrx_word' id='word_1_595' title='bbox 2512 3840 2745 3895; x_wconf 91' lang='lat' dir='ltr'><strong>diorum.</strong></span> <span class='ocrx_word' id='word_1_596' title='bbox 2781 3839 2886 3894; x_wconf 86' lang='lat' dir='ltr'><strong>Nos</strong></span> <span class='ocrx_word' id='word_1_597' title='bbox 2936 3839 3078 3894; x_wconf 93' lang='lat' dir='ltr'><strong>illico</strong></span> <span class='ocrx_word' id='word_1_598' title='bbox 3110 3842 3175 3893; x_wconf 87' lang='lat' dir='ltr'><strong>ad</strong></span> <span class='ocrx_word' id='word_1_599' title='bbox 3210 3841 3491 3895; x_wconf 89' lang='lat' dir='ltr'><strong>ecclesiam</strong></span> <span class='ocrx_word' id='word_1_600' title='bbox 3524 3842 3852 3905; x_wconf 87' lang='lat' dir='ltr'><strong>seandimus,</strong></span> <span class='ocrx_word' id='word_1_601' title='bbox 3887 3844 4090 3896; x_wconf 86' lang='lat' dir='ltr'><strong>inveni-</strong></span> 
     </span>
    </p>
   </div>
   <div class='ocr_carea' id='block_1_81' title="bbox 2514 3930 4093 4001">
    <p class='ocr_par' dir='ltr' id='par_1_81' title="bbox 2514 3930 4093 4001">
     <span class='ocr_line' id='line_1_81' title="bbox 2514 3930 4093 4001; baseline -0.001 -15"><span class='ocrx_word' id='word_1_602' title='bbox 2514 3946 2633 3987; x_wconf 93' lang='lat' dir='ltr'><strong>mus</strong></span> <span class='ocrx_word' id='word_1_603' title='bbox 2663 3930 2807 3984; x_wconf 86' lang='lat' dir='ltr'><strong>illam</strong></span> <span class='ocrx_word' id='word_1_604' title='bbox 2840 3946 2948 3999; x_wconf 65' lang='lat' dir='ltr'><strong>praa</strong></span> <span class='ocrx_word' id='word_1_605' title='bbox 2977 3931 3221 3984; x_wconf 89' lang='lat' dir='ltr'><strong>miraculi</strong></span> <span class='ocrx_word' id='word_1_606' title='bbox 3267 3940 3487 4001; x_wconf 85' lang='lat' dir='ltr'><strong>stupore</strong></span> <span class='ocrx_word' id='word_1_607' title='bbox 3516 3940 3747 3986; x_wconf 89' lang='lat' dir='ltr'><strong>stantem</strong></span> <span class='ocrx_word' id='word_1_608' title='bbox 3773 3942 3824 3986; x_wconf 89' lang='lat' dir='ltr'><strong>et</strong></span> <span class='ocrx_word' id='word_1_609' title='bbox 3858 3942 4093 3987; x_wconf 83' lang='lat' dir='ltr'><strong>tremen-</strong></span> 
     </span>
    </p>
   </div>
   <div class='ocr_carea' id='block_1_82' title="bbox 2516 4006 4091 4089">
    <p class='ocr_par' dir='ltr' id='par_1_82' title="bbox 2516 4006 4091 4089">
     <span class='ocr_line' id='line_1_82' title="bbox 2516 4006 4091 4089; baseline 0.002 -13"><span class='ocrx_word' id='word_1_610' title='bbox 2516 4031 2659 4084; x_wconf 90' lang='lat' dir='ltr'><strong>tem,</strong></span> <span class='ocrx_word' id='word_1_611' title='bbox 2715 4030 2952 4075; x_wconf 86' lang='lat' dir='ltr'><strong>attamen</strong></span> <span class='ocrx_word' id='word_1_612' title='bbox 3006 4036 3211 4076; x_wconf 88' lang='lat' dir='ltr'><strong>sanam.</strong></span> <span class='ocrx_word' id='word_1_613' title='bbox 3254 4021 3614 4077; x_wconf 89' lang='lat' dir='ltr'><strong>Laudavimus</strong></span> <span class='ocrx_word' id='word_1_614' title='bbox 3667 4024 3871 4089; x_wconf 90' lang='lat' dir='ltr'><strong>Deum,</strong></span> <span class='ocrx_word' id='word_1_615' title='bbox 3925 4034 3976 4078; x_wconf 89' lang='lat' dir='ltr'><strong>et</strong></span> <span class='ocrx_word' id='word_1_616' title='bbox 4018 4006 4091 4079; x_wconf 86' lang='lat' dir='ltr'><strong>ita</strong></span> 
     </span>
    </p>
   </div>
   <div class='ocr_carea' id='block_1_83' title="bbox 2515 4113 2940 4181">
    <p class='ocr_par' dir='ltr' id='par_1_83' title="bbox 2515 4113 2940 4181">
     <span class='ocr_line' id='line_1_83' title="bbox 2515 4113 2940 4181; baseline -0.005 -15"><span class='ocrx_word' id='word_1_617' title='bbox 2515 4113 2810 4167; x_wconf 89' lang='lat' dir='ltr'><strong>discessum</strong></span> <span class='ocrx_word' id='word_1_618' title='bbox 2840 4121 2940 4181; x_wconf 87' lang='lat' dir='ltr'><strong>est.</strong></span> 
     </span>
    </p>
   </div>
   <div class='ocr_carea' id='block_1_84' title="bbox 2589 4199 4095 4273">
    <p class='ocr_par' dir='ltr' id='par_1_84' title="bbox 2589 4199 4095 4273">
     <span class='ocr_line' id='line_1_84' title="bbox 2589 4199 4095 4273; baseline 0 -14"><span class='ocrx_word' id='word_1_619' title='bbox 2589 4205 2676 4259; x_wconf 84' lang='lat'><strong>55.</strong></span> <span class='ocrx_word' id='word_1_620' title='bbox 2726 4199 2913 4255; x_wconf 86' lang='lat' dir='ltr'><strong>Mulier</strong></span> <span class='ocrx_word' id='word_1_621' title='bbox 2940 4200 3182 4270; x_wconf 78' lang='lat' dir='ltr'><strong>quaedam</strong></span> <span class='ocrx_word' id='word_1_622' title='bbox 3213 4200 3368 4271; x_wconf 86' lang='lat' dir='ltr'><strong>plena</strong></span> <span class='ocrx_word' id='word_1_623' title='bbox 3407 4201 3687 4268; x_wconf 87' lang='lat' dir='ltr'><strong>demonio,</strong></span> <span class='ocrx_word' id='word_1_624' title='bbox 3720 4218 3748 4257; x_wconf 90' lang='lat' dir='ltr'><strong>a</strong></span> <span class='ocrx_word' id='word_1_625' title='bbox 3778 4203 4095 4273; x_wconf 85' lang='lat' dir='ltr'><strong>parentibus</strong></span> 
     </span>
    </p>
   </div>
   <div class='ocr_carea' id='block_1_85' title="bbox 2096 4310 2765 4372">
    <p class='ocr_par' dir='ltr' id='par_1_85' title="bbox 2096 4310 2765 4372">
     <span class='ocr_line' id='line_1_85' title="bbox 2096 4310 2765 4372; baseline 0.001 -5"><span class='ocrx_word' id='word_1_626' title='bbox 2096 4310 2328 4367; x_wconf 66' lang='lat' dir='ltr'><strong>VARIA&quot;)</strong></span> <span class='ocrx_word' id='word_1_627' title='bbox 2365 4314 2765 4372; x_wconf 81' lang='lat' dir='ltr'><strong>LECTIONES.</strong></span> 
     </span>
    </p>
   </div>
   <div class='ocr_carea' id='block_1_86' title="bbox 900 4420 2767 4569">
    <p class='ocr_par' dir='ltr' id='par_1_86' title="bbox 900 4420 2767 4569">
     <span class='ocr_line' id='line_1_86' title="bbox 900 4420 2767 4498; baseline -0.002 -14"><span class='ocrx_word' id='word_1_628' title='bbox 900 4432 970 4464; x_wconf 78' lang='lat'><strong>&quot;°</strong></span> <span class='ocrx_word' id='word_1_629' title='bbox 1007 4428 1356 4485; x_wconf 84' lang='lat' dir='ltr'><strong>sanctissimo</strong></span> <span class='ocrx_word' id='word_1_630' title='bbox 1383 4427 1437 4481; x_wconf 88' lang='lat'><strong>2.</strong></span> <span class='ocrx_word' id='word_1_631' title='bbox 1515 4428 1581 4459; x_wconf 75' lang='lat'><strong>“‘</strong></span> <span class='ocrx_word' id='word_1_632' title='bbox 1613 4425 1908 4481; x_wconf 85' lang='lat' dir='ltr'><strong>Ecclesiam</strong></span> <span class='ocrx_word' id='word_1_633' title='bbox 1939 4427 1992 4481; x_wconf 89' lang='lat'><strong>2.</strong></span> <span class='ocrx_word' id='word_1_634' title='bbox 2023 4429 2111 4497; x_wconf 85' lang='lat' dir='ltr'><strong>qui</strong></span> <span class='ocrx_word' id='word_1_635' title='bbox 2142 4420 2289 4484; x_wconf 53' lang='lat' dir='ltr'><strong>ccc—la</strong></span> <span class='ocrx_word' id='word_1_636' title='bbox 2325 4428 2509 4498; x_wconf 80' lang='lat' dir='ltr'><strong>legisse</strong></span> <span class='ocrx_word' id='word_1_637' title='bbox 2545 4430 2767 4483; x_wconf 80' lang='lat' dir='ltr'><strong>videtur.</strong></span> 
     </span>
     <span class='ocr_line' id='line_1_87' title="bbox 900 4495 2756 4569; baseline -0.002 -14"><span class='ocrx_word' id='word_1_638' title='bbox 900 4522 907 4556; x_wconf 87' lang='grc' dir='ltr'>ι</span> <span class='ocrx_word' id='word_1_639' title='bbox 944 4518 1049 4554; x_wconf 84' lang='grc' dir='ltr'><strong>οηι.</strong></span> <span class='ocrx_word' id='word_1_640' title='bbox 1088 4499 1142 4552; x_wconf 97' lang='lat'><strong>2.</strong></span> <span class='ocrx_word' id='word_1_641' title='bbox 1168 4508 1373 4551; x_wconf 73' lang='lat' dir='ltr'><strong>exstant</strong></span> <span class='ocrx_word' id='word_1_642' title='bbox 1402 4500 1456 4551; x_wconf 84' lang='lat' dir='ltr'><strong>in</strong></span> <span class='ocrx_word' id='word_1_643' title='bbox 1489 4498 1756 4569; x_wconf 60' lang='lat' dir='ltr'><strong>miracqlis</strong></span> <span class='ocrx_word' id='word_1_644' title='bbox 1785 4495 2121 4569; x_wconf 12' lang='lat' dir='ltr'><strong>$.7L’rsmari</strong></span> <span class='ocrx_word' id='word_1_645' title='bbox 2162 4500 2263 4569; x_wconf 84' lang='lat'><strong>(5.)</strong></span> <span class='ocrx_word' id='word_1_646' title='bbox 2310 4514 2357 4552; x_wconf 87' lang='lat' dir='ltr'><strong>c.</strong></span> <span class='ocrx_word' id='word_1_647' title='bbox 2395 4500 2450 4552; x_wconf 92' lang='lat'><strong>2.</strong></span> <span class='ocrx_word' id='word_1_648' title='bbox 2541 4500 2612 4531; x_wconf 77' lang='grc'><strong>⁸²⁸</strong></span> <span class='ocrx_word' id='word_1_649' title='bbox 2631 4516 2677 4553; x_wconf 90' lang='lat' dir='ltr'><strong>s.</strong></span> <span class='ocrx_word' id='word_1_650' title='bbox 2705 4501 2756 4553; x_wconf 91' lang='lat' dir='ltr'><strong>d.</strong></span> 
     </span>
    </p>
   </div>
   <div class='ocr_carea' id='block_1_87' title="bbox 2226 4514 2450 4552">
    <p class='ocr_par' dir='ltr' id='par_1_87' title="bbox 2226 4514 2450 4552">
     <span class='ocr_line' id='line_1_88' title="bbox 2226 4514 2450 4552; baseline -0.004 0"><span class='ocrx_word' id='word_1_651' title='bbox 2226 4514 2263 4552; x_wconf 89' lang='lat' dir='ltr'><strong>.l</strong></span> <span class='ocrx_word' id='word_1_652' title='bbox 2310 4514 2357 4552; x_wconf 68' lang='grc' dir='ltr'><strong>(τ.</strong></span> <span class='ocrx_word' id='word_1_653' title='bbox 2395 4514 2450 4552; x_wconf 74' lang='lat'><strong>2.</strong></span> 
     </span>
    </p>
   </div>
   <div class='ocr_carea' id='block_1_88' title="bbox 834 4495 2112 4562">
    <p class='ocr_par' dir='ltr' id='par_1_88' title="bbox 834 4495 2112 4562">
     <span class='ocr_line' id='line_1_89' title="bbox 834 4495 2112 4562; baseline -0.006 -5"><span class='ocrx_word' id='word_1_654' title='bbox 834 4507 907 4562; x_wconf 82' lang='lat' dir='ltr'><strong>tia</strong></span> <span class='ocrx_word' id='word_1_655' title='bbox 944 4518 1049 4554; x_wconf 88' lang='lat' dir='ltr'><strong>om.</strong></span> <span class='ocrx_word' id='word_1_656' title='bbox 1088 4499 1142 4552; x_wconf 97' lang='lat'><strong>2.</strong></span> <span class='ocrx_word' id='word_1_657' title='bbox 1168 4508 1373 4551; x_wconf 72' lang='lat' dir='ltr'><strong>exstant</strong></span> <span class='ocrx_word' id='word_1_658' title='bbox 1402 4500 1456 4551; x_wconf 82' lang='lat' dir='ltr'><strong>in</strong></span> <span class='ocrx_word' id='word_1_659' title='bbox 1489 4498 1756 4551; x_wconf 77' lang='lat' dir='ltr'><strong>miraculis</strong></span> <span class='ocrx_word' id='word_1_660' title='bbox 1785 4496 1843 4550; x_wconf 88' lang='lat' dir='ltr'><strong>S.</strong></span> <span class='ocrx_word' id='word_1_661' title='bbox 1872 4495 2112 4550; x_wconf 79' lang='lat' dir='ltr'><strong>Ursmari</strong></span> 
     </span>
    </p>
   </div>
   <div class='ocr_carea' id='block_1_89' title="bbox 863 4567 2292 4637">
    <p class='ocr_par' dir='ltr' id='par_1_89' title="bbox 863 4567 2292 4637">
     <span class='ocr_line' id='line_1_90' title="bbox 863 4567 2292 4637; baseline -0.005 -12"><span class='ocrx_word' id='word_1_662' title='bbox 863 4572 964 4629; x_wconf 85' lang='lat' dir='ltr'><strong>sibi</strong></span> <span class='ocrx_word' id='word_1_663' title='bbox 991 4579 1044 4622; x_wconf 89' lang='lat' dir='ltr'><strong>et</strong></span> <span class='ocrx_word' id='word_1_664' title='bbox 1076 4570 1269 4637; x_wconf 72' lang='lat' dir='ltr'><strong>saepius</strong></span> <span class='ocrx_word' id='word_1_665' title='bbox 1290 4577 1562 4635; x_wconf 82' lang='lat' dir='ltr'><strong>comperta</strong></span> <span class='ocrx_word' id='word_1_666' title='bbox 1592 4584 1635 4621; x_wconf 93' lang='lat' dir='ltr'><strong>s.</strong></span> <span class='ocrx_word' id='word_1_667' title='bbox 1668 4567 1722 4620; x_wconf 90' lang='lat'><strong>5.</strong></span> <span class='ocrx_word' id='word_1_668' title='bbox 1797 4567 1864 4597; x_wconf 77' lang='grc'>⁸³⁷</span> <span class='ocrx_word' id='word_1_669' title='bbox 1889 4569 2073 4636; x_wconf 88' lang='lat' dir='ltr'><strong>utique</strong></span> <span class='ocrx_word' id='word_1_670' title='bbox 2094 4567 2146 4620; x_wconf 86' lang='lat'><strong>5.</strong></span> <span class='ocrx_word' id='word_1_671' title='bbox 2173 4567 2179 4569; x_wconf 65' lang='grc'><strong><em>’</em></strong></span> <span class='ocrx_word' id='word_1_672' title='bbox 2222 4570 2292 4602; x_wconf 81' lang='grc'><strong>⁸²⁸</strong></span> 
     </span>
    </p>
   </div>
   <div class='ocr_carea' id='block_1_90' title="bbox 830 4636 2220 4707">
    <p class='ocr_par' dir='ltr' id='par_1_90' title="bbox 830 4636 2220 4707">
     <span class='ocr_line' id='line_1_91' title="bbox 830 4636 2220 4707; baseline 0 -15"><span class='ocrx_word' id='word_1_673' title='bbox 830 4642 886 4698; x_wconf 85' lang='grc'><strong>5.</strong></span> <span class='ocrx_word' id='word_1_674' title='bbox 962 4641 1028 4671; x_wconf 73' lang='grc'><strong>⁸³³</strong></span> <span class='ocrx_word' id='word_1_675' title='bbox 1059 4636 1398 4707; x_wconf 87' lang='lat' dir='ltr'><strong>permitteret</strong></span> <span class='ocrx_word' id='word_1_676' title='bbox 1427 4638 1480 4692; x_wconf 92' lang='lat'><strong>5.</strong></span> <span class='ocrx_word' id='word_1_677' title='bbox 1557 4636 1625 4668; x_wconf 64' lang='lat'><strong>‘3’</strong></span> <span class='ocrx_word' id='word_1_678' title='bbox 1648 4638 1727 4691; x_wconf 86' lang='lat' dir='ltr'><strong>eis</strong></span> <span class='ocrx_word' id='word_1_679' title='bbox 1751 4637 1785 4689; x_wconf 86' lang='lat'><strong>5</strong></span> <span class='ocrx_word' id='word_1_680' title='bbox 1856 4637 1924 4668; x_wconf 87' lang='grc'><strong>⁸³³</strong></span> <span class='ocrx_word' id='word_1_681' title='bbox 1954 4638 2137 4692; x_wconf 89' lang='lat' dir='ltr'><strong>deberi</strong></span> <span class='ocrx_word' id='word_1_682' title='bbox 2165 4638 2220 4692; x_wconf 92' lang='lat'><strong>5.</strong></span> 
     </span>
    </p>
   </div>
   <div class='ocr_carea' id='block_1_91' title="bbox 2319 4569 2572 4638">
    <p class='ocr_par' dir='ltr' id='par_1_91' title="bbox 2319 4569 2572 4638">
     <span class='ocr_line' id='line_1_92' title="bbox 2319 4569 2572 4638; baseline 0.008 -17"><span class='ocrx_word' id='word_1_683' title='bbox 2319 4586 2370 4638; x_wconf 90' lang='lat' dir='ltr'><strong>p.</strong></span> <span class='ocrx_word' id='word_1_684' title='bbox 2401 4570 2486 4622; x_wconf 86' lang='lat' dir='ltr'><strong>ad.</strong></span> <span class='ocrx_word' id='word_1_685' title='bbox 2520 4569 2572 4623; x_wconf 94' lang='lat' dir='ltr'><strong>d.</strong></span> 
     </span>
    </p>
   </div>
   <div class='ocr_carea' id='block_1_92' title="bbox 2300 4640 2644 4706">
    <p class='ocr_par' dir='ltr' id='par_1_92' title="bbox 2300 4640 2644 4706">
     <span class='ocr_line' id='line_1_93' title="bbox 2300 4640 2644 4706; baseline 0.006 -15"><span class='ocrx_word' id='word_1_686' title='bbox 2300 4640 2368 4671; x_wconf 86' lang='grc'>⁸³⁸</span> <span class='ocrx_word' id='word_1_687' title='bbox 2401 4640 2563 4706; x_wconf 80' lang='lat' dir='ltr'><strong>igitur</strong></span> <span class='ocrx_word' id='word_1_688' title='bbox 2592 4640 2644 4693; x_wconf 95' lang='lat'><strong>5.</strong></span> 
     </span>
    </p>
   </div>
   <div class='ocr_carea' id='block_1_93' title="bbox 2846 4429 3704 4494">
    <p class='ocr_par' dir='ltr' id='par_1_93' title="bbox 2846 4429 3704 4494">
     <span class='ocr_line' id='line_1_94' title="bbox 2846 4429 3704 4494; baseline -0.002 -11"><span class='ocrx_word' id='word_1_689' title='bbox 2846 4430 2913 4461; x_wconf 83' lang='grc'>⁸²²</span> <span class='ocrx_word' id='word_1_690' title='bbox 2942 4430 3211 4483; x_wconf 87' lang='lat' dir='ltr'><strong>sambram</strong></span> <span class='ocrx_word' id='word_1_691' title='bbox 3234 4442 3395 4494; x_wconf 88' lang='lat' dir='ltr'><strong>quam</strong></span> <span class='ocrx_word' id='word_1_692' title='bbox 3427 4442 3525 4481; x_wconf 90' lang='lat' dir='ltr'><strong>nos</strong></span> <span class='ocrx_word' id='word_1_693' title='bbox 3550 4429 3617 4483; x_wconf 80' lang='lat' dir='ltr'><strong>l?</strong></span> <span class='ocrx_word' id='word_1_694' title='bbox 3651 4429 3704 4482; x_wconf 89' lang='lat'><strong>2.</strong></span> 
     </span>
    </p>
   </div>
   <div class='ocr_carea' id='block_1_94' title="bbox 2541 4499 3686 4567">
    <p class='ocr_par' dir='ltr' id='par_1_94' title="bbox 2541 4499 3686 4567">
     <span class='ocr_line' id='line_1_95' title="bbox 2541 4499 3686 4567; baseline 0.001 -16"><span class='ocrx_word' id='word_1_695' title='bbox 2541 4500 2677 4553; x_wconf 77' lang='lat' dir='ltr'><strong>“&quot;s.</strong></span> <span class='ocrx_word' id='word_1_696' title='bbox 2705 4501 2756 4553; x_wconf 90' lang='lat' dir='ltr'><strong>d.</strong></span> <span class='ocrx_word' id='word_1_697' title='bbox 2787 4503 3052 4567; x_wconf 86' lang='lat' dir='ltr'><strong>coquente</strong></span> <span class='ocrx_word' id='word_1_698' title='bbox 3082 4500 3134 4552; x_wconf 87' lang='lat'><strong>5.</strong></span> <span class='ocrx_word' id='word_1_699' title='bbox 3215 4499 3283 4529; x_wconf 86' lang='grc'><strong>⁸²⁸</strong></span> <span class='ocrx_word' id='word_1_700' title='bbox 3327 4499 3589 4567; x_wconf 84' lang='lat' dir='ltr'><strong>timebant</strong></span> <span class='ocrx_word' id='word_1_701' title='bbox 3635 4500 3686 4551; x_wconf 89' lang='grc'><strong>1.</strong></span> 
     </span>
    </p>
   </div>
   <div class='ocr_carea' id='block_1_95' title="bbox 2645 4566 3733 4635">
    <p class='ocr_par' dir='ltr' id='par_1_95' title="bbox 2645 4566 3733 4635">
     <span class='ocr_line' id='line_1_96' title="bbox 2645 4566 3733 4635; baseline -0.004 -14"><span class='ocrx_word' id='word_1_702' title='bbox 2645 4609 2657 4621; x_wconf 94' lang='grc'><strong>.</strong></span> <span class='ocrx_word' id='word_1_703' title='bbox 2692 4585 2737 4622; x_wconf 92' lang='lat' dir='ltr'><strong>r.</strong></span> <span class='ocrx_word' id='word_1_704' title='bbox 2772 4569 2823 4621; x_wconf 90' lang='lat' dir='ltr'><strong>in</strong></span> <span class='ocrx_word' id='word_1_705' title='bbox 2863 4566 2915 4621; x_wconf 84' lang='lat' dir='ltr'><strong>b.</strong></span> <span class='ocrx_word' id='word_1_706' title='bbox 2952 4584 3001 4621; x_wconf 91' lang='lat' dir='ltr'><strong>a.</strong></span> <span class='ocrx_word' id='word_1_707' title='bbox 3037 4577 3233 4622; x_wconf 87' lang='lat' dir='ltr'><strong>assuet.</strong></span> <span class='ocrx_word' id='word_1_708' title='bbox 3267 4568 3319 4621; x_wconf 89' lang='lat'><strong>5.</strong></span> <span class='ocrx_word' id='word_1_709' title='bbox 3392 4568 3461 4597; x_wconf 80' lang='grc'>⁸²⁹</span> <span class='ocrx_word' id='word_1_710' title='bbox 3490 4566 3646 4635; x_wconf 85' lang='lat' dir='ltr'><strong>hujus</strong></span> <span class='ocrx_word' id='word_1_711' title='bbox 3684 4568 3733 4620; x_wconf 92' lang='grc'><strong>1.</strong></span> 
     </span>
    </p>
   </div>
   <div class='ocr_carea' id='block_1_96' title="bbox 2719 4637 3478 4707">
    <p class='ocr_par' dir='ltr' id='par_1_96' title="bbox 2719 4637 3478 4707">
     <span class='ocr_line' id='line_1_97' title="bbox 2719 4637 3478 4707; baseline -0.003 -15"><span class='ocrx_word' id='word_1_712' title='bbox 2719 4638 2787 4671; x_wconf 79' lang='grc'>⁸³⁸</span> <span class='ocrx_word' id='word_1_713' title='bbox 2816 4647 2871 4692; x_wconf 89' lang='lat' dir='ltr'><strong>et</strong></span> <span class='ocrx_word' id='word_1_714' title='bbox 2899 4638 2950 4691; x_wconf 81' lang='lat' dir='ltr'><strong>tl.</strong></span> <span class='ocrx_word' id='word_1_715' title='bbox 2977 4653 3030 4707; x_wconf 90' lang='lat' dir='ltr'><strong>p.</strong></span> <span class='ocrx_word' id='word_1_716' title='bbox 3061 4638 3246 4707; x_wconf 73' lang='lat' dir='ltr'><strong>desunt</strong></span> <span class='ocrx_word' id='word_1_717' title='bbox 3282 4639 3334 4693; x_wconf 84' lang='lat'><strong>5.</strong></span> <span class='ocrx_word' id='word_1_718' title='bbox 3409 4637 3478 4668; x_wconf 81' lang='grc'>⁸³⁸</span> 
     </span>
    </p>
   </div>
   <div class='ocr_carea' id='block_1_97' title="bbox 3782 4430 4097 4499">
    <p class='ocr_par' dir='ltr' id='par_1_97' title="bbox 3782 4430 4097 4499">
     <span class='ocr_line' id='line_1_98' title="bbox 3782 4430 4097 4499; baseline 0.006 -16"><span class='ocrx_word' id='word_1_719' title='bbox 3782 4430 3851 4461; x_wconf 78' lang='grc'>⁸⁸³</span> <span class='ocrx_word' id='word_1_720' title='bbox 3888 4448 4097 4499; x_wconf 70' lang='lat' dir='ltr'><strong>sequen-</strong></span> 
     </span>
    </p>
   </div>
   <div class='ocr_carea' id='block_1_98' title="bbox 3760 4500 4095 4555">
    <p class='ocr_par' dir='ltr' id='par_1_98' title="bbox 3760 4500 4095 4555">
     <span class='ocr_line' id='line_1_99' title="bbox 3760 4500 4095 4555; baseline 0.006 -2"><span class='ocrx_word' id='word_1_721' title='bbox 3760 4500 3828 4530; x_wconf 78' lang='grc'><strong>⁸’⁶</strong></span> <span class='ocrx_word' id='word_1_722' title='bbox 3859 4501 3923 4554; x_wconf 91' lang='lat' dir='ltr'><strong>ad</strong></span> <span class='ocrx_word' id='word_1_723' title='bbox 3969 4512 4095 4555; x_wconf 86' lang='lat' dir='ltr'><strong>nota</strong></span> 
     </span>
    </p>
   </div>
   <div class='ocr_carea' id='block_1_99' title="bbox 3808 4570 4102 4625">
    <p class='ocr_par' dir='ltr' id='par_1_99' title="bbox 3808 4570 4102 4625">
     <span class='ocr_line' id='line_1_100' title="bbox 3808 4570 4102 4625; baseline 0.007 -2"><span class='ocrx_word' id='word_1_724' title='bbox 3808 4570 3877 4601; x_wconf 88' lang='grc'><strong>⁸³⁰</strong></span> <span class='ocrx_word' id='word_1_725' title='bbox 3909 4583 4102 4625; x_wconf 76' lang='lat' dir='ltr'><strong>rotzant</strong></span> 
     </span>
    </p>
   </div>
   <div class='ocr_carea' id='block_1_100' title="bbox 3504 4639 4098 4705">
    <p class='ocr_par' dir='ltr' id='par_1_100' title="bbox 3504 4639 4098 4705">
     <span class='ocr_line' id='line_1_101' title="bbox 3504 4639 4098 4705; baseline 0.01 -16"><span class='ocrx_word' id='word_1_726' title='bbox 3504 4647 3704 4705; x_wconf 90' lang='lat' dir='ltr'><strong>quanta</strong></span> <span class='ocrx_word' id='word_1_727' title='bbox 3738 4639 3785 4691; x_wconf 90' lang='grc'><strong>1.</strong></span> <span class='ocrx_word' id='word_1_728' title='bbox 3864 4640 3929 4671; x_wconf 87' lang='grc'><strong>⁸³⁷</strong></span> <span class='ocrx_word' id='word_1_729' title='bbox 3958 4639 4098 4695; x_wconf 74' lang='lat' dir='ltr'><strong>deest</strong></span> 
     </span>
    </p>
   </div>
   <div class='ocr_carea' id='block_1_101' title="bbox 834 4706 4099 4777">
    <p class='ocr_par' dir='ltr' id='par_1_101' title="bbox 834 4706 4099 4777">
     <span class='ocr_line' id='line_1_102' title="bbox 834 4706 4099 4777; baseline 0 -13"><span class='ocrx_word' id='word_1_730' title='bbox 834 4713 886 4766; x_wconf 94' lang='grc'><strong>1.</strong></span> <span class='ocrx_word' id='word_1_731' title='bbox 963 4710 1033 4741; x_wconf 83' lang='grc'><strong>⁸⁸⁸</strong></span> <span class='ocrx_word' id='word_1_732' title='bbox 1060 4706 1143 4760; x_wconf 81' lang='lat' dir='ltr'><strong>vix</strong></span> <span class='ocrx_word' id='word_1_733' title='bbox 1178 4707 1629 4777; x_wconf 88' lang='lat' dir='ltr'><strong>aliquisunqnam</strong></span> <span class='ocrx_word' id='word_1_734' title='bbox 1656 4707 1901 4761; x_wconf 91' lang='lat' dir='ltr'><strong>viditaut</strong></span> <span class='ocrx_word' id='word_1_735' title='bbox 1932 4722 2088 4761; x_wconf 89' lang='lat' dir='ltr'><strong>nemo</strong></span> <span class='ocrx_word' id='word_1_736' title='bbox 2130 4708 2182 4761; x_wconf 88' lang='lat'><strong>5.</strong></span> <span class='ocrx_word' id='word_1_737' title='bbox 2260 4710 2330 4742; x_wconf 79' lang='grc'>⁸³⁸</span> <span class='ocrx_word' id='word_1_738' title='bbox 2371 4719 2488 4763; x_wconf 89' lang='lat' dir='ltr'><strong>esto</strong></span> <span class='ocrx_word' id='word_1_739' title='bbox 2536 4711 2738 4764; x_wconf 90' lang='lat' dir='ltr'><strong>ducunt</strong></span> <span class='ocrx_word' id='word_1_740' title='bbox 2764 4710 2813 4762; x_wconf 92' lang='grc'><strong>1.</strong></span> <span class='ocrx_word' id='word_1_741' title='bbox 2886 4708 2954 4739; x_wconf 70' lang='grc'><strong>⁸⁸⁸</strong></span> <span class='ocrx_word' id='word_1_742' title='bbox 2980 4706 3170 4760; x_wconf 60' lang='grc' dir='ltr'><strong>τηυιιο</strong></span> <span class='ocrx_word' id='word_1_743' title='bbox 3200 4710 3255 4777; x_wconf 75' lang='grc'><strong>5.</strong></span> <span class='ocrx_word' id='word_1_744' title='bbox 3325 4707 3391 4738; x_wconf 73' lang='grc'><strong>⁸⁸⁸</strong></span> <span class='ocrx_word' id='word_1_745' title='bbox 3435 4722 3555 4761; x_wconf 88' lang='lat' dir='ltr'><strong>eam</strong></span> <span class='ocrx_word' id='word_1_746' title='bbox 3605 4708 3658 4760; x_wconf 92' lang='lat' dir='ltr'><strong>in</strong></span> <span class='ocrx_word' id='word_1_747' title='bbox 3703 4723 3867 4761; x_wconf 88' lang='lat' dir='ltr'><strong>unum</strong></span> <span class='ocrx_word' id='word_1_748' title='bbox 3905 4709 4099 4777; x_wconf 84' lang='lat' dir='ltr'><strong>aliquis</strong></span> 
     </span>
    </p>
   </div>
   <div class='ocr_carea' id='block_1_102' title="bbox 836 4776 4095 4848">
    <p class='ocr_par' dir='ltr' id='par_1_102' title="bbox 836 4776 4095 4848">
     <span class='ocr_line' id='line_1_103' title="bbox 836 4776 4095 4848; baseline -0.001 -13"><span class='ocrx_word' id='word_1_749' title='bbox 836 4794 1060 4848; x_wconf 88' lang='lat' dir='ltr'><strong>campus</strong></span> <span class='ocrx_word' id='word_1_750' title='bbox 1085 4777 1333 4848; x_wconf 89' lang='lat' dir='ltr'><strong>quamvis</strong></span> <span class='ocrx_word' id='word_1_751' title='bbox 1364 4776 1676 4848; x_wconf 74' lang='lat' dir='ltr'><strong>latissimus</strong></span> <span class='ocrx_word' id='word_1_752' title='bbox 1723 4792 2064 4845; x_wconf 82' lang='lat' dir='ltr'><strong>nequaquam</strong></span> <span class='ocrx_word' id='word_1_753' title='bbox 2112 4788 2330 4847; x_wconf 86' lang='lat' dir='ltr'><strong>caperet</strong></span> <span class='ocrx_word' id='word_1_754' title='bbox 2374 4788 2429 4833; x_wconf 93' lang='lat' dir='ltr'><strong>et</strong></span> <span class='ocrx_word' id='word_1_755' title='bbox 2454 4795 2642 4834; x_wconf 89' lang='lat' dir='ltr'><strong>omnes</strong></span> <span class='ocrx_word' id='word_1_756' title='bbox 2686 4778 3039 4833; x_wconf 87' lang='lat' dir='ltr'><strong>nihilominus</strong></span> <span class='ocrx_word' id='word_1_757' title='bbox 3080 4777 3145 4829; x_wconf 91' lang='lat' dir='ltr'><strong>ad</strong></span> <span class='ocrx_word' id='word_1_758' title='bbox 3183 4776 3467 4848; x_wconf 90' lang='lat' dir='ltr'><strong>salutanda</strong></span> <span class='ocrx_word' id='word_1_759' title='bbox 3510 4785 3823 4831; x_wconf 85' lang='lat' dir='ltr'><strong>sanctorum</strong></span> <span class='ocrx_word' id='word_1_760' title='bbox 3868 4776 4095 4847; x_wconf 86' lang='lat' dir='ltr'><strong>corpora</strong></span> 
     </span>
    </p>
   </div>
   <div class='ocr_carea' id='block_1_103' title="bbox 836 4847 3772 4921">
    <p class='ocr_par' dir='ltr' id='par_1_103' title="bbox 836 4847 3772 4921">
     <span class='ocr_line' id='line_1_104' title="bbox 836 4847 3772 4921; baseline -0.001 -19"><span class='ocrx_word' id='word_1_761' title='bbox 836 4847 1077 4921; x_wconf 76' lang='lat' dir='ltr'><strong>populari</strong></span> <span class='ocrx_word' id='word_1_762' title='bbox 1111 4847 1328 4921; x_wconf 75' lang='lat' dir='ltr'><strong>fremitu</strong></span> <span class='ocrx_word' id='word_1_763' title='bbox 1359 4847 1897 4921; x_wconf 71' lang='lat' dir='ltr'><strong>impingerentprop.</strong></span> <span class='ocrx_word' id='word_1_764' title='bbox 1927 4848 1979 4900; x_wconf 90' lang='lat'><strong>5.</strong></span> <span class='ocrx_word' id='word_1_765' title='bbox 2000 4848 2435 4921; x_wconf 26' lang='lat' dir='ltr'><strong>Eujus‘lectiones</strong></span> <span class='ocrx_word' id='word_1_766' title='bbox 2461 4847 3350 4921; x_wconf 63' lang='lat' dir='ltr'><strong>aliquosta_ntunt__in_sequentipus</strong></span> <span class='ocrx_word' id='word_1_767' title='bbox 3389 4847 3772 4921; x_wconf 60' lang='lat' dir='ltr'><strong>qnnotavimus.</strong></span> 
     </span>
    </p>
   </div>
   <div class='ocr_carea' id='block_1_104' title="bbox 844 4915 3268 4987">
    <p class='ocr_par' dir='ltr' id='par_1_104' title="bbox 844 4915 3268 4987">
     <span class='ocr_line' id='line_1_105' title="bbox 844 4915 3268 4987; baseline 0.002 -20"><span class='ocrx_word' id='word_1_768' title='bbox 844 4915 923 4977; x_wconf 76' lang='grc' dir='ltr'><strong>Ι,’</strong></span> <span class='ocrx_word' id='word_1_769' title='bbox 966 4919 1034 4951; x_wconf 89' lang='grc'>⁸⁸³</span> <span class='ocrx_word' id='word_1_770' title='bbox 1058 4917 1147 4986; x_wconf 90' lang='lat' dir='ltr'><strong>qui</strong></span> <span class='ocrx_word' id='word_1_771' title='bbox 1184 4917 1251 4969; x_wconf 85' lang='lat' dir='ltr'><strong>ab</strong></span> <span class='ocrx_word' id='word_1_772' title='bbox 1280 4916 1519 4970; x_wconf 89' lang='lat' dir='ltr'><strong>ulteriori</strong></span> <span class='ocrx_word' id='word_1_773' title='bbox 1538 4915 1689 4986; x_wconf 85' lang='lat' dir='ltr'><strong>parte</strong></span> <span class='ocrx_word' id='word_1_774' title='bbox 1726 4916 1969 4970; x_wconf 73' lang='lat' dir='ltr'><strong>Sambra:</strong></span> <span class='ocrx_word' id='word_1_775' title='bbox 2000 4915 2075 4969; x_wconf 17' lang='lat'><strong>5.7</strong></span> <span class='ocrx_word' id='word_1_776' title='bbox 2125 4918 2195 4949; x_wconf 88' lang='grc'><strong>⁸⁸⁸</strong></span> <span class='ocrx_word' id='word_1_777' title='bbox 2223 4919 2472 4987; x_wconf 82' lang='lat' dir='ltr'><strong>persequi</strong></span> <span class='ocrx_word' id='word_1_778' title='bbox 2504 4915 2560 4971; x_wconf 61' lang='grc'><strong>1.</strong></span> <span class='ocrx_word' id='word_1_779' title='bbox 2615 4919 2683 4950; x_wconf 82' lang='grc'>⁸⁸⁵</span> <span class='ocrx_word' id='word_1_780' title='bbox 2714 4916 3049 4972; x_wconf 89' lang='lat' dir='ltr'><strong>obnubilatio</strong></span> <span class='ocrx_word' id='word_1_781' title='bbox 3078 4918 3129 4970; x_wconf 92' lang='grc'><strong>1.</strong></span> <span class='ocrx_word' id='word_1_782' title='bbox 3186 4915 3268 4987; x_wconf 62' lang='grc'><strong>⁸⁸⁸</strong></span> 
     </span>
    </p>
   </div>
   <div class='ocr_carea' id='block_1_105' title="bbox 3850 4849 4098 4902">
    <p class='ocr_par' dir='ltr' id='par_1_105' title="bbox 3850 4849 4098 4902">
     <span class='ocr_line' id='line_1_106' title="bbox 3850 4849 4098 4902; baseline 0.004 -3"><span class='ocrx_word' id='word_1_783' title='bbox 3850 4849 3918 4879; x_wconf 80' lang='grc'><strong>⁸⁸⁸</strong></span> <span class='ocrx_word' id='word_1_784' title='bbox 3959 4850 4098 4902; x_wconf 75' lang='lat' dir='ltr'><strong>deest</strong></span> 
     </span>
    </p>
   </div>
   <div class='ocr_carea' id='block_1_106' title="bbox 3295 4914 4098 4987">
    <p class='ocr_par' dir='ltr' id='par_1_106' title="bbox 3295 4914 4098 4987">
     <span class='ocr_line' id='line_1_107' title="bbox 3295 4914 4098 4987; baseline 0.005 -20"><span class='ocrx_word' id='word_1_785' title='bbox 3295 4914 3545 4987; x_wconf 81' lang='lat' dir='ltr'><strong>perﬂuin</strong></span> <span class='ocrx_word' id='word_1_786' title='bbox 3696 4915 3764 4946; x_wconf 78' lang='grc'>⁸⁸⁷</span> <span class='ocrx_word' id='word_1_787' title='bbox 3788 4916 3853 4970; x_wconf 84' lang='lat' dir='ltr'><strong>Et</strong></span> <span class='ocrx_word' id='word_1_788' title='bbox 3882 4918 4003 4987; x_wconf 90' lang='lat' dir='ltr'><strong>quia</strong></span> <span class='ocrx_word' id='word_1_789' title='bbox 4031 4919 4098 4971; x_wconf 82' lang='lat' dir='ltr'><strong>ad</strong></span> 
     </span>
    </p>
   </div>
   <div class='ocr_carea' id='block_1_107' title="bbox 840 4985 4095 5056">
    <p class='ocr_par' dir='ltr' id='par_1_107' title="bbox 840 4985 4095 5056">
     <span class='ocr_line' id='line_1_108' title="bbox 840 4985 4095 5056; baseline -0.001 -12"><span class='ocrx_word' id='word_1_790' title='bbox 840 5008 894 5044; x_wconf 91' lang='lat' dir='ltr'><strong>n.</strong></span> <span class='ocrx_word' id='word_1_791' title='bbox 937 4999 977 5042; x_wconf 92' lang='lat' dir='ltr'><strong>t.</strong></span> <span class='ocrx_word' id='word_1_792' title='bbox 1013 4988 1047 5041; x_wconf 87' lang='lat' dir='ltr'><strong>f.</strong></span> <span class='ocrx_word' id='word_1_793' title='bbox 1078 4985 1149 5027; x_wconf 52' lang='grc' dir='ltr'><strong>ὲ-</strong></span> <span class='ocrx_word' id='word_1_794' title='bbox 1178 4985 1608 5056; x_wconf 57' lang='grc' dir='ltr'><strong>ρθτγρηίιιιυςει</strong></span> <span class='ocrx_word' id='word_1_795' title='bbox 1632 5002 1772 5040; x_wconf 90' lang='lat' dir='ltr'><strong>nunc</strong></span> <span class='ocrx_word' id='word_1_796' title='bbox 1803 5002 1862 5040; x_wconf 88' lang='lat' dir='ltr'><strong>se</strong></span> <span class='ocrx_word' id='word_1_797' title='bbox 1891 4988 2105 5041; x_wconf 90' lang='lat' dir='ltr'><strong>occasio</strong></span> <span class='ocrx_word' id='word_1_798' title='bbox 2131 4985 2345 5051; x_wconf 82' lang='lat' dir='ltr'><strong>obtulit,</strong></span> <span class='ocrx_word' id='word_1_799' title='bbox 2373 4985 2431 5041; x_wconf 73' lang='lat' dir='ltr'><strong>ut</strong></span> <span class='ocrx_word' id='word_1_800' title='bbox 2458 4989 2729 5056; x_wconf 85' lang='lat' dir='ltr'><strong>paululum</strong></span> <span class='ocrx_word' id='word_1_801' title='bbox 2764 4990 2865 5042; x_wconf 88' lang='lat' dir='ltr'><strong>hoc</strong></span> <span class='ocrx_word' id='word_1_802' title='bbox 2900 4987 2967 5041; x_wconf 94' lang='lat' dir='ltr'><strong>de</strong></span> <span class='ocrx_word' id='word_1_803' title='bbox 3012 4985 3305 5039; x_wconf 88' lang='lat' dir='ltr'><strong>virtutibus</strong></span> <span class='ocrx_word' id='word_1_804' title='bbox 3339 4985 3579 5056; x_wconf 84' lang='lat' dir='ltr'><strong>Ursmari</strong></span> <span class='ocrx_word' id='word_1_805' title='bbox 3616 4985 4095 5054; x_wconf 72' lang='lat' dir='ltr'><strong>prmgnstaremus,</strong></span> 
     </span>
    </p>
   </div>
   <div class='ocr_carea' id='block_1_108' title="bbox 839 5054 4097 5137">
    <p class='ocr_par' dir='ltr' id='par_1_108' title="bbox 839 5054 4097 5137">
     <span class='ocr_line' id='line_1_109' title="bbox 839 5054 4097 5137; baseline -0.001 -24"><span class='ocrx_word' id='word_1_806' title='bbox 839 5062 968 5137; x_wconf 84' lang='lat' dir='ltr'><strong>li_het</strong></span> <span class='ocrx_word' id='word_1_807' title='bbox 993 5055 1630 5137; x_wconf 45' lang='lat' dir='ltr'><strong>uberiusali-quantulum</strong></span> <span class='ocrx_word' id='word_1_808' title='bbox 1660 5056 1711 5137; x_wconf 78' lang='lat' dir='ltr'><strong>in</strong></span> <span class='ocrx_word' id='word_1_809' title='bbox 1744 5059 1849 5110; x_wconf 89' lang='lat' dir='ltr'><strong>line</strong></span> <span class='ocrx_word' id='word_1_810' title='bbox 1875 5058 2117 5137; x_wconf 72' lang='lat' dir='ltr'><strong>opusculi</strong></span> <span class='ocrx_word' id='word_1_811' title='bbox 2151 5060 2317 5111; x_wconf 89' lang='lat' dir='ltr'><strong>nostri</strong></span> <span class='ocrx_word' id='word_1_812' title='bbox 2352 5058 2405 5111; x_wconf 90' lang='lat' dir='ltr'><strong>in</strong></span> <span class='ocrx_word' id='word_1_813' title='bbox 2446 5054 2561 5125; x_wconf 82' lang='lat' dir='ltr'><strong>ejus</strong></span> <span class='ocrx_word' id='word_1_814' title='bbox 2590 5061 2845 5137; x_wconf 70' lang='lat' dir='ltr'><strong>virtutum</strong></span> <span class='ocrx_word' id='word_1_815' title='bbox 2878 5056 3161 5137; x_wconf 72' lang='lat' dir='ltr'><strong>miraculis</strong></span> <span class='ocrx_word' id='word_1_816' title='bbox 3199 5054 3499 5137; x_wconf 70' lang='lat' dir='ltr'><strong>immorari,</strong></span> <span class='ocrx_word' id='word_1_817' title='bbox 3533 5056 3704 5136; x_wconf 61' lang='lat' dir='ltr'><strong>utqui</strong></span> <span class='ocrx_word' id='word_1_818' title='bbox 3734 5056 3829 5109; x_wconf 84' lang='lat' dir='ltr'><strong>fuit</strong></span> <span class='ocrx_word' id='word_1_819' title='bbox 3864 5057 4097 5137; x_wconf 70' lang='lat' dir='ltr'><strong>initium.</strong></span> 
     </span>
    </p>
   </div>
   <div class='ocr_carea' id='block_1_109' title="bbox 839 5125 2881 5194">
    <p class='ocr_par' dir='ltr' id='par_1_109' title="bbox 839 5125 2881 5194">
     <span class='ocr_line' id='line_1_110' title="bbox 839 5125 2881 5194; baseline -0.001 -11"><span class='ocrx_word' id='word_1_820' title='bbox 839 5131 909 5184; x_wconf 81' lang='lat' dir='ltr'><strong>sit</strong></span> <span class='ocrx_word' id='word_1_821' title='bbox 939 5140 993 5182; x_wconf 91' lang='lat' dir='ltr'><strong>et</strong></span> <span class='ocrx_word' id='word_1_822' title='bbox 1028 5126 1266 5181; x_wconf 86' lang='lat' dir='ltr'><strong>clausula</strong></span> <span class='ocrx_word' id='word_1_823' title='bbox 1299 5125 1442 5178; x_wconf 87' lang='lat' dir='ltr'><strong>libri.</strong></span> <span class='ocrx_word' id='word_1_824' title='bbox 1476 5126 1607 5178; x_wconf 84' lang='lat' dir='ltr'><strong>Nam</strong></span> <span class='ocrx_word' id='word_1_825' title='bbox 1658 5126 1734 5179; x_wconf 89' lang='lat' dir='ltr'><strong>sic</strong></span> <span class='ocrx_word' id='word_1_826' title='bbox 1779 5125 2083 5194; x_wconf 80' lang='lat' dir='ltr'><strong>sponsionis</strong></span> <span class='ocrx_word' id='word_1_827' title='bbox 2132 5139 2329 5181; x_wconf 76' lang='lat' dir='ltr'><strong>nostra:</strong></span> <span class='ocrx_word' id='word_1_828' title='bbox 2363 5142 2653 5191; x_wconf 87' lang='lat' dir='ltr'><strong>memores,</strong></span> <span class='ocrx_word' id='word_1_829' title='bbox 2706 5128 2881 5183; x_wconf 68' lang='lat' dir='ltr'><strong>fremis</strong></span> 
     </span>
    </p>
   </div>
   <div class='ocr_carea' id='block_1_110' title="bbox 2968 5125 4095 5194">
    <p class='ocr_par' dir='ltr' id='par_1_110' title="bbox 2968 5125 4095 5194">
     <span class='ocr_line' id='line_1_111' title="bbox 2968 5125 4095 5194; baseline -0.003 -14"><span class='ocrx_word' id='word_1_830' title='bbox 2968 5126 3321 5181; x_wconf 86' lang='lat' dir='ltr'><strong>ersolvimus.</strong></span> <span class='ocrx_word' id='word_1_831' title='bbox 3372 5126 3463 5178; x_wconf 89' lang='lat' dir='ltr'><strong>sed</strong></span> <span class='ocrx_word' id='word_1_832' title='bbox 3494 5133 3549 5177; x_wconf 76' lang='lat' dir='ltr'><strong>et</strong></span> <span class='ocrx_word' id='word_1_833' title='bbox 3602 5125 3702 5193; x_wconf 86' lang='lat' dir='ltr'><strong>ipsi</strong></span> <span class='ocrx_word' id='word_1_834' title='bbox 3748 5127 4095 5194; x_wconf 84' lang='lat' dir='ltr'><strong>percipimus.</strong></span> 
     </span>
    </p>
   </div>
   <div class='ocr_carea' id='block_1_111' title="bbox 844 5195 4098 5265">
    <p class='ocr_par' dir='ltr' id='par_1_111' title="bbox 844 5195 4098 5265">
     <span class='ocr_line' id='line_1_112' title="bbox 844 5195 4098 5265; baseline -0.002 -12"><span class='ocrx_word' id='word_1_835' title='bbox 844 5200 1091 5253; x_wconf 86' lang='lat' dir='ltr'><strong>Dicemus</strong></span> <span class='ocrx_word' id='word_1_836' title='bbox 1125 5198 1287 5263; x_wconf 81' lang='lat' dir='ltr'><strong>igitur</strong></span> <span class='ocrx_word' id='word_1_837' title='bbox 1312 5210 1415 5247; x_wconf 91' lang='lat' dir='ltr'><strong>non</strong></span> <span class='ocrx_word' id='word_1_838' title='bbox 1439 5212 1499 5250; x_wconf 90' lang='lat' dir='ltr'><strong>ea</strong></span> <span class='ocrx_word' id='word_1_839' title='bbox 1525 5210 1644 5264; x_wconf 80' lang='lat' dir='ltr'><strong>qnze</strong></span> <span class='ocrx_word' id='word_1_840' title='bbox 1674 5196 1826 5263; x_wconf 89' lang='lat' dir='ltr'><strong>plura</strong></span> <span class='ocrx_word' id='word_1_841' title='bbox 1870 5196 1937 5248; x_wconf 90' lang='lat' dir='ltr'><strong>ab</strong></span> <span class='ocrx_word' id='word_1_842' title='bbox 1974 5198 2410 5251; x_wconf 88' lang='lat' dir='ltr'><strong>antecessoribus</strong></span> <span class='ocrx_word' id='word_1_843' title='bbox 2438 5200 2635 5251; x_wconf 83' lang='lat' dir='ltr'><strong>nostris</strong></span> <span class='ocrx_word' id='word_1_844' title='bbox 2684 5207 2776 5251; x_wconf 91' lang='lat' dir='ltr'><strong>aut</strong></span> <span class='ocrx_word' id='word_1_845' title='bbox 2824 5195 3065 5265; x_wconf 85' lang='lat' dir='ltr'><strong>neglecta</strong></span> <span class='ocrx_word' id='word_1_846' title='bbox 3100 5204 3191 5248; x_wconf 89' lang='lat' dir='ltr'><strong>aut</strong></span> <span class='ocrx_word' id='word_1_847' title='bbox 3216 5195 3505 5265; x_wconf 88' lang='lat' dir='ltr'><strong>obliterata</strong></span> <span class='ocrx_word' id='word_1_848' title='bbox 3522 5205 3672 5265; x_wconf 78' lang='lat' dir='ltr'><strong>_Sut_t_t</strong></span> <span class='ocrx_word' id='word_1_849' title='bbox 3700 5235 3714 5257; x_wconf 91' lang='lat'><strong>,</strong></span> <span class='ocrx_word' id='word_1_850' title='bbox 3762 5196 3855 5265; x_wconf 90' lang='lat' dir='ltr'><strong>sed</strong></span> <span class='ocrx_word' id='word_1_851' title='bbox 3886 5214 3945 5249; x_wconf 86' lang='lat' dir='ltr'><strong>ea</strong></span> <span class='ocrx_word' id='word_1_852' title='bbox 3979 5212 4098 5261; x_wconf 71' lang='lat' dir='ltr'><strong>qua:</strong></span> 
     </span>
    </p>
   </div>
   <div class='ocr_carea' id='block_1_112' title="bbox 842 5262 4095 5338">
    <p class='ocr_par' dir='ltr' id='par_1_112' title="bbox 842 5262 4095 5338">
     <span class='ocr_line' id='line_1_113' title="bbox 842 5262 4095 5338; baseline -0.002 -15"><span class='ocrx_word' id='word_1_853' title='bbox 842 5270 939 5338; x_wconf 88' lang='lat' dir='ltr'><strong>ipsi</strong></span> <span class='ocrx_word' id='word_1_854' title='bbox 984 5262 1216 5338; x_wconf 82' lang='lat' dir='ltr'><strong>vidimus</strong></span> <span class='ocrx_word' id='word_1_855' title='bbox 1247 5273 1347 5338; x_wconf 67' lang='lat' dir='ltr'><strong>aut</strong></span> <span class='ocrx_word' id='word_1_856' title='bbox 1386 5268 1464 5338; x_wconf 79' lang='lat' dir='ltr'><strong>ab</strong></span> <span class='ocrx_word' id='word_1_857' title='bbox 1498 5262 1581 5338; x_wconf 83' lang='lat' dir='ltr'><strong>his</strong></span> <span class='ocrx_word' id='word_1_858' title='bbox 1630 5262 1719 5338; x_wconf 81' lang='lat' dir='ltr'><strong>qui</strong></span> <span class='ocrx_word' id='word_1_859' title='bbox 1771 5266 2368 5338; x_wconf 67' lang='lat' dir='ltr'><strong>videruntaudivimus.</strong></span> <span class='ocrx_word' id='word_1_860' title='bbox 2402 5269 2477 5338; x_wconf 15' lang='lat'><strong>5.7</strong></span> <span class='ocrx_word' id='word_1_861' title='bbox 2511 5267 2637 5320; x_wconf 80' lang='lat' dir='ltr'><strong>ch</strong></span> <span class='ocrx_word' id='word_1_862' title='bbox 2673 5284 2788 5321; x_wconf 83' lang='lat' dir='ltr'><strong>vero</strong></span> <span class='ocrx_word' id='word_1_863' title='bbox 2820 5262 3063 5338; x_wconf 55' lang='grc' dir='ltr'><strong>υἱέιὶὸῖο</strong></span> <span class='ocrx_word' id='word_1_864' title='bbox 3094 5264 3456 5338; x_wconf 56' lang='lat' dir='ltr'><strong>demiraculis</strong></span> <span class='ocrx_word' id='word_1_865' title='bbox 3512 5262 3568 5316; x_wconf 92' lang='lat' dir='ltr'><strong>S.</strong></span> <span class='ocrx_word' id='word_1_866' title='bbox 3617 5262 3859 5338; x_wconf 11' lang='lat' dir='ltr'><strong>Ugrsmari</strong></span> <span class='ocrx_word' id='word_1_867' title='bbox 3906 5267 4095 5332; x_wconf 76' lang='lat' dir='ltr'><strong>scripto</strong></span> 
     </span>
    </p>
   </div>
   <div class='ocr_carea' id='block_1_113' title="bbox 840 5335 2364 5404">
    <p class='ocr_par' dir='ltr' id='par_1_113' title="bbox 840 5335 2364 5404">
     <span class='ocr_line' id='line_1_114' title="bbox 840 5335 2364 5404; baseline -0.001 -13"><span class='ocrx_word' id='word_1_868' title='bbox 840 5335 1167 5392; x_wconf 63' lang='lat' dir='ltr'><strong>conveniunt.</strong></span> <span class='ocrx_word' id='word_1_869' title='bbox 1241 5335 1310 5367; x_wconf 71' lang='grc'>⁸³⁸</span> <span class='ocrx_word' id='word_1_870' title='bbox 1350 5335 1467 5404; x_wconf 79' lang='lat' dir='ltr'><strong>ejus</strong></span> <span class='ocrx_word' id='word_1_871' title='bbox 1510 5337 1558 5388; x_wconf 85' lang='lat' dir='ltr'><strong>l.</strong></span> <span class='ocrx_word' id='word_1_872' title='bbox 1633 5335 1700 5366; x_wconf 82' lang='grc'>⁸⁸⁹</span> <span class='ocrx_word' id='word_1_873' title='bbox 1729 5336 1870 5404; x_wconf 86' lang='lat' dir='ltr'><strong>quod</strong></span> <span class='ocrx_word' id='word_1_874' title='bbox 1906 5336 1955 5388; x_wconf 89' lang='lat' dir='ltr'><strong>l.</strong></span> <span class='ocrx_word' id='word_1_875' title='bbox 2028 5336 2097 5367; x_wconf 80' lang='grc'><strong>⁸⁸⁰</strong></span> <span class='ocrx_word' id='word_1_876' title='bbox 2126 5351 2283 5404; x_wconf 89' lang='lat' dir='ltr'><strong>quem</strong></span> <span class='ocrx_word' id='word_1_877' title='bbox 2312 5337 2364 5389; x_wconf 89' lang='grc'><strong>5.</strong></span> 
     </span>
    </p>
   </div>
   <div class='ocr_carea' id='block_1_114' title="bbox 2443 5337 2704 5390">
    <p class='ocr_par' dir='ltr' id='par_1_114' title="bbox 2443 5337 2704 5390">
     <span class='ocr_line' id='line_1_115' title="bbox 2443 5337 2704 5390; baseline -0.004 0"><span class='ocrx_word' id='word_1_878' title='bbox 2443 5337 2508 5367; x_wconf 69' lang='grc'>⁸⁵¹</span> <span class='ocrx_word' id='word_1_879' title='bbox 2542 5338 2625 5390; x_wconf 86' lang='lat' dir='ltr'><strong>hic</strong></span> <span class='ocrx_word' id='word_1_880' title='bbox 2652 5338 2704 5390; x_wconf 92' lang='grc'><strong>5.</strong></span> 
     </span>
    </p>
   </div>
   <div class='ocr_carea' id='block_1_115' title="bbox 2780 5333 4095 5389">
    <p class='ocr_par' dir='ltr' id='par_1_115' title="bbox 2780 5333 4095 5389">
     <span class='ocr_line' id='line_1_116' title="bbox 2780 5333 4095 5389; baseline -0.004 0"><span class='ocrx_word' id='word_1_881' title='bbox 2780 5338 2847 5367; x_wconf 76' lang='grc'>⁸³³</span> <span class='ocrx_word' id='word_1_882' title='bbox 2896 5350 2957 5389; x_wconf 78' lang='lat' dir='ltr'><strong>ea</strong></span> <span class='ocrx_word' id='word_1_883' title='bbox 3011 5337 3059 5389; x_wconf 93' lang='grc'><strong>1.</strong></span> <span class='ocrx_word' id='word_1_884' title='bbox 3130 5334 3204 5365; x_wconf 79' lang='grc'>⁸³³</span> <span class='ocrx_word' id='word_1_885' title='bbox 3238 5343 3623 5387; x_wconf 88' lang='lat' dir='ltr'><strong>commoratam</strong></span> <span class='ocrx_word' id='word_1_886' title='bbox 3656 5335 3705 5387; x_wconf 87' lang='grc'><strong>1.</strong></span> <span class='ocrx_word' id='word_1_887' title='bbox 3778 5333 3848 5365; x_wconf 84' lang='grc'><strong>⁸⁸⁸</strong></span> <span class='ocrx_word' id='word_1_888' title='bbox 3893 5343 4095 5387; x_wconf 81' lang='lat' dir='ltr'><strong>tantum</strong></span> 
     </span>
    </p>
   </div>
   <div class='ocr_carea' id='block_1_116' title="bbox 842 5403 4099 5482">
    <p class='ocr_par' dir='ltr' id='par_1_116' title="bbox 842 5403 4099 5482">
     <span class='ocr_line' id='line_1_117' title="bbox 842 5403 4099 5482; baseline -0.002 -22"><span class='ocrx_word' id='word_1_889' title='bbox 842 5409 1010 5481; x_wconf 76' lang='lat' dir='ltr'><strong>altare</strong></span> <span class='ocrx_word' id='word_1_890' title='bbox 1048 5406 1219 5482; x_wconf 72' lang='lat' dir='ltr'><strong>idque</strong></span> <span class='ocrx_word' id='word_1_891' title='bbox 1251 5403 1510 5482; x_wconf 81' lang='lat' dir='ltr'><strong>incultum</strong></span> <span class='ocrx_word' id='word_1_892' title='bbox 1534 5406 1630 5482; x_wconf 35' lang='lat'><strong>5.”</strong></span> <span class='ocrx_word' id='word_1_893' title='bbox 1660 5405 1729 5436; x_wconf 77' lang='grc'>⁸⁸⁵</span> <span class='ocrx_word' id='word_1_894' title='bbox 1768 5405 2048 5482; x_wconf 66' lang='lat' dir='ltr'><strong>copularet</strong></span> <span class='ocrx_word' id='word_1_895' title='bbox 2077 5407 2099 5458; x_wconf 92' lang='grc'><strong>1</strong></span> <span class='ocrx_word' id='word_1_896' title='bbox 2127 5403 2156 5458; x_wconf 66' lang='grc' dir='ltr'><strong>’ἶ</strong></span> <span class='ocrx_word' id='word_1_897' title='bbox 2223 5406 2293 5479; x_wconf 54' lang='grc'><strong>⁸⁸⁸</strong></span> <span class='ocrx_word' id='word_1_898' title='bbox 2316 5416 2370 5460; x_wconf 89' lang='lat' dir='ltr'><strong>et</strong></span> <span class='ocrx_word' id='word_1_899' title='bbox 2400 5408 2451 5460; x_wconf 93' lang='lat' dir='ltr'><strong>in</strong></span> <span class='ocrx_word' id='word_1_900' title='bbox 2480 5408 2530 5479; x_wconf 86' lang='grc'><strong>1.</strong></span> <span class='ocrx_word' id='word_1_901' title='bbox 2607 5408 2674 5438; x_wconf 77' lang='grc'><strong>⁸⁵⁷</strong></span> <span class='ocrx_word' id='word_1_902' title='bbox 2718 5418 2772 5460; x_wconf 91' lang='lat' dir='ltr'><strong>at</strong></span> <span class='ocrx_word' id='word_1_903' title='bbox 2803 5408 2976 5459; x_wconf 62' lang='lat' dir='ltr'><strong>laetior</strong></span> <span class='ocrx_word' id='word_1_904' title='bbox 3026 5404 3264 5458; x_wconf 84' lang='lat' dir='ltr'><strong>redditus</strong></span> <span class='ocrx_word' id='word_1_905' title='bbox 3299 5403 3351 5455; x_wconf 91' lang='lat' dir='ltr'><strong>in</strong></span> <span class='ocrx_word' id='word_1_906' title='bbox 3401 5404 3901 5473; x_wconf 85' lang='lat' dir='ltr'><strong>recompensatione</strong></span> <span class='ocrx_word' id='word_1_907' title='bbox 3940 5405 4099 5457; x_wconf 86' lang='lat' dir='ltr'><strong>bene-</strong></span> 
     </span>
    </p>
   </div>
  </div>
