4482 5524
436 414 530 466 5η

433 625 589 680 quam
626 607 884 668 adducta;
923 605 1104 674 pedes,
1141 621 1330 658 manus
1367 616 1420 657 et
1450 606 1584 658 colla
1637 609 1894 660 arcebant
1929 608 1995 636 “‘

432 699 671 759 vincula;
713 704 924 765 gutture
955 694 1123 748 solum
1155 703 1208 746 et
1238 694 1413 762 lingua
1449 695 1722 748 horribilia
1757 696 1996 763 quaedam

433 787 736 857 proferebat
763 786 830 816 ⁸⁸³
858 796 911 838 et
944 785 1148 838 ICBlIda.
1179 785 1406 838 Audires
1431 786 1697 838 interdum
1720 802 1902 839 canem
1932 787 1998 817 ⁸⁸⁸

433 878 735 936 latrantem,
769 873 979 926 sibilum
1010 881 1316 940 serpentum
1345 913 1357 936 ,
1403 883 1675 927 taurorum
1717 875 1996 942 mugitum,

432 975 490 1018 ut
525 966 674 1034 quasi
724 966 774 1016 in
821 963 887 996 ⁸⁸⁸
922 978 1027 1015 uno
1071 963 1230 1016 cubili
1277 971 1456 1015 essent
1501 964 1712 1016 diversa
1767 963 1998 1016 ferarum

434 1065 693 1109 monstra.
732 1053 851 1106 Dies
883 1063 999 1105 erat
1029 1051 1249 1105 festivus
1274 1052 1344 1088 ⁸⁸⁸
1384 1052 1622 1121 ejusdem
1647 1053 1841 1120 patris,
1876 1068 2002 1105 con-

435 1154 692 1198 venerant
717 1144 783 1181 ⁸⁶⁷
810 1144 875 1195 ad
908 1141 1041 1195 festa
1077 1143 1194 1210 plus
1221 1143 1378 1195 solito
1407 1142 1604 1211 populi.
1637 1143 1722 1194 Illa
1768 1142 2000 1209 ibijacc-

434 1236 547 1294 bat.
594 1245 699 1287 tam
749 1234 1014 1287 terribiles
1060 1248 1218 1286 voces
1264 1233 1550 1293 einittens,
1599 1241 1654 1284 ut
1699 1234 1782 1284 vix
1828 1234 2003 1286 missae

432 1325 602 1376 audiri
645 1332 859 1391 possent
909 1324 960 1376 in
993 1323 1076 1375 die
1107 1333 1213 1376 tam
1259 1324 1477 1390 celebri.
1523 1321 1835 1375 Festivitate
1880 1338 2002 1391 per-

435 1424 551 1465 acta
575 1452 588 1473 ,
643 1413 727 1464 nhi
775 1412 946 1463 illuxit
977 1413 1088 1464 dies
1131 1414 1364 1464 crastina
1392 1452 1405 1473 ,
1440 1411 1634 1464 fratres
1662 1412 2003 1465 condolentes

438 1501 545 1560 illi,
596 1500 877 1551 ecclesiam
929 1500 1098 1552 sancti
1171 1498 1410 1551 Ursmari
1463 1509 1687 1566 petunt,
1746 1514 1841 1566 pro
1889 1500 2004 1568 ejus

436 1589 711 1656 ereptione
741 1587 1021 1639 Dominum
1054 1588 1393 1654 deprecaturi
1417 1604 1428 1650 ;
1456 1599 1849 1655 proposuerunt
1877 1589 2005 1640 leta-

435 1677 577 1728 niam
608 1676 862 1743 prostrati
917 1691 1095 1744 agere,
1138 1675 1289 1741 cujus
1322 1679 1566 1729 recitatio
1614 1679 1740 1729 mihi
1766 1679 2004 1745 injuncla

434 1773 534 1816 est.
559 1763 652 1817 Ubi
677 1779 804 1830 ergo
825 1772 942 1830 post
968 1763 1333 1816 recitationem
1357 1775 1661 1817 sanctorum
1686 1766 1920 1816 omnium
1939 1765 2006 1799 ⁸⁶⁸

1439 406 1523 460 DE
1563 406 1803 460 GESTIS
1841 406 2165 461 ABBATUM
2207 405 2690 460 LAUBIENSIUM.

433 521 498 574 ad
551 517 719 571 sancti
774 513 873 568 viri
925 513 1265 582 sepulchrum
1314 516 1377 543 ⁸⁶¹
1429 524 1656 568 attracta
1699 525 1778 568 est
1821 517 1995 583 potius
2027 520 2072 577 Α

3568 412 3669 467 576

2170 515 2238 567 55
2260 517 2344 566 ⁸⁷⁸.
2389 517 2528 568 Adso
2549 517 2613 545 ⁸⁷⁷
2648 515 2864 584 quidam
2888 526 3004 569 erat
3035 517 3084 569 in
3119 519 3337 572 servitio
3361 520 3541 574 fratris
3569 527 3670 574 Illt'I

2105 603 2422 656 Godescalci
2454 603 2522 633 ⁸⁷⁸
2545 605 3032 658 calciamentoriam
3061 606 3127 638 ⁸⁷⁸
3155 617 3324 660 artem
3371 624 3534 678 agens
3582 613 3671 673 ⁸⁸¹¹,

2104 704 2259 756 quem
2291 703 2320 740 a
2347 705 2515 756 puero
2539 701 2872 744 contractum
2897 708 3081 745 omnes
3109 697 3477 762 cognovimus,
3511 699 3583 749 ita
3620 708 3675 749 ut

2104 780 2349 848 progredi
2375 795 2642 848 quoquam
2675 782 2780 834 nisi
2821 797 2939 834 cum
2973 785 3220 838 scabellis
3264 788 3530 854 nequiret.
3579 787 3676 839 llic

2103 872 2333 936 quadam
2372 870 2457 922 die
2485 871 2549 922 ad
2573 871 2914 939 sepulchrum
2944 874 3114 925 sancti
3151 873 3391 928 Ursmari
3431 889 3549 930 vota
3585 893 3678 930 su-

2104 955 2317 1008 lutnrus
2367 957 2430 986 ⁸⁸¹
2479 959 2732 1020 accessit,
2785 959 2961 1013 ferens
3008 976 3188 1014 secum
3237 979 3395 1017 cerea
3429 984 3675 1034 munera,

2103 1044 2356 1098 candelas
2391 1047 2636 1100 videlicet
2662 1049 2922 1114 geminas,
2969 1051 3224 1117 petiitque
3257 1051 3324 1083 ‘“
3355 1055 3422 1106 ab
3453 1056 3522 1086 ⁸⁸³
3551 1061 3677 1112 :edi-

2107 1143 2218 1196 tuo,
2249 1145 2305 1186 ut
2347 1151 2466 1187 cum
2517 1136 2586 1188 ibi
2620 1147 2934 1202 pernoctare
2961 1139 3177 1193 sineret.
3213 1141 3494 1196 Concessit
3543 1148 3628 1201 ille
3659 1165 3670 1210 ;

2104 1226 2444 1292 pernoctavit
2486 1226 2604 1278 iste.
2657 1226 2848 1279 Statim
2896 1228 2946 1279 in
2993 1229 3107 1295 ipso
3150 1232 3441 1286 conticiuio
3488 1247 3678 1289 orante

2105 1312 2196 1363 illo
2220 1322 2272 1365 et
2305 1313 2394 1364 Dei
2425 1315 2718 1380 potentiam
2753 1315 3114 1382 prmstulantc,
3147 1331 3428 1384 cmperunt
3453 1336 3507 1373 sc
3537 1323 3679 1376 tina:

2105 1401 2436 1468 complicati:
2487 1404 2774 1465 reducere,
2826 1415 2879 1455 et
2930 1405 3019 1455 tali
3052 1407 3242 1472 pedum
3299 1424 3328 1459 a
3378 1411 3583 1463 diutina
3611 1414 3680 1444 ⁸⁸⁸

2105 1494 2407 1545 colnesione
2452 1494 2658 1544 natium
2709 1508 2814 1545 non
2875 1493 2988 1547 sine
3039 1510 3232 1562 magno
3279 1499 3535 1564 patientis
3601 1503 3681 1553 iu-

2107 1584 2388 1634 connnodo
2417 1581 2717 1649 sejungere,
2764 1597 2930 1650 usque
2967 1583 3090 1635 dum
3136 1587 3289 1651 plene
3319 1599 3554 1653 erectus,
3588 1607 3678 1644 cu-

2108 1671 2348 1724 stodibus
2383 1673 2702 1724 mirantibus
2748 1673 2800 1724 in
2834 1675 2995 1738 pedes
3027 1675 3203 1736 stetit;
3238 1677 3328 1727 sed
3375 1692 3484 1744 pra:
3515 1681 3679 1731 nimio

2109 1760 2291 1812 dolore
2315 1769 2366 1811 et
2396 1761 2764 1812 inconsuetum
2792 1761 2858 1790 ⁸⁸⁵
2893 1763 3267 1828 progrediendi
3301 1781 3451 1817 usum
3494 1770 3685 1820 ambu-

437 1854 502 1905 ad
526 1852 697 1906 locum
729 1863 1042 1919 perventum
1089 1861 1206 1916 est,
1237 1869 1355 1906 cum
1388 1854 1454 1882 “‘
1499 1856 1678 1907 dicere
1707 1855 1956 1908 deberem
1991 1867 2005 1905 :
2041 1865 2081 1922 ιι
2112 1847 2221 1901 lare
2253 1863 2356 1901 non
2408 1852 2600 1916 potuit.
2631 1849 2732 1914 Qui
2779 1864 2887 1917 prae
2939 1851 3102 1903 nimia
3149 1855 3506 1920 gratulatione
3551 1872 3683 1924 quo—

438 1938 541 1992 Per
571 1940 847 1991 adventum
872 1950 1018 1990 tuum
1045 1940 1205 1991 libera
1235 1957 1347 2005 nos,
1385 1939 1621 2002 Domine,
1645 1942 1864 1994 vocibus
1891 1942 2006 2009 ejus

437 2030 752 2096 perterritus
783 2030 1073 2097 anticipavi
1099 2031 1278 2083 dicere
1305 2047 1316 2081 :
1355 2031 1459 2082 Per
1499 2032 1812 2083 nativitatem
1841 2042 2002 2082 tuam.

438 2115 586 2170 Tunc
617 2117 702 2169 illa
728 2158 741 2182 ,
773 2118 935 2170 immo
967 2118 1052 2171 ille
1077 2158 1089 2181 ,
1121 2135 1228 2186 quo
1253 2121 1446 2172 misera
1492 2119 1578 2171 illa
1614 2121 1963 2187 torquebatur
1992 2138 2002 2174 :

441 2204 695 2268 Mentiris,
736 2207 928 2274 inquit,
955 2217 1000 2259 et
1026 2220 1336 2274 pra'postere
1362 2208 1604 2276 loqueris.
1638 2209 1836 2277 Expavi
1864 2250 1876 2272 ,
1924 2210 2004 2263 fa-

439 2305 576 2358 teor,
608 2306 661 2348 et
690 2311 823 2363 pene
863 2309 1012 2348 extra
1044 2311 1127 2349 me
1154 2297 1378 2350 effectus
1409 2313 1546 2350 sum.
1587 2300 1655 2350 At
1687 2300 1774 2352 ubi
1805 2314 1888 2350 me
1927 2313 2008 2352 re-

439 2386 586 2454 cepi,
637 2385 891 2438 letaniam
947 2401 1062 2438 sum
1111 2398 1464 2454 prosecutus,
1512 2389 1756 2455 cmpique
1801 2404 2007 2442 mecum

439 2492 598 2544 agere
651 2479 878 2540 tacitus,
927 2478 1068 2544 quod
1119 2478 1287 2531 isdem
1341 2489 1579 2546 apostata
1647 2481 1868 2546 spiritus
1915 2479 2007 2532 Dei

433 2563 637 2631 judicio
672 2574 862 2629 tortus,
907 2580 1027 2618 vera
1065 2575 1188 2619 tunc
1227 2581 1437 2634 quoque
1474 2569 1667 2620 dixerit
1698 2579 1914 2621 coactus
1957 2578 2010 2621 ct

439 2655 658 2708 invitus.
690 2654 933 2709 Peccatis
981 2657 1178 2709 nostris
1209 2658 1520 2724 agentibus,
1573 2665 1698 2710 tunc
1727 2659 1797 2711 nil
1832 2669 2007 2712 actum

442 2753 540 2795 est.
597 2741 747 2795 Unde
794 2745 1062 2811 desperati
1097 2754 1348 2812 parentes
1391 2746 1541 2813 ejus,
1587 2762 1702 2799 eam
1756 2749 2010 2802 reducere

443 2843 723 2901 temptant.
777 2834 882 2887 Sed
930 2835 1016 2888 ubi
1067 2836 1131 2887 ad
1186 2836 1466 2889 Sambram
1521 2848 1734 2889 ventum
1783 2847 1902 2900 est,
1957 2840 2007 2892 in

443 2927 622 2993 pontis
651 2926 826 2979 medio
856 2942 993 2979 nnus
1028 2927 1237 2985 illorum
1275 2929 1567 2995 respiciens
1597 2929 1660 2980 ad
1689 2929 1966 2981 ecclesiam
1993 2948 2004 2980 :

446 3013 578 3081 Eyn,
614 3015 806 3082 inquit,
832 3027 1008 3067 sancte
1039 3014 1304 3077 L’rsmare,
1336 3018 1566 3083 plaeetne
1594 3019 1706 3080 tibi,
1731 3029 1784 3068 ut
1812 3017 1881 3048 ⁸⁷⁰
1907 3037 1937 3069 α
1963 3030 2010 3070 te

444 3113 546 3155 tam
579 3108 748 3158 tristes
776 3106 1043 3157 redeamus
1072 3107 1157 3169 ⁸⁷⁸,
1179 3107 1418 3172 frustrati
1439 3124 1468 3158 a
1496 3118 1542 3159 te
1564 3109 1626 3159 de
1649 3108 2008 3176 longinquom

2109 1938 2394 1990 dammudo
2429 1940 2572 1991 visus
2602 1948 2682 1990 est
2707 1939 2869 1990 fuisse
2900 1939 3172 2005 ingratus,
3199 1943 3323 1994 dum
3359 1945 3542 1998 insciis
3568 1962 3684 1998 om-

2110 2027 2269 2078 nibus
2303 2042 2458 2079 mane
2481 2027 2762 2080 ecclesiam
2790 2043 3054 2096 egressus,
3085 2046 3182 2083 nec
3216 2040 3325 2084 tum
3361 2033 3543 2088 laudes
3575 2037 3683 2088 Deo

2109 2115 2286 2167 dicere
2332 2114 2492 2177 fecit,
2524 2125 2577 2168 et
2610 2117 2720 2184 ipse
2747 2156 2761 2177 ,
2816 2118 2901 2168 ubi
2942 2118 3096 2184 plene
3144 2120 3418 2173 doloribus
3460 2127 3678 2188 caruit,

2110 2203 2493 2272 Ragenarianzn
2531 2206 2598 2239 ⁸⁸⁸
2624 2205 2899 2257 rebellioni
2930 2222 2986 2258 se
3011 2209 3294 2260 satellitem
3325 2214 3556 2264 miscuit.

2180 2297 2248 2347 56
2265 2296 2351 2347 ⁸⁸⁷.
2376 2296 2617 2349 Etabbas
2644 2297 3009 2357 Aletramnus,
3031 2300 3353 2361 utdiximus,
3372 2304 3589 2368 paralisi
3607 2303 3684 2355 la—

2110 2383 2504 2449 borabat.(97i)
2521 2383 2670 2435 (Sicca
2688 2386 2927 2450 quasdam
2944 2387 3231 2438 elemosina
3249 2387 3590 2444 Frcdcsindis
3615 2393 3682 2425 ⁸⁸τ

2112 2471 2271 2533 illius,
2303 2488 2418 2539 qua:
2449 2474 2717 2539 Stephano
2743 2474 2826 2523 cui
2855 2473 3091 2526 lirebona
3117 2478 3384 2528 serviebat
3409 2491 3685 2547 nupserat,

2112 2562 2370 2614 alebatur.
2419 2562 2540 2614 Ila‘c
2590 2563 2820 2630 quadam
2855 2563 2938 2614 die
2982 2566 3168 2616 orandi
3197 2580 3356 2618 causa
3391 2571 3454 2619 ad
3485 2585 3688 2623 memo-

2112 2652 2244 2703 riam
2271 2652 2440 2703 sancti
2474 2650 2714 2704 Ursmari
2743 2653 2906 2713 venit,
2938 2661 2989 2704 et
3031 2655 3154 2705 dum
3188 2668 3444 2718 montem,
3478 2660 3560 2710 cui
3593 2674 3685 2712 su-

2112 2741 2381 2809 praposita
2413 2752 2493 2793 est
2517 2741 2764 2804 ecclesia,
2799 2743 2908 2808 ipsa
2959 2744 3262 2806 scanderet,
3303 2746 3350 2796 in
3383 2747 3683 2816 intercape-

2113 2831 2276 2891 dine,
2329 2845 2487 2897 quam
2540 2845 2770 2896 quercus
2823 2833 3041 2898 antiqua
3096 2835 3433 2888 disterminat
3480 2837 3569 2901 ⁸⁸⁸,
3620 2855 3684 2892 ex

2113 2920 2284 2987 adytis
2317 2921 2523 2986 templi,
2557 2922 2704 2988 quasi
2732 2937 2824 2987 pcr
2850 2924 3056 2988 aliquas
3089 2923 3307 2975 rimulas
3342 2927 3685 2979 tenuissimas

2113 3011 2503 3078 aliquantulum
2533 3012 2665 3064 lucis
2691 3025 2746 3063 se
2778 3027 2964 3064 versus
2990 3014 3203 3066 vibrare
3235 3020 3518 3081 persensit.
3551 3015 3682 3069 Pro-

2115 3116 2295 3168 gressa
2325 3101 2536 3153 demum
2572 3102 2636 3153 ad
2679 3103 2850 3154 sancti
2883 3103 3051 3169 patris
3084 3106 3251 3156 nostri
3291 3105 3309 3134 ⁸
3338 3106 3356 3134 °
3403 3107 3685 3170 tumulum,

443 3197 658 3263 qutrsita
686 3196 970 3262 sospitate?
1004 3195 1097 3247 Vix
1142 3197 1301 3248 verba
1336 3196 1716 3264 compleverat,
1766 3214 1885 3251 cum
1925 3215 2009 3251 su.
2040 3186 2082 3245 C
2118 3190 2187 3240 ita
2222 3191 2408 3241 mirata
2439 3199 2518 3243 est
2550 3191 2743 3252 visum,
2771 3200 2828 3243 ut
2853 3192 3116 3245 Gosberto
3142 3194 3207 3222 ⁸⁸³
3243 3196 3528 3261 przeposito
3551 3213 3685 3248 nun-

444 3283 552 3338 bito
584 3285 668 3337 illa
704 3286 753 3336 in
806 3285 991 3337 eodem
1042 3287 1218 3351 pontis
1262 3286 1378 3339 loco
1409 3289 1641 3349 corruit,
1676 3297 1729 3339 et
1776 3289 2012 3356 aliquan-

445 3374 610 3426 tulum
658 3374 764 3426 illic
810 3387 1020 3426 mortuo
1049 3376 1317 3427 simillima
1344 3374 1611 3442 "'jacuit.
1651 3378 1786 3441 Quid
1818 3380 2013 3446 plura?

444 3462 784 3516 Miseratione
833 3464 923 3516 Dei
973 3479 1068 3530 per
1120 3465 1311 3517 merita
1358 3466 1530 3518 sancti
1593 3465 1832 3519 Ursmari
1896 3478 2016 3535 post

443 3552 713 3621 paululum
767 3553 996 3614 resedit,
1047 3568 1165 3620 quze
1207 3554 1351 3606 circa
1401 3569 1459 3608 se
1502 3555 1799 3623 agebantur
1846 3558 2015 3626 inqui.

445 3644 584 3706 sivit,
619 3643 845 3711 ciboque
872 3654 1104 3709 sumpto,
1137 3644 1390 3712 omnique
1421 3656 1605 3697 sanata
1654 3647 2012 3711 incommodo,

445 3733 829 3809 peste'camit,
879 3731 1302 3800 miraculumque
1333 3748 1485 3786 suum
1535 3735 1647 3801 ipsa
1692 3744 1874 3802 postea
1905 3738 2013 3789 cir-

445 3824 710 3876 cumtulit.

514 3913 602 3966 54.
644 3912 825 3981 Nuper
867 3927 1078 3980 quoque
1110 3911 1325 3980 quidam
1358 3927 1508 3981 teque
1531 3915 1913 3982 energnminus
1951 3916 2016 3968 ad

448 4003 809 4072 supradictam
865 4004 1176 4054 memoriam
1226 4009 1309 4054 est
1353 4001 1578 4054 delatus.
1613 4005 1780 4068 Quem
1834 4005 2015 4057 clerici

447 4091 688 4144 ecclesia:
720 4090 872 4143 nobis
917 4090 1015 4142 alia
1055 4090 1366 4144 curantibus
1413 4106 1508 4159 per
1547 4107 1605 4144 se
1650 4101 1911 4160 temptant
1942 4096 2010 4147 in-

446 4194 688 4246 crepare,
725 4179 1149 4245 immersumque
1177 4179 1244 4207 ⁸⁷⁸
1276 4179 1328 4230 in
1356 4194 1490 4246 aqua
1522 4191 1833 4232 consecrata
1865 4198 2018 4235 exor-

447 4270 704 4322 cistarum
736 4283 883 4321 more
915 4268 1311 4321 exorcizavere.
1345 4266 1449 4320 Sed
1484 4268 1623 4321 inter
1649 4286 1838 4323 manus
1868 4285 2019 4324 exor—

448 4360 735 4412 cizantium
769 4358 947 4412 subito
974 4359 1024 4410 in
1077 4357 1240 4409 altum
1274 4358 1496 4426 rapitur,
1525 4359 1592 4410 ita
1620 4367 1677 4412 ut
1698 4375 1791 4428 per
1811 4361 2020 4428 plantas

448 4451 534 4502 vix
568 4450 813 4502 manibus
852 4458 1157 4510 teneretur,
1208 4457 1262 4501 et
1310 4464 1506 4517 magno
1534 4452 1664 4503 satis
1695 4467 1815 4504 cum
1860 4468 2018 4506 cona-

2118 3280 2281 3331 tiante
2310 3281 2509 3332 faceret
2534 3279 2978 3344 jocundissimum
3010 3289 3061 3333 et
3083 3282 3132 3333 in
3163 3281 3251 3334 Dei
3277 3283 3521 3337 laudibus
3562 3299 3684 3352 spc-

2115 3371 2490 3424 ciosissiunnn.
2526 3370 2747 3422 Factum
2786 3381 2864 3423 est
2894 3371 2990 3424 hoc
3015 3385 3138 3424 ante
3167 3373 3492 3425 dominicam
3520 3390 3682 3442 quam

2116 3469 2312 3513 vocant
2352 3460 2651 3512 medianum
2685 3471 2834 3514 sexta
2870 3462 3022 3514 feria.

2186 3549 2251 3601 57
2276 3549 2362 3600 m.
2408 3549 2460 3601 ln
2495 3552 2767 3602 territorio
2797 3565 3005 3620 quoque
3039 3550 3310 3603 Wilare'm
3335 3552 3480 3619 (1'29)
3535 3554 3689 3606 nobis

2118 3640 2451 3693 deserviente
2481 3641 2696 3707 quidam
2724 3640 2820 3692 fuit
2843 3641 2909 3670 ⁸⁸⁸
2943 3642 3164 3694 Colonus
3189 3681 3202 3704 ,
3230 3641 3321 3709 qui
3345 3657 3464 3694 cum
3494 3644 3692 3696 ceteris

2119 3733 2294 3784 votive
2339 3731 2404 3783 ad
2454 3733 2911 3785 constructiOuem
2964 3732 3470 3795 Transsambrinre,
3527 3748 3688 3800 quam

2119 3821 2466 3886 pratdiximus
2490 3861 2502 3882 ,
2551 3821 2792 3874 ecclesia:
2832 3821 3036 3890 lapides
3071 3823 3493 3875 subvehcntibns
3527 3823 3694 3876 insul-

2121 3923 2296 3978 taret,
2355 3930 2518 3982 seque
2567 3915 2618 3967 id
2677 3915 2953 3968 servitium
3000 3915 3146 3968 nullo
3194 3919 3350 3968 modo
3395 3915 3693 3968 subiturum

2122 4003 2391 4070 deieraret
2418 4005 2508 4067 ⁸³⁵,
2535 4013 2750 4072 repente
2779 4005 2924 4057 omni
2958 4006 3317 4058 membrorum
3349 4004 3520 4057 omiio
3545 4004 3695 4056 debi-

2122 4093 2306 4146 litatus
2332 4104 2432 4146 est.
2469 4094 2574 4146 Sed
2603 4103 2658 4145 ut
2691 4104 2896 4146 reatum
2946 4111 3122 4156 suum,
3157 4110 3276 4147 sero
3311 4095 3462 4150 licet.
3505 4109 3696 4162 cogno«

2123 4185 2219 4245 vit,
2246 4193 2365 4236 vota
2397 4184 2786 4244 accumulavit,
2832 4194 2885 4235 et
2929 4199 3090 4236 sanus
3122 4184 3262 4235 illico
3295 4181 3546 4244 effectus,
3579 4183 3696 4250 plus

2122 4273 2333 4334 ceteris,
2369 4281 2578 4325 ceteros
2607 4271 2927 4333 accendens,
2971 4286 3076 4337 quo
3106 4271 3172 4300 ⁸⁹⁶
3201 4272 3371 4337 potuit
3397 4270 3696 4322 devotionis

2123 4365 2315 4417 ardore
2343 4363 2683 4417 confricavit.

2193 4458 2260 4511 58
2284 4459 2371 4510 ⁸⁰⁷.
2416 4457 2666 4511 Kalendae
2697 4466 2854 4510 erant
2891 4458 3139 4526 Augusti,
3173 4458 3262 4524 qui
3288 4466 3369 4510 est
3413 4458 3527 4510 dics
3557 4456 3696 4509 cele-

449 4541 594 4595 mine
615 4541 863 4594 deorsum
897 4538 1298 4593 rcmittitur‘".
1324 4537 1648 4593 lnstantibus
1676 4541 2021 4597 nihilominus
2055 4539 2097 4594 Ι)
2126 4550 2236 4602 bris
2293 4549 2430 4616 apud
2493 4563 2589 4601 nos
2640 4563 2736 4615 pro
2791 4549 3303 4600 commemoratione
3362 4546 3696 4598 vinculorum

449 4631 660 4685 clericis
684 4630 913 4684 orationi
942 4639 995 4682 et
1033 4629 1405 4698 increpationi,
1441 4641 1659 4683 sanatur
1684 4632 1768 4686 hic
1806 4647 2018 4701 quoque

453 4723 517 4776 ad
544 4721 750 4775 laudem
786 4722 878 4774 Dei
910 4735 1004 4790 per
1033 4721 1222 4773 merita
1247 4707 1416 4773 sancti
1454 4718 1717 4773 Ursmari.

2127 4637 2295 4690 sancti
2334 4637 2474 4688 Petri
2504 4651 2516 4697 ;
2548 4636 2776 4688 Sambra
2808 4633 2945 4688 forte
2977 4643 3102 4686 tunc
3145 4635 3263 4702 plus
3302 4633 3471 4686 solido
3503 4649 3697 4685 excrc-

2128 4735 2302 4789 verat,
2334 4737 2387 4779 et
2413 4726 2639 4794 populus
2661 4725 2934 4780 confluens
2962 4725 3026 4777 ad
3056 4724 3188 4777 festa
3216 4723 3520 4776 festinabat.
3555 4721 3697 4774 Inter

1735 4833 1965 4890 νΑιιιίΕ
2003 4836 2399 4893 LECTIONES.

521 4947 584 4977 ⁸⁶¹
607 4946 742 4998 deest
779 4945 828 4995 I.
906 4944 972 4974 ⁸⁶¹
1000 4939 1280 4996 arctabant
1319 4940 1369 4994 5.

449 5019 505 5072 5.
539 5014 705 5068 Dacli.

452 5089 518 5119 ⁸⁷¹
559 5087 820 5139 abeamus
849 5085 900 5136 5.
937 5082 1101 5133 Dacli.
1180 5079 1246 5110 ""
1270 5081 1557 5149 longinque
1592 5083 1639 5136 1.

452 5157 615 5210 Dac/i.
699 5153 766 5183 "‘
793 5150 1026 5205 XXXVII
1057 5150 1221 5202 Dach.

451 5230 664 5278 viturus
695 5224 742 5274 l.
817 5222 884 5253 ⁸⁸¹
920 5220 1158 5288 petitque

451 5297 517 5328 ⁸⁸⁷
551 5290 814 5348 XXXVIII
845 5291 1008 5342 Dach.

1315 5218 1382 5250 ⁸⁸³
1410 5222 1549 5270 deest
1580 5222 1624 5273 I.

1445 4941 1512 4972 ⁸⁸³
1535 4945 1815 5010 promebat
1847 4946 1896 5000 5.
1934 4949 2097 5002 Dat/t-

783 5013 848 5044 ⁸⁶⁷
877 5023 1200 5066 convenerat
1235 5013 1280 5063 1.
1312 5027 1418 5079 quo
1456 5013 1628 5064 ierant
1653 5015 1703 5066 5.
1739 5017 1980 5072 coierant
2011 5018 2171 5070 Dacia.

1733 5085 1802 5117 ’⁵⁷⁸
1828 5089 2078 5141 similima
2112 5089 2159 5140 Ι.

1298 5150 1364 5182 ⁸⁷⁷
1393 5149 1533 5202 Atho
1565 5151 1617 5204 5.
1693 5153 1762 5185 ⁸⁷⁸
1795 5174 1865 5211 ni.
1903 5158 1966 5211 (ἓ.
1995 5158 2177 5210 desunt
2210 5157 2261 5209 I.

1701 5223 1768 5254 ⁸⁸⁵
1817 5229 2023 5282 duiciva
2052 5227 2100 5278 l.

1099 5287 1168 5318 "8
1196 5287 1553 5359 Tredesendis
1582 5291 1634 5343 5.
1667 5293 2024 5353 Fredescndis
2050 5295 2213 5348 Dat/1.

2175 4948 2242 4978 ⁸⁸⁸
2274 4963 2466 5000 canum
2495 4948 2742 5001 latratum
2779 4948 2830 5000 5.
2909 4946 2975 4978 ⁸⁸⁸
3001 4946 3140 4998 deest
3172 4948 3217 4998 l.
3296 4944 3363 4974 ⁸⁸⁸
3396 4943 3701 4998 festivitatis

2248 5017 2316 5048 ⁸⁸⁸
2357 5019 2633 5070 nominum
2677 5017 2729 5069 5.
2818 5017 2886 5047 ⁸⁸⁵
2913 5031 3018 5084 quo
3047 5015 3099 5067 5.
3132 5015 3299 5067 bach.
3344 5015 3441 5084 Α⁸⁷⁰
3474 5016 3611 5066 deest
3648 5015 3697 5084 I7.

2250 5087 2318 5118 ⁸⁷⁸
2365 5087 2768 5154 iinmissumque
2795 5087 2846 5139 5.
2888 5082 3048 5137 bach.
3148 5085 3215 5116 ⁸⁷⁸
3265 5082 3616 5154 reduceretur
3647 5083 3694 5154 5.

2338 5157 2405 5187 ⁸⁷³
2437 5152 2696 5209 sutoriani
2726 5157 2776 5209 5.
2809 5155 2972 5206 Dacli.
3050 5154 3116 5185 ⁸⁸⁰
3147 5155 3356 5220 agentis
3391 5153 3436 5205 l.
3505 5152 3572 5182 ⁸⁸⁸
3599 5153 3704 5206 sol-

2178 5227 2246 5257 ⁸⁸⁵
2276 5227 2627 5280 indissuetum
2660 5226 2710 5278 5.
2786 5224 2855 5254 ⁸⁸⁸
2885 5224 3166 5293 regeriane
3193 5226 3237 5276 l.
3265 5221 3630 5289 ragenerianu‘
3653 5221 3706 5273 5.

2308 5295 2376 5327 ""
2405 5296 2745 5349 disterminat
2792 5294 2996 5350 victare
3028 5293 3426 5355 quodammodo
3474 5306 3709 5345 excecu-
