4482 5524
760 426 826 480 5ῖ

762 523 1185 603 agendumdum
1209 519 1556 575 celebrantur
1585 514 1789 573 missae,
1825 517 1880 563 et
1905 509 1971 562 ad
2013 520 2108 561 eas
2142 504 2343 557 Trans-

763 601 1023 678 sambrini
1041 612 1298 686 globatim
1323 612 1656 662 maturarent
1670 601 1993 662 accelerare,
2021 610 2160 665 pons
2180 606 2340 661 quem

765 682 1428 767 subierantvmultitudine
1471 695 1540 727 ⁵⁸⁸
1583 698 1949 763 praegravatus
1988 684 2208 745 decidit,
2243 682 2343 735 im-

765 812 1085 867 mersosque
1117 808 1253 864 quos
1274 794 1559 858 acceperat
1582 785 1650 829 “9’
1675 783 1858 837 alveus
1879 780 2033 846 longe
2063 775 2222 829 ﬂuvio
2246 785 2343 826 suo

765 893 949 950 traxit.
978 862 1151 945 Facta
1169 884 1330 955 igitur
1357 874 1805 935 conclamatione,
1822 868 2069 924 turbatur
2088 862 2339 919 ecclesia.

765 980 979 1050 Egressi
1010 990 1146 1047 pene
1174 952 1362 1027 omnes
1381 968 1507 1023 dum
1530 963 1879 1017 anxiarentur
1899 957 1968 987 '°°
1993 955 2058 1009 ad
2082 952 2345 1008 cadavera

766 1073 941 1127 solum
993 1061 1318 1135 requirenda
1344 1099 1358 1123 ,
1402 1056 1541 1110 mira
1586 1052 1682 1106 Dei
1724 1047 1964 1120 potentia
2015 1051 2208 1098 cuncta
2254 1038 2346 1093 illa

767 1164 1148 1218 immersorum
1200 1146 1452 1205 examina
1510 1140 1713 1209 sospita
1764 1135 2053 1190 obviavere
2105 1138 2161 1183 et
2204 1128 2343 1180 iacta.

766 1253 922 1314 Dicat
944 1248 1032 1300 hic
1058 1243 1180 1313 quis
1207 1239 1353 1309 quod
1375 1234 1522 1297 vult;
1558 1245 1656 1285 nos
1681 1224 2052 1280 liberationem
2074 1221 2213 1274 hanc
2238 1218 2349 1271 Deo

767 1340 1113 1399 aseribimus,
1167 1332 1253 1387 cui
1284 1327 1559 1399 proprium
1588 1330 1670 1377 est
1697 1328 1751 1375 et
1776 1314 2047 1386 singulare
2071 1352 2085 1376 ,
2132 1317 2350 1363 sanctos

770 1448 900 1488 suos
928 1430 1127 1497 ubique
1168 1418 1535 1490 magnificare,
1579 1421 1634 1467 et
1662 1411 1889 1464 fidentes
1912 1405 1980 1436 ⁵⁰¹
2010 1404 2064 1456 in
2096 1400 2199 1454 illis
2224 1412 2350 1466 ope-

772 1540 829 1576 ra
856 1523 927 1553 ’θ’
957 1512 1342 1573 misericordia:
1391 1521 1502 1561 sure
1536 1504 1588 1557 in
1637 1496 1890 1571 periculis
1919 1506 2107 1550 eorum
2142 1488 2351 1543 meritis

769 1611 1071 1666 sublevare.

839 1743 908 1799 59
928 1741 998 1773 ¹⁰³
1019 1734 1375 1795 Gislabcrtus,
1398 1745 1465 1783 ex
1487 1734 1718 1796 quatuor
1747 1718 1959 1774 comitis
1980 1713 2201 1769 Bolierti
2226 1709 2349 1764 filiis

1179 406 1516 470 .FOLCUINI
1553 400 1843 461 ABBAT-lS
1880 390 2287 455 LAUBIENSIS
2328 388 2417 444 DE
2452 380 2697 442 GESTIS
2734 370 3063 436 ABBATUM
3098 367 3584 430 LAUBIENSIUM.

2370 503 2417 561 Α
2446 494 2715 550 dominica
2763 484 3307 559 quadragesimalium
3354 483 3562 537 dierum
3612 478 3863 535 tertia—
3905 476 4023 533 loco

3919 365 4024 422 580

2444 603 2542 641 suo
2580 585 2774 644 stabat,
2811 582 2986 637 subito
3012 577 3343 633 contremuit
3370 573 3541 642 (151).

2516 675 2578 727 «11
2606 674 2676 705 ⁸η
2724 673 2834 727 Nec
2866 678 3073 724 tantum
3108 668 3160 722 in
3204 666 3323 720 loco
3356 662 3528 718 felicis
3563 659 3803 729 ejusdem
3851 658 4025 728 patris

2446 764 2794 833 rcquietionis
2842 760 2975 814 fiunt
3020 773 3050 812 a
3093 757 3204 811 Deo
3234 754 3349 822 ejus
3387 754 3690 807 interventu
3738 749 3854 804 hac
3901 763 4026 816 spe-

2446 855 2657 909 cialiter
2679 853 2811 905 mira
2839 893 2853 916 ,
2896 849 2989 904 sed
3029 849 3082 902 iu
3128 845 3352 902 remotis
3379 843 3494 913 ejus
3523 840 3798 895 memoria:
3835 837 4030 891 dicatis

2446 944 2579 999 locis
2630 955 2869 1012 perstepe
2905 949 3127 995 ostensa
3186 944 3312 991 sunt
3361 933 3597 1003 plurima
3638 930 3709 961 “7
3769 926 4032 982 miraculo

2447 1035 2630 1103 digna.
2661 1030 2948 1085 Tudinium
2991 1027 3220 1095 denique
3244 1064 3258 1090 ,
3289 1024 3445 1078 nobis
3492 1020 3745 1088 adjacens
3765 1025 4032 1076 castrum,

2446 1127 2623 1181 locum
2677 1122 2911 1177 habebat
2947 1119 3195 1174 ecclesia:
3245 1115 3417 1170 sancti
3470 1111 3715 1167 Ursmari
3766 1106 4031 1162 memoria

2450 1229 2683 1269 sacrum.
2710 1212 2765 1265 lu
2798 1226 2903 1278 qtto
2932 1209 3164 1277 quodam
3205 1215 3450 1272 tempore
3474 1242 3487 1263 ,
3523 1216 3585 1254 ea
3629 1197 3882 1252 videlicet
3907 1208 4031 1263 qua:

2450 1314 2567 1361 erat
2600 1317 2753 1357 omna
2778 1300 2989 1354 Domini
3030 1306 3208 1357 nocte,
3238 1295 3380 1347 sicut
3422 1290 3727 1344 audivimus
3772 1287 4036 1339 Bosoucm

2450 1396 2768 1449 advocatum
2797 1390 2891 1453 ωδ,
2920 1388 3009 1456 qui
3058 1384 3399 1445 interfuerat,
3440 1379 3643 1434 referre
3667 1419 3681 1441 ,
3728 1377 3854 1431 dum
3888 1388 4038 1426 more

2450 1484 2609 1538 solito
2637 1482 2690 1534 in
2715 1475 3012 1532 matutinali
3063 1472 3253 1543 synaxi
3304 1471 3535 1523 lucerna:
3567 1466 4036 1532 extinguerentur,

2451 1583 2506 1629 et
2533 1586 2695 1643 ymno
2718 1567 2981 1637 evangelii
3005 1564 3175 1627 finito,
3214 1573 3373 1616 terra:
3403 1559 3473 1590 “’
3505 1562 3747 1611 astantes
3802 1561 4039 1622 proster-

2454 1672 2754 1723 nerentur,
2801 1659 2902 1711 tria
2934 1654 3206 1712 stillicidia
3257 1652 3309 1705 iu
3354 1651 3573 1704 modum
3614 1646 3825 1701 illorum
3854 1683 3869 1706 ,
3920 1656 4041 1710 qua:

2452 1756 2698 1809 videmus
2725 1750 2945 1821 porcina
2975 1763 3039 1802 ex
3070 1744 3395 1813 pinguedine
3425 1739 3669 1794 ardentia
3719 1734 3923 1790 stillare
3945 1773 3959 1799 ,
4009 1746 4039 1783 a

766 1849 926 1895 unm"
958 1843 1124 1900 nuper
1152 1826 1222 1873 ἔοι
1252 1839 1373 1878 cum
1399 1820 1538 1882 ὧδ’
1570 1816 1662 1886 qui
1689 1811 1995 1906 “lau‘iidem
2021 1805 2347 1906 conlingat.“
2378 1832 2425 1891 Β
2684 1805 2815 1894 tecti
2850 1837 2902 1890 itt
2932 1805 3241 1906 pavimento
3264 1830 3590 1885 distillavere
3614 1866 3627 1888 ,
3669 1825 3805 1879 adeo
3842 1830 3901 1875 ut
3942 1818 4043 1872 ali-

771 1926 917 1996 (150)
955 1922 1283 1992 stipaverant
1307 1912 1400 1975 ⁵⁰⁸,
1432 1909 1569 1979 apud
1604 1921 1702 1959 uos
1726 1901 2058 1969 hospitatum
2102 1900 2342 1948 venerat.

768 2017 870 2085 Qui
897 1983 1040 2069 inter
1068 2005 1389 2065 eteuandum
1415 1996 1732 2054 monachico
1760 1989 1935 2046 ordini
1983 1986 2132 2054 quasi
2172 1983 2350 2036 minus

767 2106 989 2179 profuso
1016 2104 1108 2164 ⁸⁰⁶,
1144 2105 1328 2167 utpote
1359 2088 1650 2160 improvise
1687 2083 1818 2154 ipsis
1840 2076 2205 2136 venientibus,
2236 2083 2349 2125 c09-

766 2162 1175 2269 pitdetrahcre,
1205 2162 1334 2240 licet
1380 2195 1477 2251 pro
1526 2178 1889 2246 oportunitate
1944 2166 2199 2235 temporis
2249 2162 2352 2216 illis

767 2252 1097 2343 sufﬁcientes
1155 2274 1691 2331 amministrarentur
1733 2260 1920 2329 copiae.
1970 2257 2121 2309 Mane
2170 2252 2349 2311 facto,

768 2384 1006 2433 montem
1032 2375 1244 2424 oratum
1271 2375 1437 2430 eques
1460 2354 1671 2411 scandit
1691 2352 1787 2415 ⁵⁰⁷,
1823 2348 1916 2402 sed
1947 2347 1998 2399 in
2035 2345 2151 2412 ipso
2177 2351 2353 2394 trans-

769 2478 956 2534 gressu
987 2458 1249 2531 graduum
1276 2492 1290 2515 ,
1338 2463 1436 2519 per
1482 2458 1617 2514 quos
1664 2438 1974 2494 ascenditur
2005 2434 2070 2486 ad
2112 2427 2355 2499 superius

770 2519 1181 2608 iitonastErium,
1210 2554 1383 2609 equus
1406 2538 1505 2590 sub
1531 2536 1646 2603 ipso
1681 2529 1905 2589 labitur,
1933 2523 2022 2591 qui
2055 2519 2356 2573 calcaribus

769 2640 1089 2699 multociens
1115 2648 1288 2688 ctesus
1314 2628 1535 2683 ntiuinte
1556 2620 1803 2690 erigitur.
1834 2617 2189 2673 Putaverunt,
2216 2607 2358 2677 quod

770 2733 984 2793 morbo,
1016 2735 1073 2780 ut
1117 2723 1217 2785 fit,
1268 2718 1486 2786 sonipes
1534 2719 1866 2782 urgeretur;
1901 2710 2222 2770 temptatum
2278 2706 2361 2750 est

771 2784 1047 2876 iterum'et
1085 2784 1247 2867 tertio
1274 2825 1288 2874 ;
1331 2784 1642 2875 quadrupes
1669 2794 1857 2867 procul
1885 2792 2047 2847 dubio
2070 2784 2361 2843 immobilis

765 2915 927 2983 jacet.
976 2906 1304 2960 Persuasum
1362 2904 1443 2948 est
1496 2892 1572 2947 illi
1609 2890 1677 2943 ab
1728 2884 1919 2940 amicis
1958 2890 2014 2935 et
2047 2876 2358 2936 comitibus,

770 2965 1008 3056 maxime
1034 3012 1064 3049 a
1114 2994 1325 3047 Bosoue
1354 2986 1424 3019 ⁸⁰⁸
1472 2990 1660 3038 nostro
1698 2978 1959 3033 advocato
1986 3013 1999 3036 ,
2050 2980 2108 3023 ut
2152 2969 2194 3023 si
2234 2965 2360 3035 quid

772 3083 911 3139 forte
964 3087 1102 3133 teste
1158 3067 1493 3128 conscientia
1548 3054 1994 3130 transgressionis
2029 3052 2098 3082 ⁸⁰⁹
2138 3049 2391 3119 egisset,_

772 3183 957 3229 votum
978 3184 1197 3231 vovens,
1233 3165 1344 3219 Deo
1376 3171 1431 3214 ct
1462 3155 1704 3213 ecclesia:
1745 3149 1861 3218 ejus
1886 3142 2260 3203 satisfaceret,
2308 3146 2362 3190 et
2391 3166 2433 3226 Ο

773 3263 879 3317 hoc
914 3228 1238 3328 quantocius
1262 3256 1448 3321 posset
1476 3246 1568 3296 δίο.
1598 3238 1890 3301 Promisit,
1935 3242 1988 3289 et
2029 3228 2361 3286 descendens

774 3370 973 3425 equum
1011 3349 1228 3420 quidem
1274 3358 1466 3400 sanum
1516 3334 1782 3408 repperit,
1833 3329 1927 3385 sed
1974 3327 2075 3380 nisi
2111 3325 2362 3379 deorsum

774 3443 974 3501 montis
1002 3441 1050 3493 ei
1076 3436 1311 3492 insidere
1345 3429 1603 3500 nequivit.

847 3576 937 3630 40.
966 3575 1160 3628 Frater
1185 3568 1252 3601 5“
1279 3564 1563 3621 Robcrtus,
1614 3566 1802 3613 nostro
1834 3563 2073 3623 tempore
2125 3545 2366 3601 ecclesia:

779 3664 952 3721 sancti
981 3659 1223 3717 Ursmari
1252 3656 1465 3710 edituus
1490 3651 1581 3714 ⁸¹²,
1606 3645 1859 3702 haculum
1883 3653 2186 3701 recurvum,
2206 3648 2363 3703 quem

778 3756 1021 3828 plerique
1073 3750 1378 3805 tambueam
1405 3743 1474 3774 ⁸¹³
1502 3781 1517 3806 ,
1561 3739 1648 3792 alii
1696 3733 2003 3805 petaculam
2031 3730 2101 3761 5“
2132 3733 2325 3781 vocant
2351 3763 2365 3786 ,

781 3822 1138 3917 quasivsancti
1166 3834 1407 3894 Ursmari
1431 3828 1747 3904 gestabilem
1768 3834 1823 3879 et
1843 3822 2120 3894 proprium
2144 3824 2368 3885 argento

780 3908 1091 3993 fabricavit,
1110 3930 1371 3999 petiitque
1401 3940 1427 3977 a
1462 3920 1718 3983 nobis,ut
1747 3911 2136 3992 aliquantulum
2162 3908 2227 3962 de
2249 3920 2361 3961 cor-

782 4039 915 4096 pore
954 4020 1125 4093 ipsius
1154 4017 1219 4071 ad
1251 4016 1509 4085 majorem
1539 4007 1721 4081 pOpuli
1750 3989 2151 4059 venerationem
2174 3995 2369 4051 baculo

783 4115 859 4168 illi
890 4115 1274 4167 insereremus.
1304 4104 1555 4158 Fecimus
1580 4096 1722 4168 quod
1752 4095 2019 4165 petierat,
2050 4086 2291 4158 qutcsitis
2317 4093 2372 4138 et

784 4201 1015 4272 sumptis
1063 4214 1129 4252 ex
1155 4198 1225 4229 ⁸³⁵
1258 4189 1697 4249 eoneineratione
1747 4180 2070 4238 sanctissimi
2126 4175 2370 4245 corporis

787 4294 841 4347 in
875 4291 1165 4360 sepulchro
1195 4285 1404 4341 duobus
1434 4280 1688 4335 dentibus
1715 4294 1728 4342 ;
1757 4274 1954 4344 quibus
1985 4269 2247 4330 inmissis,
2280 4267 2369 4320 ubi

788 4384 857 4437 ab
883 4359 1109 4437 inferius
1137 4378 1202 4432 ad
1243 4373 1492 4446 superius
1518 4368 1908 4425 monasterium
1946 4363 2156 4418 delatus
2182 4368 2281 4422 est,
2317 4359 2371 4412 in

790 4477 906 4544 ipso
936 4474 1180 4542 ingressu
1210 4482 1345 4522 anus
1374 4464 1642 4534 quaedam,
1668 4475 1788 4529 qua:
1816 4455 2088 4511 interdum
2129 4450 2370 4507 ecclesia:

788 4560 1089 4631 stipendiis,
1121 4555 1390 4612 interdum
1417 4550 1725 4608 elemosinis
1751 4547 1988 4603 fidelium
2032 4544 2373 4600 sustentaba-

793 4661 880 4704 tur
904 4650 1034 4705 etin
1062 4647 1288 4704 ecclesia
1312 4676 1381 4686 —
1411 4644 1587 4698 missae
1616 4649 1793 4695 autem
1828 4638 2125 4707 agebantur
2153 4644 2375 4703 eratque

2453 1933 2649 2002 quibus
2698 1926 2981 1982 ecclesiam
3051 1921 3339 1976 incendere
3372 1958 3386 1981 ,
3457 1915 3723 1984 aliquibus
3774 1910 4046 1965 illustrare

2452 2024 2783 2076 viderentur.
2816 2015 2968 2082 Quod
2989 2030 3111 2069 cum
3131 2025 3321 2066 omnes
3345 2008 3609 2071 viderent,
3631 2003 3841 2059 cuidam
3865 2009 4045 2053 tamen

2453 2108 2861 2179 Tietbergtem,
2890 2103 3235 2160 nobilissima:
3262 2110 3526 2153 matrona:
3544 2136 3557 2158 ,
3582 2092 3814 2149 orationi
3838 2091 4046 2144 incum-

2452 2203 2600 2257 bcnti
2631 2200 2699 2230 ‘“
2728 2196 2959 2251 vicinius
2989 2203 3042 2247 et
3075 2194 3127 2245 in
3166 2184 3304 2259 ipso
3328 2203 3465 2257 pene
3486 2187 3555 2217 '"
3580 2182 3839 2251 occipicio
3868 2180 4045 2232 visum

2454 2302 2537 2347 est
2564 2290 2823 2345 distillare
2847 2288 2939 2339 ⁸¹³.
2973 2286 3040 2339 Et
3060 2286 3164 2337 hoc
3189 2298 3286 2336 cur
3307 2280 3506 2333 factum
3536 2278 3623 2339 sit,
3651 2275 3807 2329 nobis
3830 2271 4045 2341 quidem

2454 2391 2537 2435 est
2568 2381 2856 2443 incertum,
2893 2374 2967 2428 nil
3013 2382 3193 2427 autem
3246 2372 3299 2424 in
3334 2378 3477 2423 terra
3526 2368 3641 2420 sine
3671 2378 3834 2419 causa
3882 2359 4042 2419 fieri.

2457 2473 2582 2542 quia
2613 2471 2840 2540 legimus
2862 2468 2955 2531 ⁸³³,
2974 2481 3079 2520 non
3096 2474 3179 2519 cst
3197 2464 3439 2516 dubittm.
3462 2460 3755 2514 Teruarius
3784 2465 3960 2510 autem
3975 2453 4045 2483 "'

2458 2576 2715 2619 numerus
2751 2560 2893 2615 unde
2933 2559 3004 2613 sit
3032 2572 3207 2620 sacer,
3248 2553 3527 2607 catholicis
3566 2558 3733 2619 patet,
3777 2556 3832 2602 et
3871 2547 4050 2614 ignem

2458 2653 2627 2707 Deum
2652 2651 2724 2682 ⁸²⁸
2761 2663 2912 2712 esse,
2947 2663 3053 2701 non
3095 2646 3218 2699 ficte
3242 2684 3256 2707 ,
3307 2643 3448 2696 sicut
3482 2656 3511 2694 a
3554 2640 3729 2708 poetis
3775 2635 4047 2690 Vulcanus

2461 2734 2598 2814 ignis
2627 2742 2847 2804 dicitur,
2874 2739 2968 2793 sed
3004 2751 3151 2798 vere,
3182 2745 3240 2788 ut
3266 2732 3555 2801 Apostolus
3589 2730 3759 2785 sensit
3779 2769 3794 2793 ,
3847 2738 3955 2780 tam
3982 2740 4046 2777 ex

2461 2834 2627 2903 ipsius
2657 2831 2863 2892 verbis,
2890 2828 2979 2880 ubi
3013 2842 3025 2879 :
3056 2825 3197 2878 Deus
3226 2834 3398 2875 noster
3438 2820 3574 2889 ignis
3620 2831 3929 2870 consumens
3973 2823 4050 2865 est

2462 2924 2763 2997 (Hebraut,
2787 2920 2902 2991 23),
2935 2933 3095 2987 quam
3124 2918 3177 2970 in
3209 2932 3273 2969 eo
3297 2915 3389 2977 "",
3409 2911 3550 2981 quod
3579 2909 3812 2978 Spiritus
3833 2912 4051 2957 sanctus

2461 2995 2620 3072 verus
2649 3016 2703 3068 in
2734 3013 3001 3067 Trinitate
3046 3006 3283 3077 perfecta
3330 3007 3471 3058 Deus
3498 3042 3512 3066 ,
3544 3002 3596 3055 in
3634 2999 3805 3068 igneis
3851 2995 4051 3065 linguis

2466 3120 2628 3175 super
2657 3100 2928 3172 apostolos
2958 3097 3234 3152 descendit
3262 3135 3275 3157 ,
3312 3092 3649 3146 ortliodoxus
3695 3087 3924 3154 quisque
3967 3083 4048 3135 in-

2468 3166 2865 3262 telligitjllanc
2915 3186 3079 3256 igitur
3125 3193 3335 3237 ternam
3366 3180 3436 3211 ⁵η
3473 3179 3792 3247 igneautquc
3825 3166 4053 3226 distilla-

2468 3285 2666 3339 tiouem
2696 3280 2934 3334 Trinitas
2962 3282 3151 3330 sancta
3180 3281 3361 3326 utrum
3414 3286 3510 3338 pro
3543 3267 3770 3333 alicujus
3819 3261 4049 3316 astantis

2468 3368 2811 3443 approbauda
2842 3366 2912 3398 ⁸⁸⁸
2942 3364 3228 3419 devotione
3253 3360 3361 3431 egit
3386 3360 3479 3422 πο,
3505 3371 3667 3426 quam
3697 3352 3885 3407 eadem
3914 3348 4053 3402 forte

2470 3473 2596 3517 tunc
2646 3456 3036 3530 igniverat'“,
3083 3461 3145 3507 ut
3193 3450 3504 3506 ostenderet
3553 3446 3685 3501 foris
3722 3442 3864 3513 quod
3908 3440 4051 3493 intus

2470 3554 2682 3624 agebat,
2707 3559 2799 3605 aut
2821 3556 3040 3619 propter
3067 3540 3491 3600 commendanda
3533 3544 3842 3592 sanctorum
3872 3540 4053 3601 patro-

2469 3643 2609 3697 cinia
2634 3671 2705 3681 -—-
2734 3639 2875 3708 quod
2902 3636 3074 3706 magis
3106 3632 3366 3689 credibile
3405 3637 3491 3685 est
3518 3659 3587 3667 —
3610 3640 3729 3695 qua:
3777 3624 3849 3677 ibi
3882 3635 4052 3691 popu-

2470 3734 2551 3787 lus
2575 3734 2766 3788 devote
2787 3725 3188 3797 frequentabat,
3223 3722 3378 3776 nobis
3404 3721 3475 3751 "’
3511 3718 3729 3788 quidem
3758 3715 3925 3775 latet,
3957 3710 4054 3765 sed

2470 3825 2541 3889 ei,
2573 3823 2662 3892 qui
2688 3820 2867 3875 omnia
2898 3817 3142 3872 facienda
3170 3813 3431 3884 prmvidet
3454 3810 3524 3842 ⁸³³
3550 3819 3605 3864 et
3643 3808 3781 3862 facta
3806 3805 4056 3860 modera-

2475 3924 2563 3968 tur
2601 3924 2655 3967 et
2687 3910 2846 3980 regit,
2882 3907 3068 3979 procul
3092 3883 3255 3960 dubio
3283 3910 3451 3973 patet.
4016 3883 4025 3887 ’

2541 4007 2610 4060 42
2637 4004 2706 4035 ⁸³⁸⁸
2738 4000 3100 4074 Magnitudinc
3122 4012 3219 4052 seu
3243 3994 3567 4050 euormitate
3614 3989 3845 4060 suscepti
3874 3986 4056 4058 operis

2473 4094 2668 4151 devicti
2698 4092 2767 4124 ⁸³⁸
2806 4101 2860 4145 et
2890 4088 3152 4151 enervati,
3180 4086 3334 4156 plura
3366 4082 3847 4155 praetermittimus.
3877 4078 4055 4134 Unutn

2473 4187 2576 4240 hoc
2620 4182 2867 4238 ultimum
2899 4189 2954 4234 et
3000 4178 3251 4233 omnibus
3302 4175 3655 4245 prredicatum
3704 4172 4056 4241 pluribusque

2472 4276 2553 4329 sui
2599 4278 2876 4342 comperto
2917 4267 3260 4323 notissimum
3302 4266 3581 4328 dicemus;
3622 4262 3762 4331 quod
3810 4258 4059 4313 videlicet

2474 4364 2651 4420 nullus
2672 4362 2763 4432 qui
2802 4352 3041 4415 ecclesia:
3091 4357 3168 4411 illi
3219 4371 3454 4425 unquam
3502 4353 3685 4407 intulit
3735 4351 4055 4417 dampnum,

2477 4455 2738 4527 gloriatus
2762 4452 2833 4506 sit
2873 4452 2925 4505 in
2954 4464 3174 4504 annum.
3216 4448 3281 4502 Et
3314 4447 3358 4501 si
3386 4444 3525 4499 forte
3560 4458 3658 4513 pro
3682 4438 3923 4509 quolibet
3960 4437 4054 4499 ⁸³⁸⁸,

2483 4555 2541 4598 ιιι
2570 4541 2792 4605 assolet,
2819 4539 3013 4608 injuste
3046 4536 3194 4591 illato
3222 4536 3453 4604 datnpno
3488 4529 3736 4586 monachi
3769 4541 3834 4583 ex
3868 4522 4058 4592 majori

2485 4629 2851 4692 monasterio,
2900 4626 3040 4695 quod
3095 4623 3311 4693 quidem
3369 4618 3592 4675 inferius
3649 4625 3765 4680 est,
3825 4622 4060 4667 montem

2070 4766 2303 4823 VARlAi
2341 4761 2742 4822 LECTIONES.

866 4896 935 4929 ⁸⁸⁸
967 4890 1363 4949 multitudinem
1391 4889 1441 4941 1.
1543 4886 1612 4948 ,‘9"
1646 4898 1903 4954 accepera
1938 4884 1989 4937 1.

798 4966 868 5000 ὀδ
895 4965 1118 5087 dcestfl.
1194 4959 1263 4991 ⁸⁸⁸
1286 4965 1630 5029 stupraverat
1654 4958 1703 5009 1.
1779 4953 1869 4985 ⁷⁵⁰⁸

798 5034 866 5067 ⁵⁰⁹
892 5046 1009 5087 tran
1044 5031 1312 5087 aressorie
1331 5029 1384 5081 5.
1461 5028 1530 5066 ⁶¹⁰
1556 5026 1724 5087 possit
1753 5025 1802 5077 1.

796 5034 866 5067 δ⁰⁹
892 5025 1312 5103 ιτςηιέενεεεοςῆεε
1331 5025 1393 5081 5.
1461 5028 1530 5103 f”
1556 5026 1735 5103 possit_
1753 5025 1802 5077 1.

800 5106 867 5136 δι’
908 5090 1085 5169 editus
1112 5103 1163 5155 1.
1240 5099 1312 5131 ⁸¹³
1341 5090 1671 5153 εειιηὺυιίδιη
1707 5096 1759 5148 5.
1839 5093 1910 5126 ⁸³⁵
1932 5091 2168 5169 petalum

801 5166 1043 5208 ..ωιτη-’νη
1089 5172 1122 5208 x
1237 5170 1472 5208 “storm
1519 5183 1565 5208 n,
1613 5162 2106 5208 nrnetprnttirlttrl.

2083 4882 2153 4911 ⁸⁰⁰
2178 4880 2468 4934 anxiantur
2498 4877 2550 4929 5.

1912 4950 2189 5021 profusum
2224 4947 2661 5021 u.gi:uprovis_ur_n
2694 4944 2744 5021 l_.

1884 4996 1952 5054 ιῖι
1976 5023 2073 5075 hoc
2116 5037 2232 5088 cap.
2263 4996 2901 5088 Decimii}!
2925 5010 3166 5088 (aC-supra
3195 4996 3309 5088 cup-3
3479 5002 3815 5088 coniunctura
3857 4996 4062 5088 femur.

2330 5089 2403 5119 ⁸¹⁵
2430 5089 2494 5141 de
2521 5086 2573 5137 5.

2204 5160 2272 5190 ⁸²⁰
2300 5159 2519 5208 tiberine
2549 5155 2601 5207 1.

3608 4863 3678 4894 ⁸⁰³
3708 4858 3841 4913 XLI.
3894 4856 4061 4909 Darii.

2648 4874 2716 4905 ⁵⁰¹
2750 4869 3040 4926 tidentibus
3064 4868 3115 4920 1.
3219 4866 3287 4896 ’θ’
3315 4879 3416 4933 Ope
3454 4864 3506 4919 '5.
3608 4864 3678 4894 ⁸⁰³
3708 4864 3841 4913 ΧΙΑΙ-
3894 4864 4028 4909 Πειεῆ

2648 4960 2659 4981 ι
2694 4944 2714 4981 Ι
2822 4940 2890 4972 ⁸0⁸1
2925 4934 3261 4981 ςρειηίίρηςίη
3294 4934 3488 4981 nonnln
3511 4942 3547 4981 L
3582 4934 3631 4981 1.
3710 4928 3783 4962 ⁸⁸⁸
3808 4927 3876 4981 ab
3896 4925 4028 4981 ofol

2822 4940 2890 4972 ⁸⁰⁷
2925 4934 3261 4993 scandensin
3294 4934 3488 5004 populo
3511 4942 3547 4988 t.
3582 4934 3631 5004 1.

3579 5062 3593 5126 ξ
3644 5067 3809 5123 Dach.
3905 5062 3975 5095 ³⁸⁸
4007 5076 4057 5114 a.

2671 5082 2741 5115 ¹¹⁶
2766 5074 2926 5135 XLII.
2975 5076 3141 5129 Dach.
3236 5074 3303 5106 ⁵¹⁷
3345 5074 3497 5146 plura
3543 5074 3593 5126 5.
3644 5074 3809 5123 Dach.
3905 5074 3975 5095 "'
4007 5076 4031 5112 τι

2697 5152 2763 5183 m
2798 5150 2924 5189 inihi
2957 5142 3329 5189 nmmimlmnti
3383 5145 3436 5189 εἰ-
3472 5143 3635 5189 bach.
3733 5138 3802 5168 δ”
3828 5135 3979 5189 birre
4010 5130 4031 5183 1

2697 5152 2763 5183 ιιι
2798 5150 2925 5204 inibi
2957 5142 3362 5208 procumbenti'
3383 5145 3437 5199 5.
3468 5143 3635 5197 bach.
