  <div class='ocr_page' id='page_1' title='image "/cluster/home/n/w/nwhite01/storage/ocr_20150623/137/hvd.32044021286828/296.png"; bbox 0 0 4482 5524; ppageno 0'>
   <div class='ocr_carea' id='block_1_1' title="bbox 423 412 513 465">
    <p class='ocr_par' dir='ltr' id='par_1_1' title="bbox 423 412 513 465">
     <span class='ocr_line' id='line_1_1' title="bbox 423 412 513 465; baseline 0 0"><span class='ocrx_word' id='word_1_1' title='bbox 423 412 513 465; x_wconf 60' lang='grc' dir='ltr'><strong>εει</strong></span> 
     </span>
    </p>
   </div>
   <div class='ocr_carea' id='block_1_2' title="bbox 840 403 3175 465">
    <p class='ocr_par' dir='ltr' id='par_1_2' title="bbox 840 403 3175 465">
     <span class='ocr_line' id='line_1_2' title="bbox 840 403 3175 465; baseline 0.001 -6"><span class='ocrx_word' id='word_1_2' title='bbox 840 404 1340 460; x_wconf 73' lang='lat' dir='ltr'><strong>ERKEMBALDLS</strong></span> <span class='ocrx_word' id='word_1_3' title='bbox 1368 403 1912 458; x_wconf 68' lang='lat' dir='ltr'><strong>ARGENTINENSIS</strong></span> <span class='ocrx_word' id='word_1_4' title='bbox 1954 404 2339 461; x_wconf 69' lang='lat' dir='ltr'><strong>EPISCOPUS.</strong></span> <span class='ocrx_word' id='word_1_5' title='bbox 2384 438 2449 446; x_wconf 91' lang='lat'>—</span> <span class='ocrx_word' id='word_1_6' title='bbox 2490 407 2759 463; x_wconf 66' lang='lat' dir='ltr'><strong>NOTITIA</strong></span> <span class='ocrx_word' id='word_1_7' title='bbox 2799 408 3175 465; x_wconf 70' lang='lat' dir='ltr'><strong>lliSTOlllCA.</strong></span> 
     </span>
    </p>
   </div>
   <div class='ocr_carea' id='block_1_3' title="bbox 3548 414 3648 471">
    <p class='ocr_par' dir='ltr' id='par_1_3' title="bbox 3548 414 3648 471">
     <span class='ocr_line' id='line_1_3' title="bbox 3548 414 3648 471; baseline -0.03 0"><span class='ocrx_word' id='word_1_8' title='bbox 3548 414 3648 471; x_wconf 72' lang='lat'><strong>582</strong></span> 
     </span>
    </p>
   </div>
   <div class='ocr_carea' id='block_1_4' title="bbox 425 513 3646 586">
    <p class='ocr_par' dir='ltr' id='par_1_4' title="bbox 425 513 3646 586">
     <span class='ocr_line' id='line_1_4' title="bbox 425 513 3646 586; baseline 0 -13"><span class='ocrx_word' id='word_1_9' title='bbox 425 520 593 573; x_wconf 68' lang='lat' dir='ltr'><strong>sancti</strong></span> <span class='ocrx_word' id='word_1_10' title='bbox 650 518 885 572; x_wconf 82' lang='lat' dir='ltr'><strong>Ursmari</strong></span> <span class='ocrx_word' id='word_1_11' title='bbox 944 518 1206 571; x_wconf 83' lang='lat' dir='ltr'><strong>scandunt</strong></span> <span class='ocrx_word' id='word_1_12' title='bbox 1273 532 1343 567; x_wconf 70' lang='grc' dir='ltr'><strong>τρι</strong></span> <span class='ocrx_word' id='word_1_13' title='bbox 1364 514 1610 565; x_wconf 79' lang='lat' dir='ltr'><strong>laniaturi</strong></span> <span class='ocrx_word' id='word_1_14' title='bbox 1638 554 1649 572; x_wconf 93' lang='lat'><strong>,</strong></span> <span class='ocrx_word' id='word_1_15' title='bbox 1706 513 1939 566; x_wconf 79' lang='lat' dir='ltr'><strong>creditur</strong></span> <span class='ocrx_word' id='word_1_16' title='bbox 1964 554 1975 574; x_wconf 96' lang='lat'><strong>,</strong></span> <span class='ocrx_word' id='word_1_17' title='bbox 2012 520 2052 575; x_wconf 68' lang='grc' dir='ltr'><strong>Α</strong></span> <span class='ocrx_word' id='word_1_18' title='bbox 2084 517 2253 577; x_wconf 89' lang='lat' dir='ltr'><strong>sione,</strong></span> <span class='ocrx_word' id='word_1_19' title='bbox 2283 525 2457 568; x_wconf 89' lang='lat' dir='ltr'><strong>utrum</strong></span> <span class='ocrx_word' id='word_1_20' title='bbox 2481 532 2574 584; x_wconf 86' lang='lat' dir='ltr'><strong>per</strong></span> <span class='ocrx_word' id='word_1_21' title='bbox 2598 532 2653 571; x_wconf 90' lang='lat' dir='ltr'><strong>sc</strong></span> <span class='ocrx_word' id='word_1_22' title='bbox 2682 519 2730 569; x_wconf 91' lang='lat' dir='ltr'><strong>in</strong></span> <span class='ocrx_word' id='word_1_23' title='bbox 2761 518 2872 585; x_wconf 91' lang='lat' dir='ltr'><strong>ipso</strong></span> <span class='ocrx_word' id='word_1_24' title='bbox 2894 519 3116 586; x_wconf 85' lang='lat' dir='ltr'><strong>grabato</strong></span> <span class='ocrx_word' id='word_1_25' title='bbox 3140 530 3320 585; x_wconf 76' lang='lat' dir='ltr'><strong>posset</strong></span> <span class='ocrx_word' id='word_1_26' title='bbox 3341 519 3646 574; x_wconf 72' lang='lat' dir='ltr'><strong>sublevatus</strong></span> 
     </span>
    </p>
   </div>
   <div class='ocr_carea' id='block_1_5' title="bbox 424 604 1977 675">
    <p class='ocr_par' dir='ltr' id='par_1_5' title="bbox 424 604 1977 675">
     <span class='ocr_line' id='line_1_5' title="bbox 424 604 1977 675; baseline -0.007 -10"><span class='ocrx_word' id='word_1_27' title='bbox 424 627 520 665; x_wconf 89' lang='lat' dir='ltr'><strong>nec</strong></span> <span class='ocrx_word' id='word_1_28' title='bbox 552 624 682 663; x_wconf 82' lang='lat' dir='ltr'><strong>vana</strong></span> <span class='ocrx_word' id='word_1_29' title='bbox 726 624 845 675; x_wconf 83' lang='lat' dir='ltr'><strong>spes</strong></span> <span class='ocrx_word' id='word_1_30' title='bbox 886 618 1003 671; x_wconf 92' lang='lat' dir='ltr'><strong>cst,</strong></span> <span class='ocrx_word' id='word_1_31' title='bbox 1037 622 1306 674; x_wconf 86' lang='lat' dir='ltr'><strong>nunquam</strong></span> <span class='ocrx_word' id='word_1_32' title='bbox 1357 606 1579 658; x_wconf 79' lang='lat' dir='ltr'><strong>inultum</strong></span> <span class='ocrx_word' id='word_1_33' title='bbox 1637 605 1723 657; x_wconf 88' lang='lat' dir='ltr'><strong>iri.</strong></span> <span class='ocrx_word' id='word_1_34' title='bbox 1762 604 1977 671; x_wconf 74' lang='lat' dir='ltr'><strong>Experti</strong></span> 
     </span>
    </p>
   </div>
   <div class='ocr_carea' id='block_1_6' title="bbox 422 694 1975 767">
    <p class='ocr_par' dir='ltr' id='par_1_6' title="bbox 422 694 1975 767">
     <span class='ocr_line' id='line_1_6' title="bbox 422 694 1975 767; baseline -0.004 -13"><span class='ocrx_word' id='word_1_35' title='bbox 422 711 546 754; x_wconf 88' lang='lat' dir='ltr'><strong>sunt</strong></span> <span class='ocrx_word' id='word_1_36' title='bbox 581 700 683 754; x_wconf 83' lang='lat' dir='ltr'><strong>llOC</strong></span> <span class='ocrx_word' id='word_1_37' title='bbox 710 699 966 767; x_wconf 91' lang='lat' dir='ltr'><strong>plerique,</strong></span> <span class='ocrx_word' id='word_1_38' title='bbox 992 706 1045 751; x_wconf 91' lang='lat' dir='ltr'><strong>et</strong></span> <span class='ocrx_word' id='word_1_39' title='bbox 1073 711 1192 750; x_wconf 86' lang='lat' dir='ltr'><strong>sero</strong></span> <span class='ocrx_word' id='word_1_40' title='bbox 1216 696 1337 749; x_wconf 85' lang='lat' dir='ltr'><strong>iicct</strong></span> <span class='ocrx_word' id='word_1_41' title='bbox 1368 696 1692 763; x_wconf 80' lang='lat' dir='ltr'><strong>ingemuere.</strong></span> <span class='ocrx_word' id='word_1_42' title='bbox 1717 694 1975 748; x_wconf 78' lang='lat' dir='ltr'><strong>Nimirum</strong></span> 
     </span>
    </p>
   </div>
   <div class='ocr_carea' id='block_1_7' title="bbox 421 786 1974 857">
    <p class='ocr_par' dir='ltr' id='par_1_7' title="bbox 421 786 1974 857">
     <span class='ocr_line' id='line_1_7' title="bbox 421 786 1974 857; baseline -0.004 -14"><span class='ocrx_word' id='word_1_43' title='bbox 421 790 615 849; x_wconf 84' lang='lat' dir='ltr'><strong>locum,</strong></span> <span class='ocrx_word' id='word_1_44' title='bbox 652 804 807 857; x_wconf 83' lang='lat' dir='ltr'><strong>quem</strong></span> <span class='ocrx_word' id='word_1_45' title='bbox 839 789 975 841; x_wconf 76' lang='lat' dir='ltr'><strong>rexit</strong></span> <span class='ocrx_word' id='word_1_46' title='bbox 1008 802 1230 856; x_wconf 89' lang='lat' dir='ltr'><strong>corpore</strong></span> <span class='ocrx_word' id='word_1_47' title='bbox 1270 788 1489 848; x_wconf 81' lang='lat' dir='ltr'><strong>vivens,</strong></span> <span class='ocrx_word' id='word_1_48' title='bbox 1530 794 1707 840; x_wconf 89' lang='lat' dir='ltr'><strong>tuetur</strong></span> <span class='ocrx_word' id='word_1_49' title='bbox 1749 786 1974 849; x_wconf 88' lang='lat' dir='ltr'><strong>meritis,</strong></span> 
     </span>
    </p>
   </div>
   <div class='ocr_carea' id='block_1_8' title="bbox 422 877 1625 947">
    <p class='ocr_par' dir='ltr' id='par_1_8' title="bbox 422 877 1625 947">
     <span class='ocr_line' id='line_1_8' title="bbox 422 877 1625 947; baseline -0.003 -14"><span class='ocrx_word' id='word_1_50' title='bbox 422 896 537 933; x_wconf 88' lang='lat' dir='ltr'><strong>cum</strong></span> <span class='ocrx_word' id='word_1_51' title='bbox 573 880 786 933; x_wconf 80' lang='lat' dir='ltr'><strong>Christo</strong></span> <span class='ocrx_word' id='word_1_52' title='bbox 814 894 1040 947; x_wconf 75' lang='lat' dir='ltr'><strong>regnans</strong></span> <span class='ocrx_word' id='word_1_53' title='bbox 1065 888 1118 932; x_wconf 86' lang='lat' dir='ltr'><strong>et</strong></span> <span class='ocrx_word' id='word_1_54' title='bbox 1145 879 1195 930; x_wconf 90' lang='lat' dir='ltr'><strong>in</strong></span> <span class='ocrx_word' id='word_1_55' title='bbox 1231 881 1345 947; x_wconf 85' lang='lat' dir='ltr'><strong>ipso</strong></span> <span class='ocrx_word' id='word_1_56' title='bbox 1368 877 1625 947; x_wconf 77' lang='lat' dir='ltr'><strong>gaudens.</strong></span> 
     </span>
    </p>
   </div>
   <div class='ocr_carea' id='block_1_9' title="bbox 488 967 1974 1037">
    <p class='ocr_par' dir='ltr' id='par_1_9' title="bbox 488 967 1974 1037">
     <span class='ocr_line' id='line_1_9' title="bbox 488 967 1974 1037; baseline -0.001 -16"><span class='ocrx_word' id='word_1_57' title='bbox 488 968 557 1022; x_wconf 57' lang='lat' dir='ltr'><strong>l5</strong></span> <span class='ocrx_word' id='word_1_58' title='bbox 582 969 647 1000; x_wconf 84' lang='grc'><strong>⁸³⁷</strong></span> <span class='ocrx_word' id='word_1_59' title='bbox 675 967 961 1037; x_wconf 77' lang='lat' dir='ltr'><strong>Presbyter</strong></span> <span class='ocrx_word' id='word_1_60' title='bbox 987 978 1065 1021; x_wconf 88' lang='lat' dir='ltr'><strong>est</strong></span> <span class='ocrx_word' id='word_1_61' title='bbox 1085 983 1241 1037; x_wconf 89' lang='lat' dir='ltr'><strong>quem</strong></span> <span class='ocrx_word' id='word_1_62' title='bbox 1261 968 1574 1036; x_wconf 85' lang='lat' dir='ltr'><strong>Osingernm</strong></span> <span class='ocrx_word' id='word_1_63' title='bbox 1592 967 1866 1020; x_wconf 82' lang='lat' dir='ltr'><strong>nominant</strong></span> <span class='ocrx_word' id='word_1_64' title='bbox 1886 968 1974 1032; x_wconf 86' lang='grc'><strong>⁸³⁸,</strong></span> 
     </span>
    </p>
   </div>
   <div class='ocr_carea' id='block_1_10' title="bbox 419 1056 1977 1125">
    <p class='ocr_par' dir='ltr' id='par_1_10' title="bbox 419 1056 1977 1125">
     <span class='ocr_line' id='line_1_10' title="bbox 419 1056 1977 1125; baseline 0.001 -18"><span class='ocrx_word' id='word_1_65' title='bbox 419 1057 506 1125; x_wconf 86' lang='lat' dir='ltr'><strong>qui</strong></span> <span class='ocrx_word' id='word_1_66' title='bbox 558 1058 629 1109; x_wconf 87' lang='lat' dir='ltr'><strong>ita</strong></span> <span class='ocrx_word' id='word_1_67' title='bbox 669 1057 882 1125; x_wconf 89' lang='lat' dir='ltr'><strong>paralisi</strong></span> <span class='ocrx_word' id='word_1_68' title='bbox 914 1067 1032 1110; x_wconf 89' lang='lat' dir='ltr'><strong>erat</strong></span> <span class='ocrx_word' id='word_1_69' title='bbox 1080 1056 1399 1119; x_wconf 89' lang='lat' dir='ltr'><strong>dissolutus,</strong></span> <span class='ocrx_word' id='word_1_70' title='bbox 1447 1066 1505 1110; x_wconf 91' lang='lat' dir='ltr'><strong>ut</strong></span> <span class='ocrx_word' id='word_1_71' title='bbox 1547 1057 1725 1109; x_wconf 75' lang='lat' dir='ltr'><strong>cervix</strong></span> <span class='ocrx_word' id='word_1_72' title='bbox 1770 1057 1821 1109; x_wconf 93' lang='lat' dir='ltr'><strong>in</strong></span> <span class='ocrx_word' id='word_1_73' title='bbox 1864 1057 1977 1125; x_wconf 88' lang='lat' dir='ltr'><strong>ipsa</strong></span> 
     </span>
    </p>
   </div>
   <div class='ocr_carea' id='block_1_11' title="bbox 418 1146 1976 1216">
    <p class='ocr_par' dir='ltr' id='par_1_11' title="bbox 418 1146 1976 1216">
     <span class='ocr_line' id='line_1_11' title="bbox 418 1146 1976 1216; baseline 0.001 -17"><span class='ocrx_word' id='word_1_74' title='bbox 418 1148 658 1215; x_wconf 76' lang='lat' dir='ltr'><strong>iunctura</strong></span> <span class='ocrx_word' id='word_1_75' title='bbox 684 1148 914 1201; x_wconf 86' lang='lat' dir='ltr'><strong>resiliret</strong></span> <span class='ocrx_word' id='word_1_76' title='bbox 942 1149 1028 1202; x_wconf 64' lang='lat'><strong>‘3&#39;.</strong></span> <span class='ocrx_word' id='word_1_77' title='bbox 1067 1147 1202 1214; x_wconf 82' lang='lat' dir='ltr'><strong>Quid</strong></span> <span class='ocrx_word' id='word_1_78' title='bbox 1229 1148 1403 1201; x_wconf 89' lang='lat' dir='ltr'><strong>dicam</strong></span> <span class='ocrx_word' id='word_1_79' title='bbox 1427 1188 1439 1211; x_wconf 97' lang='lat'><strong>,</strong></span> <span class='ocrx_word' id='word_1_80' title='bbox 1495 1148 1632 1215; x_wconf 88' lang='lat' dir='ltr'><strong>quod</strong></span> <span class='ocrx_word' id='word_1_81' title='bbox 1678 1146 1822 1216; x_wconf 83' lang='lat' dir='ltr'><strong>loqui</strong></span> <span class='ocrx_word' id='word_1_82' title='bbox 1874 1164 1976 1202; x_wconf 92' lang='lat' dir='ltr'><strong>non</strong></span> 
     </span>
    </p>
   </div>
   <div class='ocr_carea' id='block_1_12' title="bbox 418 1236 1978 1307">
    <p class='ocr_par' dir='ltr' id='par_1_12' title="bbox 418 1236 1978 1307">
     <span class='ocr_line' id='line_1_12' title="bbox 418 1236 1978 1307; baseline 0.001 -16"><span class='ocrx_word' id='word_1_83' title='bbox 418 1247 641 1305; x_wconf 87' lang='lat' dir='ltr'><strong>poterat,</strong></span> <span class='ocrx_word' id='word_1_84' title='bbox 675 1238 761 1291; x_wconf 92' lang='lat' dir='ltr'><strong>cui</strong></span> <span class='ocrx_word' id='word_1_85' title='bbox 781 1238 1019 1291; x_wconf 91' lang='lat' dir='ltr'><strong>omnium</strong></span> <span class='ocrx_word' id='word_1_86' title='bbox 1044 1239 1405 1291; x_wconf 82' lang='lat' dir='ltr'><strong>membrorum</strong></span> <span class='ocrx_word' id='word_1_87' title='bbox 1432 1236 1625 1300; x_wconf 81' lang='lat' dir='ltr'><strong>oﬁicia,</strong></span> <span class='ocrx_word' id='word_1_88' title='bbox 1652 1238 1764 1291; x_wconf 87' lang='lat' dir='ltr'><strong>solo</strong></span> <span class='ocrx_word' id='word_1_89' title='bbox 1788 1237 1978 1307; x_wconf 77' lang='lat' dir='ltr'><strong>Spiritu</strong></span> 
     </span>
    </p>
   </div>
   <div class='ocr_carea' id='block_1_13' title="bbox 418 1328 1977 1391">
    <p class='ocr_par' dir='ltr' id='par_1_13' title="bbox 418 1328 1977 1391">
     <span class='ocr_line' id='line_1_13' title="bbox 418 1328 1977 1391; baseline -0.001 -9"><span class='ocrx_word' id='word_1_90' title='bbox 418 1328 718 1391; x_wconf 88' lang='lat' dir='ltr'><strong>anhelante,</strong></span> <span class='ocrx_word' id='word_1_91' title='bbox 750 1329 1075 1383; x_wconf 78' lang='lat' dir='ltr'><strong>defecerant.</strong></span> <span class='ocrx_word' id='word_1_92' title='bbox 1119 1328 1215 1383; x_wconf 80' lang='lat' dir='ltr'><strong>llic</strong></span> <span class='ocrx_word' id='word_1_93' title='bbox 1244 1329 1293 1388; x_wconf 90' lang='lat' dir='ltr'><strong>in</strong></span> <span class='ocrx_word' id='word_1_94' title='bbox 1327 1330 1425 1381; x_wconf 81' lang='lat' dir='ltr'><strong>hac</strong></span> <span class='ocrx_word' id='word_1_95' title='bbox 1454 1328 1745 1381; x_wconf 77' lang='lat' dir='ltr'><strong>valitudine</strong></span> <span class='ocrx_word' id='word_1_96' title='bbox 1780 1342 1977 1380; x_wconf 89' lang='lat' dir='ltr'><strong>annum</strong></span> 
     </span>
    </p>
   </div>
   <div class='ocr_carea' id='block_1_14' title="bbox 416 1420 1977 1489">
    <p class='ocr_par' dir='ltr' id='par_1_14' title="bbox 416 1420 1977 1489">
     <span class='ocr_line' id='line_1_14' title="bbox 416 1420 1977 1489; baseline -0.003 -16"><span class='ocrx_word' id='word_1_97' title='bbox 416 1422 653 1489; x_wconf 69' lang='lat' dir='ltr'><strong>explens,</strong></span> <span class='ocrx_word' id='word_1_98' title='bbox 685 1421 904 1475; x_wconf 90' lang='lat' dir='ltr'><strong>alterius</strong></span> <span class='ocrx_word' id='word_1_99' title='bbox 932 1422 1146 1483; x_wconf 82' lang='lat' dir='ltr'><strong>solatio,</strong></span> <span class='ocrx_word' id='word_1_100' title='bbox 1169 1420 1474 1473; x_wconf 79' lang='lat' dir='ltr'><strong>elemosinis</strong></span> <span class='ocrx_word' id='word_1_101' title='bbox 1502 1420 1735 1472; x_wconf 90' lang='lat' dir='ltr'><strong>ﬁdelium</strong></span> <span class='ocrx_word' id='word_1_102' title='bbox 1764 1431 1977 1472; x_wconf 84' lang='lat' dir='ltr'><strong>susten-</strong></span> 
     </span>
    </p>
   </div>
   <div class='ocr_carea' id='block_1_15' title="bbox 418 1506 1976 1569">
    <p class='ocr_par' dir='ltr' id='par_1_15' title="bbox 418 1506 1976 1569">
     <span class='ocr_line' id='line_1_15' title="bbox 418 1506 1976 1569; baseline -0.002 -8"><span class='ocrx_word' id='word_1_103' title='bbox 418 1510 645 1562; x_wconf 86' lang='lat' dir='ltr'><strong>tabatur.</strong></span> <span class='ocrx_word' id='word_1_104' title='bbox 681 1509 899 1563; x_wconf 84' lang='lat' dir='ltr'><strong>Jacebat</strong></span> <span class='ocrx_word' id='word_1_105' title='bbox 946 1518 1120 1561; x_wconf 89' lang='lat' dir='ltr'><strong>autem</strong></span> <span class='ocrx_word' id='word_1_106' title='bbox 1173 1509 1223 1560; x_wconf 93' lang='lat' dir='ltr'><strong>in</strong></span> <span class='ocrx_word' id='word_1_107' title='bbox 1276 1508 1394 1560; x_wconf 78' lang='lat' dir='ltr'><strong>villa</strong></span> <span class='ocrx_word' id='word_1_108' title='bbox 1450 1507 1611 1560; x_wconf 86' lang='lat' dir='ltr'><strong>Fleon</strong></span> <span class='ocrx_word' id='word_1_109' title='bbox 1663 1508 1840 1569; x_wconf 81' lang='lat' dir='ltr'><strong>dicta,</strong></span> <span class='ocrx_word' id='word_1_110' title='bbox 1892 1506 1976 1560; x_wconf 89' lang='lat' dir='ltr'><strong>cui</strong></span> 
     </span>
    </p>
   </div>
   <div class='ocr_carea' id='block_1_16' title="bbox 414 1592 1978 1650">
    <p class='ocr_par' dir='ltr' id='par_1_16' title="bbox 414 1592 1978 1650">
     <span class='ocr_line' id='line_1_16' title="bbox 414 1592 1978 1650; baseline -0.003 -3"><span class='ocrx_word' id='word_1_111' title='bbox 414 1596 584 1650; x_wconf 85' lang='lat' dir='ltr'><strong>vicina</strong></span> <span class='ocrx_word' id='word_1_112' title='bbox 614 1596 681 1627; x_wconf 72' lang='lat'><strong>“°</strong></span> <span class='ocrx_word' id='word_1_113' title='bbox 704 1606 787 1650; x_wconf 86' lang='lat' dir='ltr'><strong>est</strong></span> <span class='ocrx_word' id='word_1_114' title='bbox 836 1596 925 1649; x_wconf 92' lang='lat' dir='ltr'><strong>illa</strong></span> <span class='ocrx_word' id='word_1_115' title='bbox 970 1596 1264 1648; x_wconf 66' lang='lat' dir='ltr'><strong>nativitatis</strong></span> <span class='ocrx_word' id='word_1_116' title='bbox 1292 1596 1459 1648; x_wconf 84' lang='lat' dir='ltr'><strong>sancti</strong></span> <span class='ocrx_word' id='word_1_117' title='bbox 1492 1595 1559 1625; x_wconf 73' lang='lat'>&#39;“</span> <span class='ocrx_word' id='word_1_118' title='bbox 1602 1593 1837 1648; x_wconf 84' lang='lat' dir='ltr'><strong>Ursmari</strong></span> <span class='ocrx_word' id='word_1_119' title='bbox 1880 1592 1978 1645; x_wconf 86' lang='lat' dir='ltr'><strong>tui-</strong></span> 
     </span>
    </p>
   </div>
   <div class='ocr_carea' id='block_1_17' title="bbox 413 1680 1979 1753">
    <p class='ocr_par' dir='ltr' id='par_1_17' title="bbox 413 1680 1979 1753">
     <span class='ocr_line' id='line_1_17' title="bbox 413 1680 1979 1753; baseline -0.003 -15"><span class='ocrx_word' id='word_1_120' title='bbox 413 1685 600 1748; x_wconf 88' lang='lat' dir='ltr'><strong>nistra,</strong></span> <span class='ocrx_word' id='word_1_121' title='bbox 634 1686 685 1738; x_wconf 93' lang='lat' dir='ltr'><strong>in</strong></span> <span class='ocrx_word' id='word_1_122' title='bbox 713 1702 817 1753; x_wconf 88' lang='lat' dir='ltr'><strong>qua</strong></span> <span class='ocrx_word' id='word_1_123' title='bbox 847 1695 962 1739; x_wconf 90' lang='lat' dir='ltr'><strong>erat</strong></span> <span class='ocrx_word' id='word_1_124' title='bbox 1008 1683 1285 1737; x_wconf 79' lang='lat' dir='ltr'><strong>ecclesiula</strong></span> <span class='ocrx_word' id='word_1_125' title='bbox 1328 1683 1542 1751; x_wconf 86' lang='lat' dir='ltr'><strong>lignea.</strong></span> <span class='ocrx_word' id='word_1_126' title='bbox 1592 1697 1749 1749; x_wconf 87' lang='lat' dir='ltr'><strong>quam</strong></span> <span class='ocrx_word' id='word_1_127' title='bbox 1800 1680 1979 1734; x_wconf 75' lang='lat' dir='ltr'><strong>ferunt</strong></span> 
     </span>
    </p>
   </div>
   <div class='ocr_carea' id='block_1_18' title="bbox 413 1770 1977 1843">
    <p class='ocr_par' dir='ltr' id='par_1_18' title="bbox 413 1770 1977 1843">
     <span class='ocr_line' id='line_1_18' title="bbox 413 1770 1977 1843; baseline -0.003 -16"><span class='ocrx_word' id='word_1_128' title='bbox 413 1789 532 1827; x_wconf 82' lang='lat' dir='ltr'><strong>eum</strong></span> <span class='ocrx_word' id='word_1_129' title='bbox 574 1776 801 1843; x_wconf 80' lang='lat' dir='ltr'><strong>propriis</strong></span> <span class='ocrx_word' id='word_1_130' title='bbox 846 1775 1090 1827; x_wconf 87' lang='lat' dir='ltr'><strong>manibus</strong></span> <span class='ocrx_word' id='word_1_131' title='bbox 1146 1772 1545 1841; x_wconf 84' lang='lat' dir='ltr'><strong>compaginasse</strong></span> <span class='ocrx_word' id='word_1_132' title='bbox 1591 1780 1641 1823; x_wconf 92' lang='lat' dir='ltr'><strong>et</strong></span> <span class='ocrx_word' id='word_1_133' title='bbox 1688 1772 1739 1823; x_wconf 95' lang='lat' dir='ltr'><strong>in</strong></span> <span class='ocrx_word' id='word_1_134' title='bbox 1780 1770 1977 1837; x_wconf 65' lang='lat' dir='ltr'><strong>praedio</strong></span> 
     </span>
    </p>
   </div>
   <div class='ocr_carea' id='block_1_19' title="bbox 2088 605 3644 678">
    <p class='ocr_par' dir='ltr' id='par_1_19' title="bbox 2088 605 3644 678">
     <span class='ocr_line' id='line_1_19' title="bbox 2088 605 3644 678; baseline 0.004 -21"><span class='ocrx_word' id='word_1_135' title='bbox 2088 606 2338 658; x_wconf 75' lang='lat' dir='ltr'><strong>residere.</strong></span> <span class='ocrx_word' id='word_1_136' title='bbox 2369 605 2535 671; x_wconf 67' lang='lat' dir='ltr'><strong>Fonit,</strong></span> <span class='ocrx_word' id='word_1_137' title='bbox 2574 608 2795 661; x_wconf 89' lang='lat' dir='ltr'><strong>miratus</strong></span> <span class='ocrx_word' id='word_1_138' title='bbox 2842 620 2921 661; x_wconf 92' lang='lat' dir='ltr'><strong>est</strong></span> <span class='ocrx_word' id='word_1_139' title='bbox 2964 624 3094 661; x_wconf 89' lang='lat' dir='ltr'><strong>rem.</strong></span> <span class='ocrx_word' id='word_1_140' title='bbox 3148 608 3349 663; x_wconf 84' lang='lat' dir='ltr'><strong>Deinde</strong></span> <span class='ocrx_word' id='word_1_141' title='bbox 3390 610 3644 678; x_wconf 83' lang='lat' dir='ltr'><strong>paulatim</strong></span> 
     </span>
    </p>
   </div>
   <div class='ocr_carea' id='block_1_20' title="bbox 2082 696 3643 769">
    <p class='ocr_par' dir='ltr' id='par_1_20' title="bbox 2082 696 3643 769">
     <span class='ocr_line' id='line_1_20' title="bbox 2082 696 3643 769; baseline 0.003 -21"><span class='ocrx_word' id='word_1_142' title='bbox 2082 696 2446 749; x_wconf 81' lang='lat' dir='ltr'><strong>reviviscendo</strong></span> <span class='ocrx_word' id='word_1_143' title='bbox 2478 736 2493 761; x_wconf 90' lang='lat'><strong>,</strong></span> <span class='ocrx_word' id='word_1_144' title='bbox 2546 697 2750 751; x_wconf 88' lang='lat' dir='ltr'><strong>viribus</strong></span> <span class='ocrx_word' id='word_1_145' title='bbox 2804 698 2853 750; x_wconf 93' lang='lat' dir='ltr'><strong>in</strong></span> <span class='ocrx_word' id='word_1_146' title='bbox 2909 699 3161 752; x_wconf 88' lang='lat' dir='ltr'><strong>membris</strong></span> <span class='ocrx_word' id='word_1_147' title='bbox 3218 701 3505 769; x_wconf 84' lang='lat' dir='ltr'><strong>resumptis</strong></span> <span class='ocrx_word' id='word_1_148' title='bbox 3537 701 3643 763; x_wconf 75' lang='lat'><strong>“’,</strong></span> 
     </span>
    </p>
   </div>
   <div class='ocr_carea' id='block_1_21' title="bbox 2080 787 3643 859">
    <p class='ocr_par' dir='ltr' id='par_1_21' title="bbox 2080 787 3643 859">
     <span class='ocr_line' id='line_1_21' title="bbox 2080 787 3643 859; baseline 0.004 -20"><span class='ocrx_word' id='word_1_149' title='bbox 2080 787 2249 840; x_wconf 75' lang='lat' dir='ltr'><strong>erexit</strong></span> <span class='ocrx_word' id='word_1_150' title='bbox 2282 803 2357 851; x_wconf 89' lang='lat' dir='ltr'><strong>se,</strong></span> <span class='ocrx_word' id='word_1_151' title='bbox 2390 797 2444 841; x_wconf 91' lang='lat' dir='ltr'><strong>et</strong></span> <span class='ocrx_word' id='word_1_152' title='bbox 2468 787 2781 853; x_wconf 87' lang='lat' dir='ltr'><strong>ambulavit,</strong></span> <span class='ocrx_word' id='word_1_153' title='bbox 2814 790 3013 858; x_wconf 78' lang='lat' dir='ltr'><strong>gratias</strong></span> <span class='ocrx_word' id='word_1_154' title='bbox 3037 804 3198 857; x_wconf 88' lang='lat' dir='ltr'><strong>agens</strong></span> <span class='ocrx_word' id='word_1_155' title='bbox 3230 789 3337 843; x_wconf 88' lang='lat' dir='ltr'><strong>Deo</strong></span> <span class='ocrx_word' id='word_1_156' title='bbox 3367 800 3420 843; x_wconf 91' lang='lat' dir='ltr'><strong>et</strong></span> <span class='ocrx_word' id='word_1_157' title='bbox 3460 800 3643 859; x_wconf 84' lang='lat' dir='ltr'><strong>patro-</strong></span> 
     </span>
    </p>
   </div>
   <div class='ocr_carea' id='block_1_22' title="bbox 2079 878 3640 949">
    <p class='ocr_par' dir='ltr' id='par_1_22' title="bbox 2079 878 3640 949">
     <span class='ocr_line' id='line_1_22' title="bbox 2079 878 3640 949; baseline 0.003 -18"><span class='ocrx_word' id='word_1_158' title='bbox 2079 878 2301 931; x_wconf 89' lang='lat' dir='ltr'><strong>cinatori</strong></span> <span class='ocrx_word' id='word_1_159' title='bbox 2327 894 2444 932; x_wconf 92' lang='lat' dir='ltr'><strong>suo.</strong></span> <span class='ocrx_word' id='word_1_160' title='bbox 2478 878 2583 933; x_wconf 77' lang='lat' dir='ltr'><strong>Nos</strong></span> <span class='ocrx_word' id='word_1_161' title='bbox 2607 888 2790 948; x_wconf 75' lang='lat' dir='ltr'><strong>pestca</strong></span> <span class='ocrx_word' id='word_1_162' title='bbox 2825 879 3194 949; x_wconf 71' lang='lat' dir='ltr'><strong>frequentibus</strong></span> <span class='ocrx_word' id='word_1_163' title='bbox 3216 880 3330 949; x_wconf 87' lang='lat' dir='ltr'><strong>ejus</strong></span> <span class='ocrx_word' id='word_1_164' title='bbox 3357 884 3640 937; x_wconf 90' lang='lat' dir='ltr'><strong>missarum</strong></span> 
     </span>
    </p>
   </div>
   <div class='ocr_carea' id='block_1_23' title="bbox 2080 967 3643 1026">
    <p class='ocr_par' dir='ltr' id='par_1_23' title="bbox 2080 967 3643 1026">
     <span class='ocr_line' id='line_1_23' title="bbox 2080 967 3643 1026; baseline 0.004 -6"><span class='ocrx_word' id='word_1_165' title='bbox 2080 967 2531 1023; x_wconf 77' lang='lat' dir='ltr'><strong>celebrationilius</strong></span> <span class='ocrx_word' id='word_1_166' title='bbox 2558 971 2634 1023; x_wconf 87' lang='lat' dir='ltr'><strong>usi</strong></span> <span class='ocrx_word' id='word_1_167' title='bbox 2662 969 2730 1000; x_wconf 62' lang='lat' dir='ltr'><strong><em>m</em></strong></span> <span class='ocrx_word' id='word_1_168' title='bbox 2756 985 2939 1024; x_wconf 87' lang='lat' dir='ltr'><strong>sumus</strong></span> <span class='ocrx_word' id='word_1_169' title='bbox 2982 972 3033 1024; x_wconf 90' lang='lat' dir='ltr'><strong>in</strong></span> <span class='ocrx_word' id='word_1_170' title='bbox 3064 971 3252 1026; x_wconf 85' lang='lat' dir='ltr'><strong>eodem</strong></span> <span class='ocrx_word' id='word_1_171' title='bbox 3296 970 3433 1026; x_wconf 89' lang='lat' dir='ltr'><strong>loco.</strong></span> <span class='ocrx_word' id='word_1_172' title='bbox 3467 971 3643 1026; x_wconf 86' lang='lat' dir='ltr'><strong>Sanus</strong></span> 
     </span>
    </p>
   </div>
   <div class='ocr_carea' id='block_1_24' title="bbox 2081 1056 3641 1128">
    <p class='ocr_par' dir='ltr' id='par_1_24' title="bbox 2081 1056 3641 1128">
     <span class='ocr_line' id='line_1_24' title="bbox 2081 1056 3641 1128; baseline 0.003 -19"><span class='ocrx_word' id='word_1_173' title='bbox 2081 1056 2192 1125; x_wconf 91' lang='lat' dir='ltr'><strong>ipse</strong></span> <span class='ocrx_word' id='word_1_174' title='bbox 2218 1057 2283 1111; x_wconf 92' lang='lat' dir='ltr'><strong>de</strong></span> <span class='ocrx_word' id='word_1_175' title='bbox 2312 1058 2536 1127; x_wconf 90' lang='lat' dir='ltr'><strong>reliquo,</strong></span> <span class='ocrx_word' id='word_1_176' title='bbox 2566 1069 2920 1128; x_wconf 72' lang='lat' dir='ltr'><strong>pneterquam</strong></span> <span class='ocrx_word' id='word_1_177' title='bbox 2948 1060 3128 1114; x_wconf 80' lang='lat' dir='ltr'><strong>cervix</strong></span> <span class='ocrx_word' id='word_1_178' title='bbox 3153 1075 3270 1127; x_wconf 78' lang='lat' dir='ltr'><strong>qua:</strong></span> <span class='ocrx_word' id='word_1_179' title='bbox 3300 1060 3641 1113; x_wconf 70' lang='lat' dir='ltr'><strong>rcsilicrat&#39;&quot;</strong></span> 
     </span>
    </p>
   </div>
   <div class='ocr_carea' id='block_1_25' title="bbox 2078 1148 3645 1219">
    <p class='ocr_par' dir='ltr' id='par_1_25' title="bbox 2078 1148 3645 1219">
     <span class='ocr_line' id='line_1_25' title="bbox 2078 1148 3645 1219; baseline 0.004 -22"><span class='ocrx_word' id='word_1_180' title='bbox 2078 1160 2265 1213; x_wconf 87' lang='lat' dir='ltr'><strong>parum</strong></span> <span class='ocrx_word' id='word_1_181' title='bbox 2298 1156 2492 1201; x_wconf 87' lang='lat' dir='ltr'><strong>retorta</strong></span> <span class='ocrx_word' id='word_1_182' title='bbox 2524 1148 2813 1211; x_wconf 85' lang='lat' dir='ltr'><strong>videretur,</strong></span> <span class='ocrx_word' id='word_1_183' title='bbox 2839 1160 2965 1217; x_wconf 90' lang='lat' dir='ltr'><strong>puto</strong></span> <span class='ocrx_word' id='word_1_184' title='bbox 3003 1159 3219 1219; x_wconf 88' lang='lat' dir='ltr'><strong>propter</strong></span> <span class='ocrx_word' id='word_1_185' title='bbox 3260 1164 3645 1205; x_wconf 87' lang='lat' dir='ltr'><strong>commemora-</strong></span> 
     </span>
    </p>
   </div>
   <div class='ocr_carea' id='block_1_26' title="bbox 2081 1234 3642 1306">
    <p class='ocr_par' dir='ltr' id='par_1_26' title="bbox 2081 1234 3642 1306">
     <span class='ocr_line' id='line_1_26' title="bbox 2081 1234 3642 1306; baseline 0.002 -20"><span class='ocrx_word' id='word_1_186' title='bbox 2081 1234 2274 1287; x_wconf 89' lang='lat' dir='ltr'><strong>tionem</strong></span> <span class='ocrx_word' id='word_1_187' title='bbox 2310 1244 2415 1288; x_wconf 88' lang='lat' dir='ltr'><strong>tam</strong></span> <span class='ocrx_word' id='word_1_188' title='bbox 2445 1235 2653 1289; x_wconf 88' lang='lat' dir='ltr'><strong>miriﬁci</strong></span> <span class='ocrx_word' id='word_1_189' title='bbox 2680 1235 2946 1299; x_wconf 77' lang='lat' dir='ltr'><strong>beneficii,</strong></span> <span class='ocrx_word' id='word_1_190' title='bbox 2978 1240 3043 1290; x_wconf 90' lang='lat' dir='ltr'><strong>ad</strong></span> <span class='ocrx_word' id='word_1_191' title='bbox 3083 1236 3442 1306; x_wconf 89' lang='lat' dir='ltr'><strong>populandum</strong></span> <span class='ocrx_word' id='word_1_192' title='bbox 3469 1239 3642 1291; x_wconf 84' lang='lat' dir='ltr'><strong>omni-</strong></span> 
     </span>
    </p>
   </div>
   <div class='ocr_carea' id='block_1_27' title="bbox 2079 1327 3747 1397">
    <p class='ocr_par' dir='ltr' id='par_1_27' title="bbox 2079 1327 3747 1397">
     <span class='ocr_line' id='line_1_27' title="bbox 2079 1327 3747 1397; baseline 0.002 -19"><span class='ocrx_word' id='word_1_193' title='bbox 2079 1327 2199 1387; x_wconf 83' lang='lat' dir='ltr'><strong>bus,</strong></span> <span class='ocrx_word' id='word_1_194' title='bbox 2240 1336 2498 1394; x_wconf 88' lang='lat' dir='ltr'><strong>quantum</strong></span> <span class='ocrx_word' id='word_1_195' title='bbox 2533 1327 2709 1381; x_wconf 80' lang='lat' dir='ltr'><strong>valeat</strong></span> <span class='ocrx_word' id='word_1_196' title='bbox 2741 1327 2791 1380; x_wconf 95' lang='lat' dir='ltr'><strong>in</strong></span> <span class='ocrx_word' id='word_1_197' title='bbox 2822 1337 3110 1383; x_wconf 85' lang='lat' dir='ltr'><strong>consoectu</strong></span> <span class='ocrx_word' id='word_1_198' title='bbox 3139 1327 3350 1381; x_wconf 84' lang='lat' dir='ltr'><strong>Domini</strong></span> <span class='ocrx_word' id='word_1_199' title='bbox 3390 1328 3642 1382; x_wconf 89' lang='lat' dir='ltr'><strong>meritum</strong></span> <span class='ocrx_word' id='word_1_200' title='bbox 3738 1390 3747 1397; x_wconf 87' lang='lat'>_</span> 
     </span>
    </p>
   </div>
   <div class='ocr_carea' id='block_1_28' title="bbox 2077 1414 2375 1468">
    <p class='ocr_par' dir='ltr' id='par_1_28' title="bbox 2077 1414 2375 1468">
     <span class='ocr_line' id='line_1_28' title="bbox 2077 1414 2375 1468; baseline 0.003 -1"><span class='ocrx_word' id='word_1_201' title='bbox 2077 1415 2243 1467; x_wconf 83' lang='lat' dir='ltr'><strong>sancti</strong></span> <span class='ocrx_word' id='word_1_202' title='bbox 2275 1414 2375 1468; x_wconf 88' lang='lat' dir='ltr'><strong>sui.</strong></span> 
     </span>
    </p>
   </div>
   <div class='ocr_carea' id='block_1_29' title="bbox 2148 1502 3643 1575">
    <p class='ocr_par' dir='ltr' id='par_1_29' title="bbox 2148 1502 3643 1575">
     <span class='ocr_line' id='line_1_29' title="bbox 2148 1502 3643 1575; baseline 0.003 -20"><span class='ocrx_word' id='word_1_203' title='bbox 2148 1502 2235 1555; x_wconf 69' lang='grc' dir='ltr'><strong>ιι.</strong></span> <span class='ocrx_word' id='word_1_204' title='bbox 2274 1502 2477 1556; x_wconf 81' lang='lat' dir='ltr'><strong>Retulit</strong></span> <span class='ocrx_word' id='word_1_205' title='bbox 2501 1503 2666 1558; x_wconf 89' lang='lat' dir='ltr'><strong>isdem</strong></span> <span class='ocrx_word' id='word_1_206' title='bbox 2698 1504 2977 1575; x_wconf 81' lang='lat' dir='ltr'><strong>presbyter</strong></span> <span class='ocrx_word' id='word_1_207' title='bbox 3007 1504 3159 1559; x_wconf 87' lang='lat' dir='ltr'><strong>nobis</strong></span> <span class='ocrx_word' id='word_1_208' title='bbox 3182 1544 3195 1567; x_wconf 97' lang='lat'><strong>,</strong></span> <span class='ocrx_word' id='word_1_209' title='bbox 3236 1506 3377 1573; x_wconf 89' lang='lat' dir='ltr'><strong>quod</strong></span> <span class='ocrx_word' id='word_1_210' title='bbox 3409 1505 3479 1537; x_wconf 75' lang='lat'>&#39;“</span> <span class='ocrx_word' id='word_1_211' title='bbox 3507 1521 3643 1574; x_wconf 83' lang='lat' dir='ltr'><strong>qua-</strong></span> 
     </span>
    </p>
   </div>
   <div class='ocr_carea' id='block_1_30' title="bbox 2079 1592 3645 1663">
    <p class='ocr_par' dir='ltr' id='par_1_30' title="bbox 2079 1592 3645 1663">
     <span class='ocr_line' id='line_1_30' title="bbox 2079 1592 3645 1663; baseline 0 -16"><span class='ocrx_word' id='word_1_212' title='bbox 2079 1592 2198 1647; x_wconf 90' lang='lat' dir='ltr'><strong>dam</strong></span> <span class='ocrx_word' id='word_1_213' title='bbox 2228 1594 2312 1645; x_wconf 88' lang='lat' dir='ltr'><strong>die</strong></span> <span class='ocrx_word' id='word_1_214' title='bbox 2345 1594 2395 1645; x_wconf 92' lang='lat' dir='ltr'><strong>in</strong></span> <span class='ocrx_word' id='word_1_215' title='bbox 2452 1594 2563 1660; x_wconf 87' lang='lat' dir='ltr'><strong>ipsa</strong></span> <span class='ocrx_word' id='word_1_216' title='bbox 2606 1594 2836 1647; x_wconf 84' lang='lat' dir='ltr'><strong>ecclesia</strong></span> <span class='ocrx_word' id='word_1_217' title='bbox 2864 1633 2878 1655; x_wconf 93' lang='lat'><strong>,</strong></span> <span class='ocrx_word' id='word_1_218' title='bbox 2912 1594 2995 1647; x_wconf 91' lang='lat' dir='ltr'><strong>cui</strong></span> <span class='ocrx_word' id='word_1_219' title='bbox 3045 1593 3097 1645; x_wconf 94' lang='lat' dir='ltr'><strong>in</strong></span> <span class='ocrx_word' id='word_1_220' title='bbox 3148 1596 3645 1663; x_wconf 90' lang='lat' dir='ltr'><strong>recompensatione</strong></span> 
     </span>
    </p>
   </div>
   <div class='ocr_carea' id='block_1_31' title="bbox 2078 1682 3643 1749">
    <p class='ocr_par' dir='ltr' id='par_1_31' title="bbox 2078 1682 3643 1749">
     <span class='ocr_line' id='line_1_31' title="bbox 2078 1682 3643 1749; baseline 0.001 -13"><span class='ocrx_word' id='word_1_221' title='bbox 2078 1682 2321 1736; x_wconf 90' lang='lat' dir='ltr'><strong>beneﬁcii</strong></span> <span class='ocrx_word' id='word_1_222' title='bbox 2362 1682 2473 1749; x_wconf 89' lang='lat' dir='ltr'><strong>jam</strong></span> <span class='ocrx_word' id='word_1_223' title='bbox 2521 1684 2651 1737; x_wconf 89' lang='lat' dir='ltr'><strong>dicti</strong></span> <span class='ocrx_word' id='word_1_224' title='bbox 2704 1684 3152 1747; x_wconf 76' lang='lat' dir='ltr'><strong>deserviebat&#39;&quot;,</strong></span> <span class='ocrx_word' id='word_1_225' title='bbox 3192 1684 3316 1737; x_wconf 88' lang='lat' dir='ltr'><strong>dum</strong></span> <span class='ocrx_word' id='word_1_226' title='bbox 3349 1684 3417 1715; x_wconf 64' lang='lat' dir='ltr'><strong>M</strong></span> <span class='ocrx_word' id='word_1_227' title='bbox 3453 1684 3643 1737; x_wconf 81' lang='lat' dir='ltr'><strong>missas</strong></span> 
     </span>
    </p>
   </div>
   <div class='ocr_carea' id='block_1_32' title="bbox 2079 1770 3645 1841">
    <p class='ocr_par' dir='ltr' id='par_1_32' title="bbox 2079 1770 3645 1841">
     <span class='ocr_line' id='line_1_32' title="bbox 2079 1770 3645 1841; baseline 0.001 -18"><span class='ocrx_word' id='word_1_228' title='bbox 2079 1780 2285 1840; x_wconf 90' lang='lat' dir='ltr'><strong>ageret,</strong></span> <span class='ocrx_word' id='word_1_229' title='bbox 2322 1770 2458 1824; x_wconf 89' lang='lat' dir='ltr'><strong>lecto</strong></span> <span class='ocrx_word' id='word_1_230' title='bbox 2485 1771 2781 1841; x_wconf 85' lang='lat' dir='ltr'><strong>evangelio,</strong></span> <span class='ocrx_word' id='word_1_231' title='bbox 2816 1786 2911 1825; x_wconf 89' lang='lat' dir='ltr'><strong>vas</strong></span> <span class='ocrx_word' id='word_1_232' title='bbox 2940 1770 3082 1840; x_wconf 85' lang='lat' dir='ltr'><strong>quod</strong></span> <span class='ocrx_word' id='word_1_233' title='bbox 3126 1772 3645 1826; x_wconf 85' lang='lat' dir='ltr'><strong>consuetudiaaliter</strong></span> 
     </span>
    </p>
   </div>
   <div class='ocr_carea' id='block_1_33' title="bbox 412 1857 3641 1929">
    <p class='ocr_par' dir='ltr' id='par_1_33' title="bbox 412 1857 3641 1929">
     <span class='ocr_line' id='line_1_33' title="bbox 412 1857 3641 1929; baseline 0 -15"><span class='ocrx_word' id='word_1_234' title='bbox 412 1876 510 1915; x_wconf 83' lang='lat' dir='ltr'><strong>suo</strong></span> <span class='ocrx_word' id='word_1_235' title='bbox 535 1864 826 1917; x_wconf 88' lang='lat' dir='ltr'><strong>dedicasse.</strong></span> <span class='ocrx_word' id='word_1_236' title='bbox 853 1862 1091 1929; x_wconf 84' lang='lat' dir='ltr'><strong>Quadam</strong></span> <span class='ocrx_word' id='word_1_237' title='bbox 1120 1862 1203 1915; x_wconf 92' lang='lat' dir='ltr'><strong>die</strong></span> <span class='ocrx_word' id='word_1_238' title='bbox 1233 1860 1482 1913; x_wconf 88' lang='lat' dir='ltr'><strong>euntibus</strong></span> <span class='ocrx_word' id='word_1_239' title='bbox 1509 1859 1827 1928; x_wconf 80' lang='lat' dir='ltr'><strong>quibusdam</strong></span> <span class='ocrx_word' id='word_1_240' title='bbox 1855 1872 1974 1912; x_wconf 89' lang='lat' dir='ltr'><strong>cum</strong></span> <span class='ocrx_word' id='word_1_241' title='bbox 2010 1864 2052 1921; x_wconf 78' lang='grc' dir='ltr'>Β</span> <span class='ocrx_word' id='word_1_242' title='bbox 2076 1857 2225 1925; x_wconf 78' lang='lat' dir='ltr'><strong>juxta</strong></span> <span class='ocrx_word' id='word_1_243' title='bbox 2251 1858 2422 1913; x_wconf 88' lang='lat' dir='ltr'><strong>altare</strong></span> <span class='ocrx_word' id='word_1_244' title='bbox 2464 1876 2585 1914; x_wconf 91' lang='lat' dir='ltr'><strong>cum</strong></span> <span class='ocrx_word' id='word_1_245' title='bbox 2620 1862 2747 1913; x_wconf 87' lang='lat' dir='ltr'><strong>vino</strong></span> <span class='ocrx_word' id='word_1_246' title='bbox 2791 1862 3074 1929; x_wconf 87' lang='lat' dir='ltr'><strong>pendebat,</strong></span> <span class='ocrx_word' id='word_1_247' title='bbox 3111 1862 3162 1914; x_wconf 92' lang='lat' dir='ltr'><strong>in</strong></span> <span class='ocrx_word' id='word_1_248' title='bbox 3190 1862 3410 1915; x_wconf 89' lang='lat' dir='ltr'><strong>calicem</strong></span> <span class='ocrx_word' id='word_1_249' title='bbox 3441 1872 3641 1925; x_wconf 87' lang='lat' dir='ltr'><strong>versat,</strong></span> 
     </span>
    </p>
   </div>
   <div class='ocr_carea' id='block_1_34' title="bbox 412 1947 1975 2019">
    <p class='ocr_par' dir='ltr' id='par_1_34' title="bbox 412 1947 1975 2019">
     <span class='ocr_line' id='line_1_34' title="bbox 412 1947 1975 2019; baseline -0.003 -15"><span class='ocrx_word' id='word_1_250' title='bbox 412 1950 663 2019; x_wconf 86' lang='lat' dir='ltr'><strong>plaustris</strong></span> <span class='ocrx_word' id='word_1_251' title='bbox 695 1952 745 2003; x_wconf 91' lang='lat' dir='ltr'><strong>in</strong></span> <span class='ocrx_word' id='word_1_252' title='bbox 776 1952 1013 2019; x_wconf 82' lang='lat' dir='ltr'><strong>Augusta</strong></span> <span class='ocrx_word' id='word_1_253' title='bbox 1043 1949 1487 2003; x_wconf 75' lang='lat' dir='ltr'><strong>Viromandorum</strong></span> <span class='ocrx_word' id='word_1_254' title='bbox 1520 1948 1664 2016; x_wconf 72' lang='lat'><strong>(152)</strong></span> <span class='ocrx_word' id='word_1_255' title='bbox 1703 1947 1975 2000; x_wconf 86' lang='lat' dir='ltr'><strong>mercandi</strong></span> 
     </span>
    </p>
   </div>
   <div class='ocr_carea' id='block_1_35' title="bbox 412 2038 1977 2110">
    <p class='ocr_par' dir='ltr' id='par_1_35' title="bbox 412 2038 1977 2110">
     <span class='ocr_line' id='line_1_35' title="bbox 412 2038 1977 2110; baseline 0 -19"><span class='ocrx_word' id='word_1_256' title='bbox 412 2042 606 2109; x_wconf 90' lang='lat' dir='ltr'><strong>gratia,</strong></span> <span class='ocrx_word' id='word_1_257' title='bbox 641 2042 845 2110; x_wconf 89' lang='lat' dir='ltr'><strong>rogavit</strong></span> <span class='ocrx_word' id='word_1_258' title='bbox 871 2042 1066 2093; x_wconf 87' lang='lat' dir='ltr'><strong>virtute</strong></span> <span class='ocrx_word' id='word_1_259' title='bbox 1102 2054 1204 2107; x_wconf 91' lang='lat' dir='ltr'><strong>qua</strong></span> <span class='ocrx_word' id='word_1_260' title='bbox 1234 2048 1475 2106; x_wconf 88' lang='lat' dir='ltr'><strong>poterat,</strong></span> <span class='ocrx_word' id='word_1_261' title='bbox 1508 2046 1567 2091; x_wconf 91' lang='lat' dir='ltr'><strong>ut</strong></span> <span class='ocrx_word' id='word_1_262' title='bbox 1612 2038 1977 2106; x_wconf 85' lang='lat' dir='ltr'><strong>superpositus</strong></span> 
     </span>
    </p>
   </div>
   <div class='ocr_carea' id='block_1_36' title="bbox 410 2128 1973 2198">
    <p class='ocr_par' dir='ltr' id='par_1_36' title="bbox 410 2128 1973 2198">
     <span class='ocr_line' id='line_1_36' title="bbox 410 2128 1973 2198; baseline -0.002 -18"><span class='ocrx_word' id='word_1_263' title='bbox 410 2129 649 2196; x_wconf 87' lang='lat' dir='ltr'><strong>plaustro</strong></span> <span class='ocrx_word' id='word_1_264' title='bbox 697 2131 759 2183; x_wconf 84' lang='lat' dir='ltr'><strong>ad</strong></span> <span class='ocrx_word' id='word_1_265' title='bbox 831 2131 1189 2198; x_wconf 88' lang='lat' dir='ltr'><strong>supradictam</strong></span> <span class='ocrx_word' id='word_1_266' title='bbox 1255 2128 1590 2181; x_wconf 85' lang='lat' dir='ltr'><strong>ecclesiulam</strong></span> <span class='ocrx_word' id='word_1_267' title='bbox 1669 2128 1973 2180; x_wconf 87' lang='lat' dir='ltr'><strong>duceretur.</strong></span> 
     </span>
    </p>
   </div>
   <div class='ocr_carea' id='block_1_37' title="bbox 412 2214 1978 2281">
    <p class='ocr_par' dir='ltr' id='par_1_37' title="bbox 412 2214 1978 2281">
     <span class='ocr_line' id='line_1_37' title="bbox 412 2214 1978 2281; baseline 0 -15"><span class='ocrx_word' id='word_1_268' title='bbox 412 2214 632 2269; x_wconf 85' lang='lat' dir='ltr'><strong>Factum</strong></span> <span class='ocrx_word' id='word_1_269' title='bbox 664 2226 767 2269; x_wconf 85' lang='lat' dir='ltr'><strong>est.</strong></span> <span class='ocrx_word' id='word_1_270' title='bbox 817 2216 1028 2271; x_wconf 83' lang='lat' dir='ltr'><strong>Positus</strong></span> <span class='ocrx_word' id='word_1_271' title='bbox 1051 2226 1132 2270; x_wconf 86' lang='lat' dir='ltr'><strong>est</strong></span> <span class='ocrx_word' id='word_1_272' title='bbox 1164 2217 1215 2268; x_wconf 95' lang='lat' dir='ltr'><strong>in</strong></span> <span class='ocrx_word' id='word_1_273' title='bbox 1250 2216 1475 2269; x_wconf 89' lang='lat' dir='ltr'><strong>ecclesia</strong></span> <span class='ocrx_word' id='word_1_274' title='bbox 1508 2216 1600 2277; x_wconf 74' lang='grc'>⁵⁸³,</span> <span class='ocrx_word' id='word_1_275' title='bbox 1639 2224 1693 2268; x_wconf 92' lang='lat' dir='ltr'><strong>et</strong></span> <span class='ocrx_word' id='word_1_276' title='bbox 1743 2215 1815 2267; x_wconf 92' lang='lat' dir='ltr'><strong>ibi</strong></span> <span class='ocrx_word' id='word_1_277' title='bbox 1859 2229 1978 2281; x_wconf 86' lang='lat' dir='ltr'><strong>per-</strong></span> 
     </span>
    </p>
   </div>
   <div class='ocr_carea' id='block_1_38' title="bbox 410 2301 1978 2370">
    <p class='ocr_par' dir='ltr' id='par_1_38' title="bbox 410 2301 1978 2370">
     <span class='ocr_line' id='line_1_38' title="bbox 410 2301 1978 2370; baseline 0 -16"><span class='ocrx_word' id='word_1_278' title='bbox 410 2305 662 2357; x_wconf 89' lang='lat' dir='ltr'><strong>noctavit.</strong></span> <span class='ocrx_word' id='word_1_279' title='bbox 696 2304 848 2356; x_wconf 80' lang='lat' dir='ltr'><strong>Mane</strong></span> <span class='ocrx_word' id='word_1_280' title='bbox 880 2315 1057 2357; x_wconf 87' lang='lat' dir='ltr'><strong>autem</strong></span> <span class='ocrx_word' id='word_1_281' title='bbox 1089 2302 1251 2367; x_wconf 80' lang='lat' dir='ltr'><strong>facto,</strong></span> <span class='ocrx_word' id='word_1_282' title='bbox 1282 2304 1454 2356; x_wconf 82' lang='lat' dir='ltr'><strong>voluit</strong></span> <span class='ocrx_word' id='word_1_283' title='bbox 1491 2311 1777 2370; x_wconf 86' lang='lat' dir='ltr'><strong>temptare,</strong></span> <span class='ocrx_word' id='word_1_284' title='bbox 1806 2301 1978 2356; x_wconf 89' lang='lat' dir='ltr'><strong>conﬁ-</strong></span> 
     </span>
    </p>
   </div>
   <div class='ocr_carea' id='block_1_39' title="bbox 416 2392 1978 2448">
    <p class='ocr_par' dir='ltr' id='par_1_39' title="bbox 416 2392 1978 2448">
     <span class='ocr_line' id='line_1_39' title="bbox 416 2392 1978 2448; baseline 0.002 -7"><span class='ocrx_word' id='word_1_285' title='bbox 416 2406 507 2443; x_wconf 88' lang='lat' dir='ltr'><strong>sus</strong></span> <span class='ocrx_word' id='word_1_286' title='bbox 541 2394 607 2445; x_wconf 90' lang='lat' dir='ltr'><strong>de</strong></span> <span class='ocrx_word' id='word_1_287' title='bbox 640 2392 732 2445; x_wconf 89' lang='lat' dir='ltr'><strong>Dei</strong></span> <span class='ocrx_word' id='word_1_288' title='bbox 767 2393 1136 2447; x_wconf 76' lang='lat' dir='ltr'><strong>misericordia</strong></span> <span class='ocrx_word' id='word_1_289' title='bbox 1166 2401 1221 2448; x_wconf 87' lang='lat' dir='ltr'><strong>et</strong></span> <span class='ocrx_word' id='word_1_290' title='bbox 1252 2393 1419 2445; x_wconf 69' lang='lat' dir='ltr'><strong>sancti</strong></span> <span class='ocrx_word' id='word_1_291' title='bbox 1452 2392 1691 2446; x_wconf 81' lang='lat' dir='ltr'><strong>Ursmari</strong></span> <span class='ocrx_word' id='word_1_292' title='bbox 1722 2393 1978 2446; x_wconf 87' lang='lat' dir='ltr'><strong>interces-</strong></span> 
     </span>
    </p>
   </div>
   <div class='ocr_carea' id='block_1_40' title="bbox 2082 1948 3642 2020">
    <p class='ocr_par' dir='ltr' id='par_1_40' title="bbox 2082 1948 3642 2020">
     <span class='ocr_line' id='line_1_40' title="bbox 2082 1948 3642 2020; baseline 0 -17"><span class='ocrx_word' id='word_1_293' title='bbox 2082 1948 2174 2004; x_wconf 73' lang='lat' dir='ltr'><strong>s&#39;ed</strong></span> <span class='ocrx_word' id='word_1_294' title='bbox 2212 1951 2390 2003; x_wconf 85' lang='lat' dir='ltr'><strong>vinum</strong></span> <span class='ocrx_word' id='word_1_295' title='bbox 2420 1951 2491 2003; x_wconf 90' lang='lat' dir='ltr'><strong>ita</strong></span> <span class='ocrx_word' id='word_1_296' title='bbox 2513 1951 2849 2020; x_wconf 84' lang='lat' dir='ltr'><strong>congelatum</strong></span> <span class='ocrx_word' id='word_1_297' title='bbox 2892 1959 3047 2015; x_wconf 89' lang='lat' dir='ltr'><strong>erat,</strong></span> <span class='ocrx_word' id='word_1_298' title='bbox 3082 1960 3139 2003; x_wconf 92' lang='lat' dir='ltr'><strong>ut</strong></span> <span class='ocrx_word' id='word_1_299' title='bbox 3180 1966 3278 2003; x_wconf 91' lang='lat' dir='ltr'><strong>nec</strong></span> <span class='ocrx_word' id='word_1_300' title='bbox 3324 1958 3473 2019; x_wconf 86' lang='lat' dir='ltr'><strong>gutta</strong></span> <span class='ocrx_word' id='word_1_301' title='bbox 3517 1964 3642 2018; x_wconf 87' lang='lat' dir='ltr'><strong>pro-</strong></span> 
     </span>
    </p>
   </div>
   <div class='ocr_carea' id='block_1_41' title="bbox 2082 2041 3642 2109">
    <p class='ocr_par' dir='ltr' id='par_1_41' title="bbox 2082 2041 3642 2109">
     <span class='ocr_line' id='line_1_41' title="bbox 2082 2041 3642 2109; baseline -0.001 -15"><span class='ocrx_word' id='word_1_302' title='bbox 2082 2042 2287 2095; x_wconf 89' lang='lat' dir='ltr'><strong>ﬁueret.</strong></span> <span class='ocrx_word' id='word_1_303' title='bbox 2322 2043 2419 2095; x_wconf 91' lang='lat' dir='ltr'><strong>Dat</strong></span> <span class='ocrx_word' id='word_1_304' title='bbox 2446 2043 2718 2095; x_wconf 84' lang='lat' dir='ltr'><strong>vasculum</strong></span> <span class='ocrx_word' id='word_1_305' title='bbox 2735 2042 2932 2096; x_wconf 85' lang='lat' dir='ltr'><strong>clerico</strong></span> <span class='ocrx_word' id='word_1_306' title='bbox 2954 2041 3305 2102; x_wconf 71' lang='lat' dir='ltr'><strong>ministranti,</strong></span> <span class='ocrx_word' id='word_1_307' title='bbox 3332 2051 3388 2093; x_wconf 92' lang='lat' dir='ltr'><strong>ut</strong></span> <span class='ocrx_word' id='word_1_308' title='bbox 3415 2041 3642 2109; x_wconf 90' lang='lat' dir='ltr'><strong>glaciem</strong></span> 
     </span>
    </p>
   </div>
   <div class='ocr_carea' id='block_1_42' title="bbox 2083 2129 3638 2201">
    <p class='ocr_par' dir='ltr' id='par_1_42' title="bbox 2083 2129 3638 2201">
     <span class='ocr_line' id='line_1_42' title="bbox 2083 2129 3638 2201; baseline -0.003 -17"><span class='ocrx_word' id='word_1_309' title='bbox 2083 2132 2190 2201; x_wconf 87' lang='lat' dir='ltr'><strong>igni</strong></span> <span class='ocrx_word' id='word_1_310' title='bbox 2248 2131 2480 2185; x_wconf 88' lang='lat' dir='ltr'><strong>resolvat</strong></span> <span class='ocrx_word' id='word_1_311' title='bbox 2526 2146 2541 2195; x_wconf 89' lang='lat'><strong>;</strong></span> <span class='ocrx_word' id='word_1_312' title='bbox 2592 2131 2702 2199; x_wconf 89' lang='lat' dir='ltr'><strong>ipse</strong></span> <span class='ocrx_word' id='word_1_313' title='bbox 2730 2131 2941 2184; x_wconf 91' lang='lat' dir='ltr'><strong>interim</strong></span> <span class='ocrx_word' id='word_1_314' title='bbox 2991 2130 3220 2184; x_wconf 85' lang='lat' dir='ltr'><strong>oﬁicium</strong></span> <span class='ocrx_word' id='word_1_315' title='bbox 3271 2129 3638 2197; x_wconf 83' lang='lat' dir='ltr'><strong>pereelebrat;</strong></span> 
     </span>
    </p>
   </div>
   <div class='ocr_carea' id='block_1_43' title="bbox 2082 2217 3645 2289">
    <p class='ocr_par' dir='ltr' id='par_1_43' title="bbox 2082 2217 3645 2289">
     <span class='ocr_line' id='line_1_43' title="bbox 2082 2217 3645 2289; baseline -0.003 -16"><span class='ocrx_word' id='word_1_316' title='bbox 2082 2224 2207 2273; x_wconf 86' lang='lat' dir='ltr'><strong>dum</strong></span> <span class='ocrx_word' id='word_1_317' title='bbox 2243 2221 2505 2283; x_wconf 86' lang='lat' dir='ltr'><strong>tardatur,</strong></span> <span class='ocrx_word' id='word_1_318' title='bbox 2551 2220 2636 2273; x_wconf 89' lang='lat' dir='ltr'><strong>ille</strong></span> <span class='ocrx_word' id='word_1_319' title='bbox 2668 2220 2900 2289; x_wconf 75' lang='lat' dir='ltr'><strong>respexit</strong></span> <span class='ocrx_word' id='word_1_320' title='bbox 2936 2219 3000 2273; x_wconf 88' lang='lat' dir='ltr'><strong>ad</strong></span> <span class='ocrx_word' id='word_1_321' title='bbox 3034 2218 3284 2279; x_wconf 87' lang='lat' dir='ltr'><strong>calicem,</strong></span> <span class='ocrx_word' id='word_1_322' title='bbox 3318 2219 3406 2286; x_wconf 92' lang='lat' dir='ltr'><strong>qui</strong></span> <span class='ocrx_word' id='word_1_323' title='bbox 3456 2217 3645 2285; x_wconf 72' lang='lat' dir='ltr'><strong>plenus</strong></span> 
     </span>
    </p>
   </div>
   <div class='ocr_carea' id='block_1_44' title="bbox 2080 2308 3384 2376">
    <p class='ocr_par' dir='ltr' id='par_1_44' title="bbox 2080 2308 3384 2376">
     <span class='ocr_line' id='line_1_44' title="bbox 2080 2308 3384 2376; baseline -0.001 -17"><span class='ocrx_word' id='word_1_324' title='bbox 2080 2310 2203 2360; x_wconf 90' lang='lat' dir='ltr'><strong>vino</strong></span> <span class='ocrx_word' id='word_1_325' title='bbox 2234 2308 2480 2361; x_wconf 89' lang='lat' dir='ltr'><strong>inventus</strong></span> <span class='ocrx_word' id='word_1_326' title='bbox 2510 2317 2609 2369; x_wconf 82' lang='lat' dir='ltr'><strong>est,</strong></span> <span class='ocrx_word' id='word_1_327' title='bbox 2644 2309 2775 2361; x_wconf 87' lang='lat' dir='ltr'><strong>adeo</strong></span> <span class='ocrx_word' id='word_1_328' title='bbox 2807 2318 2863 2360; x_wconf 91' lang='lat' dir='ltr'><strong>ut</strong></span> <span class='ocrx_word' id='word_1_329' title='bbox 2891 2323 3025 2376; x_wconf 91' lang='lat' dir='ltr'><strong>pene</strong></span> <span class='ocrx_word' id='word_1_330' title='bbox 3047 2317 3384 2361; x_wconf 84' lang='lat' dir='ltr'><strong>excresceret</strong></span> 
     </span>
    </p>
   </div>
   <div class='ocr_carea' id='block_1_45' title="bbox 1689 2502 2359 2560">
    <p class='ocr_par' dir='ltr' id='par_1_45' title="bbox 1689 2502 2359 2560">
     <span class='ocr_line' id='line_1_45' title="bbox 1689 2502 2359 2560; baseline -0.004 0"><span class='ocrx_word' id='word_1_331' title='bbox 1689 2505 1919 2560; x_wconf 72' lang='lat' dir='ltr'><strong>VARUE</strong></span> <span class='ocrx_word' id='word_1_332' title='bbox 1960 2502 2359 2559; x_wconf 80' lang='lat' dir='ltr'><strong>LECTlONES.</strong></span> 
     </span>
    </p>
   </div>
   <div class='ocr_carea' id='block_1_46' title="bbox 482 2614 3086 2737">
    <p class='ocr_par' dir='ltr' id='par_1_46' title="bbox 482 2614 3086 2737">
     <span class='ocr_line' id='line_1_46' title="bbox 482 2614 3086 2684; baseline -0.002 -15"><span class='ocrx_word' id='word_1_333' title='bbox 482 2615 555 2648; x_wconf 82' lang='lat'><strong>&quot;&#39;</strong></span> <span class='ocrx_word' id='word_1_334' title='bbox 579 2618 687 2669; x_wconf 72' lang='lat' dir='ltr'><strong>Itrc</strong></span> <span class='ocrx_word' id='word_1_335' title='bbox 710 2618 881 2684; x_wconf 81' lang='lat' dir='ltr'><strong>capita</strong></span> <span class='ocrx_word' id='word_1_336' title='bbox 913 2617 1050 2684; x_wconf 78' lang='lat' dir='ltr'><strong>apud</strong></span> <span class='ocrx_word' id='word_1_337' title='bbox 1088 2615 1251 2668; x_wconf 85' lang='lat' dir='ltr'><strong>Dach.</strong></span> <span class='ocrx_word' id='word_1_338' title='bbox 1280 2632 1435 2683; x_wconf 76' lang='lat' dir='ltr'><strong>supra</strong></span> <span class='ocrx_word' id='word_1_339' title='bbox 1460 2615 1527 2667; x_wconf 80' lang='lat'><strong>55</strong></span> <span class='ocrx_word' id='word_1_340' title='bbox 1550 2625 1593 2666; x_wconf 83' lang='lat' dir='ltr'><strong>et</strong></span> <span class='ocrx_word' id='word_1_341' title='bbox 1625 2614 1711 2667; x_wconf 89' lang='lat'><strong>56.</strong></span> <span class='ocrx_word' id='word_1_342' title='bbox 1737 2624 2019 2681; x_wconf 84' lang='lat' dir='ltr'><strong>ponuntur,</strong></span> <span class='ocrx_word' id='word_1_343' title='bbox 2047 2616 2102 2666; x_wconf 82' lang='lat' dir='ltr'><strong>in</strong></span> <span class='ocrx_word' id='word_1_344' title='bbox 2145 2616 2177 2668; x_wconf 89' lang='lat'><strong>5</strong></span> <span class='ocrx_word' id='word_1_345' title='bbox 2202 2654 2215 2676; x_wconf 93' lang='lat'><strong>,</strong></span> <span class='ocrx_word' id='word_1_346' title='bbox 2247 2631 2364 2667; x_wconf 82' lang='lat' dir='ltr'><strong>vero</strong></span> <span class='ocrx_word' id='word_1_347' title='bbox 2404 2626 2522 2669; x_wconf 84' lang='lat' dir='ltr'><strong>ante</strong></span> <span class='ocrx_word' id='word_1_348' title='bbox 2562 2631 2677 2681; x_wconf 81' lang='lat' dir='ltr'><strong>cap.</strong></span> <span class='ocrx_word' id='word_1_349' title='bbox 2714 2614 2804 2676; x_wconf 70' lang='grc'><strong>24,</strong></span> <span class='ocrx_word' id='word_1_350' title='bbox 2831 2614 3086 2680; x_wconf 84' lang='lat' dir='ltr'><strong>leguntur.</strong></span> 
     </span>
     <span class='ocr_line' id='line_1_47' title="bbox 482 2682 3086 2737; baseline -0.001 0"><span class='ocrx_word' id='word_1_351' title='bbox 482 2686 585 2737; x_wconf 87' lang='lat' dir='ltr'><strong>ltuc</strong></span> <span class='ocrx_word' id='word_1_352' title='bbox 622 2698 865 2737; x_wconf 76' lang='lat' dir='ltr'><strong>superest</strong></span> <span class='ocrx_word' id='word_1_353' title='bbox 891 2685 942 2737; x_wconf 91' lang='lat'><strong>5.</strong></span> <span class='ocrx_word' id='word_1_354' title='bbox 1020 2684 1088 2715; x_wconf 79' lang='grc'><strong>⁵³⁸</strong></span> <span class='ocrx_word' id='word_1_355' title='bbox 1116 2686 1355 2737; x_wconf 88' lang='lat' dir='ltr'><strong>resileret</strong></span> <span class='ocrx_word' id='word_1_356' title='bbox 1388 2685 1435 2736; x_wconf 91' lang='grc'><strong>1.</strong></span> <span class='ocrx_word' id='word_1_357' title='bbox 1511 2684 1579 2715; x_wconf 78' lang='grc'><strong>⁸⁴⁵⁰</strong></span> <span class='ocrx_word' id='word_1_358' title='bbox 1608 2684 1849 2737; x_wconf 84' lang='lat' dir='ltr'><strong>vicinia&#39;l</strong></span> <span class='ocrx_word' id='word_1_359' title='bbox 1883 2684 1905 2734; x_wconf 87' lang='lat'><strong>?</strong></span> <span class='ocrx_word' id='word_1_360' title='bbox 1977 2683 2043 2712; x_wconf 63' lang='grc' dir='ltr'><strong>’δι</strong></span> <span class='ocrx_word' id='word_1_361' title='bbox 2076 2699 2121 2735; x_wconf 90' lang='lat' dir='ltr'><strong>s.</strong></span> <span class='ocrx_word' id='word_1_362' title='bbox 2153 2700 2207 2733; x_wconf 91' lang='lat' dir='ltr'><strong>n.</strong></span> <span class='ocrx_word' id='word_1_363' title='bbox 2235 2684 2418 2737; x_wconf 73' lang='lat' dir='ltr'><strong>desunt</strong></span> <span class='ocrx_word' id='word_1_364' title='bbox 2464 2687 2513 2737; x_wconf 83' lang='grc'><strong>1.</strong></span> <span class='ocrx_word' id='word_1_365' title='bbox 2592 2684 2659 2714; x_wconf 74' lang='grc'><strong>³⁸⁸</strong></span> <span class='ocrx_word' id='word_1_366' title='bbox 2698 2683 2977 2737; x_wconf 87' lang='lat' dir='ltr'><strong>ecclesiula</strong></span> <span class='ocrx_word' id='word_1_367' title='bbox 3014 2682 3046 2736; x_wconf 94' lang='lat'><strong>5</strong></span> <span class='ocrx_word' id='word_1_368' title='bbox 3076 2684 3086 2734; x_wconf 77' lang='lat' dir='ltr'><strong>l</strong></span> 
     </span>
    </p>
   </div>
   <div class='ocr_carea' id='block_1_47' title="bbox 1608 2695 2513 2737">
    <p class='ocr_par' dir='ltr' id='par_1_47' title="bbox 1608 2695 2513 2737">
     <span class='ocr_line' id='line_1_48' title="bbox 1608 2695 2513 2737; baseline 0.002 -2"><span class='ocrx_word' id='word_1_369' title='bbox 1608 2695 1849 2737; x_wconf 78' lang='lat' dir='ltr'><strong>\‘tCtnta&#39;l</strong></span> <span class='ocrx_word' id='word_1_370' title='bbox 1883 2695 1905 2734; x_wconf 67' lang='lat'><strong>1&#39;</strong></span> <span class='ocrx_word' id='word_1_371' title='bbox 1977 2695 2043 2712; x_wconf 80' lang='lat'><strong>&#39;&quot;</strong></span> <span class='ocrx_word' id='word_1_372' title='bbox 2076 2699 2121 2735; x_wconf 90' lang='lat' dir='ltr'><strong>s.</strong></span> <span class='ocrx_word' id='word_1_373' title='bbox 2153 2700 2207 2733; x_wconf 84' lang='lat' dir='ltr'><strong>tl.</strong></span> <span class='ocrx_word' id='word_1_374' title='bbox 2235 2695 2418 2737; x_wconf 72' lang='lat' dir='ltr'><strong>desunt</strong></span> <span class='ocrx_word' id='word_1_375' title='bbox 2464 2695 2513 2737; x_wconf 79' lang='grc'><strong>1.</strong></span> 
     </span>
    </p>
   </div>
   <div class='ocr_carea' id='block_1_48' title="bbox 410 2684 1435 2754">
    <p class='ocr_par' dir='ltr' id='par_1_48' title="bbox 410 2684 1435 2754">
     <span class='ocr_line' id='line_1_49' title="bbox 410 2684 1435 2754; baseline -0.001 -18"><span class='ocrx_word' id='word_1_376' title='bbox 410 2686 585 2738; x_wconf 84' lang='lat' dir='ltr'><strong>adhuc</strong></span> <span class='ocrx_word' id='word_1_377' title='bbox 622 2698 865 2754; x_wconf 87' lang='lat' dir='ltr'><strong>superest</strong></span> <span class='ocrx_word' id='word_1_378' title='bbox 891 2685 942 2737; x_wconf 91' lang='lat'><strong>5.</strong></span> <span class='ocrx_word' id='word_1_379' title='bbox 1020 2684 1088 2715; x_wconf 79' lang='grc'><strong>⁵³⁸</strong></span> <span class='ocrx_word' id='word_1_380' title='bbox 1116 2686 1355 2738; x_wconf 90' lang='lat' dir='ltr'><strong>resileret</strong></span> <span class='ocrx_word' id='word_1_381' title='bbox 1388 2685 1435 2736; x_wconf 91' lang='grc'><strong>1.</strong></span> 
     </span>
    </p>
   </div>
   <div class='ocr_carea' id='block_1_49' title="bbox 411 2752 1628 2807">
    <p class='ocr_par' dir='ltr' id='par_1_49' title="bbox 411 2752 1628 2807">
     <span class='ocr_line' id='line_1_50' title="bbox 411 2752 1628 2807; baseline 0.001 -5"><span class='ocrx_word' id='word_1_382' title='bbox 411 2754 655 2806; x_wconf 84' lang='lat' dir='ltr'><strong>rentibus</strong></span> <span class='ocrx_word' id='word_1_383' title='bbox 682 2752 933 2807; x_wconf 78' lang='lat' dir='ltr'><strong>membris</strong></span> <span class='ocrx_word' id='word_1_384' title='bbox 961 2754 1151 2806; x_wconf 87' lang='lat' dir='ltr'><strong>mirum</strong></span> <span class='ocrx_word' id='word_1_385' title='bbox 1178 2754 1320 2805; x_wconf 89' lang='lat' dir='ltr'><strong>dictu</strong></span> <span class='ocrx_word' id='word_1_386' title='bbox 1363 2753 1534 2806; x_wconf 79' lang='lat' dir='ltr'><strong>erexit</strong></span> <span class='ocrx_word' id='word_1_387' title='bbox 1579 2752 1628 2803; x_wconf 88' lang='lat'><strong>5.</strong></span> 
     </span>
    </p>
   </div>
   <div class='ocr_carea' id='block_1_50' title="bbox 411 2822 1414 2876">
    <p class='ocr_par' dir='ltr' id='par_1_50' title="bbox 411 2822 1414 2876">
     <span class='ocr_line' id='line_1_51' title="bbox 411 2822 1414 2876; baseline -0.001 -2"><span class='ocrx_word' id='word_1_388' title='bbox 411 2822 478 2851; x_wconf 77' lang='grc'><strong>⁸⁸⁷</strong></span> <span class='ocrx_word' id='word_1_389' title='bbox 505 2823 537 2874; x_wconf 92' lang='lat' dir='ltr'><strong>i.</strong></span> <span class='ocrx_word' id='word_1_390' title='bbox 564 2823 616 2875; x_wconf 91' lang='lat' dir='ltr'><strong>d.</strong></span> <span class='ocrx_word' id='word_1_391' title='bbox 652 2824 703 2876; x_wconf 90' lang='lat' dir='ltr'><strong>d.</strong></span> <span class='ocrx_word' id='word_1_392' title='bbox 738 2824 920 2875; x_wconf 74' lang='lat' dir='ltr'><strong>desunt</strong></span> <span class='ocrx_word' id='word_1_393' title='bbox 978 2823 1025 2874; x_wconf 86' lang='grc'><strong>1.</strong></span> <span class='ocrx_word' id='word_1_394' title='bbox 1102 2822 1170 2853; x_wconf 66' lang='grc'><strong>⁸³⁸</strong></span> <span class='ocrx_word' id='word_1_395' title='bbox 1198 2825 1335 2874; x_wconf 80' lang='lat' dir='ltr'><strong>deest</strong></span> <span class='ocrx_word' id='word_1_396' title='bbox 1364 2823 1414 2874; x_wconf 89' lang='lat'><strong>5.</strong></span> 
     </span>
    </p>
   </div>
   <div class='ocr_carea' id='block_1_51' title="bbox 1724 2752 1887 2805">
    <p class='ocr_par' dir='ltr' id='par_1_51' title="bbox 1724 2752 1887 2805">
     <span class='ocr_line' id='line_1_52' title="bbox 1724 2752 1887 2805; baseline -0.018 0"><span class='ocrx_word' id='word_1_397' title='bbox 1724 2752 1887 2805; x_wconf 76' lang='lat' dir='ltr'><strong>Ducit.</strong></span> 
     </span>
    </p>
   </div>
   <div class='ocr_carea' id='block_1_52' title="bbox 1988 2750 2536 2805">
    <p class='ocr_par' dir='ltr' id='par_1_52' title="bbox 1988 2750 2536 2805">
     <span class='ocr_line' id='line_1_53' title="bbox 1988 2750 2536 2805; baseline 0.004 -2"><span class='ocrx_word' id='word_1_398' title='bbox 1988 2751 2057 2781; x_wconf 73' lang='lat'><strong>&#39;“</strong></span> <span class='ocrx_word' id='word_1_399' title='bbox 2106 2750 2251 2804; x_wconf 90' lang='lat' dir='ltr'><strong>lruiti</strong></span> <span class='ocrx_word' id='word_1_400' title='bbox 2288 2754 2339 2805; x_wconf 93' lang='lat'><strong>5.</strong></span> <span class='ocrx_word' id='word_1_401' title='bbox 2372 2754 2536 2805; x_wconf 80' lang='lat' dir='ltr'><strong>Dnclt.</strong></span> 
     </span>
    </p>
   </div>
   <div class='ocr_carea' id='block_1_53' title="bbox 3166 2596 3643 2666">
    <p class='ocr_par' dir='ltr' id='par_1_53' title="bbox 3166 2596 3643 2666">
     <span class='ocr_line' id='line_1_54' title="bbox 3166 2596 3643 2666; baseline -0.004 0"><span class='ocrx_word' id='word_1_402' title='bbox 3166 2614 3235 2646; x_wconf 82' lang='grc'><strong>⁸³⁸</strong></span> <span class='ocrx_word' id='word_1_403' title='bbox 3272 2629 3324 2666; x_wconf 92' lang='lat' dir='ltr'><strong>n.</strong></span> <span class='ocrx_word' id='word_1_404' title='bbox 3357 2612 3447 2665; x_wconf 85' lang='lat' dir='ltr'><strong>sed</strong></span> <span class='ocrx_word' id='word_1_405' title='bbox 3477 2621 3529 2665; x_wconf 92' lang='lat' dir='ltr'><strong>et</strong></span> <span class='ocrx_word' id='word_1_406' title='bbox 3558 2596 3643 2665; x_wconf 81' lang='lat' dir='ltr'><strong>bic</strong></span> 
     </span>
    </p>
   </div>
   <div class='ocr_carea' id='block_1_54' title="bbox 2592 2681 3647 2737">
    <p class='ocr_par' dir='ltr' id='par_1_54' title="bbox 2592 2681 3647 2737">
     <span class='ocr_line' id='line_1_55' title="bbox 2592 2681 3647 2737; baseline -0.004 0"><span class='ocrx_word' id='word_1_407' title='bbox 2592 2684 2659 2714; x_wconf 74' lang='lat'><strong>“&#39;</strong></span> <span class='ocrx_word' id='word_1_408' title='bbox 2698 2683 2977 2737; x_wconf 89' lang='lat' dir='ltr'><strong>ecclesiula</strong></span> <span class='ocrx_word' id='word_1_409' title='bbox 3014 2682 3046 2736; x_wconf 97' lang='lat'><strong>5</strong></span> <span class='ocrx_word' id='word_1_410' title='bbox 3076 2682 3241 2735; x_wconf 85' lang='lat' dir='ltr'><strong>Dach.</strong></span> <span class='ocrx_word' id='word_1_411' title='bbox 3321 2681 3388 2712; x_wconf 69' lang='lat' dir='ltr'><strong>m</strong></span> <span class='ocrx_word' id='word_1_412' title='bbox 3424 2682 3647 2733; x_wconf 87' lang='lat' dir='ltr'><strong>revivis-</strong></span> 
     </span>
    </p>
   </div>
   <div class='ocr_carea' id='block_1_55' title="bbox 2632 2750 3641 2817">
    <p class='ocr_par' dir='ltr' id='par_1_55' title="bbox 2632 2750 3641 2817">
     <span class='ocr_line' id='line_1_56' title="bbox 2632 2750 3641 2817; baseline -0.008 -11"><span class='ocrx_word' id='word_1_413' title='bbox 2632 2754 2699 2783; x_wconf 68' lang='lat' dir='ltr'>N</span> <span class='ocrx_word' id='word_1_414' title='bbox 2734 2752 3010 2807; x_wconf 78' lang='lat' dir='ltr'><strong>reselicrat</strong></span> <span class='ocrx_word' id='word_1_415' title='bbox 3051 2752 3093 2803; x_wconf 92' lang='lat' dir='ltr'><strong>l.</strong></span> <span class='ocrx_word' id='word_1_416' title='bbox 3190 2750 3257 2781; x_wconf 73' lang='lat'><strong>’“</strong></span> <span class='ocrx_word' id='word_1_417' title='bbox 3286 2751 3408 2817; x_wconf 89' lang='lat' dir='ltr'><strong>quia</strong></span> <span class='ocrx_word' id='word_1_418' title='bbox 3441 2751 3563 2803; x_wconf 87' lang='lat' dir='ltr'><strong>dttm</strong></span> <span class='ocrx_word' id='word_1_419' title='bbox 3590 2751 3641 2802; x_wconf 76' lang='lat'><strong>5.</strong></span> 
     </span>
    </p>
   </div>
   <div class='ocr_carea' id='block_1_56' title="bbox 1926 2928 2153 2983">
    <p class='ocr_par' dir='ltr' id='par_1_56' title="bbox 1926 2928 2153 2983">
     <span class='ocr_line' id='line_1_57' title="bbox 1926 2928 2153 2983; baseline 0.009 -2"><span class='ocrx_word' id='word_1_420' title='bbox 1926 2928 2153 2983; x_wconf 78' lang='grc' dir='ltr'><strong>ΝΟΤΑΞ.</strong></span> 
     </span>
    </p>
   </div>
   <div class='ocr_carea' id='block_1_57' title="bbox 482 3024 1015 3091">
    <p class='ocr_par' dir='ltr' id='par_1_57' title="bbox 482 3024 1015 3091">
     <span class='ocr_line' id='line_1_58' title="bbox 482 3024 1015 3091; baseline -0.002 -15"><span class='ocrx_word' id='word_1_421' title='bbox 482 3024 623 3091; x_wconf 69' lang='grc'><strong>(132)</strong></span> <span class='ocrx_word' id='word_1_422' title='bbox 654 3025 731 3077; x_wconf 85' lang='lat' dir='ltr'><strong>St.</strong></span> <span class='ocrx_word' id='word_1_423' title='bbox 766 3024 1015 3089; x_wconf 86' lang='lat' dir='ltr'><strong>Quentin.</strong></span> 
     </span>
    </p>
   </div>
   <div class='ocr_carea' id='block_1_58' title="bbox 424 3181 3646 3232">
    <p class='ocr_par' dir='ltr' id='par_1_58' title="bbox 424 3181 3646 3232">
     <span class='ocr_line' id='line_1_59' title="bbox 424 3181 3646 3232; baseline -0.008 4"><span class='ocrx_word' id='word_1_424' title='bbox 424 3191 3300 3232; x_wconf 45' lang='lat' dir='ltr'><strong>m—M‘MW</strong></span> <span class='ocrx_word' id='word_1_425' title='bbox 3354 3210 3368 3217; x_wconf 83' lang='grc'><em>,</em></span> 
     </span>
    </p>
   </div>
   <div class='ocr_carea' id='block_1_59' title="bbox 899 3221 1043 3233">
    <p class='ocr_par' dir='ltr' id='par_1_59' title="bbox 899 3221 1043 3233">
     <span class='ocr_line' id='line_1_60' title="bbox 899 3221 1043 3233; baseline -0.021 0"><span class='ocrx_word' id='word_1_426' title='bbox 899 3221 1043 3233; x_wconf 60' lang='grc'><strong>,-</strong></span> 
     </span>
    </p>
   </div>
   <div class='ocr_carea' id='block_1_60' title="bbox 1628 3376 2431 3420">
    <p class='ocr_par' dir='ltr' id='par_1_60' title="bbox 1628 3376 2431 3420">
     <span class='ocr_line' id='line_1_61' title="bbox 1628 3376 2431 3420; baseline -0.002 -1"><span class='ocrx_word' id='word_1_427' title='bbox 1628 3380 1790 3420; x_wconf 58' lang='grc' dir='ltr'><strong>ΑΝΝΟ</strong></span> <span class='ocrx_word' id='word_1_428' title='bbox 1838 3378 2059 3419; x_wconf 72' lang='lat' dir='ltr'><strong>DOMINI</strong></span> <span class='ocrx_word' id='word_1_429' title='bbox 2108 3376 2431 3418; x_wconf 73' lang='lat' dir='ltr'><strong>DCCCCXCI.</strong></span> 
     </span>
    </p>
   </div>
   <div class='ocr_carea' id='block_1_61' title="bbox 1212 3550 2848 3696">
    <p class='ocr_par' dir='ltr' id='par_1_61' title="bbox 1212 3550 2848 3696">
     <span class='ocr_line' id='line_1_62' title="bbox 1212 3550 2848 3696; baseline -0.006 0"><span class='ocrx_word' id='word_1_430' title='bbox 1212 3560 1486 3696; x_wconf 84' lang='lat' dir='ltr'><strong>EB</strong></span> <span class='ocrx_word' id='word_1_431' title='bbox 1523 3550 2848 3694; x_wconf 78' lang='lat' dir='ltr'><strong>KEMBALDUS</strong></span> 
     </span>
    </p>
   </div>
   <div class='ocr_carea' id='block_1_62' title="bbox 1541 3810 2521 3869">
    <p class='ocr_par' dir='ltr' id='par_1_62' title="bbox 1541 3810 2521 3869">
     <span class='ocr_line' id='line_1_63' title="bbox 1541 3810 2521 3869; baseline -0.005 0"><span class='ocrx_word' id='word_1_432' title='bbox 1541 3812 2085 3869; x_wconf 69' lang='lat' dir='ltr'><strong>ARGENTINENSIS</strong></span> <span class='ocrx_word' id='word_1_433' title='bbox 2125 3810 2521 3867; x_wconf 77' lang='lat' dir='ltr'><strong>EPISCOPUS.</strong></span> 
     </span>
    </p>
   </div>
   <div class='ocr_carea' id='block_1_63' title="bbox 975 4154 2182 4234">
    <p class='ocr_par' dir='ltr' id='par_1_63' title="bbox 975 4154 2182 4234">
     <span class='ocr_line' id='line_1_64' title="bbox 975 4154 2182 4234; baseline -0.002 0"><span class='ocrx_word' id='word_1_434' title='bbox 975 4158 1406 4234; x_wconf 87' lang='lat' dir='ltr'><strong>NOTITIA</strong></span> <span class='ocrx_word' id='word_1_435' title='bbox 1470 4155 2015 4233; x_wconf 79' lang='lat' dir='ltr'><strong>HISTOBICA</strong></span> <span class='ocrx_word' id='word_1_436' title='bbox 2076 4154 2182 4231; x_wconf 84' lang='lat' dir='ltr'><strong>IN</strong></span> 
     </span>
    </p>
   </div>
   <div class='ocr_carea' id='block_1_64' title="bbox 2264 4152 3061 4229">
    <p class='ocr_par' dir='ltr' id='par_1_64' title="bbox 2264 4152 3061 4229">
     <span class='ocr_line' id='line_1_65' title="bbox 2264 4152 3061 4229; baseline -0.006 0"><span class='ocrx_word' id='word_1_437' title='bbox 2264 4152 3061 4229; x_wconf 76' lang='lat' dir='ltr'><strong>ERKEMBALDUM.</strong></span> 
     </span>
    </p>
   </div>
   <div class='ocr_carea' id='block_1_65' title="bbox 1823 4344 2223 4416">
    <p class='ocr_par' dir='ltr' id='par_1_65' title="bbox 1823 4344 2223 4416">
     <span class='ocr_line' id='line_1_66' title="bbox 1823 4344 2223 4416; baseline -0.01 -17"><span class='ocrx_word' id='word_1_438' title='bbox 1823 4346 1975 4416; x_wconf 79' lang='lat' dir='ltr'><strong>(Call.</strong></span> <span class='ocrx_word' id='word_1_439' title='bbox 2008 4344 2223 4415; x_wconf 60' lang='lat' dir='ltr'><strong>omni.)</strong></span> 
     </span>
    </p>
   </div>
   <div class='ocr_carea' id='block_1_66' title="bbox 481 4627 3653 4706">
    <p class='ocr_par' dir='ltr' id='par_1_66' title="bbox 481 4627 3653 4706">
     <span class='ocr_line' id='line_1_67' title="bbox 481 4627 3653 4706; baseline -0.004 -11"><span class='ocrx_word' id='word_1_440' title='bbox 481 4630 1979 4706; x_wconf 61' lang='lat' dir='ltr'><strong>Erl&#39;embaldnsapuerolitterishumanioribnsapprime</strong></span> <span class='ocrx_word' id='word_1_441' title='bbox 2007 4635 2049 4694; x_wconf 88' lang='lat' dir='ltr'>C</span> <span class='ocrx_word' id='word_1_442' title='bbox 2083 4645 2188 4706; x_wconf 78' lang='lat' dir='ltr'><strong>quo</strong></span> <span class='ocrx_word' id='word_1_443' title='bbox 2219 4630 2299 4706; x_wconf 79' lang='lat' dir='ltr'><strong>sui</strong></span> <span class='ocrx_word' id='word_1_444' title='bbox 2333 4629 2782 4706; x_wconf 55' lang='lat' dir='ltr'><strong>regiminisanno</strong></span> <span class='ocrx_word' id='word_1_445' title='bbox 2810 4628 2875 4706; x_wconf 84' lang='lat' dir='ltr'><strong>_l_7</strong></span> <span class='ocrx_word' id='word_1_446' title='bbox 2920 4627 3127 4697; x_wconf 89' lang='lat' dir='ltr'><strong>insigne</strong></span> <span class='ocrx_word' id='word_1_447' title='bbox 3157 4628 3490 4706; x_wconf 82' lang='lat' dir='ltr'><strong>pri_vi_legi_um</strong></span> <span class='ocrx_word' id='word_1_448' title='bbox 3518 4630 3653 4706; x_wconf 74' lang='lat' dir='ltr'><strong>obti-</strong></span> 
     </span>
    </p>
   </div>
   <div class='ocr_carea' id='block_1_67' title="bbox 408 4701 1980 4774">
    <p class='ocr_par' dir='ltr' id='par_1_67' title="bbox 408 4701 1980 4774">
     <span class='ocr_line' id='line_1_68' title="bbox 408 4701 1980 4774; baseline -0.006 -12"><span class='ocrx_word' id='word_1_449' title='bbox 408 4712 656 4764; x_wconf 76' lang='lat' dir='ltr'><strong>excultus</strong></span> <span class='ocrx_word' id='word_1_450' title='bbox 684 4701 942 4762; x_wconf 80' lang='lat' dir='ltr'><strong>libroruin</strong></span> <span class='ocrx_word' id='word_1_451' title='bbox 976 4721 1192 4774; x_wconf 85' lang='lat' dir='ltr'><strong>semper</strong></span> <span class='ocrx_word' id='word_1_452' title='bbox 1242 4704 1511 4774; x_wconf 68' lang='lat' dir='ltr'><strong>studiosus</strong></span> <span class='ocrx_word' id='word_1_453' title='bbox 1542 4702 1659 4774; x_wconf 70' lang='lat' dir='ltr'><strong>luit.</strong></span> <span class='ocrx_word' id='word_1_454' title='bbox 1681 4701 1980 4774; x_wconf 57' lang='lat' dir='ltr'><strong>Promotus</strong></span> 
     </span>
    </p>
   </div>
   <div class='ocr_carea' id='block_1_68' title="bbox 408 4771 1977 4849">
    <p class='ocr_par' dir='ltr' id='par_1_68' title="bbox 408 4771 1977 4849">
     <span class='ocr_line' id='line_1_69' title="bbox 408 4771 1977 4849; baseline -0.006 -18"><span class='ocrx_word' id='word_1_455' title='bbox 408 4795 539 4847; x_wconf 83' lang='lat' dir='ltr'><strong>ergo</strong></span> <span class='ocrx_word' id='word_1_456' title='bbox 589 4779 925 4848; x_wconf 80' lang='lat' dir='ltr'><strong>exigentibus</strong></span> <span class='ocrx_word' id='word_1_457' title='bbox 975 4771 1178 4849; x_wconf 78' lang='lat' dir='ltr'><strong>meritis</strong></span> <span class='ocrx_word' id='word_1_458' title='bbox 1226 4789 1314 4827; x_wconf 90' lang='lat' dir='ltr'><strong>an.</strong></span> <span class='ocrx_word' id='word_1_459' title='bbox 1353 4771 1563 4849; x_wconf 85' lang='lat' dir='ltr'><strong>_ad</strong></span> <span class='ocrx_word' id='word_1_460' title='bbox 1612 4771 1977 4849; x_wconf 76' lang='lat' dir='ltr'><strong>cpisc0patum</strong></span> 
     </span>
    </p>
   </div>
   <div class='ocr_carea' id='block_1_69' title="bbox 408 4840 1981 4914">
    <p class='ocr_par' dir='ltr' id='par_1_69' title="bbox 408 4840 1981 4914">
     <span class='ocr_line' id='line_1_70' title="bbox 408 4840 1981 4914; baseline -0.006 -14"><span class='ocrx_word' id='word_1_461' title='bbox 408 4840 883 4914; x_wconf 60' lang='lat' dir='ltr'><strong>ArgentinEnsem,</strong></span> <span class='ocrx_word' id='word_1_462' title='bbox 935 4860 1054 4897; x_wconf 90' lang='lat' dir='ltr'><strong>cum</strong></span> <span class='ocrx_word' id='word_1_463' title='bbox 1102 4845 1233 4913; x_wconf 82' lang='lat' dir='ltr'><strong>jam,</strong></span> <span class='ocrx_word' id='word_1_464' title='bbox 1285 4850 1342 4896; x_wconf 91' lang='lat' dir='ltr'><strong>ut</strong></span> <span class='ocrx_word' id='word_1_465' title='bbox 1387 4841 1637 4914; x_wconf 72' lang='lat' dir='ltr'><strong>diximus,</strong></span> <span class='ocrx_word' id='word_1_466' title='bbox 1683 4840 1981 4914; x_wconf 75' lang='lat' dir='ltr'><strong>decessoris</strong></span> 
     </span>
    </p>
   </div>
   <div class='ocr_carea' id='block_1_70' title="bbox 410 4908 1978 4984">
    <p class='ocr_par' dir='ltr' id='par_1_70' title="bbox 410 4908 1978 4984">
     <span class='ocr_line' id='line_1_71' title="bbox 410 4908 1978 4984; baseline -0.007 -15"><span class='ocrx_word' id='word_1_467' title='bbox 410 4908 556 4971; x_wconf 54' lang='lat' dir='ltr'><strong>ess&#39;et</strong></span> <span class='ocrx_word' id='word_1_468' title='bbox 586 4917 883 4984; x_wconf 88' lang='lat' dir='ltr'><strong>coadjntor,</strong></span> <span class='ocrx_word' id='word_1_469' title='bbox 930 4908 1279 4980; x_wconf 78' lang='lat' dir='ltr'><strong>inauguratur</strong></span> <span class='ocrx_word' id='word_1_470' title='bbox 1307 4928 1343 4984; x_wconf 85' lang='lat' dir='ltr'><strong>_a</strong></span> <span class='ocrx_word' id='word_1_471' title='bbox 1384 4910 1664 4984; x_wconf 68' lang='lat' dir='ltr'><strong>Gltillelmo</strong></span> <span class='ocrx_word' id='word_1_472' title='bbox 1715 4908 1978 4975; x_wconf 85' lang='lat' dir='ltr'><strong>archiepi-</strong></span> 
     </span>
    </p>
   </div>
   <div class='ocr_carea' id='block_1_71' title="bbox 411 4979 1981 5054">
    <p class='ocr_par' dir='ltr' id='par_1_71' title="bbox 411 4979 1981 5054">
     <span class='ocr_line' id='line_1_72' title="bbox 411 4979 1981 5054; baseline -0.008 -15"><span class='ocrx_word' id='word_1_473' title='bbox 411 5001 576 5054; x_wconf 79' lang='lat' dir='ltr'><strong>scopo</strong></span> <span class='ocrx_word' id='word_1_474' title='bbox 618 4979 943 5054; x_wconf 75' lang='lat' dir='ltr'><strong>Moguntina,</strong></span> <span class='ocrx_word' id='word_1_475' title='bbox 965 4980 1412 5054; x_wconf 67' lang='lat' dir='ltr'><strong>indeprmsulum</strong></span> <span class='ocrx_word' id='word_1_476' title='bbox 1446 4980 1508 5033; x_wconf 87' lang='grc'><strong>17</strong></span> <span class='ocrx_word' id='word_1_477' title='bbox 1544 4979 1656 5048; x_wconf 89' lang='lat' dir='ltr'><strong>ipse</strong></span> <span class='ocrx_word' id='word_1_478' title='bbox 1690 4991 1981 5054; x_wconf 44' lang='lat' dir='ltr'><strong>consecrat</strong></span> 
     </span>
    </p>
   </div>
   <div class='ocr_carea' id='block_1_72' title="bbox 412 5045 1980 5168">
    <p class='ocr_par' dir='ltr' id='par_1_72' title="bbox 412 5045 1980 5168">
     <span class='ocr_line' id='line_1_73' title="bbox 412 5045 1980 5168; baseline -0.006 -61"><span class='ocrx_word' id='word_1_479' title='bbox 412 5045 525 5117; x_wconf 63' lang='lat' dir='ltr'><strong>tor,</strong></span> <span class='ocrx_word' id='word_1_480' title='bbox 570 5045 732 5108; x_wconf 41' lang='lat' dir='ltr'><strong>inter“</strong></span> <span class='ocrx_word' id='word_1_481' title='bbox 760 5068 895 5121; x_wconf 90' lang='lat' dir='ltr'><strong>quos</strong></span> <span class='ocrx_word' id='word_1_482' title='bbox 945 5052 1049 5105; x_wconf 90' lang='lat' dir='ltr'><strong>duo</strong></span> <span class='ocrx_word' id='word_1_483' title='bbox 1105 5045 1980 5168; x_wconf 48' lang='lat' dir='ltr'><strong>Moguntinenses&#39;arcltieXiscopi</strong></span> 
     </span>
     <span class='ocr_line' id='line_1_74' title="bbox 412 5114 1974 5168; baseline -0.001 0"><span class='ocrx_word' id='word_1_484' title='bbox 412 5123 574 5168; x_wconf 81' lang='lat' dir='ltr'><strong>Hnlln</strong></span> <span class='ocrx_word' id='word_1_485' title='bbox 622 5133 671 5168; x_wconf 80' lang='lat' dir='ltr'><strong>nt</strong></span> <span class='ocrx_word' id='word_1_486' title='bbox 724 5121 991 5168; x_wconf 80' lang='lat' dir='ltr'><strong>Runertus</strong></span> <span class='ocrx_word' id='word_1_487' title='bbox 1034 5129 1401 5168; x_wconf 79' lang='lat' dir='ltr'><strong>numerantur.</strong></span> <span class='ocrx_word' id='word_1_488' title='bbox 1465 5117 1565 5168; x_wconf 82' lang='lat' dir='ltr'><strong>An.</strong></span> <span class='ocrx_word' id='word_1_489' title='bbox 1622 5115 1725 5168; x_wconf 84' lang='grc'><strong>966</strong></span> <span class='ocrx_word' id='word_1_490' title='bbox 1816 5114 1974 5168; x_wconf 79' lang='lat' dir='ltr'><strong>ltorlli</strong></span> 
     </span>
    </p>
   </div>
   <div class='ocr_carea' id='block_1_73' title="bbox 410 5114 1974 5191">
    <p class='ocr_par' dir='ltr' id='par_1_73' title="bbox 410 5114 1974 5191">
     <span class='ocr_line' id='line_1_75' title="bbox 410 5114 1974 5191; baseline -0.008 -13"><span class='ocrx_word' id='word_1_491' title='bbox 410 5114 574 5178; x_wconf 83' lang='lat' dir='ltr'><strong>Hatto</strong></span> <span class='ocrx_word' id='word_1_492' title='bbox 622 5133 673 5177; x_wconf 89' lang='lat' dir='ltr'><strong>et</strong></span> <span class='ocrx_word' id='word_1_493' title='bbox 724 5114 991 5191; x_wconf 7' lang='lat' dir='ltr'><strong>Rugpcrtus</strong></span> <span class='ocrx_word' id='word_1_494' title='bbox 1034 5114 1401 5191; x_wconf 70' lang='lat' dir='ltr'><strong>numerantur.</strong></span> <span class='ocrx_word' id='word_1_495' title='bbox 1465 5117 1565 5170; x_wconf 83' lang='lat' dir='ltr'><strong>An.</strong></span> <span class='ocrx_word' id='word_1_496' title='bbox 1622 5114 1974 5191; x_wconf 56' lang='lat' dir='ltr'><strong>96§__l\_ltorlii</strong></span> 
     </span>
    </p>
   </div>
   <div class='ocr_carea' id='block_1_74' title="bbox 410 5184 1977 5254">
    <p class='ocr_par' dir='ltr' id='par_1_74' title="bbox 410 5184 1977 5254">
     <span class='ocr_line' id='line_1_76' title="bbox 410 5184 1977 5254; baseline -0.008 -7"><span class='ocrx_word' id='word_1_497' title='bbox 410 5193 747 5248; x_wconf 87' lang='lat' dir='ltr'><strong>consecravit</strong></span> <span class='ocrx_word' id='word_1_498' title='bbox 772 5184 1073 5244; x_wconf 72' lang='lat' dir='ltr'><strong>ecclesiam.</strong></span> <span class='ocrx_word' id='word_1_499' title='bbox 1111 5189 1241 5241; x_wconf 87' lang='lat' dir='ltr'><strong>Eum</strong></span> <span class='ocrx_word' id='word_1_500' title='bbox 1268 5186 1505 5254; x_wconf 57' lang='lat' dir='ltr'><strong>doannes</strong></span> <span class='ocrx_word' id='word_1_501' title='bbox 1533 5201 1666 5254; x_wconf 89' lang='lat' dir='ltr'><strong>papa</strong></span> <span class='ocrx_word' id='word_1_502' title='bbox 1696 5184 1807 5238; x_wconf 78' lang='grc' dir='ltr'>χιιι</span> <span class='ocrx_word' id='word_1_503' title='bbox 1834 5199 1977 5237; x_wconf 87' lang='lat' dir='ltr'><strong>sum-</strong></span> 
     </span>
    </p>
   </div>
   <div class='ocr_carea' id='block_1_75' title="bbox 407 5249 1981 5332">
    <p class='ocr_par' dir='ltr' id='par_1_75' title="bbox 407 5249 1981 5332">
     <span class='ocr_line' id='line_1_77' title="bbox 407 5249 1981 5332; baseline -0.007 -16"><span class='ocrx_word' id='word_1_504' title='bbox 407 5262 514 5316; x_wconf 90' lang='lat' dir='ltr'><strong>mis</strong></span> <span class='ocrx_word' id='word_1_505' title='bbox 550 5261 799 5332; x_wconf 84' lang='lat' dir='ltr'><strong>laudibus</strong></span> <span class='ocrx_word' id='word_1_506' title='bbox 830 5257 990 5332; x_wconf 71' lang='lat' dir='ltr'><strong>effert</strong></span> <span class='ocrx_word' id='word_1_507' title='bbox 1011 5259 1062 5312; x_wconf 94' lang='lat' dir='ltr'><strong>in</strong></span> <span class='ocrx_word' id='word_1_508' title='bbox 1087 5249 1331 5332; x_wconf 76' lang='lat' dir='ltr'><strong>epistol‘a,</strong></span> <span class='ocrx_word' id='word_1_509' title='bbox 1364 5270 1469 5324; x_wconf 89' lang='lat' dir='ltr'><strong>qua</strong></span> <span class='ocrx_word' id='word_1_510' title='bbox 1492 5249 1567 5332; x_wconf 76' lang='lat' dir='ltr'><strong>illi</strong></span> <span class='ocrx_word' id='word_1_511' title='bbox 1602 5249 1743 5332; x_wconf 76' lang='lat' dir='ltr'><strong>sedis</strong></span> <span class='ocrx_word' id='word_1_512' title='bbox 1768 5262 1981 5332; x_wconf 76' lang='lat' dir='ltr'><strong>aposto-</strong></span> 
     </span>
    </p>
   </div>
   <div class='ocr_carea' id='block_1_76' title="bbox 405 5324 1974 5394">
    <p class='ocr_par' dir='ltr' id='par_1_76' title="bbox 405 5324 1974 5394">
     <span class='ocr_line' id='line_1_78' title="bbox 405 5324 1974 5394; baseline -0.009 -7"><span class='ocrx_word' id='word_1_513' title='bbox 405 5332 527 5387; x_wconf 64' lang='lat' dir='ltr'><strong>lica:</strong></span> <span class='ocrx_word' id='word_1_514' title='bbox 556 5329 945 5394; x_wconf 87' lang='lat' dir='ltr'><strong>prolectionem</strong></span> <span class='ocrx_word' id='word_1_515' title='bbox 979 5329 1029 5381; x_wconf 95' lang='lat' dir='ltr'><strong>in</strong></span> <span class='ocrx_word' id='word_1_516' title='bbox 1062 5324 1310 5394; x_wconf 84' lang='lat' dir='ltr'><strong>omnibus</strong></span> <span class='ocrx_word' id='word_1_517' title='bbox 1339 5324 1582 5394; x_wconf 76' lang='lat' dir='ltr'><strong>spondet.</strong></span> <span class='ocrx_word' id='word_1_518' title='bbox 1640 5324 1824 5394; x_wconf 84' lang='lat' dir='ltr'><strong>Neque</strong></span> <span class='ocrx_word' id='word_1_519' title='bbox 1874 5324 1974 5377; x_wconf 81' lang='lat' dir='ltr'><strong>mi-</strong></span> 
     </span>
    </p>
   </div>
   <div class='ocr_carea' id='block_1_77' title="bbox 406 5392 1979 5450">
    <p class='ocr_par' dir='ltr' id='par_1_77' title="bbox 406 5392 1979 5450">
     <span class='ocr_line' id='line_1_79' title="bbox 406 5392 1979 5450; baseline -0.006 0"><span class='ocrx_word' id='word_1_520' title='bbox 406 5402 528 5450; x_wconf 68' lang='grc' dir='ltr'><strong>ποι-ἰ</strong></span> <span class='ocrx_word' id='word_1_521' title='bbox 554 5392 657 5450; x_wconf 78' lang='lat' dir='ltr'><strong>l&#39;uit</strong></span> <span class='ocrx_word' id='word_1_522' title='bbox 685 5399 735 5450; x_wconf 95' lang='lat' dir='ltr'><strong>in</strong></span> <span class='ocrx_word' id='word_1_523' title='bbox 764 5398 934 5450; x_wconf 84' lang='lat' dir='ltr'><strong>nretio</strong></span> <span class='ocrx_word' id='word_1_524' title='bbox 965 5398 1101 5450; x_wconf 85' lang='lat' dir='ltr'><strong>aond</strong></span> <span class='ocrx_word' id='word_1_525' title='bbox 1149 5392 1399 5449; x_wconf 88' lang='lat' dir='ltr'><strong>Ottonem</strong></span> <span class='ocrx_word' id='word_1_526' title='bbox 1426 5392 1468 5449; x_wconf 90' lang='lat' dir='ltr'><strong>ll</strong></span> <span class='ocrx_word' id='word_1_527' title='bbox 1515 5392 1919 5450; x_wconf 78' lang='lat' dir='ltr'><strong>imperatorem.</strong></span> <span class='ocrx_word' id='word_1_528' title='bbox 1952 5405 1979 5441; x_wconf 91' lang='lat' dir='ltr'><strong>a</strong></span> 
     </span>
    </p>
   </div>
   <div class='ocr_carea' id='block_1_78' title="bbox 2084 4695 3651 4759">
    <p class='ocr_par' dir='ltr' id='par_1_78' title="bbox 2084 4695 3651 4759">
     <span class='ocr_line' id='line_1_80' title="bbox 2084 4695 3651 4759; baseline -0.001 -6"><span class='ocrx_word' id='word_1_529' title='bbox 2084 4695 2195 4753; x_wconf 82' lang='lat' dir='ltr'><strong>tiuit</strong></span> <span class='ocrx_word' id='word_1_530' title='bbox 2224 4695 2571 4752; x_wconf 68' lang='lat' dir='ltr'><strong>datunianno</strong></span> <span class='ocrx_word' id='word_1_531' title='bbox 2586 4696 2711 4759; x_wconf 70' lang='lat'><strong>982,</strong></span> <span class='ocrx_word' id='word_1_532' title='bbox 2734 4697 2920 4751; x_wconf 84' lang='lat' dir='ltr'><strong>indict.</strong></span> <span class='ocrx_word' id='word_1_533' title='bbox 2951 4714 3005 4759; x_wconf 73' lang='grc' dir='ltr'><strong>χ,</strong></span> <span class='ocrx_word' id='word_1_534' title='bbox 3030 4695 3223 4752; x_wconf 77' lang='lat' dir='ltr'><strong>octavo</strong></span> <span class='ocrx_word' id='word_1_535' title='bbox 3242 4695 3651 4759; x_wconf 76' lang='lat' dir='ltr'><strong>lditsJanuarii.</strong></span> 
     </span>
    </p>
   </div>
   <div class='ocr_carea' id='block_1_79' title="bbox 2083 4766 3654 4836">
    <p class='ocr_par' dir='ltr' id='par_1_79' title="bbox 2083 4766 3654 4836">
     <span class='ocr_line' id='line_1_81' title="bbox 2083 4766 3654 4836; baseline -0.001 -14"><span class='ocrx_word' id='word_1_536' title='bbox 2083 4784 2222 4823; x_wconf 91' lang='lat' dir='ltr'><strong>anno</strong></span> <span class='ocrx_word' id='word_1_537' title='bbox 2240 4768 2447 4835; x_wconf 88' lang='lat' dir='ltr'><strong>imperii</strong></span> <span class='ocrx_word' id='word_1_538' title='bbox 2463 4767 2578 4831; x_wconf 83' lang='lat' dir='ltr'><strong>ejus</strong></span> <span class='ocrx_word' id='word_1_539' title='bbox 2594 4767 2799 4820; x_wconf 91' lang='lat' dir='ltr'><strong>decimo</strong></span> <span class='ocrx_word' id='word_1_540' title='bbox 2823 4768 3029 4836; x_wconf 85' lang='lat' dir='ltr'><strong>quinto,</strong></span> <span class='ocrx_word' id='word_1_541' title='bbox 3048 4768 3196 4836; x_wconf 83' lang='lat' dir='ltr'><strong>regni</strong></span> <span class='ocrx_word' id='word_1_542' title='bbox 3224 4776 3401 4821; x_wconf 90' lang='lat' dir='ltr'><strong>autem</strong></span> <span class='ocrx_word' id='word_1_543' title='bbox 3416 4766 3504 4820; x_wconf 77' lang='grc'><strong>25.</strong></span> <span class='ocrx_word' id='word_1_544' title='bbox 3521 4768 3654 4821; x_wconf 90' lang='lat' dir='ltr'><strong>lllnd</strong></span> 
     </span>
    </p>
   </div>
   <div class='ocr_carea' id='block_1_80' title="bbox 2084 4836 3654 4902">
    <p class='ocr_par' dir='ltr' id='par_1_80' title="bbox 2084 4836 3654 4902">
     <span class='ocr_line' id='line_1_82' title="bbox 2084 4836 3654 4902; baseline -0.003 -10"><span class='ocrx_word' id='word_1_545' title='bbox 2084 4839 2278 4892; x_wconf 85' lang='lat' dir='ltr'><strong>recitat</strong></span> <span class='ocrx_word' id='word_1_546' title='bbox 2308 4838 2370 4890; x_wconf 71' lang='lat' dir='ltr'><strong>ll.</strong></span> <span class='ocrx_word' id='word_1_547' title='bbox 2398 4836 2455 4889; x_wconf 83' lang='lat' dir='ltr'><strong>P.</strong></span> <span class='ocrx_word' id='word_1_548' title='bbox 2483 4836 2723 4902; x_wconf 71' lang='lat' dir='ltr'><strong>Lagnillc</strong></span> <span class='ocrx_word' id='word_1_549' title='bbox 2760 4836 2812 4888; x_wconf 88' lang='lat' dir='ltr'><strong>in</strong></span> <span class='ocrx_word' id='word_1_550' title='bbox 2848 4836 3257 4891; x_wconf 83' lang='lat' dir='ltr'><strong>Probatiouibus</strong></span> <span class='ocrx_word' id='word_1_551' title='bbox 3283 4837 3524 4891; x_wconf 72' lang='lat' dir='ltr'><strong>ltistorizn</strong></span> <span class='ocrx_word' id='word_1_552' title='bbox 3561 4839 3654 4889; x_wconf 84' lang='lat' dir='ltr'><strong>Al-</strong></span> 
     </span>
    </p>
   </div>
   <div class='ocr_carea' id='block_1_81' title="bbox 2084 4904 3653 4976">
    <p class='ocr_par' dir='ltr' id='par_1_81' title="bbox 2084 4904 3653 4976">
     <span class='ocr_line' id='line_1_83' title="bbox 2084 4904 3653 4976; baseline -0.003 -13"><span class='ocrx_word' id='word_1_553' title='bbox 2084 4909 2235 4963; x_wconf 65' lang='lat' dir='ltr'><strong>satiae</strong></span> <span class='ocrx_word' id='word_1_554' title='bbox 2268 4922 2385 4976; x_wconf 83' lang='lat' dir='ltr'><strong>pag.</strong></span> <span class='ocrx_word' id='word_1_555' title='bbox 2425 4905 2513 4959; x_wconf 70' lang='lat'><strong>25.</strong></span> <span class='ocrx_word' id='word_1_556' title='bbox 2553 4904 2743 4976; x_wconf 10' lang='lat' dir='ltr'><strong>iV&#39;itam</strong></span> <span class='ocrx_word' id='word_1_557' title='bbox 2773 4906 2965 4976; x_wconf 86' lang='lat' dir='ltr'><strong>clausit</strong></span> <span class='ocrx_word' id='word_1_558' title='bbox 2991 4904 3377 4976; x_wconf 55' lang='lat' dir='ltr'><strong>Et&#39;kembaldus</strong></span> <span class='ocrx_word' id='word_1_559' title='bbox 3407 4921 3493 4957; x_wconf 92' lang='lat' dir='ltr'><strong>an.</strong></span> <span class='ocrx_word' id='word_1_560' title='bbox 3528 4906 3653 4976; x_wconf 77' lang='lat'><strong>991.</strong></span> 
     </span>
    </p>
   </div>
   <div class='ocr_carea' id='block_1_82' title="bbox 2084 4975 3658 5097">
    <p class='ocr_par' dir='ltr' id='par_1_82' title="bbox 2084 4975 3658 5097">
     <span class='ocr_line' id='line_1_84' title="bbox 2084 4975 3658 5097; baseline 0.001 -72"><span class='ocrx_word' id='word_1_561' title='bbox 2084 4994 2137 5030; x_wconf 80' lang='lat' dir='ltr'><strong>vi</strong></span> <span class='ocrx_word' id='word_1_562' title='bbox 2177 4975 2297 5031; x_wconf 86' lang='lat' dir='ltr'><strong>ldus</strong></span> <span class='ocrx_word' id='word_1_563' title='bbox 2344 4975 2594 5030; x_wconf 86' lang='lat' dir='ltr'><strong>Octobris</strong></span> <span class='ocrx_word' id='word_1_564' title='bbox 2647 4990 2715 5027; x_wconf 75' lang='lat' dir='ltr'><strong>ex</strong></span> <span class='ocrx_word' id='word_1_565' title='bbox 2764 4975 3174 5044; x_wconf 70' lang='lat' dir='ltr'><strong>cln-onographo</strong></span> <span class='ocrx_word' id='word_1_566' title='bbox 3222 4976 3452 5029; x_wconf 74' lang='lat' dir='ltr'><strong>Saxona:</strong></span> <span class='ocrx_word' id='word_1_567' title='bbox 3516 4975 3658 5097; x_wconf 56' lang='lat' dir='ltr'><strong>agud</strong></span> 
     </span>
     <span class='ocr_line' id='line_1_85' title="bbox 2087 5041 3658 5097; baseline 0 0"><span class='ocrx_word' id='word_1_568' title='bbox 2087 5047 2409 5097; x_wconf 81' lang='lat' dir='ltr'><strong>Ekcardum.</strong></span> <span class='ocrx_word' id='word_1_569' title='bbox 2432 5059 2550 5097; x_wconf 69' lang='lat' dir='ltr'><strong>nan.</strong></span> <span class='ocrx_word' id='word_1_570' title='bbox 2582 5044 2687 5097; x_wconf 82' lang='lat'><strong>565</strong></span> <span class='ocrx_word' id='word_1_571' title='bbox 2713 5054 2766 5096; x_wconf 88' lang='lat' dir='ltr'><strong>et</strong></span> <span class='ocrx_word' id='word_1_572' title='bbox 2792 5059 2859 5097; x_wconf 79' lang='lat' dir='ltr'><strong>ex</strong></span> <span class='ocrx_word' id='word_1_573' title='bbox 2889 5044 3097 5097; x_wconf 74' lang='lat' dir='ltr'><strong>Necrol.</strong></span> <span class='ocrx_word' id='word_1_574' title='bbox 3131 5043 3402 5097; x_wconf 81' lang='lat' dir='ltr'><strong>Fuldensi.</strong></span> <span class='ocrx_word' id='word_1_575' title='bbox 3439 5041 3515 5095; x_wconf 89' lang='lat' dir='ltr'><strong>ait</strong></span> <span class='ocrx_word' id='word_1_576' title='bbox 3595 5058 3658 5097; x_wconf 83' lang='lat' dir='ltr'><strong>tt-</strong></span> 
     </span>
    </p>
   </div>
   <div class='ocr_carea' id='block_1_83' title="bbox 2087 5041 3627 5114">
    <p class='ocr_par' dir='ltr' id='par_1_83' title="bbox 2087 5041 3627 5114">
     <span class='ocr_line' id='line_1_86' title="bbox 2087 5041 3627 5114; baseline -0.003 -13"><span class='ocrx_word' id='word_1_577' title='bbox 2087 5047 2409 5108; x_wconf 77' lang='lat' dir='ltr'><strong>Ekcardnm,</strong></span> <span class='ocrx_word' id='word_1_578' title='bbox 2432 5059 2550 5114; x_wconf 88' lang='lat' dir='ltr'><strong>pag.</strong></span> <span class='ocrx_word' id='word_1_579' title='bbox 2582 5044 2687 5098; x_wconf 81' lang='lat'><strong>565</strong></span> <span class='ocrx_word' id='word_1_580' title='bbox 2713 5054 2773 5114; x_wconf 78' lang='lat' dir='ltr'><strong>et</strong></span> <span class='ocrx_word' id='word_1_581' title='bbox 2792 5059 2859 5098; x_wconf 76' lang='lat' dir='ltr'><strong>ex</strong></span> <span class='ocrx_word' id='word_1_582' title='bbox 2889 5041 3106 5114; x_wconf 48' lang='grc' dir='ltr'><strong>Νρίῖτοιἒ</strong></span> <span class='ocrx_word' id='word_1_583' title='bbox 3131 5043 3402 5114; x_wconf 79' lang='lat' dir='ltr'><strong>Fuldensi,</strong></span> <span class='ocrx_word' id='word_1_584' title='bbox 3439 5041 3515 5095; x_wconf 89' lang='lat' dir='ltr'><strong>ait</strong></span> <span class='ocrx_word' id='word_1_585' title='bbox 3544 5041 3627 5097; x_wconf 82' lang='lat' dir='ltr'><strong>Nu</strong></span> 
     </span>
    </p>
   </div>
   <div class='ocr_carea' id='block_1_84' title="bbox 2085 5112 3665 5185">
    <p class='ocr_par' dir='ltr' id='par_1_84' title="bbox 2085 5112 3665 5185">
     <span class='ocr_line' id='line_1_87' title="bbox 2085 5112 3665 5185; baseline -0.003 -16"><span class='ocrx_word' id='word_1_586' title='bbox 2085 5132 2246 5185; x_wconf 89' lang='lat' dir='ltr'><strong>perus</strong></span> <span class='ocrx_word' id='word_1_587' title='bbox 2270 5124 2457 5169; x_wconf 89' lang='lat' dir='ltr'><strong>auctor</strong></span> <span class='ocrx_word' id='word_1_588' title='bbox 2482 5112 2726 5185; x_wconf 62' lang='lat' dir='ltr'><strong>proxime</strong></span> <span class='ocrx_word' id='word_1_589' title='bbox 2764 5112 3029 5185; x_wconf 79' lang='lat' dir='ltr'><strong>laiulatus.</strong></span> <span class='ocrx_word' id='word_1_590' title='bbox 3081 5112 3439 5185; x_wconf 84' lang='lat' dir='ltr'><strong>Plurimorutn</strong></span> <span class='ocrx_word' id='word_1_591' title='bbox 3464 5126 3533 5165; x_wconf 78' lang='lat' dir='ltr'><strong>ex</strong></span> <span class='ocrx_word' id='word_1_592' title='bbox 3570 5127 3665 5185; x_wconf 43' lang='lat' dir='ltr'><strong>an:</strong></span> 
     </span>
    </p>
   </div>
   <div class='ocr_carea' id='block_1_85' title="bbox 2088 5181 3665 5251">
    <p class='ocr_par' dir='ltr' id='par_1_85' title="bbox 2088 5181 3665 5251">
     <span class='ocr_line' id='line_1_88' title="bbox 2088 5181 3665 5251; baseline -0.006 -12"><span class='ocrx_word' id='word_1_593' title='bbox 2088 5181 2447 5241; x_wconf 77' lang='lat' dir='ltr'><strong>iecessoribus</strong></span> <span class='ocrx_word' id='word_1_594' title='bbox 2475 5184 2638 5236; x_wconf 87' lang='lat' dir='ltr'><strong>vitam</strong></span> <span class='ocrx_word' id='word_1_595' title='bbox 2672 5182 2957 5251; x_wconf 84' lang='lat' dir='ltr'><strong>descripsit</strong></span> <span class='ocrx_word' id='word_1_596' title='bbox 2982 5184 3203 5237; x_wconf 88' lang='lat' dir='ltr'><strong>metrico</strong></span> <span class='ocrx_word' id='word_1_597' title='bbox 3224 5181 3665 5251; x_wconf 33' lang='lat' dir='ltr'><strong>sermoneaqnod</strong></span> 
     </span>
    </p>
   </div>
   <div class='ocr_carea' id='block_1_86' title="bbox 2086 5242 3664 5324">
    <p class='ocr_par' dir='ltr' id='par_1_86' title="bbox 2086 5242 3664 5324">
     <span class='ocr_line' id='line_1_89' title="bbox 2086 5242 3664 5324; baseline -0.006 -14"><span class='ocrx_word' id='word_1_598' title='bbox 2086 5270 2221 5324; x_wconf 87' lang='lat' dir='ltr'><strong>opus</strong></span> <span class='ocrx_word' id='word_1_599' title='bbox 2252 5268 2357 5308; x_wconf 89' lang='lat' dir='ltr'><strong>una</strong></span> <span class='ocrx_word' id='word_1_600' title='bbox 2386 5268 2510 5324; x_wconf 87' lang='lat' dir='ltr'><strong>cum</strong></span> <span class='ocrx_word' id='word_1_601' title='bbox 2534 5252 2684 5307; x_wconf 91' lang='lat' dir='ltr'><strong>libris</strong></span> <span class='ocrx_word' id='word_1_602' title='bbox 2708 5242 3065 5324; x_wconf 67' lang='lat' dir='ltr'><strong>nnde&#39;qnaque</strong></span> <span class='ocrx_word' id='word_1_603' title='bbox 3094 5251 3333 5307; x_wconf 86' lang='lat' dir='ltr'><strong>collectis</strong></span> <span class='ocrx_word' id='word_1_604' title='bbox 3364 5250 3414 5303; x_wconf 91' lang='lat' dir='ltr'><strong>in</strong></span> <span class='ocrx_word' id='word_1_605' title='bbox 3461 5242 3664 5302; x_wconf 82' lang='lat' dir='ltr'><strong>biblio-</strong></span> 
     </span>
    </p>
   </div>
   <div class='ocr_carea' id='block_1_87' title="bbox 2093 5322 3020 5391">
    <p class='ocr_par' dir='ltr' id='par_1_87' title="bbox 2093 5322 3020 5391">
     <span class='ocr_line' id='line_1_90' title="bbox 2093 5322 3020 5391; baseline -0.002 -13"><span class='ocrx_word' id='word_1_606' title='bbox 2093 5322 2303 5379; x_wconf 77' lang='lat' dir='ltr'><strong>thecam</strong></span> <span class='ocrx_word' id='word_1_607' title='bbox 2326 5323 2565 5378; x_wconf 70' lang='lat' dir='ltr'><strong>ecc.esia3</strong></span> <span class='ocrx_word' id='word_1_608' title='bbox 2591 5336 2701 5377; x_wconf 84' lang='lat' dir='ltr'><strong>suae</strong></span> <span class='ocrx_word' id='word_1_609' title='bbox 2730 5322 3020 5391; x_wconf 82' lang='lat' dir='ltr'><strong>congessit.</strong></span> 
     </span>
    </p>
   </div>
  </div>
