4482 5524
868 433 977 490 583

890 615 1515 641 mm

1789 436 2223 493 ERKEMB.\LD|
2260 428 2565 490 EPISCOPI
2603 423 3150 482 ARGENTINENSIS

1522 590 4106 638 _____________________________...

4009 408 4110 464 58$

1742 687 2066 776 SUSPI
2092 687 2388 774 BIUM
2462 676 3227 771 ERKEMBALDI

1230 831 1336 887 Seu
1363 832 1695 903 soliloquium
1727 844 1772 887 et
1798 834 1965 887 oratio
1986 836 2055 885 ad
2078 832 2244 886 Deum
2271 849 2373 902 qua
2402 831 2642 884 utebatur
2668 829 2865 897 quoties
2899 834 3166 879 cantantes
3206 822 3259 874 in
3287 817 3515 873 ecclesiis
3543 814 3759 867 audivit.

941 1006 1185 1070 Domine,
1210 1006 1301 1075 qui
1330 1021 1390 1060 es
1423 1007 1661 1060 omnium
1703 1006 1792 1074 qui
1841 1006 1913 1060 tui
1941 1022 2059 1061 esse
2087 1009 2434 1069 contendunt,
2468 1011 2511 1066 Α
2542 1005 2677 1071 Quid
2709 1005 2859 1059 seis?
2887 1002 3109 1068 Quando
3132 1016 3208 1052 me
3242 1010 3493 1065 agnosco,
3522 993 3832 1064 ingemisco,
3859 998 3950 1042 aut
3973 990 4105 1042 ﬂeo:

869 1109 1027 1165 quem
1067 1094 1242 1147 omnis
1267 1102 1433 1157 amat,
1453 1094 1540 1162 qui
1575 1095 1706 1157 scit;
1735 1103 1788 1147 et
1817 1110 1921 1148 non
1950 1104 2094 1148 amat
2118 1096 2207 1164 qui
2237 1096 2436 1155 nescit;

869 1194 925 1239 et
950 1184 1139 1245 nescit,
1164 1184 1255 1252 qui
1286 1198 1391 1236 non
1434 1193 1596 1237 amat.
1636 1184 1709 1237 Da
1750 1185 1903 1249 mihi,
1944 1194 2002 1238 ut
2037 1185 2271 1237 nesciam
2320 1201 2434 1248 me;

872 1285 924 1329 te
968 1284 1144 1329 autem
1197 1275 1361 1328 sciam
1398 1283 1451 1328 et
1501 1289 1695 1328 amem.
1747 1275 1941 1336 Velim,
1989 1276 2233 1338 Domine,
2276 1275 2436 1337 scire,

869 1363 997 1431 quid
1027 1364 1116 1423 sit,
1149 1362 1414 1415 Lctentur
1440 1362 1572 1424 caeli,
1617 1372 1662 1415 et
1690 1365 1907 1415 exsultet
1935 1373 2092 1425 terra,
2115 1378 2179 1416 ac
2208 1379 2439 1432 sequen-

871 1451 966 1503 tia.
1006 1450 1144 1515 Quid
1172 1450 1337 1510 aliud,
1365 1450 1612 1502 laetentur
1644 1449 1788 1511 caeli,
1822 1450 1941 1502 misi
1966 1450 2231 1503 exsultent
2273 1450 2439 1517 justi?

868 1540 1139 1607 Scriptum
1181 1546 1305 1591 est:
1338 1537 1615 1591 Laetamini
1666 1540 1722 1591 in
1770 1538 2016 1601 Domino,
2066 1552 2112 1592 et
2160 1540 2432 1600 exsultate,

858 1631 1009 1699 justi.
1073 1629 1352 1684 Guudcaut
1400 1626 1550 1693 justi,
1603 1626 1765 1682 ﬂeant
1830 1629 2033 1698 injusti.
2104 1629 2241 1696 Quid
2294 1632 2437 1700 ego?

862 1720 1062 1783 Laetor,
1104 1735 1171 1771 an
1213 1716 1358 1772 ﬂeo?
1396 1717 1510 1770 Non
1555 1718 1729 1781 lzetor,
1782 1719 1905 1786 quia
1962 1734 2065 1772 non
2103 1720 2319 1774 cmlum.
2378 1720 2432 1774 Si

865 1810 1060 1865 caelum
1094 1824 1290 1870 essem,
1318 1808 1627 1877 gauderem.
1679 1809 1811 1863 Cum
1843 1819 2019 1864 autem
2054 1826 2136 1864 me
2161 1811 2431 1880 dojiciam,

863 1898 1173 1960 dilacerem,
1211 1906 1267 1953 et
1295 1897 1346 1950 in
1373 1897 1596 1951 nihilum
1638 1900 1893 1967 redigam,
1943 1900 2201 1963 Quoniam
2231 1902 2434 1969 sagitta:

861 2002 967 2045 tute
994 1991 1174 2059 inﬁxa’
1203 2000 1320 2043 sunt
1343 1991 1487 2049 milii,
1527 2000 1578 2043 tu
1612 1990 1808 2052 elevas,
1839 2001 1893 2045 et
1919 1993 2233 2055 consolaris,
2259 2004 2312 2047 et
2353 1995 2433 2048 di—

860 2080 943 2133 cis
972 2096 984 2131 :
1018 2078 1259 2131 Exsultet
1301 2088 1457 2131 terra.
1491 2077 1709 2133 Gratias
1746 2095 1863 2148 ago.
1909 2080 2053 2143 Scio,
2088 2091 2229 2135 terra
2270 2098 2426 2148 sum;

859 2169 952 2221 sed
986 2176 1037 2220 tu
1063 2177 1214 2235 potes
1246 2168 1421 2222 facere
1444 2168 1645 2221 caelum.
1693 2168 1788 2222 Sat
1814 2170 1966 2230 mihi,
1999 2168 2237 2224 Exsultet
2266 2182 2427 2237 terra,

856 2256 1062 2321 dixisti,
1109 2256 1350 2309 la'tentur
1378 2255 1512 2309 caeli.
1548 2256 1871 2325 Adjunxisti,
1905 2267 1951 2310 et
1997 2258 2215 2311 exsultet
2265 2270 2425 2322 terra,

2539 1096 2754 1164 quando
2783 1106 2831 1148 te
2860 1106 3117 1163 agnosco,
3157 1090 3412 1157 resipisco
3446 1096 3501 1141 et
3540 1085 3765 1153 respiro.
3809 1082 3889 1135 Me
3937 1097 4105 1133 meum

2538 1188 2840 1247 contristat,
2889 1194 3067 1238 movet
3121 1197 3182 1235 ac
3229 1180 3548 1249 perturbat:
3588 1186 3733 1228 tuum
3780 1170 4104 1233 consolazur,

2539 1277 2764 1338 stabilit,
2799 1273 3051 1327 lmtiﬁcat.
3096 1270 3197 1324 Per
3224 1285 3302 1321 me
3336 1266 3499 1327 cado;
3533 1278 3630 1332 per
3657 1272 3706 1315 te
3737 1276 3822 1314 me
3869 1272 4108 1312 resurre-

2538 1374 2749 1419 cturum
2778 1363 2909 1415 scio.
2944 1359 3078 1425 Quia
3110 1373 3193 1410 me
3222 1368 3471 1409 casurum
3506 1351 3640 1411 scio,
3673 1366 3778 1403 non
3810 1347 3962 1400 laetor
3992 1358 4103 1399 cae»

2537 1456 2667 1515 ιιιιη,
2696 1452 2837 1520 quod
2874 1461 2956 1502 est
3008 1447 3425 1505 firmamentum,
3469 1440 3593 1509 quia
3643 1452 3728 1491 me
3776 1442 4107 1489 resurrectu-

2539 1557 2655 1595 rum
2697 1554 2871 1607 spero.
2914 1536 3151 1589 Exsultet
3196 1543 3355 1593 terra,
3398 1544 3516 1598 qua:
3538 1537 3619 1581 est
3666 1524 3916 1587 lutilatio,
3961 1523 4105 1576 dicat

2536 1629 2813 1698 propheta,
2848 1626 2992 1678 dicat
3030 1622 3331 1692 psalmistl,
3362 1628 3415 1672 et
3442 1633 3541 1671 nos
3571 1616 3814 1670 dicamus
3842 1632 3855 1665 :
3894 1611 4099 1665 Lmten-

2536 1731 2621 1772 tur
2647 1718 2783 1781 mali,
2810 1715 3025 1769 exsultet
3051 1725 3211 1766 terra.
3246 1710 3301 1765 Si
3327 1710 3530 1763 arbiter
3556 1708 3677 1760 coeli
3705 1705 3837 1766 vult,
3874 1719 3969 1756 cur
3991 1716 4094 1754 nun

2534 1807 2748 1861 exsultet
2774 1805 2952 1859 terra?
2994 1800 3231 1856 Ersultet
3261 1809 3421 1859 terra,
3453 1796 3593 1865 quod
3628 1794 3727 1847 sibi
3763 1791 3907 1844 vult?
3946 1790 4097 1842 Julii-

2533 1902 2656 1964 late,
2711 1907 2923 1957 montes,
2956 1894 3182 1947 laudem.
3214 1890 3329 1944 Non
3355 1887 3547 1957 jubilo,
3594 1901 3697 1939 non
3729 1884 3905 1937 laudo.
3956 1880 4103 1934 Cur?

2532 1992 2666 2057 Quia
2719 2003 2822 2043 non
2876 2002 2991 2041 sum
3034 2000 3211 2045 mons,
3266 1980 3420 2033 vallis
3473 1994 3622 2041 sum,
3664 1982 3912 2045 peccator
3961 1986 4098 2026 sum.

2532 2081 2677 2134 Dixit
2725 2077 2854 2131 milii
2905 2076 3064 2138 Deus,
3097 2072 3272 2137 Quare
3323 2084 3539 2122 enarras
3582 2066 3817 2134 justitias
3856 2078 3995 2114 meas
4051 2071 4099 2111 et

2531 2168 2752 2223 assumis
2768 2173 3126 2219 testamentum
3158 2176 3326 2213 meum
3355 2174 3445 2224 per
3466 2173 3522 2209 os
3545 2155 3732 2207 tuum?
3758 2155 3825 2206 At
3844 2150 4098 2219 quoniam

2531 2255 2857 2325 prmcipitur,
2890 2252 3054 2305 omnis
3084 2250 3295 2317 spiritus
3333 2246 3508 2297 laudet
3554 2244 3937 2301 Dominum;et
3976 2239 4098 2307 quia

856 2345 1134 2399 ltctilicasti
1168 2345 1352 2410 caelos,
1408 2345 1715 2399 consolatus
1754 2361 1813 2399 es
1862 2355 2081 2399 terram.
2136 2347 2271 2408 Dixi,
2321 2362 2425 2401 non
2462 2333 2502 2389 Β
2532 2346 2785 2399 Dominus
2816 2342 2999 2402 veniet,
3023 2347 3071 2392 et
3095 2351 3378 2406 pauperum
3410 2348 3623 2386 suorum
3661 2331 3984 2383 miserebitur
4012 2325 4103 2393 ju-

854 2436 1024 2491 Imtor.
1064 2436 1323 2491 Peccator
1360 2437 1461 2491 hoc
1504 2438 1637 2499 dixi,
1670 2439 1734 2490 de
1781 2454 1892 2490 meo
1939 2437 2083 2499 dixi;
2113 2436 2202 2489 sed
2236 2437 2303 2489 de
2340 2444 2429 2488 tuo

855 2526 989 2579 dicis
1032 2526 1269 2579 Exsultet
1319 2535 1484 2592 terra,
1539 2535 1592 2579 et
1637 2527 1890 2595 quoniam
1945 2536 2089 2578 tuum
2123 2524 2426 2587 laetiﬁcasti,

855 2628 1025 2666 meztin
1056 2615 1305 2677 mentiar,
1333 2623 1388 2668 et
1407 2614 1690 2668 exsultem.
1721 2613 1994 2668 Exsultem
2025 2622 2200 2667 autem
2227 2624 2275 2666 te
2304 2614 2429 2681 quia

854 2710 1075 2771 propter
1102 2712 1169 2768 te,
1196 2712 1249 2756 et
1289 2704 1339 2756 in
1372 2713 1420 2757 te
1448 2704 1729 2773 gaudeam.
1761 2704 1838 2756 Tu
1872 2704 1987 2772 ipse
2018 2702 2123 2757 scis
2152 2703 2196 2757 si
2236 2718 2429 2755 meum.

858 2831 3953 2861 Μ

2531 2435 2657 2498 bilo,
2689 2432 2932 2493 etlaudo,
2963 2440 3124 2498 atque
3154 2442 3256 2480 non
3280 2424 3569 2479 obliviscor
3595 2420 3746 2487 cujus
3770 2420 3915 2481 illud,
3944 2418 4097 2470 mise-

2532 2526 2690 2579 rentis
2735 2523 2852 2578 Dei.
2901 2522 3147 2583 Fletum,
3194 2526 3475 2587 peccatum
3504 2554 3518 2579 ,
3567 2514 3734 2568 risum
3783 2509 3908 2565 fecit
3967 2509 4095 2561 mihi

2533 2618 2696 2671 Deus.

1710 2948 2477 3038 ERKEMBALDI
2555 2944 3198 3038 POEMATIA.

2252 3180 2255 3181 ν
2292 3205 2651 3275 Epigramma.

1696 3318 1736 3371 Α
1778 3321 1933 3375 nobis
1971 3321 2157 3375 oculus
2187 3318 2333 3387 juste
2372 3320 2508 3373 liber
2545 3319 2646 3372 iste
2684 3323 2906 3369 vocatus

1700 3410 1981 3477 Segnibus,
2024 3427 2087 3464 ac
2125 3410 2291 3481 pigris
2328 3409 2556 3479 plurima
2596 3407 2776 3461 clausa
2818 3404 2983 3458 videt.

2271 3520 2652 3575 Tetrasticlion.

1696 3632 1873 3688 Verax
1898 3634 1983 3688 vir
2015 3634 2188 3703 gaude
2219 3634 2476 3688 virtutum
2513 3641 2740 3687 stemma
2773 3637 2987 3683 tuarum

1699 3724 1776 3777 Tu
1804 3741 2027 3780 securus
2054 3726 2185 3787 eris,
2214 3726 2339 3793 quia
2368 3733 2516 3779 certo
2544 3721 2679 3778 calle
2703 3721 2880 3779 viabis
2910 3740 2922 3773 :

1691 3814 1760 3868 At
1797 3815 1887 3883 qui
1920 3816 2167 3869 mentiris
2196 3816 2303 3870 cito
2334 3822 2454 3884 post
2487 3814 2686 3867 factum
2716 3813 2966 3882 capieris,

1704 3905 1919 3959 Fallens
1952 3904 2127 3959 fallaci
2158 3906 2234 3960 sis
2259 3905 2419 3958 fando
2450 3904 2650 3958 famine
2681 3903 2862 3957 fallax.

1624 4158 2125 4284 LEGES
2216 4120 3278 4285 MUNICIPALES

2377 4364 2536 4417 QUAS

1498 4467 2084 4531 ARGENTINENSI
2130 4466 2489 4525 ClVlTATI
2532 4464 2776 4524 DEDIT
2820 4464 3424 4527 ERKEMBALDUS.

1928 4583 2299 4658 (Grandidier,
2340 4581 2483 4635 Hist.
2515 4582 2578 4635 de
2609 4580 2971 4654 Strasbourg.)

1033 4782 1154 4823 HEC
1197 4777 1359 4825 SUNT
1394 4779 1552 4823 JURA
1597 4780 1676 4821 ΕΤ
1719 4778 1909 4821 LEGES
1950 4778 2255 4821 CIVITATIS
2298 4778 2793 4844 ARGENTINENSIS
2836 4780 2917 4821 DE
2965 4780 3121 4822 PACE
3165 4778 3227 4820 IN
3273 4776 3564 4823 CWITATE
3606 4780 3897 4824 TENENDA

1704 4876 1784 4917 ΕΤ
1826 4877 1907 4917 ΝΕ
1950 4876 2159 4917 PREDA
2206 4877 2320 4918 νει.
2365 4877 2625 4919 FURTUM
2670 4877 3182 4920 INTRODUCATUR.

903 4994 944 5049 ι.
982 4994 1061 5049 Ad
1109 4993 1336 5048 formam
1378 4991 1605 5046 aliarum
1658 4992 1937 5046 civitatum
1993 4992 2047 5045 in
2094 5007 2159 5047 eo
2208 4993 2411 5048 honore
2439 5001 2481 5061 c
2516 4995 2567 5049 in
2606 5012 2726 5050 eum
2764 5013 2980 5051 manum
3019 4998 3200 5051 mittat
3243 5015 3257 5051 :
3289 4999 3545 5055 obediens
3574 5011 3749 5058 tamen
3778 5014 3833 5059 et
3867 5016 4089 5073 paratus

835 5084 1047 5139 condita
1075 5093 1158 5138 est
1204 5083 1495 5153 Argentiua
1522 5122 1536 5146 ,
1566 5091 1626 5135 ut
1671 5081 1849 5135 omnis
1899 5082 2059 5135 homo
2092 5090 2199 5134 tam
2232 5091 2413 5136 extra-

832 5190 967 5229 neus
992 5188 1150 5243 quam
1184 5173 1429 5243 indigena
1478 5185 1665 5241 pacem
1712 5170 1767 5224 in
1796 5185 1859 5225 ea
1889 5170 2033 5224 omni
2086 5182 2328 5240 tempore
2345 5178 2411 5227 .et

833 5262 901 5317 ab
928 5262 1178 5317 omnibus
1210 5263 1406 5316 habeat
1430 5262 1528 5331 (l).

900 5353 963 5409 ll.
997 5353 1054 5409 Si
1091 5356 1212 5422 quis
1245 5353 1376 5407 foris
1407 5362 1784 5422 peccaveritet
1814 5353 1882 5407 ob
1920 5351 2089 5421 culpae
2120 5361 2322 5405 metum
2346 5353 2399 5406 in

829 5462 950 5502 eam
977 5447 1193 5519 fugerit,
1226 5464 1451 5504 securus
1476 5449 1529 5502 in
1555 5463 1617 5502 ea
1646 5454 1883 5501 maneat.
1914 5446 2102 5500 Nullus
2142 5444 2405 5499 violenter

2514 5088 2580 5141 ad
2601 5087 2866 5155 justitiam
2897 5088 3110 5142 existat.

2584 5175 2667 5230 ΙΙΙ.
2702 5176 2869 5231 Nemo
2893 5177 3129 5245 predam,
3157 5187 3248 5231 aut
3276 5176 3477 5233 furtum
3510 5181 3561 5233 in
3589 5195 3708 5235 eam
3733 5182 3967 5246 inducat,
3998 5186 4082 5239 vel

2512 5282 2836 5321 conservare
2862 5266 3091 5329 audeat,
3130 5265 3235 5320 nisi
3271 5267 3580 5322 redditurus
3625 5271 3888 5326 rationem
3934 5274 4079 5328 omni

2511 5355 2777 5426 querenti.

2579 5442 2667 5499 ιν.
2718 5442 2907 5498 Nullus
2945 5443 3213 5512 captivum
3264 5443 3610 5513 introducat,
3654 5449 3760 5505 nisi
3808 5460 4082 5520 presentet
