4482 5524
842 410 942 471 537

1770 409 2200 469 EIIKEMBALDI
2237 408 2538 469 EI‘ISCOPI
2577 409 2713 467 ARG
2725 411 3122 468 ENTINEXSIS

3978 418 4084 477 588

913 528 1049 587 XVI.
1085 527 1141 585 Si
1173 539 1347 586 tamen
1382 529 1588 601 aliquos
1622 532 1929 587 vocaverint
1962 532 2014 585 in
2057 531 2242 585 domos
2285 544 2411 584 snas
2439 533 2485 593 Α
2514 530 2591 584 bit
2638 530 2688 584 in
2731 530 2957 601 judicio,
3005 528 3207 584 tamdiu
3254 527 3577 599 pulsatorem
3626 534 3945 602 expectabit,
3989 548 4086 591 aut

838 621 1066 693 jndiccs,
1115 622 1229 677 sive
1272 621 1593 684 causidicus,
1627 621 1806 691 illique
1849 636 1953 676 non
2008 621 2270 686 venerint,
2300 634 2409 674 non

843 712 964 768 ideo
992 711 1283 784 culpabiles
1308 720 1465 767 erunt
1490 712 1712 782 alicujus
1740 712 2163 782 compositionis.

913 804 1073 861 XVII.
1122 803 1364 860 Olllcium
1398 805 1634 860 custodis
1666 805 1840 874 cippi,
1887 805 2000 859 sive
2046 803 2284 859 carceris
2328 812 2412 859 est

839 909 1027 951 omnes
1055 893 1295 949 custodie
1325 908 1422 949 sne
1447 894 1760 949 commissos
1789 893 2072 963 diligenter
2108 908 2344 948 servare.

910 982 1091 1039 XVIII.
1147 982 1297 1049 Quod
1343 982 1387 1038 si
1429 982 1660 1052 aliquem
1707 984 2020 1054 perdiderit,
2077 984 2244 1037 vicem
2293 981 2409 1051 ejus

839 1070 993 1140 culpe
1018 1069 1237 1133 subibit,
1272 1070 1371 1123 nisi
1402 1070 1660 1125 violenter
1682 1071 1729 1125 ei
1762 1069 2154 1125 abiatusfuerit
2186 1070 2281 1141 (8).

910 1160 1049 1216 XIX.
1084 1158 1209 1229 Ejus
1239 1160 1400 1215 etiam
1432 1159 1659 1216 oIlicium
1691 1176 1770 1216 est
1796 1161 1863 1215 ad
1889 1161 2232 1229 suspendium
2260 1161 2410 1214 dam-

837 1261 1030 1321 pnatos
1088 1251 1155 1306 ad
1208 1251 1504 1321 patibulum
1556 1252 1816 1316 educere,
1886 1251 2069 1306 oculos
2135 1250 2406 1320 dampnati

838 1360 1013 1416 panno
1055 1344 1340 1415 preligare,
1387 1344 1680 1414 patibulum
1722 1345 1952 1413 erigere,
2000 1342 2199 1397 scalam
2241 1356 2407 1411 appo-

838 1450 989 1499 nere,
1016 1450 1185 1505 usque
1212 1435 1278 1487 ad
1301 1434 1500 1489 scalam
1529 1448 1679 1487 reum
1703 1434 1970 1502 applicare
1994 1450 2006 1486 :
2042 1443 2167 1485 tunc
2192 1432 2407 1485 demum

836 1532 1076 1577 assnmct
1105 1538 1226 1577 eum
1268 1523 1500 1578 vicarius
1543 1522 1806 1587 advocati,
1840 1533 1895 1577 et
1932 1523 2122 1592 laqueo
2154 1522 2290 1577 collo
2326 1523 2410 1575 iii-

836 1626 972 1665 ncxo
1006 1612 1151 1664 illum
1183 1612 1492 1681 suspendet.

904 1698 1022 1754 XX.
1054 1697 1108 1753 Si
1142 1714 1268 1753 vero
1296 1715 1401 1753 non
1430 1699 1592 1755 fuerit
1622 1714 1843 1770 presens
1870 1702 2107 1756 vicarius
2138 1703 2406 1769 advocati,

833 1791 1138 1847 servabitur
1188 1804 1312 1845 rcus
1354 1790 1406 1843 in
1457 1792 1645 1846 custod
1669 1806 1723 1856 a,
1776 1806 2053 1861 quousque
2102 1792 2407 1857 causidicus

818 1898 1048 1937 causam
1074 1881 1214 1935 hanc
1243 1879 1441 1934 referat
1469 1881 1535 1935 ad
1559 1881 1887 1951 episcopum.

905 1972 1042 2026 XXI.
1074 1971 1224 2034 Item,
1249 1969 1293 2025 si
1326 1970 1447 2039 quis
1471 1970 1907 2039 dampnationem
1938 1969 2087 2039 pellis
2114 1978 2167 2025 et
2189 1970 2280 2039 pili
2314 1985 2403 2026 ac-

828 2061 1053 2129 ceperit,
1080 2058 1217 2113 hanc
1246 2073 1437 2128 penam
1464 2060 1735 2131 cipparius
1758 2062 1975 2131 inlliget.

880 2151 1060 2214 XXII.
1095 2151 1151 2207 Si
1194 2153 1315 2221 quis
1346 2167 1473 2206 vero
1508 2153 1827 2223 dampnatus
1852 2152 2011 2206 fuerit
2042 2168 2221 2216 manu,
2263 2152 2401 2207 idem

828 2244 1100 2314 ripparins
1153 2242 1357 2298 tenebit
1398 2244 1605 2296 hartam
1652 2243 1829 2313 (8‘),
1885 2244 2116 2296 viCarins
2160 2244 2402 2297 advocati

827 2334 1045 2388 librabit
1075 2333 1324 2388 malleum
1363 2332 1598 2402 ligneum
1624 2343 1677 2387 et
1708 2333 2006 2402 amputabit
2036 2347 2274 2385 manum.

900 2427 1083 2482 XXIII.
1134 2427 1278 2482 Idem
1326 2427 1577 2481 advocati
1613 2426 1849 2480 vicarius
1889 2436 2043 2480 eruet
2087 2426 2270 2479 oculos
2301 2425 2399 2496 (9),

827 2518 1097 2572 truncabit
1115 2516 1413 2580 testiculos,
1437 2516 1738 2579 decollabit,
1768 2524 1821 2569 ct
1849 2525 2054 2569 ceteras
2089 2529 2256 2585 penas
2280 2531 2400 2569 om—

823 2624 919 2663 nes
946 2617 1241 2679 exeqnetur
1271 2622 1368 2677 pro
1399 2608 1660 2661 varietate
1684 2606 1992 2661 criminum.

892 2699 1082 2756 XXIV.
1115 2700 1209 2753 Est
1235 2701 1361 2754 item
1389 2698 1628 2769 cypparii
1658 2694 1917 2763 cilicium,
1958 2706 2016 2751 ut
2045 2698 2116 2752 ita
2160 2699 2231 2754 sit
2272 2699 2400 2753 obe-

820 2791 975 2847 dicns
1015 2790 1347 2847 theloneario
1379 2800 1433 2845 et
1463 2790 1759 2845 monetario
1780 2830 1794 2854 ,
1827 2791 1966 2844 sicut
1996 2790 2286 2845 causidico.

896 2880 1059 2936 XX-V.
1088 2879 1334 2936 Pulsatos
1364 2880 1526 2934 etiam
1555 2894 1738 2934 coram
1769 2878 2062 2945 causidico,
2088 2878 2169 2934 vel
2196 2878 2394 2949 judici-

818 2974 921 3028 bus
957 2987 1151 3027 vocare
1179 2972 1336 3027 debet
1368 2972 1433 3026 ad
1454 2972 1735 3043 judicium.

890 3062 1080 3118 XXVI.
1114 3063 1211 3116 Est
1260 3070 1439 3117 autem
1484 3063 1584 3116 iste
1614 3062 1804 3115 modus
1851 3062 2169 3116 vocationis.
2207 3061 2393 3117 Nemi-

821 3154 973 3209 nabit
1001 3153 1271 3208 hominem
1302 3152 1636 3222 pulsantem,
1668 3151 2043 3221 intimabitque
2082 3152 2393 3208 adversario

2514 622 2732 676 licentia
2769 623 2968 693 judicis
3014 622 3247 677 recedet.
3296 621 3410 675 Non
3442 633 3618 677 autem
3663 625 3783 679 ideo
3830 626 3988 683 debet
4028 630 4081 684 ei

2512 729 2710 785 negare
2740 715 3009 770 licentiam
3036 715 3301 778 abeundi,
3334 715 3375 768 si
3408 715 3639 784 petierit.
3669 716 3820 782 Quod
3846 720 3889 773 si
3914 718 4079 787 judex

2512 806 2861 875 appellaverit
2889 822 3029 869 eum,
3071 806 3212 876 quod
3248 806 3541 861 constituto
3574 815 3811 877 tempore
3853 825 3957 864 non
3988 827 4079 865 ve-

2512 895 2675 957 nerit,
2708 894 2795 949 ille
2818 894 3021 961 jnrabit
3044 910 3103 951 se
3131 896 3200 950 ibi
3230 896 3413 959 fuisse,
3443 904 3536 949 aut
3560 906 3841 966 componet
3866 894 3935 953 ei.

2582 984 2771 1039 XXIX.
2802 986 3138 1049 Causidicus,
3170 987 3249 1042 vel
3282 988 3443 1057 judex
3476 988 3607 1042 nihil
3628 988 3873 1057 judicare
3898 992 4079 1057 debet,

2513 1074 2614 1128 nisi
2647 1074 2789 1144 quod
2820 1090 3003 1129 coram
3053 1077 3167 1145 ipso
3196 1077 3429 1132 delatum
3462 1076 3644 1132 fuerit.
3679 1077 3778 1145 Qui
3819 1080 3863 1134 si
3894 1083 4078 1135 convi-

2511 1173 2629 1219 ctus
2660 1165 2821 1220 fuerit
2846 1165 3260 1235 sinejudiciario
3281 1168 3471 1221 ordine
3493 1176 3546 1221 et
3577 1169 3721 1233 justo
3741 1168 3947 1237 judicio
3985 1170 4084 1224 alis

2511 1254 2638 1321 quid
2670 1253 2881 1317 fecisse,
2914 1256 2979 1308 de
3000 1255 3123 1323 jure
3151 1256 3339 1325 perdet
3364 1255 3598 1310 ofliciuiu
3628 1271 3805 1309 suum.

2582 1341 2749 1396 XXX.
2782 1342 2963 1396 Civem
2996 1344 3046 1396 in
3087 1344 3364 1413 procinctu
3393 1344 3604 1400 itineris
3628 1348 3949 1402 existentem
3975 1350 4082 1402 sei—

2510 1429 2632 1485 licet
2653 1432 2764 1502 jam
2797 1433 2975 1486 navim
3021 1433 3432 1501 ingredientem,
3465 1446 3557 1490 aut
3600 1452 3820 1506 equum,
3847 1439 3926 1492 vel
3955 1455 4081 1493 cur-

2512 1538 2627 1575 rum
2659 1525 3034 1577 ascendentem
3062 1524 3237 1578 nullus
3266 1526 3563 1580 concivium
3586 1543 3805 1581 suorum
3830 1543 3925 1597 per
3952 1544 4081 1598 quc.

2511 1612 2794 1665 rimoniam
2845 1612 3102 1681 impedire
3130 1612 3303 1667 debet.
3338 1614 3444 1669 Sed
3478 1616 3601 1683 quia
3631 1616 3766 1670 adeo
3806 1631 3864 1671 se
3901 1618 4080 1683 negle-

2510 1703 2607 1765 xit,
2633 1703 2773 1772 quod
2801 1718 3017 1757 causam
3062 1718 3211 1757 suam
3253 1705 3304 1757 in
3336 1704 3480 1758 illum
3524 1706 3809 1762 articulum
3849 1708 4075 1769 distulit,

2504 1795 2706 1867 justum
2734 1806 2837 1862 est,
2874 1806 2930 1851 ut
2958 1798 3212 1867 quicquid
3243 1798 3501 1853 adversus
3527 1800 3676 1855 illum
3703 1802 3868 1857 habet
3907 1818 4077 1870 usque

2432 1889 2482 1950 B
2511 1886 2575 1939 ad
2608 1886 2833 1939 reditum
2860 1887 2975 1957 ejus
3004 1886 3233 1941 diIl‘erat.

2579 1972 2766 2028 XXXI.
2800 1975 2854 2028 Si
2897 1975 3019 2044 quis
3059 1976 3336 2030 concivem
3382 1991 3538 2031 suum
3590 1978 3883 2045 pulsaverit
3924 1988 4074 2033 extra

2504 2066 2774 2119 civitatem
2825 2081 3006 2119 eorum
3061 2066 3164 2120 alio
3185 2066 3395 2135 judice,
3438 2083 3535 2136 pro
3565 2068 3664 2123 hac
3712 2069 3865 2138 culpa
3918 2071 4077 2124 debet

2504 2170 2845 2225 componere,
2889 2166 2945 2210 et
2976 2155 3141 2222 judici
3179 2158 3431 2224 civitatis,
3468 2159 3595 2212 etei
3632 2175 3799 2228 quem
3823 2160 4076 2230 pulsavit,

2504 2246 2903 2314 dainpnuinque
2949 2245 3023 2299 illi
3070 2246 3374 2311 restituere,
3426 2248 3567 2315 quod
3612 2262 3679 2302 ex
3721 2250 4075 2319 querimoniis

2503 2331 2620 2400 ejus
2647 2334 2914 2401 acceperit
2953 2333 3085 2403 (II).

2574 2419 2787 2474 XXXII.
2823 2420 2962 2474 Nulli
2993 2422 3244 2476 solvenda
3272 2432 3357 2478 est
3381 2425 3723 2494 compositio,
3752 2427 3854 2483 nisi
3875 2429 3963 2484 cui
3996 2427 4072 2484 fa.

2501 2519 2586 2565 cta
2615 2520 2696 2563 est
2721 2512 3058 2581 compositio.

2571 2598 2805 2653 XXXIII.
2841 2601 3029 2656 Omnis
3055 2611 3234 2656 autem
3258 2606 3594 2675 compositio,
3620 2621 3723 2676 que
3748 2622 3847 2678 pro
3874 2608 4071 2663 frevela

2503 2692 2583 2757 fit,
2611 2695 2853 2747 ascendit
2882 2695 2946 2746 ad
2990 2695 3207 2764 triginta
3249 2696 3468 2751 solidos.
3499 2698 3849 2768 Compositio,
3879 2713 3983 2767 que
4016 2700 4074 2752 Iit

2499 2798 2598 2852 pro
2643 2783 3007 2852 geltschulda,
3061 2785 3350 2852 pulsaloris
3385 2797 3465 2840 est
3511 2786 3650 2840 illius
3689 2788 3931 2842 missetat
3980 2789 4073 2857 qni

2498 2872 2588 2942 pnl
2620 2883 2740 2927 atus
2769 2882 2869 2937 est,
2917 2872 3115 2941 judicis
3148 2890 3272 2930 vero
3301 2885 3383 2931 est
3413 2878 3566 2931 tertia
3604 2892 3730 2947 pars
3758 2878 3899 2934 illius
3938 2879 4071 2934 mis-

2498 2973 2659 3017 88131..

2572 3052 2811 3109 XXXIV.
2845 3055 2901 3109 Si
2948 3058 3071 3126 qn's
3117 3057 3305 3112 fecerit
3348 3058 3788 3126 compositionem
3823 3058 3986 3127 judici
4017 3069 4075 3114 ct

2498 3146 2782 3215 pulsatori,
2819 3147 3073 3217 illamque
3099 3148 3163 3201 ad
3192 3157 3370 3203 certas
3396 3149 3635 3203 inducias
3667 3166 3771 3205 non
3801 3152 4074 3219 persolve-

809 3258 917 3297 suo
946 3242 1089 3312 quod
1119 3240 1362 3311 pulsatus
1400 3241 1492 3304 sit,
1536 3240 1620 3295 vel
1667 3241 1787 3293 viva
1841 3256 1969 3296 voce
2008 3243 2243 3310 presenti
2278 3243 2392 3296 nbi-
2421 3233 2464 3293 C
2498 3238 2589 3300 rit,
2642 3238 2686 3293 si
2734 3255 2896 3294 causa
2947 3256 3116 3309 usque
3150 3241 3213 3295 ad
3264 3241 3423 3295 finem
3476 3242 3865 3296 rationabil.ter
3908 3242 4072 3297 fuerit

808 3348 1030 3400 cunque
1058 3332 1106 3386 ei
1147 3331 1466 3393 occurrerit,
1498 3330 1580 3385 vel
1612 3332 1677 3385 ad
1702 3332 1917 3385 domum
1954 3332 2097 3386 illius
2120 3334 2395 3389 nunciabit

819 3423 1017 3493 primo,
1056 3422 1310 3486 secundo,
1341 3422 1510 3476 tercio
1533 3420 1599 3475 ad
1637 3421 1878 3476 inducias
1908 3422 2082 3477 noctis
2111 3424 2289 3478 unius.

893 3513 1102 3568 XXVII.
1131 3514 1185 3568 Si
1230 3512 1370 3569 facta
1402 3529 1506 3568 una
1553 3513 1854 3577 vocatione,
1888 3514 1969 3567 vel
2015 3516 2271 3579 secunda,
2309 3516 2392 3571 vel

815 3607 982 3661 tercia
1030 3620 1134 3659 non
1189 3603 1420 3666 venerit,
1470 3611 1526 3657 et
1568 3603 1793 3656 nuncius
1836 3602 2034 3672 judicis
2084 3606 2393 3673 probaverit

812 3698 985 3753 tercia
1020 3712 1200 3760 manu,
1228 3695 1369 3764 quod
1412 3702 1520 3748 tres
1566 3694 1681 3748 illas
1711 3695 2043 3761 vocationes,
2073 3697 2152 3750 vel
2201 3697 2389 3751 saltem

817 3788 1047 3857 primam
1077 3799 1172 3839 ore
1199 3785 1264 3837 ad
1292 3798 1353 3838 os
1389 3781 1600 3848 fecerit,
1638 3782 1725 3838 ilIe
1748 3782 1915 3855 judici
1965 3795 2253 3855 componet
2298 3789 2392 3841 tri-

811 3880 957 3951 ginta
992 3876 1190 3930 solidos
1219 3873 1353 3945 (ιο).
2066 3938 2072 3944 θ

893 3966 1126 4021 XXVIII.
1180 3964 1416 4020 Vocatus
1468 3975 1648 4020 autem
1709 3965 1773 4019 ad
1826 3964 2085 4035 judicium
2151 3976 2391 4039 tempore

815 4058 989 4129 prime
1018 4071 1075 4111 se
1112 4065 1426 4126 prcsentare
1454 4056 1631 4123 debet,
1661 4064 1715 4110 et
1756 4058 2008 4126 quamdiu
2035 4058 2199 4128 jndcx
2230 4060 2386 4114 sede-

886 4190 962 4261 (8)
1004 4188 1086 4262 La
1120 4187 1189 4241 loi
1222 4187 1321 4262 des
1356 4186 1625 4262 Visigoths
1668 4186 1780 4262 (lib.
1806 4203 1901 4251 vn,
1942 4190 2023 4241 tit.
2058 4188 2111 4254 4,
2151 4206 2293 4243 num.
2332 4190 2387 4262 '5)

814 4258 1045 4330 preserit
1077 4258 1123 4311 la
1155 4259 1329 4311 meme
1364 4259 1527 4330 chose
1558 4274 1588 4330 :_
1618 4258 1724 4330 «Si
1762 4260 1873 4324 ipse
1904 4262 2264 4330 carcerarius,
2296 4258 2389 4313 ant

814 4324 996 4384 custos
1024 4342 1176 4398 quos
1206 4326 1535 4398 compeditos
1577 4324 1737 4379 habet
1764 4330 1879 4398 sine
1916 4327 2111 4397 judicis
2146 4330 2388 4398 jussione

811 4400 986 4466 aliqua
1018 4396 1203 4451 fraude
1228 4396 1407 4467 laxare
1439 4396 1862 4467 praesumpserit,
1893 4396 2115 4451 eandem
2146 4396 2381 4467 poenam.

809 4462 1223 4527 vel-damnum,
1270 4466 1409 4532 quod
1442 4462 1558 4533 ipsi
1605 4462 1823 4519 fuerant
1863 4462 2170 4533 excepturi}
2216 4471 2381 4522 susti-

808 4547 953 4593 neat.
989 4556 1007 4589 ›
1044 4537 1123 4592 0n
1153 4536 1208 4587 lit
1237 4535 1379 4587 aussi
1412 4532 1546 4587 dans
1571 4533 1621 4588 le
1647 4534 1880 4602 dipldme
1918 4536 1980 4588 de
2001 4532 2172 4591 Louis
2197 4538 2243 4591 Ie
2272 4538 2375 4592 υό-

810 4607 1071 4663 bonnaire
1099 4605 1165 4659 de
1194 4602 1399 4675 I‘année
1430 4602 1535 4675 824
1562 4604 1965 4675 pourl'abbayc
1991 4606 2375 4661 d‘Ebersmiin-

809 4687 961 4731 ster:
1011 4694 1029 4727 ‹
1058 4676 1209 4741 Quod
1244 4674 1293 4746 si
1343 4674 1588 4742 captivus
1633 4674 1922 4745 aufugerit,
1964 4676 2060 4744 ipsi
2106 4676 2378 4746 (custodes

811 4747 1152 4817 cippi)ri:9.vm
1175 4743 1507 4817 subjaccant.
1545 4762 1563 4796 ι

880 4813 936 4885 (8
958 4813 999 4885 ‘)
1026 4814 1211 4881 Barta,
1239 4815 1433 4885 haelie,
1457 4813 1675 4885 engnée.

884 4883 989 4957 ('9).
1017 4888 1097 4957 (In
1142 4884 1412 4957 arracbait
1468 4883 1549 4957 les
1594 4898 1745 4957 yeuxA
1779 4883 2246 4957 principalcment
2273 4899 2375 4938 aux

795 4954 1088 5013 'criniinels
1130 4954 1454 5009 convaincus
1500 4954 1566 5009 de
1600 4954 1842 5022 ’pertidie
1884 4954 2053 5009 et’de
2112 4955 2372 5007 trahison.

813 5025 1036 5082 Haltaus
1070 5025 1203 5079 dans
1238 5039 1331 5079 son
1361 5023 1635 5079 Glossaire
1660 5023 2050 5093 Germanique,
2074 5039 2210 5093 μσς.
2236 5023 2303 5093 69
2326 5033 2373 5093 et

803 5112 933 5168 σεεμ,
959 5095 1134 5150 donnc
1167 5094 1435 5168 plqsicurs
1461 5092 1734 5168 exemples
1758 5094 1822 5146 de
1842 5108 1905 5147 ce
1934 5091 2171 5168 Supplice
2197 5091 2375 5168 inﬂigé

806 5161 913 5221 au'x
946 5161 1182 5219 traItreoI
1232 5163 1311 5219 0n
1359 5163 1542 5219 faisait
1583 5161 1819 5217 ceucher
1845 5176 1933 5215 ces
1964 5161 2239 5216 criminels
2280 5178 2373 5215 sur

806 5251 911 5290 nne
939 5234 1142 5291 échelle
1172 5233 1220 5287 le
1264 5242 1448 5288 ventre
1489 5247 1555 5285 en
1587 5232 1717 5285 baut
1756 5246 1893 5299 pour
1922 5231 2037 5285 Ieur
2068 5230 2202 5284 faire
2232 5241 2373 5286 cette

804 5305 1103 5377 operation,
1153 5317 1363 5377 contine
1404 5318 1485 5377 ou
1510 5310 1645 5377 _pe_u_t
1678 5302 1724 5354 le
1755 5300 1873 5377 voi_r
1900 5301 2036 5353 dans
2076 5299 2371 5377 Ie_Lnyen-

805 5368 1008 5445 S'piegel
1031 5372 1278 5445 imprime
1298 5386 1363 5445 en
1396 5368 1550 5445 1511—.
1579 5368 1802 5445 L’usage
1828 5368 1893 5423 de
1923 5383 2109 5445 crever
2134 5369 2211 5423 les
2232 5368 2371 5440 ven:

812 5439 947 5497 a'ux'
968 5439 1178 5513 princes
1225 5442 1354 5496 ctait
1402 5439 1507 5495 fort
1539 5439 1783 5511 pratiqué
1820 5454 1917 5509 par
1956 5439 2030 5493 tes
2059 5454 2373 5508 enipereurs

2402 4570 2456 4630 D

2496 3334 2776 3399 perducta,
2810 3333 3105 3386 servandus
3133 3342 3216 3387 est
3248 3334 3299 3386 in
3344 3335 3557 3403 publica
3584 3336 3845 3400 cnsmdia,
3872 3352 4071 3406 quous-

2495 3437 2599 3491 que
2651 3421 2837 3475 reddat
2881 3423 3053 3492 primo
3096 3421 3354 3492 pulsatori
3403 3439 3554 3478 suam
3602 3426 4067 3495 compositionem,

2495 3512 2684 3565 deinde
2707 3510 2895 3578 judici.

2568 3599 2783 3653 XXXV.
2818 3600 2872 3653 Si
2901 3600 3022 3669 quis
3050 3600 3212 3654 alium
3245 3600 3433 3657 fuerit.
3454 3601 3737 3671 injuriatns
3767 3604 3953 3667 verbo,
3983 3604 4065 3657 vel

2495 3690 2636 3745 facto
2668 3690 2719 3743 in
2771 3691 2987 3759 populo,
3020 3690 3064 3742 si
3109 3692 3269 3745 ambo
3300 3692 3484 3745 volunt
3515 3701 3659 3746 stare
3702 3692 3767 3745 ad
3806 3691 4067 3759 judicium

2494 3798 2632 3852 popu
2659 3783 2695 3844 i,
2742 3781 2903 3849 jndex
2956 3781 3336 3835 determinabit
3377 3782 3671 3835 secundum
3709 3780 3970 3849 judicium
4011 3792 4067 3835 et

2492 3873 2692 3927 dictum
2725 3872 2924 3942 populi.
2976 3871 3069 3925 Sin
3100 3882 3277 3925 autem
3308 3872 3549 3941 pulsatus
3578 3872 3806 3941 simplici
3842 3887 3936 3926 sua
3979 3889 4066 3949 as.

2492 3966 2725 4021 sertione
2754 3981 2811 4018 se
2853 3964 3190 4035 expurgabit,
3224 3964 3304 4019 vel
3334 3980 3456 4019 eum
3502 3963 3588 4019 ille
3624 3966 3942 4019 convincere
3969 3979 4066 4035 po‘

2493 4059 2617 4113 terit
2650 4055 2844 4111 duello.
2871 4116 2874 4119 Α

2489 4190 2771 4259 scolingns.
2796 4188 2938 4243 cnﬂn
2966 4186 3262 4256 scelh’ngns.
3288 4185 3418 4259 Mais
3440 4196 3579 4259 cette
3617 4186 3647 4242 ό
3673 4189 3939 4257 ymologie
3979 4197 4062 4243 est

2488 4260 2607 4331 plus
2632 4256 2947 4331 ingenieuse
2976 4273 3080 4325 que
3112 4261 3274 4331 vraie.
3308 4257 3383 4331 lin
3412 4256 3702 4331 generalle
3727 4268 3836 4311 mot
3861 4256 4061 4331 solidas

2490 4326 2517 4383 Et
2555 4329 2643 4383 (ἱιὸ
2687 4326 2931 4397 έιιψιυγεὲ
2980 4332 3113 4381 dans
3143 4326 3221 4379 les
3250 4326 3540 4397 anciennes
3585 4328 3706 4397 luis
3732 4342 3868 4395 pour
3919 4327 4058 4380 (lesi-

2488 4414 2618 4468 gncr
2667 4396 2787 4468 nne
2817 4396 3055 4451 certaine
3129 4411 3335 4449 summe
3405 4396 3643 4468 destinc'e
3694 4396 3725 4449 ii
3774 4412 3936 4468 payer
3980 4397 4062 4450 les

2490 4464 2763 4531 intendes,
2796 4468 2915 4521 (Γοὺ
2948 4481 3009 4519 ce
3055 4480 3177 4519 nom
3211 4479 3239 4534 a
3282 4466 3437 4534 passo
3470 4482 3568 4533 peu
3607 4464 3637 4517 ii
3666 4464 3859 4533 pcu’de
3888 4466 3934 4518 Ia
3971 4469 4057 4520 de-

2488 4538 2754 4607 signation
2802 4540 2868 4590 de
2912 4536 3183 4607 I‘amende
3217 4533 3247 4587 ὸ
3286 4533 3421 4607 eclle
3452 4538 3515 4587 de
3549 4534 3791 4607 I‘argent,
3820 4550 3947 4607 aveo
3977 4535 4056 4607 le-

2484 4602 2605 4675 qiicl
2634 4621 2701 4658 on
2731 4605 2777 4657 la
2808 4602 3309 4675 payait_.7Wacliter,_
3340 4604 3463 4657 Glos
3495 4606 3598 4656 nrii
3619 4602 3751 4675 pag.
3776 4604 3928 4675 HIS,
3956 4605 4053 4659 de—

2484 4672 2597 4729 five
2626 4676 2671 4727 Ie
2697 4672 2819 4727 tnot’
2848 4672 3088 4741 srliilling
3113 4674 3176 4726 de
3203 4673 3402 4741 cry/mi,
3435 4675 3524 4741 qui
3568 4675 3697 4727 chez
3741 4674 3818 4728 les
3850 4674 4051 4743 Anglo-

2484 4745 2696 4798 Saxons
2726 4745 2806 4812 sig
2850 4744 2936 4797 iﬁe
2961 4743 3173 4808 diviser,
3211 4747 3444 4811 séparer,
3480 4758 3639 4810 parce
3666 4758 3769 4811 qne
3807 4745 3853 4797 le
3886 4744 4049 4796 scliila

2481 4815 2589 4884 [ing
2616 4824 2697 4867 est
2720 4829 2823 4868 nne
2852 4812 3031 4884 par-tie»
3053 4813 3119 4865 du
3148 4814 3316 4884 grand
3345 4812 3421 4865 sol
3449 4813 3621 4884 divise'
3650 4823 3703 4866 et
3732 4812 3950 4884 partagé
3981 4828 4051 4866 en

2481 4881 2745 4953 plusienrs
2770 4885 2931 4953 petits
2958 4882 3084 4953 sols.
3118 4885 3199 4953 Un
3223 4881 3284 4933 Iit
3305 4884 3434 4953 dans
3457 4882 3591 4953 laloi
3618 4883 3837 4951 Saliqne
3866 4883 3969 4951 (tit.
4000 4884 4048 4942 I.

2480 4951 2628 5006 nunt.
2676 4951 2828 5022 1);λ‹
2864 4953 2919 5005 Si
2969 4952 3091 5019 quis
3136 4952 3203 5005 ad
3249 4951 3467 5003 multum
3514 4952 3718 5021 legibus
3768 4953 4053 5006 dominicis

2480 5021 2751 5076 mannitus
2793 5021 2953 5075 fuerit
3000 5030 3053 5073 et
3098 5037 3203 5075 non
3255 5022 3420 5081 venit,
3478 5024 3519 5072 si
3567 5037 3687 5073 eum
3728 5022 3893 5074 sumis
3941 5039 4046 5075 non

2477 5092 2805 5156 detinuerit,
2862 5092 3160 5145 solidorum
3220 5089 3524 5157 quindecim
3576 5090 3859 5159 culpabilis
3900 5091 4047 5160 judi-

2473 5171 2645 5214 cellll'.
2681 5180 2698 5211 ι

2548 5232 2593 5298 (1
2614 5232 2659 5300 I)
2701 5229 2952 5283 L'ancien
2984 5228 3126 5300 droit
3155 5227 3443 5300 municipal
3479 5227 3543 5280 de
3573 5226 3790 5300 \Vorms
3831 5228 4047 5298 rappelé

2475 5316 2576 5370 par
2606 5297 2884 5370 Schannat
2916 5303 2967 5351 in
3010 5297 4045 5370 llisloriu_episcopalus_I'I*'ormatiensis

2474 5366 2628 5439 (tom.
2661 5369 2700 5431 ι,
2728 5377 2889 5439 part.
2921 5384 2982 5431 ιι,
3030 5382 3152 5439 pag.
3191 5367 3315 5439 203)
3348 5370 3575 5433 psescrit
3619 5366 3647 5418 ξι
3695 5382 3795 5435 ριυ
3844 5368 3965 5439 pres
3992 5369 4043 5421 Ia

2488 5436 2662 5492 meme
2689 5438 2852 5512 chose
2877 5452 2889 5489 :
2926 5456 2942 5487 ‹
2974 5439 3028 5490 Si
3060 5437 3179 5506 quis
3204 5436 3398 5489 civium
3425 5450 3576 5512 simtu
3606 5436 4044 5512 concivemalias
