4482 5524
415 421 517 484 589

1649 438 1865 493 LEGES
1902 439 2372 495 MUNiCIPALES.

3536 456 3640 511 590

482 539 722 598 XXXVI.
769 544 824 599 Si
868 547 991 615 quis
1017 547 1290 601 concivcm
1337 563 1491 601 suum
1524 550 1856 617 sinejndice.
1888 551 1966 603 vel
2000 557 2044 612 Α
2076 553 2383 620 pelliiicum,
2444 557 2957 625 cyrothecartorum,
3012 569 3273 625 sutorum,
3335 563 3633 628 fabrorum.

414 634 830 701 nunciojudicis
875 635 1009 688 infra
1055 647 1202 704 septa
1253 638 1443 689 domus
1483 653 1596 700 sne,
1628 639 1708 690 vel
1743 640 1865 691 atrii
1896 639 1974 691 sui

415 733 614 778 temere
662 725 938 788 invaserit,
991 740 1273 797 componet
1309 727 1476 797 jmlici
1521 729 1734 795 triginta
1781 730 1978 784 sOIidos

413 829 511 881 pro
564 813 804 868 frevela:
855 816 951 878 illi,
1002 831 1163 884 quem
1217 818 1432 880 invasit,
1486 828 1766 886 componet
1822 833 1975 872 suam

414 898 657 958 tniSsetat
678 904 793 974 (I2)
821 905 1160 974 triplicatam.

483 1016 740 1070 XXXVII.
773 1016 829 1070 In
878 1031 1066 1071 omnes
1104 1018 1282 1072 curias
1328 1017 1554 1071 fratrum
1602 1021 1666 1073 de
1709 1019 1976 1084 claustris,

412 1105 495 1160 vel
544 1106 995 1171 ministerialium,
1041 1109 1094 1161 in
1136 1110 1329 1175 quibus
1357 1110 1452 1177 ipsi
1490 1110 1844 1179 corporaliter
1870 1126 1975 1164 non

413 1197 791 1260 habitaverint,
823 1197 912 1265 jus
941 1199 1101 1252 habet
1129 1201 1408 1262 scultetus,
1443 1201 1525 1254 vel
1560 1200 1720 1269 judex
1754 1202 1977 1256 vocandi

414 1291 480 1340 ad
500 1273 760 1354 judicium
790 1297 844 1342 et
869 1289 1091 1358 cogendi
1121 1288 1553 1345 inhabitatorem.

484 1398 764 1452 XXXVIII.
801 1398 1078 1462 Similiter,
1103 1410 1157 1454 et
1183 1401 1454 1455 ministros
1483 1401 1707 1455 fratrum
1733 1402 1797 1455 de
1839 1417 1974 1471 quo.

416 1507 629 1559 cunque
660 1490 898 1544 claustro
928 1489 1015 1558 jus
1051 1491 1210 1544 habet
1235 1490 1507 1560 iudicandi
1546 1493 1612 1546 dc
1653 1493 1803 1560 ipsis,
1836 1493 1978 1546 scili-

412 1594 496 1634 cet
531 1583 578 1633 in
617 1583 792 1635 causis
841 1581 1234 1650 pertinentibus
1273 1581 1338 1634 ad
1383 1592 1758 1644 mercaturam,
1795 1583 1839 1636 si
1882 1598 1974 1637 vo-

413 1672 527 1724 lunt
556 1685 673 1725 esse
705 1679 1053 1724 mercatores.

483 1780 721 1834 XXXIX.
771 1779 1088 1849 Quicunque
1134 1780 1415 1834 intraverit
1465 1782 1735 1835 civitatem
1767 1781 1978 1834 debitor

2082 643 2611 708 molemlinariorum,
2643 657 2694 700 et
2723 662 2905 700 eorum
2928 649 3016 716 qui
3044 649 3248 704 faciunt
3275 667 3399 706 vasa
3433 656 3638 715 vinaria

2077 740 2127 783 et
2165 733 2415 799 picarios,
2448 743 2500 788 et
2526 736 2616 802 qui
2667 744 2896 803 purgant
2924 737 3146 805 gladios,
3190 749 3243 792 et
3276 744 3364 808 qui
3404 747 3644 804 vendunt

2079 836 2255 887 poma,
2293 834 2346 877 et
2373 840 2671 893 cauponum
2705 828 2835 895 (Η).
2864 828 2930 881 Et
2957 829 3022 881 de
3053 831 3253 886 eisdem
3294 834 3453 889 habet
3492 851 3641 906 pote-

2077 922 2268 967 stalem
2292 915 2586 983 judiCandi,
2623 918 2668 972 si
2699 919 2825 987 quid
2851 919 3170 988 deliquerint
3203 923 3254 976 in
3285 924 3471 980 oiIiciis
3502 930 3635 986 suis.

2150 1019 2304 1072 XLV.
2335 1021 2505 1076 Locus
2554 1034 2728 1078 autem
2772 1023 3117 1092 judicatiouis
3155 1038 3208 1084 et
3251 1037 3639 1093 emendationis

2079 1122 2263 1161 eorum
2299 1119 2381 1163 est
2413 1112 2461 1162 iu
2493 1113 2698 1179 palaeio
2723 1114 2977 1185 episcopi.

2152 1216 2333 1272 XLVI.
2363 1217 2419 1271 Si
2447 1221 2537 1288 qui
2568 1236 2692 1274 vero
2721 1224 3082 1289 predictorum
3115 1228 3484 1287 inobedientes
3515 1234 3638 1289 facti

2080 1307 2278 1361 fuerint
2331 1310 2680 1379 but-egravio,
2736 1315 2848 1384 ipse
2901 1325 3119 1372 causam
3173 1319 3349 1378 defert
3401 1327 3466 1380 ad
3524 1331 3638 1398 cp?-

2077 1412 2316 1467 scopum.

2150 1506 2348 1597 XLVII.
2389 1508 2520 1563 Item
2569 1519 2633 1565 ad
2681 1513 2764 1583 jus
2799 1517 3102 1588 burcgravii
3152 1533 3360 1590 spectat
3411 1531 3638 1597 quedau

2077 1596 2322 1650 theionea
2354 1600 2623 1667 accipere,
2665 1613 2722 1656 nt
2757 1605 3051 1674 gladiorum
3086 1612 3176 1679 qui
3210 1596 3638 1682 vaginisinclusi

2079 1699 2359 1755 portantur
2391 1692 2440 1744 in
2489 1692 2603 1746 foro
2647 1697 2876 1751 venales.
2927 1699 3164 1755 Aliorum
3214 1716 3413 1771 autem,
3464 1713 3553 1780 qui
3587 1714 3637 1767 in

2079 1781 2303 1833 navibus
2331 1781 2397 1835 de
2421 1783 2661 1846 Colonia,
2706 1788 2786 1841 vel
2817 1789 3165 1862 undecunque
3189 1806 3492 1866 portantur,
3524 1803 3640 1858 tlte-

408 1873 650 1924 existcns
682 1871 908 1938 alicujus
939 1871 1202 1933 hominis,
1237 1872 1278 1923 si
1320 1871 1558 1938 pulsatus
1588 1870 1748 1924 fuerit
1790 1887 1970 1925 coram
2007 1883 2046 1941 ῃ
2075 1871 2288 1926 lonenm
2318 1875 2544 1943 accipiet
2567 1877 2949 1936 thelonearius.

406 1959 608 2026 judice,
641 1959 950 2019 canonicos,
985 1959 1064 2010 vel
1094 1960 1479 2019 ministerialis.
1504 1959 1556 2012 In
1586 1959 1738 2026 cujus
1761 1959 1975 2011 domum

411 2050 499 2104 ille
532 2050 666 2104 forte
709 2051 902 2119 hospes
933 2050 1176 2111 intravit,
1218 2051 1549 2116 preseutahit
1576 2066 1696 2103 eum
1747 2050 1978 2104 sculteto

411 2143 477 2193 ad
502 2142 775 2209 justiciam
807 2160 818 2194 :
850 2142 990 2210 quod
1037 2142 1081 2195 si
1129 2158 1232 2195 non
1263 2142 1470 2206 fecerit,
1502 2159 1599 2212 pro
1635 2143 1725 2196 illo
1766 2159 1978 2212 respon-

410 2231 537 2282 tl'Cre
567 2229 851 2282 tenebitur.

481 2332 591 2388 XL.
621 2335 872 2390 Omnium
916 2339 1360 2406 compositionum
1397 2337 1656 2393 factarum
1696 2357 1790 2410 pro
1834 2341 1976 2396 forto

408 2435 464 2476 et
493 2440 589 2492 pro
621 2424 817 2481 frevela
863 2427 967 2482 due
993 2437 1173 2496 partes
1217 2438 1342 2482 sunt
1368 2430 1646 2491 causidici,
1689 2433 1852 2485 tercia
1883 2434 1976 2485 ad-

410 2516 604 2568 vocati.
647 2515 701 2568 In
748 2517 941 2584 quibus
988 2518 1111 2573 talis
1150 2527 1231 2571 est
1274 2521 1534 2572 servanda
1577 2521 1871 2575 distinctio.
1918 2524 1972 2576 Si

410 2606 728 2672 compositio
759 2607 897 2660 facta
930 2606 1092 2661 fuerit
1135 2609 1413 2670 advocato,
1450 2608 1566 2676 ejus
1614 2619 1697 2663 est
1738 2612 1976 2665 dividere

408 2695 512 2748 sibi
544 2696 766 2748 terciam
805 2706 1030 2764 partem,
1069 2698 1338 2751 causidico
1379 2698 1528 2752 duas.
1562 2699 1676 2768 Ipse
1705 2701 1846 2754 enim
1885 2717 1976 2754 ac-

407 2786 569 2852 cipiet
616 2787 1057 2854 compositionem
1111 2789 1212 2842 sibi
1256 2788 1475 2852 factam,
1503 2799 1555 2842 et
1601 2806 1975 2860 quamcunque

407 2889 675 2928 summam
719 2876 770 2928 in
798 2877 1108 2945 accipienda
1158 2879 1545 2948 compositione.
1575 2879 1686 2948 ipse
1715 2879 1975 2934 formave-

410 2966 500 3029 ιιι,
546 2965 660 3018 sive
705 2980 947 3033 parvam,
997 2968 1110 3020 sive
1160 2982 1428 3036 magnam,
1483 2967 1624 3020 illam
1673 2970 1975 3024 causidicus

409 3068 508 3112 nec
555 3059 817 3122 minuere,
869 3073 967 3111 nec
1016 3073 1212 3128 augere
1255 3059 1488 3124 debebit,
1534 3059 1846 3120 sed_ratam
1881 3061 1974 3114 ha-

409 3149 572 3202 bebit.

477 3260 608 3314 XLI.
646 3260 684 3314 Ε
714 3262 1001 3323 contrario,
1046 3262 1090 3314 si
1141 3259 1277 3315 facta
1321 3260 1482 3315 fuerit
1526 3262 1842 3330 compositio
1875 3263 1976 3331 ipsi

405 3349 698 3412 causidico,
725 3349 841 3418 ejus
864 3350 969 3402 erit
990 3350 1077 3418 jus
1105 3351 1346 3418 accipere
1383 3351 1517 3404 duas
1560 3361 1761 3420 partes,
1791 3362 1843 3406 et
1871 3363 1974 3406 ter-

406 3439 542 3491 'ciatn
572 3438 829 3492 advocato
865 3440 1012 3493 dare.
1050 3440 1115 3493 Et
1142 3440 1392 3494 similiter
1433 3457 1794 3510 quancunque
1829 3459 1977 3496 con:-

404 3529 818 3598 positi‘oiiisipse
842 3535 1105 3583 sumlham
1155 3529 1486 3596 formaverit,
1535 3533 1824 3589 advocatus
1869 3551 1973 3589 non

405 3619 660 3672 (assabit.

477 3727 627 3782 XLII.
663 3730 968 3784 Advocatus
1016 3741 1192 3785 autem
1248 3746 1353 3785 non
1403 3732 1826 3803 debetjudicare
1875 3737 1972 3790 nisi

405 3820 456 3872 in
479 3810 687 3888 paiaeio
707 3821 962 3890 episcopi.
988 3819 1139 3887 Quod
1167 3822 1209 3876 si
1241 3823 1291 3874 in
1317 3823 1530 3875 domum
1560 3835 1708 3877 suam
1740 3825 1970 3894 aliquem

403 3910 696 3971 \‘ocavcrit,
731 3910 834 3973 ille,
869 3911 956 3978 qui
997 3927 1100 3964 non
1132 3911 1357 3974 venerit,
1403 3927 1505 3964 non
1536 3912 1654 3966 ideo
1684 3915 1969 3984 Quicquam

399 3999 450 4050 ei
477 4010 774 4068 componet.

473 4107 648 4163 XLIII.
684 4111 890 4165 Mortuo
932 4128 1058 4166 vero
1107 4113 1385 4178 advocato,
1425 4115 1506 4169 vel
1540 4128 1764 4169 vacante
1810 4118 1971 4171 advo-

399 4201 542 4254 catia
571 4216 891 4272 quocunque
921 4205 1094 4264 modo.
1125 4206 1407 4274 episcopus
1430 4206 1630 4260 nullum
1651 4209 1968 4261 advocatum

398 4304 601 4359 ponere
631 4293 786 4346 delvet
831 4295 946 4346 sine
985 4294 1246 4348 electione
1292 4304 1346 4348 et
1375 4309 1636 4349 consensu
1684 4297 1973 4350 canonico-

400 4398 543 4445 rum,
575 4384 999 4438 ministerialimu
1033 4396 1085 4438 et
1109 4386 1451 4455 burgensium
1479 4387 1608 4457 (I3).

508 4495 688 4551 XLIV.
722 4496 799 4550 De
824 4499 986 4566 oﬂicio
1028 4500 1322 4568 burcgrurii
1357 4512 1403 4552 et
1435 4500 1689 4554 T/tcloneo
1726 4504 1858 4570 ejus.

471 4588 548 4639 Ad
577 4584 809 4641 ofIicnum
853 4589 1152 4658 bon-gravii
1199 4592 1428 4658 pertinet
1457 4605 1652 4658 ponere
1684 4593 1969 4661 magistros

392 4679 636 4733 omnium
666 4680 961 4734 oiIiciorum
984 4679 1093 4734 iere
1123 4681 1172 4733 in
1204 4681 1354 4744 urbe,
1378 4681 1582 4736 scilicet
1609 4683 1966 4745 sellariorum,

470 4851 580 4919 (ιε)
622 4851 876 4904 Miuetat.
923 4853 994 4906 Cc
1025 4862 1136 4905 mot
1181 4851 1390 4919 signiile
1417 4862 1522 4910 nne
1561 4856 1833 4908 mauvalse
1875 4868 1964 4907 ac-

397 4922 532 4982 tion,
559 4936 624 4974 on
668 4936 770 4975 nne
808 4922 951 4974 fante
989 4921 1304 4976 criminelle.
1336 4921 1575 4978 Schilteri
1619 4935 1666 4978 et
1697 4922 1968 4978 Hallausit'

394 4984 690 5052 Glossaria,
721 5005 842 5059 pag.
869 4991 972 5046 590
997 5002 1050 5045 et
1078 4991 1232 5045 1552.
1267 4992 1500 5045 Missetat
1531 4993 1711 5049 dérive
1739 4998 1804 5049 de
1833 4996 1962 5058 (hut,

394 5060 598 5133 action,
627 5070 681 5112 et
707 5062 772 5133 de
794 5062 922 5133 irrisa
944 5062 1032 5133 qui
1057 5062 1234 5133 ajmite
1261 5061 1291 5114 ξι
1320 5062 1532 5117 l'action
1568 5063 1616 5117 Ia
1645 5078 1869 5133 marque
1898 5065 1965 5118 de

396 5128 762 5202 mechancete.
794 5128 1092 5202 Watchteri'
1112 5129 1458 5202 Glossarium,
1488 5149 1609 5202 pag.
1642 5128 1798 5189 108i:

470 5200 579 5268 (t5)
619 5200 691 5271 tle
730 5212 848 5271 mat
894 5217 961 5254 ne
1008 5201 1216 5271 signiﬁe
1250 5216 1344 5269 pas
1387 5215 1451 5253 eu
1492 5200 1703 5271 general
1744 5214 1860 5258 tons
1890 5201 1966 5258 les

395 5268 684 5341 hourgeois
710 5269 774 5320 de
796 5268 1013 5341 laville,
1043 5268 1177 5341 mais
1200 5268 1597 5341 seule‘ntent'les
1625 5274 1964 5341 principaux,

393 5353 604 5391 comme
625 5339 777 5391 etant
799 5336 957 5391 l‘élite
986 5341 1078 5391 des
1103 5339 1403 5391 bourueois.
1429 5340 1573 5391 il‘est
1604 5336 1964 5391 l‘exnliéatinu

2143 1981 2369 2036 XLVIII.
2400 1985 2527 2037 Item
2558 1988 2680 2048 olei,
2717 2006 2928 2055 uncum,
2975 2012 3256 2064 pomorum
3290 2003 3638 2074 undecunque

2078 2071 2302 2126 adducta
2331 2072 2527 2127 fuerint
2554 2086 2608 2128 et
2639 2079 2850 2132 vendita
2882 2099 2978 2150 pro
3025 2089 3281 2153 nummis,
3334 2071 3636 2147 lheloneum

2074 2161 2301 2230 accipiet
2334 2164 2700 2231 burcgravius.
2732 2167 2786 2221 Si
2821 2185 2945 2224 vero
2975 2188 3072 2240 pro
3102 2176 3231 2240 sale,
3275 2178 3354 2232 vel
3386 2181 3532 2244 vino,
3559 2183 3641 2236 vel

2077 2249 2363 2311 frumento,
2393 2254 2474 2306 vel
2505 2269 2820 2324 quocunque
2846 2259 2950 2311 alio
2967 2264 3149 2328 precio
3178 2267 3390 2320 vendita
3421 2269 3638 2335 fuerint,

2079 2337 2378 2391 lheloneum
2403 2340 2603 2394 dividet
2631 2341 2979 2411 burcgt‘avius
3003 2359 3122 2402 cum
3152 2351 3499 2410 thelaneario.

2149 2446 2330 2502 XLIX.
2361 2450 2548 2505 Preter
2593 2455 2855 2522 predieta,
2886 2462 3066 2515 omnia
3108 2466 3352 2522 Ihelonea
3388 2471 3489 2524 alia
3525 2488 3646 2542 per-

2078 2536 2246 2590 tinent
2283 2540 2347 2590 ad
2389 2539 2619 2595 oilicium
2655 2543 2991 2615 thelonearii,
3020 2566 3138 2621 quae
3171 2565 3346 2610 tamen
3392 2536 3536 2614 liunt-
3564 2565 3646 2615 dia

2074 2642 2226 2681 verso
2256 2629 2431 2684 modo.
3376 2699 3384 2707 _

2146 2719 2204 2772 L.
2238 2721 2291 2774 Si
2321 2723 2441 2790 quis
2465 2724 2529 2777 de
2556 2727 2673 2778 navi
2718 2743 2818 2780 una
2853 2730 2903 2782 in
2950 2732 3172 2787 alteram
3217 2739 3394 2792 n-zvim
3436 2758 3644 2796 mereas

2076 2820 2223 2866 turas
2277 2830 2400 2868 suas
2450 2822 2857 2886 transposucrit,
2914 2823 2980 2877 de
3037 2835 3262 2896 utraque
3319 2831 3438 2885 nati
3497 2834 3647 2890 dabit

2073 2914 2305 2972 quatuor
2327 2907 2594 2962 denarios.

2144 3013 2229 3067 LI.
2254 3015 2571 3088 Quicunque
2601 3032 2870 3076 mercator
2896 3026 3171 3082 transierit
3203 3029 3253 3082 in
3287 3032 3424 3087 hanc
3449 3035 3643 3089 civita-

2077 3113 2181 3156 tem
2207 3119 2330 3158 eum
2361 3108 2560 3161 somnis
2590 3111 2722 3174 suis,
2767 3113 2809 3166 si
2859 3115 3020 3168 nichil
3059 3119 3358 3175 vendiderit
3389 3125 3468 3178 vel
3493 3142 3641 3180 Cilici

2004 3200 2051 3274 ρ
2084 3193 2172 3257 rit,
2201 3193 2402 3249 nullum
2435 3197 2735 3253 lheloneum
2764 3202 2928 3258 dabit.

2148 3302 2254 3357 LII.
2284 3303 2598 3376 Quicunque
2628 3309 2692 3364 de
2739 3310 2938 3366 familia
2972 3308 3211 3373 Eeclesie
3244 3309 3400 3390 hujus
3428 3324 3529 3388 vir,
3561 3326 3642 3380 vel

2080 3393 2269 3448 mulier
2297 3396 2592 3451 vendiderit
2621 3400 2671 3452 in
2704 3401 2804 3456 hac
2830 3405 3049 3459 civitate
3074 3423 3180 3472 res,
3226 3426 3361 3479 quas
3404 3415 3484 3468 vel
3529 3433 3642 3470 ma-

2077 3485 2237 3539 nibus
2268 3488 2377 3542 suis
2427 3487 2635 3554 fecerit,
2665 3483 2749 3546 vel
2780 3510 2883 3563 que
2921 3500 3192 3554 creverint
3238 3502 3307 3564 ei,
3342 3520 3446 3558 non
3493 3508 3644 3562 dabit

2079 3574 2405 3630 lheloneum.
2435 3577 2502 3632 Et
2528 3579 2572 3633 si
2610 3581 2735 3649 quid
2767 3585 2958 3638 emerit
3003 3588 3069 3640 ad
3111 3604 3245 3658 opus
3290 3605 3467 3658 suum,
3499 3599 3643 3665 quod

2076 3664 2255 3729 graeia
2317 3665 2450 3720 lucri
2491 3670 2720 3724 vendere
2752 3673 3002 3739 noluerit,
3052 3679 3299 3736 similiter
3335 3664 3641 3741 lheloneum

2078 3766 2180 3804 non
2211 3753 2374 3807 dabit.
2424 3755 2480 3809 Si
2520 3758 2641 3827 quis
2673 3769 2847 3816 tamen
2898 3765 3214 3834 imposuerit
3257 3772 3326 3835 ei,
3371 3775 3511 3842 quod
3556 3793 3645 3830 res

2075 3842 2287 3896 vendite
2314 3844 2414 3898 sibi
2446 3861 2551 3900 non
2579 3852 2870 3920 creverint,
2896 3855 2962 3908 ab
2983 3857 3098 3926 ipso
3124 3856 3263 3915 l'aele
3291 3878 3395 3916 non
3421 3864 3641 3930 fuerint,

2075 3931 2157 3984 vel
2207 3947 2368 3988 causa
2415 3935 2549 3991 lucri
2601 3943 2813 4008 emerit,
2873 3945 3100 4015 simplici
3135 3965 3292 4005 manu
3325 3968 3421 4007 sua
3452 3971 3511 4010 se
3545 3973 3642 4012 ex-

2074 4026 2340 4093 purgabit.

2143 4136 2271 4193 LIII.
2305 4140 2359 4195 Si
2386 4144 2504 4211 quis
2528 4149 2739 4212 emerit,
2773 4150 2852 4204 vel
2889 4154 3188 4210 vendiderit
3232 4159 3364 4213 citra
3402 4161 3640 4234 quinque

2073 4229 2288 4294 solidos,
2325 4231 2628 4289 lheloneum
2662 4253 2763 4290 non
2795 4240 2962 4295 dabit.

2144 4317 2272 4372 LIV.
2303 4320 2374 4376 IIe
2402 4324 2636 4393 quinque
2660 4325 2841 4383 solidis
2866 4347 3140 4388 nummum
3166 4335 3336 4404 dabit,
3352 4339 3416 4392 de
3441 4341 3641 4395 talento

2071 4421 2322 4480 quatuor,
2351 4416 2414 4470 de
2439 4433 2576 4486 equo
2596 4431 2844 4488 quatuor,
2863 4424 2926 4477 de
2950 4426 3094 4480 mulo
3116 4439 3366 4496 quatuor,
3395 4433 3459 4487 de
3483 4434 3638 4488 asino

2073 4507 2370 4560 denarium.

2141 4594 2248 4647 LV.
2278 4596 2604 4653 Thelanenm
2645 4602 2708 4656 de
2752 4603 3076 4660 carbonibus
3103 4611 3157 4661 et
3188 4609 3252 4663 de
3288 4616 3492 4680 canapo
3519 4612 3635 4667 the-

2070 4686 2339 4743 lonearius
2367 4705 2470 4744 non
2500 4693 2715 4762 accipit,
2745 4695 2887 4764 quod
2912 4697 3146 4766 episcopi
3189 4701 3463 4770 hucusque
3486 4717 3640 4757 sum-

2066 4859 2544 4938 shoriixobservat.
2566 4863 2650 4938 12,
2666 4867 2940 4938 pag.729),
2954 4879 3001 4923 et
3016 4869 3356 4925 Wettckerum
3370 4874 3432 4927 de
3447 4864 3632 4928 Ul'imr-

2064 4933 2221 5010 geris,
2265 4933 2574 5010 (ρίιεηθξ)Ρ
2625 4933 2680 4990 Ιιέ
2720 4933 3019 5010 ιῖουνιςιτινβ
3055 4942 3120 4994 de
3174 4942 3411 5010 l'éveque
3463 4946 3641 5002 devait

2067 5002 2791 5079 veillerhparticulierement
2819 5002 2932 5079 sur
2985 5009 3062 5063 les
3110 5025 3268 5077 eorps
3306 5002 3374 5065 de
3400 5013 3643 5079 métiers,

2070 5073 2200 5147 (Iunt
2253 5071 2588 5147 I’inspection
2637 5076 2784 5131 seule
2819 5077 2890 5130 lui
2930 5071 3287 5147 appartenait.
3343 5081 3382 5135 ll
3429 5071 3646 5137 avaitle

2069 5141 2212 5218 droit
2239 5141 2304 5194 de
2329 5155 2649 5218 commettre
2676 5160 2741 5199 en
2779 5163 2873 5201 son
2915 5141 3038 5200 nom
3089 5153 3224 5204 dans
3263 5149 3471 5218 chaque
3513 5155 3650 5205 mal-

2071 5211 2200 5288 trise
2244 5226 2314 5288 u_n
2347 5215 2538 5288 mattre
2570 5230 2704 5282 pour
2732 5220 3011 5288 eornnaIt‘re
3053 5211 3406 5288 uniquetnent
3434 5221 3528 5274 des
3555 5222 3653 5274 ob-

2065 5279 2171 5348 jets
2208 5279 2412 5334 relatifs
2464 5281 2495 5333 a
2553 5279 2648 5338 son
2683 5285 2891 5340 métier.
2945 5285 3048 5341 Les
3095 5279 3314 5342 métiers
3361 5287 3653 5342 formaient

2073 5351 2210 5391 ulm-e
2238 5348 2568 5391 nPIIrIl‘thIc
2629 5356 2810 5391 cnvnir
2857 5355 3019 5391 nolim:
3062 5358 3154 5391 ιι...
3184 5371 3499 5391 ριὶιιιηηυοηιιε
3560 5358 3652 5391 Λα.
