4482 5524
490 389 591 449 505

1723 401 1846 459 [ΕΟ
1860 404 1939 459 ES
1979 402 2454 462 MUNICIPALES.

3623 424 3727 478 ὅθι

488 501 643 599 (ξοξιινῐ
681 501 959 599 ιιιξίξιιιιειιξει
1010 518 1352 573 componere,
1395 505 1495 559 nisi
1530 523 1624 575 pro
1662 509 1916 576 denariis,
1966 513 2056 580 qui
2087 516 2137 570 Α
2233 517 2512 573 LXXXIV.
2555 523 2865 592 Quicunque
2892 528 3251 582 molendinnm
3277 530 3451 586 facere
3482 534 3729 599 volnt-rit,

489 590 737 641 diutntur
758 590 1009 659 phundig.

560 676 738 730 LXIX.
779 677 835 733 Si
886 680 1006 748 quis
1048 680 1210 733 etiam
1258 697 1441 735 coram
1473 686 1771 739 monetario
1806 686 2061 756 dampna-

488 768 687 821 tiunem
725 783 916 822 manus
945 770 1233 839 acceperit,
1259 772 1589 841 judieahitur
1614 776 1751 830 sicut
1780 792 1940 847 supra
1971 794 2060 833 ω-

488 873 601 909 ram
630 857 917 911 causidico.

555 947 715 1002 LXX.
759 948 814 1003 Si
861 950 1143 1020 episcOpus
1173 951 1399 1006 voluerit
1440 964 1716 1023 argeatum
1754 956 1819 1011 de
1845 973 2055 1013 camera

483 1056 577 1093 sua
615 1040 856 1104 funlere,
885 1050 939 1094 et
983 1041 1105 1094 inde
1133 1041 1380 1097 denarios
1409 1046 1637 1112 percuti,
1666 1048 1899 1114 accipiet
1927 1050 2053 1102 illml

484 1131 740 1200 magister
784 1140 1019 1193 monete,
1070 1140 1125 1184 et
1171 1130 1374 1187 dividet
1421 1134 1561 1187 inter
1610 1140 1957 1202 monetarios,
1998 1150 2054 1195 ut

483 1218 606 1269 inde
636 1217 884 1271 denarios
928 1218 1141 1272 faciant.
1195 1219 1259 1272 Et
1302 1220 1345 1273 si
1394 1222 1598 1277 denarii
1643 1234 1765 1278 sunt
1799 1228 2049 1297 phundig,

482 1306 663 1362 reddet
694 1306 761 1363 de
804 1322 983 1363 marca
1028 1308 1211 1377 viginti
1264 1310 1480 1378 solidos,
1523 1314 1699 1369 minus
1727 1316 1933 1371 duobus
1964 1321 2053 1373 dc-

479 1400 667 1454 trariis.

550 1489 731 1545 LXXI.
774 1490 830 1546 Si
875 1501 1052 1546 autem
1101 1494 1153 1547 in
1208 1509 1529 1564 quocunque
1583 1497 1817 1566 pondere
1865 1498 2048 1554 leviori

474 1582 713 1648 percussi
745 1580 966 1645 fuerim,
998 1596 1213 1652 semper
1236 1584 1443 1638 duobus
1471 1585 1704 1639 denariis
1729 1589 1905 1643 minus
1933 1590 2050 1643 red-

474 1668 629 1721 detur
656 1669 720 1722 de
756 1684 955 1723 marca.

542 1759 748 1815 LXXII.
789 1760 865 1816 De
910 1776 1127 1817 camera
1188 1762 1425 1833 episcopi
1475 1764 1926 1821 ministrabuntur
1968 1769 2049 1823 eis

472 1853 753 1907 carbones.
814 1852 895 1907 Ad
947 1867 1184 1907 marcam
1235 1853 1431 1908 dantur
1483 1854 1582 1908 tria
1640 1856 1874 1910 sextaria
1923 1873 2044 1912 car-
2076 1842 2124 1902 Β

468 1943 690 1996 bonum.

541 2033 766 2088 LXXIII.
809 2034 1035 2101 Quando
1079 2051 1271 2090 novam
1319 2046 1586 2091 monetam
1610 2038 1895 2108 episcopus
1925 2054 2046 2108 per-

467 2126 575 2177 cuti
599 2125 771 2193 jubet,
793 2139 821 2177 a
847 2124 1110 2193 principio
1130 2125 1365 2193 quinque
1385 2125 1538 2179 solidi
1565 2125 1763 2180 ﬁuntin
1787 2143 1849 2181 ea
1871 2126 2042 2181 forma

465 2225 514 2267 et
548 2215 799 2283 pondere,
828 2229 934 2281 quo
966 2222 1177 2267 moneta
1214 2229 1437 2267 cursura
1471 2222 1570 2268 est.

535 2306 765 2360 LXXIV.
808 2306 917 2360 llos
966 2307 1201 2360 servabit
1252 2308 1633 2376 burcgravius,
1665 2309 1898 2378 quamliu
1934 2325 2045 2363 mo-

463 2407 587 2450 neta
634 2396 719 2450 illa
762 2397 992 2457 durabit,
1039 2397 1254 2450 racioue
1287 2405 1344 2449 ut
1376 2414 1387 2448 :
1419 2396 1474 2450 Si
1523 2395 1660 2451 forte
1694 2408 1905 2451 moneta
1954 2399 2039 2452 illa

466 2488 654 2541 falsata
696 2501 813 2541 esse
865 2496 1179 2550 accusetur,
1236 2501 1330 2555 per
1372 2487 1491 2541 illos
1543 2488 1780 2557 quinque
1843 2490 2039 2543 solidos

461 2578 796 2634 examinetnr
825 2586 879 2630 et
903 2576 1249 2630 certilicetur.

530 2665 739 2721 LXXV.
783 2664 1110 2718 IIonetarins
1151 2680 1365 2733 quoque
1415 2665 1639 2735 iurabit,
1685 2666 1826 2735 quod
1870 2662 1921 2717 in
1971 2680 2036 2719 eo

458 2763 698 2831 pondere
737 2770 792 2815 et
835 2762 1029 2823 forma,
1059 2774 1218 2828 quam
1260 2760 1333 2813 illi
1366 2760 1603 2828 quinque
1631 2759 1785 2814 solidi
1816 2759 2031 2824 habent,

458 2858 728 2904 monetam
760 2849 827 2902 sit
865 2863 1239 2916 percussurus.

529 2937 760 2993 LXXVI.
802 2937 1027 3003 Quando
1058 2936 1389 2991 monetarius
1423 2936 1768 3003 ferramenta,
1816 2938 1869 2992 in
1910 2940 2030 3009 qni-

454 3030 556 3083 bns
590 3028 790 3084 denarii
831 3029 1161 3091 formantur,
1202 3028 1452 3095 episcopo
1486 3029 1808 3097 resignabit,
1843 3031 2029 3083 reddet

454 3122 502 3173 ei
537 3120 642 3173 duo
674 3117 924 3171 informa
956 3131 1292 3169 nummorum
1335 3126 1389 3170 et
1425 3117 1532 3171 duo
1560 3116 1611 3170 in
1639 3116 1809 3171 forma
1840 3118 2024 3172 obnlo-

454 3226 595 3265 rum.
641 3208 891 3263 Preterea
930 3207 1034 3260 alia
1087 3206 1266 3262 omnia
1315 3207 1386 3260 ita
1433 3221 1496 3259 ex
1536 3215 1647 3261 toto
1691 3208 1982 3275 resignabit
2007 3249 2022 3272 ,
2054 3202 2098 3263 C
2131 3171 2515 3275 Pula'ffhusum
2550 3186 2602 3223 m
2631 3169 2751 3275 “2',”

452 3297 594 3367 quod
615 3296 817 3365 jnrabit
848 3312 906 3350 se
934 3311 1039 3349 non
1066 3294 1266 3349 habere
1292 3295 1465 3363 plura,
1498 3310 1596 3349 nec
1634 3296 1771 3350 seire
1794 3297 2021 3366 aliquem

453 3386 671 3441 habere.
708 3384 765 3438 In
810 3386 1005 3453 quibus
1050 3382 1220 3437 forme
1252 3383 1568 3437 delebunlur
1605 3392 1658 3437 et
1687 3382 2021 3454 frangentur,

453 3478 859 3547 fragmentaque
881 3484 1175 3529 monetarto
1210 3473 1519 3541 reddantur,
1553 3485 1646 3530 aut
1670 3475 1783 3546 ipse
1815 3492 1935 3531 cum
1962 3477 2023 3530 li-

451 3569 628 3623 centia
659 3568 892 3635 episcopi
928 3567 1132 3637 integra
1159 3576 1214 3621 et
1244 3566 1392 3621 illesa
1423 3568 1692 3623 retinebit.

521 3656 772 3711 LXXVII.
811 3656 1124 3726 Quicunque
1148 3657 1235 3727 jus
1261 3658 1680 3712 monetariorum
1706 3659 1903 3714 habere
1925 3661 2021 3713 de-

451 3750 652 3804 siderat
675 3748 949 3801 dimidiam
985 3761 1223 3800 marcam
1269 3746 1387 3800 auri
1416 3748 1565 3801 dabit
1605 3749 1875 3817 episcopo,
1908 3768 2019 3803 itio—

449 3849 572 3894 nete
617 3838 875 3907 magistro
928 3836 1163 3906 quinque
1211 3836 1461 3892 denarius
1505 3837 1653 3903 auri,
1710 3842 2019 3897 monetariis

445 3928 634 3999 viginti
661 3926 858 3980 solidos
882 3927 1059 3997 gravis
1083 3936 1310 3980 monete.

518 4015 791 4071 LXXVIII.
834 4015 1057 4081 Quando
1115 4016 1399 4083 episcopus
1470 4026 1737 4072 monetam
1813 4030 2019 4075 mutare

443 4107 694 4172 voluerit,
743 4105 1067 4159 ferramenta
1120 4113 1335 4159 monete
1386 4120 1482 4174 per
1539 4121 1631 4161 sex
1690 4107 2019 4164 ebdomadas

444 4201 611 4254 dabit.

512 4290 744 4345 LXXIX.
787 4289 1103 4357 Quicunque
1150 4288 1479 4343 monetarius
1530 4297 1683 4344 extra
1743 4290 2014 4347 civitatem

442 4382 693 4437 habitans
718 4382 768 4433 in
808 4380 1027 4434 civitate
1052 4387 1331 4448 argentum
1363 4380 1575 4442 emerit,
1594 4378 1869 4448 justiciam
1902 4398 2017 4436 mo-

439 4482 563 4528 nete
587 4471 871 4541 persolvat.

2165 611 2433 666 licentiam
2481 629 2509 666 a
2563 615 2880 686 bnrcgravio
2918 628 2973 671 ct
3019 635 3337 675 consensum
3383 622 3727 692 bnrgensinm

2162 714 2351 772 queret
2389 720 2401 756 :
2444 706 2636 772 quibus
2671 707 2877 762 duobus
2919 708 3139 774 habitis,
3176 727 3398 766 aureum
3444 730 3721 770 nummum

2162 795 2479 863 Lurcgravio
2515 796 2683 849 dabit.

2230 882 2488 938 LXXXV.
2532 884 2699 941 Nemo
2740 888 2942 942 tribuat
2991 889 3294 946 tbeloncum
3338 893 3403 947 de
3441 893 3627 957 nattis,
3660 894 3727 949 de

2158 975 2338 1041 pullis,
2377 976 2442 1029 de
2476 976 2774 1042 anseribus,
2798 979 2861 1033 de
2890 980 3033 1043 ovis,
3062 981 3126 1035 de
3152 983 3357 1050 porris,
3392 984 3457 1038 de
3484 985 3727 1039 caulibus

2157 1075 2209 1118 et
2261 1064 2379 1120 aliis
2422 1067 2827 1137 quibuscnnqne
2858 1070 3112 1135 oleribus,
3143 1073 3208 1127 de
3237 1073 3493 1138 scutellts,
3528 1074 3593 1129 de
3634 1075 3728 1128 be-

2158 1156 2373 1214 chariis.
2407 1157 2505 1211 nisi
2542 1158 2734 1211 vendat
2768 1159 2947 1213 valens
2968 1160 3202 1230 quinque
3229 1162 3445 1216 solidos.

2225 1245 2507 1300 LXXXVI.
2549 1246 2715 1301 Nemo
2749 1265 2939 1318 porcos
2977 1252 3027 1304 in
3068 1254 3285 1308 civitate
3314 1255 3469 1309 debet
3506 1256 3721 1319 habere,

2155 1337 2255 1390 nisi
2285 1339 2481 1406 pastori
2506 1354 2598 1391 cus
2625 1342 2942 1395 committat.

2224 1430 2526 1487 LXXXVII.
2567 1432 2746 1488 Curtis
2776 1444 2985 1498 autem,
3018 1435 3103 1489 tibi
3132 1437 3277 1505 porci
3299 1448 3612 1506 pascuntur,
3638 1450 3723 1493 est

2154 1524 2295 1577 inter
2327 1534 2534 1594 portam
2560 1566 2574 1590 ,
2602 1544 2706 1596 quc
2735 1528 2929 1582 dicitur
2955 1529 3311 1585 vellemannes
3340 1532 3594 1602 burgctor
3619 1573 3632 1597 ,
3669 1542 3723 1587 et

2151 1614 2308 1669 aliam
2332 1624 2539 1686 portant
2569 1619 2889 1686 proximam.

2488 1707 2811 1764 LXXXVIII.
2858 1709 2934 1764 De
2962 1711 3086 1780 jure
3138 1712 3381 1781 episcOpi.

2220 1798 2301 1853 Ad
2335 1798 2423 1867 jus
2461 1802 2693 1871 episcopi
2734 1802 2984 1870 pertinet,
3043 1813 3102 1858 ut
3142 1805 3209 1861 de
3242 1806 3342 1860 hac
3372 1805 3589 1860 civitate
3624 1807 3719 1861 ha—

2150 1890 2272 1946 beat
2312 1894 2495 1962 viginti
2546 1903 2777 1963 quatuor
2818 1895 3042 1965 legatos,
3075 1906 3131 1952 et
3167 1897 3264 1952 hos
3299 1906 3504 1952 tantum
3532 1898 3596 1951 de
3624 1914 3717 1967 ge-

2148 1998 2277 2037 nere
2305 1995 2687 2040 mereatorum.
2717 1986 2954 2054 Quorum
2980 1988 3209 2042 otlicium
3235 1996 3316 2044 est
3350 1987 3485 2042 infra
3511 1988 3718 2057 episeo—

2146 2083 2331 2144 patum
2357 2082 2561 2128 tantum
2593 2074 2771 2129 facere
2799 2074 3090 2145 legationes
3115 2075 3349 2145 episcopi
3377 2075 3442 2131 ad
3472 2076 3718 2130 homines

2145 2181 2291 2220 suos.
2322 2166 2422 2233 Qui
2457 2166 2500 2221 si
2524 2166 2811 2234 dampnum
2837 2166 3052 2220 interim
3084 2165 3295 2234 aliquod
3326 2165 3466 2233 passi
3496 2163 3713 2225 fuerint,

2145 2259 2227 2311 vel
2260 2260 2309 2311 in
2339 2272 2590 2328 persona,
2619 2256 2698 2311 vel
2729 2258 2780 2310 in
2812 2258 2970 2311 rebus
3005 2256 3137 2318 suis,
3165 2271 3303 2325 quas
3328 2257 3379 2309 in
3406 2255 3595 2309 itinere
3620 2256 3717 2309 du-

2144 2351 2337 2413 XCI‘illl,
2367 2350 2647 2417 episcopus
2672 2348 2827 2401 debet
2853 2348 2931 2400 eis
2965 2347 3261 2400 restituere.

2213 2440 2494 2495 LXXXIX.
2537 2440 2740 2495 Debent
2763 2438 2953 2508 singuli
2983 2437 3207 2507 singulis
3228 2437 3382 2490 annis
3408 2436 3709 2506 hujnsmudi

2140 2534 2403 2603 legatione
2451 2541 2530 2585 ter
2560 2531 2701 2599 fungi
2752 2545 2869 2584 cum
2915 2528 3166 2598 expensis
3207 2528 3461 2596 episc0pi.
3496 2526 3609 2580 Iliis
3644 2544 3708 2581 ex

2140 2635 2289 2696 parte
2330 2622 2563 2694 episcopi
2611 2621 2727 2674 talis
2775 2621 2946 2674 honor
2972 2621 3305 2673 exhibendas
3335 2628 3438 2683 est,
3485 2619 3708 2688 quodin

2138 2717 2249 2772 suis
2278 2714 2678 2777 festivitatibus,
2716 2712 2933 2781 quando
2962 2710 3207 2765 homines
3227 2724 3352 2765 suos
3375 2710 3703 2771 invitaverit,

2137 2808 2331 2863 deheut
2358 2806 2611 2860 honestas
2652 2818 2831 2857 coram
2868 2802 2981 2869 ipso
3017 2800 3170 2855 sedes
3206 2801 3405 2855 habere
3446 2799 3512 2854 ad
3546 2815 3705 2868 pran-

2135 2898 2303 2961 dium,
2349 2904 2408 2951 ut
2455 2894 2654 2950 eisdem
2704 2892 3011 2949 hominibus
3055 2892 3165 2947 suis
3199 2906 3265 2948 eo
3312 2890 3558 2945 nociores
3592 2888 3705 2944 elli-

2134 2990 2362 3043 ciautur.

2201 3078 2313 3137 XC.
2350 3078 2481 3135 Cum
2511 3078 2790 3148 episcopus
2814 3075 3093 3129 intraverit
3121 3074 3415 3137 civitatem,
3439 3071 3559 3142 equi
3591 3081 3701 3126 sta-

2758 3167 2899 3222 inico
2937 3166 3167 3230 stabulo,
3214 3165 3354 3235 quod
3400 3163 3589 3233 incipit
3634 3164 3703 3217 ab

2130 3263 2377 3332 hospitali
2406 3271 2460 3317 et
2485 3261 2728 3331 procedit
2766 3260 2821 3315 in
2860 3259 3086 3315 circuitu
3134 3258 3270 3312 muri
3313 3272 3480 3327 usque
3507 3257 3574 3311 ad
3605 3270 3699 3326 po-

2127 3356 2353 3408 merium
2380 3352 2634 3422 episcopi.

2198 3442 2328 3497 XCI.
2370 3442 2425 3497 Si
2457 3443 2636 3512 plures
2662 3440 2908 3495 habuerit
2936 3455 3123 3510 equos,
3152 3447 3427 3494 assumeat
3456 3453 3547 3495 eos
3570 3453 3697 3494 cau-

2124 3535 2342 3599 sidicus,
2377 3532 2455 3586 vel
2479 3531 2686 3599 judices
2713 3531 2817 3594 sui,
2853 3538 2907 3585 et
2928 3530 3250 3585 marscalcus
3277 3540 3331 3585 et
3356 3529 3703 3585 stabulabunt

2123 3638 2218 3678 eas
2244 3624 2295 3676 in
2327 3623 2599 3683 domibus,
2632 3620 2720 3674 ubi
2749 3620 3149 3688 peregrinorum
3182 3620 3353 3674 solent
3377 3634 3496 3674 esse
3522 3618 3700 3689 hospi-

2122 3716 2226 3770 eia.
2269 3714 2324 3767 Si
2350 3714 2528 3782 plures
2549 3726 2714 3781 equos
2742 3710 3009 3776 habuerit,
3042 3725 3143 3763 non
3176 3719 3338 3781 ponet
3371 3724 3463 3765 eos
3493 3709 3559 3765 dc
3577 3710 3699 3781 jure

2124 3806 2174 3859 in
2200 3804 2465 3872 aliquibus
2488 3801 2608 3855 alis
2631 3801 2875 3855 domibus
2903 3800 3154 3865 civitatis,
3181 3802 3282 3855 nisi
3310 3802 3360 3857 id
3390 3816 3485 3870 per
3509 3816 3700 3870 preces

2120 3904 2364 3958 obtinere
2389 3902 2601 3972 poterit.

2190 3993 2343 4049 XCII.
2402 3993 2457 4047 Si
2504 4001 2682 4047 autem
2730 3992 3035 4061 imperator,
3091 3992 3172 4047 vel
3218 4006 3307 4047 rex
3358 3991 3696 4059 intraverint,

2117 4087 2239 4155 equi
2266 4086 2344 4138 sui
2375 4085 2572 4154 ubique
2595 4084 3026 4153 hOSpitabuntur.

2191 4173 2366 4228 thlII.
2409 4175 2615 4229 Debent
2640 4173 2800 4227 etiam
2830 4172 3024 4244 singuli
3052 4173 3343 4239 burgcnses
3384 4173 3436 4227 in
3474 4172 3699 4244 singulis

2117 4269 2271 4323 anuis
2295 4267 2581 4337 quinquies
2614 4265 2824 4336 operari
2859 4280 3082 4320 numero
3108 4267 3315 4319 dierum
3345 4265 3396 4319 in
3424 4266 3697 4319 dominico

2115 4375 2304 4430 opere,
2333 4359 2571 4429 exceptis
2595 4357 2908 4412 monetariis
2930 4358 3200 4423 omnibus,
3234 4357 3323 4426 qui
3364 4368 3488 4411 sunt
3517 4358 3583 4411 de
3611 4356 3694 4411 fa-

2116 4452 2261 4506 milia
2299 4450 2556 4513 ecclesie,
2589 4459 2644 4505 et
2671 4451 2909 4521 exceptis
2934 4450 3215 4505 duodecim
3248 4451 3388 4505 inter
3416 4448 3692 4519 pelliﬁces,

512 4535 721 4617 LXXX.
764 4560 1078 4629 Quicunque
1129 4574 1349 4624 nmros,
1398 4560 1483 4615 vel
1526 4560 1725 4615 vallum
1775 4561 2010 4617 civitatis
2038 4535 2088 4595 Β
2114 4554 2169 4599 ει
2202 4559 2282 4599 ευ

1924 4562 2010 4617 “is
2038 4535 2088 4595 D
2114 4554 2169 4599 et
2202 4545 2440 4614 exceptis
2471 4542 2697 4600 sellariis
2726 4541 2994 4609 omnibus,
3029 4550 3083 4597 et
3111 4542 3513 4612 quatuorduter
3540 4556 3694 4612 cyro-

437 4651 812 4723 dissipaverit,
866 4658 1151 4719 componet
1202 4648 1553 4720 quadraginta
1615 4651 1813 4706 solidos
1857 4654 2015 4709 burc-

437 4745 642 4816 guavio.

507 4830 740 4886 LXXXI.
782 4830 1096 4899 Quicunque
1125 4843 1288 4897 snper
1309 4839 1534 4883 stratam
1563 4830 1913 4896 editicaverit,
1936 4834 2008 4887 si-

435 4922 633 4977 niiliter
651 4921 798 4977 dabit
821 4921 885 4974 ad
907 4920 1332 4974 emendationem
1356 4919 1693 4990 burcgravio.
1718 4922 1857 4977 Nulli
1882 4938 2007 4980 vero

433 5012 590 5067 debet
618 5010 883 5064 licentiam
916 5008 1063 5062 dare.

503 5100 741 5157 LXXXII
801 5098 967 5154 Nemo
997 5101 1198 5161 finium,
1232 5106 1324 5152 aut
1352 5100 1727 5169 purgationem
1760 5110 1883 5156 ante
1904 5103 2001 5158 do-

429 5208 578 5248 mum
602 5204 751 5244 suam
776 5197 956 5258 ponat,
991 5187 1092 5241 nisi
1124 5188 1302 5241 statim
1324 5187 1557 5243 educere
1580 5188 1736 5253 velit;
1766 5192 2003 5259 exceptis

426 5282 565 5346 locis
608 5280 674 5333 ad
718 5279 818 5333 hoc
863 5276 1099 5341 statutis,
1128 5274 1503 5342 seilieetjnxta
1534 5281 1841 5345 macellum,
1873 5282 2001 5336 item

730 5377 859 5390 -ι--.μ.
915 5368 973 5390 αι
1016 5368 1239 5390 _|----..---

2118 4635 2404 4701 thecarios,
2432 4641 2486 4689 et
2511 4644 2742 4704 quatuor
2782 4634 2922 4689 inter
2962 4633 3237 4704 panifices,
3283 4641 3337 4687 et
3383 4642 3506 4688 octo
3554 4634 3693 4688 inter

2114 4737 2342 4792 sutores,
2367 4736 2423 4781 et
2449 4726 2613 4781 fabris
2655 4726 2917 4790 omnibus,
2945 4734 3001 4779 et
3022 4727 3379 4795 carpentariis
3418 4726 3686 4788 omnibus,

2113 4833 2167 4879 et
2205 4822 2569 4884 carnificibus,
2608 4830 2662 4875 et
2699 4819 2935 4880 cupariis
2972 4820 3303 4875 vinariorum
3344 4834 3616 4874 vasorum.

2516 4909 2696 4969 XCIV.
2740 4910 2815 4965 De
2840 4911 2973 4965 curti
3000 4910 3282 4963 dominica.

2180 5002 2262 5057 Ad
2307 5001 2501 5057 curtitn
2548 5002 2895 5065 dominicam,
2939 5016 3044 5070 que
3082 5009 3166 5056 est
3217 4999 3357 5054 infra
3395 5001 3690 5063 civitatem,

2111 5093 2259 5148 dabit
2285 5092 2589 5148 causidicus
2636 5091 2892 5148 tredecim
2923 5091 3089 5146 boves
3115 5092 3180 5145 ad
3212 5078 3389 5145 aratra
3432 5093 3693 5161 episcopi,

2108 5198 2244 5252 quos
2271 5191 2453 5237 suiuet
2483 5182 2549 5236 de
2585 5198 2713 5239 casu
2744 5182 3023 5238 hominum
3055 5181 3295 5239 Ecclesie
3325 5181 3695 5244 morientium,

2107 5273 2482 5343 ctjumentum
2512 5287 2700 5335 unntn,
2739 5274 2883 5340 quod
2928 5272 3185 5341 magister
3223 5270 3393 5326 curtis
3436 5271 3705 5344 equitabit

2112 5374 2156 5390 Α.
2191 5363 2399 5390 ρΑ-ιιευισι
2432 5363 2581 5390 ..ιιι-ΑΙ
2622 5364 2686 5390 Α..
2716 5378 2873 5390 Λευ-..α
