4482 5524
803 368 909 424 595

1364 362 1803 417 ΕΒΚΕΜΩΑῌΠ
1846 362 2147 425 EPISCOPI
2183 360 2728 418 ARGENTINENSIS
2762 362 2980 418 LECES
3018 360 3489 419 MUNICII‘AI.ES.

3958 350 4064 410 536

804 479 969 531 rium.
1022 473 1351 529 Stadvlarius
1402 475 1549 528 dabit
1593 483 1834 535 aratrum
1882 488 1938 531 et
1983 476 2203 543 egedam
2246 473 2376 543 (I8).
2411 479 2457 535 A
2487 476 2761 546 serandas,
2803 477 2942 531 datis
2977 478 3077 533 sibi
3115 478 3180 532 de
3216 475 3485 544 republica
3529 470 3829 540 sumptibus
3871 476 3923 523 et
3970 481 4064 525 ex-

874 562 1079 620 XCVII.
1146 555 1335 619 Cetera
1396 564 1573 618 omnia
1610 604 1624 628 ,
1683 580 1787 634 que
1854 565 2156 618 necessaria
2211 573 2376 625 sunt,

802 651 1052 723 lrebebit
1102 650 1439 717 causidicus,
1490 660 1710 721 excepta
1767 653 2012 707 mercede
2061 662 2114 707 et
2168 665 2381 705 annona

803 742 1174 798 eervientium.

874 830 1099 901 XCVIII.
1137 829 1381 899 iudicum
1419 840 1644 914 uterque
1674 832 1820 889 dabit
1853 833 1905 890 in
1940 833 2201 897 messibus
2225 834 2381 913 quin-

802 937 909 990 que
935 922 1134 977 solidos
1155 962 1168 986 ,
1195 933 1249 976 et
1272 922 1529 994 magister
1556 924 2066 981 molendinariorum
2100 941 2262 980 unum
2304 940 2387 979 so—

803 1015 993 1083 lidum,
1039 1025 1093 1070 et
1146 1016 1402 1086 magister
1446 1031 1746 1088 cauponnm
1794 1034 1958 1074 unum
2003 1018 2261 1085 solidum,
2316 1019 2384 1074 ad

803 1104 1088 1159 enitendum
1132 1119 1323 1174 panem
1373 1106 1426 1160 in
1477 1106 1763 1162 messibus.

874 1192 1061 1249 XCIX.
1104 1195 1171 1250 Et
1210 1196 1424 1266 quando
1460 1198 1745 1253 trituratur
1772 1198 2096 1255 frumentum
2125 1202 2383 1274 episc0pi,

802 1285 954 1340 dabit
983 1286 1196 1353 utrique
1229 1286 1398 1357 judiei
1436 1288 1698 1344 maidrum
1745 1307 1908 1346 unum
1933 1292 2062 1361 (l9),
2095 1295 2217 1362 quia
2243 1295 2387 1363 ῇηάίτ

804 1390 896 1430 ces
938 1383 993 1430 et
1036 1390 1299 1446 precones
1349 1378 1620 1434 custodire
1660 1380 1856 1435 debent
1903 1379 2229 1437 frumentum
2274 1384 2386 1453 epi-

801 1464 951 1534 seOpi
990 1465 1043 1520 in
1081 1464 1359 1531 messibus,
1406 1468 1532 1529 dum
1576 1469 1813 1523 metitur.

871 1556 933 1611 Ο.
972 1556 1145 1613 Boves
1188 1558 1254 1612 ad
1288 1566 1466 1613 aratra
1501 1559 1738 1634 epise0pi
1774 1560 2103 1629 pertinentes
2142 1578 2247 1617 non
2287 1566 2381 1618 de:-

799 1646 889 1711 bet
936 1649 1241 1705 causidicus
1279 1650 1331 1705 in
1370 1650 1533 1708 alium
1565 1667 1721 1706 usum
1763 1653 2055 1721 applicare.
2101 1656 2205 1715 nisi
2246 1656 2384 1716 fcret

800 1737 868 1797 ad
910 1736 1187 1793 colendam
1235 1755 1386 1803 suam
1432 1740 1807 1807 sebucbbuze,
1852 1759 1950 1798 nec
1999 1745 2280 1815 episcopus
2326 1748 2378 1805 iu

798 1826 935 1893 alios
966 1828 1177 1900 aliquos
1216 1846 1343 1886 usus
1375 1830 1690 1898 transferre,
1732 1833 1830 1888 nisi
1863 1836 2030 1888 aratri
2064 1837 2167 1891 sni.

874 1916 959 1973 Cl.
993 1916 1050 1973 Si
1081 1919 1223 1975 inter
1256 1920 1352 1975 ltos
1381 1920 1545 1978 boves
1586 1938 1741 1984 unus.
1783 1924 1863 1978 vel
1898 1925 2021 1988 duo,
2077 1927 2157 1980 vel
2205 1928 2385 1997 plures

799 2009 973 2074 senio,
1021 2008 1105 2064 vel
1147 2009 1332 2081 aliquo
1360 2012 1466 2067 alio
1498 2014 1677 2078 modo,
1709 2024 1887 2083 preter
1929 2016 2172 2071 morbum
2201 2028 2384 2073 conta-

799 2101 896 2179 gii,
927 2100 1127 2156 fuerint
1165 2103 1387 2159 inutiles
1433 2105 1623 2160 redditi
1662 2105 1727 2160 ad
1767 2106 2055 2172 culturam,
2101 2109 2384 2166 carnifices

798 2193 996 2247 debent
1024 2209 1216 2249 carnes
1257 2210 1443 2250 eorum
1470 2196 1723 2261 vendere,
1754 2207 1808 2252 et
1833 2214 2081 2254 nummos
2112 2201 2388 2261 causidico,

799 2282 951 2347 dare,
988 2292 1042 2338 et
1077 2284 1293 2345 interim
1331 2285 1471 2341 nullc
1501 2286 1603 2343 alie
1639 2302 1830 2344 carnes
1861 2290 2136 2346 vendendo
2167 2301 2309 2347 sunt.

1288 2375 1393 2433 CII.
1454 2378 1531 2433 De
1574 2380 1902 2450 pelliﬁcibus.

868 2461 1014 2519 Inter
1054 2463 1311 2534 pelliflees
1346 2465 1625 2521 duodecim
1665 2478 1809 2533 sunt,
1843 2470 1931 2538 qui
1965 2487 2084 2526 eum
2131 2475 2384 2543 expensis

798 2551 1035 2621 episcopi
1073 2552 1251 2608 facere
1298 2553 1494 2609 debent
1541 2558 1707 2625 pelles
1752 2566 1807 2612 et
1846 2560 2078 2628 pellicia,
2121 2572 2383 2631 quantum

798 2642 1082 2712 episcopus
1114 2643 1361 2699 habuerit
1394 2660 1633 2702 necesse.
1686 2647 1885 2703 Horum
1936 2654 2220 2707 materiam
2267 2670 2383 2707 ma-

796 2734 965 2798 gister
988 2733 1293 2804 peIIiIicum,
1327 2739 1620 2806 assumptis
1659 2754 1839 2794 secum
1886 2751 2147 2812 quotquot
2186 2744 2383 2798 fuerint

799 2824 1091 2878 necessarii
1118 2825 1182 2879 de
1205 2825 1289 2880 bis
1310 2827 1613 2894 duodecim,
1640 2838 1782 2883 emet
1806 2830 1872 2885 de
1897 2842 2119 2901 argento
2145 2834 2381 2904 episcopi

797 2915 881 2969 vel
918 2914 1207 2983 Maguntie,
1247 2919 1327 2971 vel
1358 2917 1597 2975 Cuionie.
1641 2920 1699 2975 Si
1741 2921 2031 2992 dampnum
2069 2924 2283 2994 aliquod
2328 2926 2379 2983 in

798 3006 883 3059 via
910 3006 1217 3077 acceperint
1258 3018 1363 3062 tam
1413 3010 1464 3063 in
1517 3010 1696 3075 rebus,
1747 3028 1911 3081 quam
1957 3014 2007 3069 in
2051 3015 2379 3084 captivitate,

796 3099 1080 3170 episcotius
1123 3100 1281 3158 debet
1318 3101 1398 3155 eis
1446 3104 1753 3166 restituere.

1343 3189 1471 3255 CIII.
1526 3189 1606 3254 De
1653 3192 1834 3259 fabris.

871 3277 1170 3337 Fabrorum
1195 3280 1284 3347 ius
1310 3288 1410 3344 est,
1447 3282 1660 3350 quando
1684 3282 1967 3351 episcOpus
1991 3283 2111 3338 ierit
2140 3284 2189 3338 in
2222 3300 2387 3355 expeo

798 3367 1055 3428 ditionem
1120 3370 1503 3441 imperatoris,
1558 3373 1697 3441 quod
1755 3372 1981 3442 quilibet
2036 3374 2188 3431 faber
2240 3377 2387 3432 dabit

799 3475 1060 3529 equorum
1109 3460 1433 3517 ferramenta
1479 3473 1714 3532 quatuor
1750 3480 1871 3519 cum
1920 3467 2087 3521 clavis
2134 3469 2266 3531 suis,
2320 3470 2385 3523 de

797 3551 993 3618 quibus
1017 3552 1164 3606 dabit
1189 3552 1440 3622 episcOpo
1472 3553 1824 3623 bnrcgravius
1853 3555 1918 3609 ad
1950 3556 2132 3628 viginti
2158 3566 2387 3634 quatuor

798 3657 985 3711 equos,
1018 3644 1220 3712 reliqua
1249 3644 1352 3702 sibi
1377 3644 1644 3699 retinebit.

872 3730 1006 3788 CIV.
1058 3734 1113 3789 Si
1148 3735 1271 3789 ierit
1299 3736 1583 3804 episcopus
1618 3735 1683 3789 ad
1711 3737 1941 3805 curiam,
1978 3738 2203 3807 quilibet
2240 3738 2387 3792 dabit

800 3825 905 3879 duo
940 3824 1267 3880 ferramenta
1303 3842 1424 3880 eum
1451 3825 1617 3880 clavis
1640 3827 1775 3895 suis,
1810 3828 1874 3881 de
1909 3830 2108 3898 quibus
2130 3830 2384 3899 burcgra-

802 3918 922 3979 vius
952 3917 1018 3971 ad
1045 3916 1325 3972 duodecim
1355 3931 1523 3987 equos
1552 3917 1700 3972 dabit
1728 3918 2001 3988 episcopo,
2032 3920 2234 3990 reliqua
2260 3920 2390 3973 reti-

800 4009 968 4076 nebit.

866 4098 976 4156 CV.
1021 4100 1271 4155 Prcterea
1303 4099 1439 4155 fabri
1480 4101 1675 4155 debent
1714 4102 1895 4157 omnia
1926 4102 2134 4167 facere,
2163 4118 2267 4171 que
2295 4117 2386 4155 ne-

800 4190 1041 4256 cessaria
1075 4190 1324 4258 habuerit
1353 4191 1638 4261 episcopus
1679 4193 1729 4245 in
1762 4192 1970 4259 palaeio
2016 4208 2134 4264 suo,
2174 4195 2287 4253 sive
2332 4196 2385 4248 in

792 4282 998 4351 januis,
1029 4266 1142 4335 sive
1174 4280 1226 4335 in
1257 4281 1528 4348 fenestris,
1562 4281 1675 4336 sive
1698 4282 1748 4335 in
1769 4280 1952 4349 januis
1978 4298 2246 4347 vasorum,
2283 4298 2386 4351 que

797 4373 864 4436 de
903 4371 1125 4426 materia
1165 4370 1293 4426 ferri
1345 4370 1458 4425 ﬁeri
1514 4373 1817 4437 conveniat,
1866 4373 1988 4426 data
2035 4374 2114 4427 eis
2161 4375 2383 4429 materia

793 4465 951 4535 ferri,
978 4474 1034 4519 et
1062 4465 1367 4539 ministrata
1402 4466 1616 4521 interim
1650 4466 1855 4522 vivendi
1883 4483 2141 4538 expensa.

868 4556 999 4613 CVI.
1043 4556 1098 4612 Si
1131 4567 1369 4613 castrum
1398 4558 1612 4629 aliquod
1641 4561 1927 4631 episcopus
1964 4562 2259 4627 obsederit,
2298 4564 2382 4618 vel

794 4647 844 4712 ei
893 4646 1171 4702 obsessum
1224 4646 1424 4712 fuerit,
1468 4658 1738 4728 trecentas
1780 4652 1999 4721 sagittas
2045 4653 2265 4707 dabunt.
2324 4653 2379 4707 Si

794 4737 1043 4806 pluribus
1069 4739 1278 4808 eguerit
1305 4739 1609 4809 episcomts,
1644 4741 1710 4794 de
1740 4743 2039 4815 sumptibus
2076 4745 2189 4798 suis
2212 4752 2265 4797 et
2289 4760 2381 4799 ex-

794 4827 975 4911 pensis
1000 4825 1329 4883 sufficienter
1359 4829 1853 4898 amministrabnnt.

864 4916 1018 4981 CVII.
1059 4916 1353 4987 Ciansuras
1380 4927 1432 4975 et
1460 4927 1679 4983 catenas
1713 4920 1777 4981 ad
1812 4928 1996 4990 portas
2028 4922 2262 4989 civitatis
2285 4923 2379 4994 ob-

895 5094 979 5153 18)
1018 5092 1250 5153 Eaedam
1290 5093 1469 5150 berse.

895 5096 979 5153 18)
1018 5096 1065 5147 Ε
1100 5096 1250 5148 edam
1290 5096 1469 5150 berse.

865 5096 977 5236 ξω)
1019 5109 1284 5219 Maurum
1306 5180 1497 5236 unum.
1534 5163 1608 5218 Le
1631 5162 1834 5221 maMer
1872 5162 2001 5216 était
2032 5179 2134 5218 une
2168 5178 2379 5218 mesure

794 5234 1094 5305 allemaude
1134 5250 1269 5303 pour
1293 5234 1381 5305 les
1422 5234 1619 5289 solides
1663 5241 1954 5305 contienant
2002 5243 2194 5299 quatre
2232 5236 2374 5287 bois-

763 5319 767 5323 ‘
795 5302 981 5367 seaux.
1010 5302 1155 5358 selun
1181 5304 1258 5359 les
1280 5303 1581 5360 Glossaires
1613 5306 1678 5359 de
1708 5302 1942 5357 Scliilter
1964 5305 2101 5357 etde
2133 5305 2379 5372 Ducauge

816 5393 915 5403 ..-ι-
972 5374 1072 5403 KR!
1106 5385 1150 5403 Α,
1183 5388 1282 5403 ιιι...
1356 5372 1421 5403 IV
1490 5391 1591 5403 ...πη
1656 5373 1779 5403 ’.ΞἾΩΧ
1849 5371 2108 5403 ιυιιηιιιο..
2152 5374 2278 5403 Juno
2332 5373 2379 5403 In

814 5393 935 5458 pag.
969 5374 1074 5429 565
1102 5385 1150 5429 et
1180 5388 1304 5429 tam.
1355 5372 1441 5474 IV,
1490 5391 1610 5445 pag.
1654 5373 1801 5442 576).
1849 5371 2108 5427 Wacltter
2151 5374 2280 5437 dans
2323 5371 2379 5453 le

793 5445 1077 5524 stertipag.
1102 5444 1259 5524 I032)
1283 5444 1466 5508 déttve
1500 5446 1550 5501 Ie
1582 5455 1692 5500 tnot
1716 5441 1919 5497 maider
1961 5443 2025 5496 de
2064 5441 2255 5509 malea,
2287 5458 2380 5512 qut

2412 4513 2459 4571 D

2486 566 2685 635 pensis,
2714 565 2891 622 facere
2917 568 3130 622 debent.

2951 659 3125 714 CVIII.
3180 658 3255 713 De
3296 657 3576 713 sutoribus.

2556 749 2699 803 Inter
2725 759 2935 805 sutores
2962 760 3084 806 octo
3117 759 3264 815 sunt,
3295 750 3384 818 qui
3422 748 3676 819 episcopo
3700 745 3847 801 eunti
3875 743 3940 798 ad
3970 758 4062 798 cu-

2485 840 2774 905 riam,vel,
2804 841 3201 913 expeditionem
3240 840 3585 910 imperatoris
3632 836 3830 891 dabunt
3880 834 4062 888 thecas

2486 930 2952 997 candelabrorum,
2992 932 3340 987 taceinorum
3370 930 3482 1001 (‘20)
3513 939 3566 983 et
3595 928 3913 998 cypltorum.
3957 922 4069 975 Rr-

2486 1022 2629 1091 quua
2661 1023 2861 1088 omnia,
2891 1038 3209 1093 quecunque
3237 1022 3537 1077 necessaria
3566 1018 3764 1073 fuerint
3783 1017 3847 1069 ad
3890 1013 4064 1083 prcdi-

2485 1121 2593 1176 cta,
2627 1112 2707 1167 vel
2735 1114 2801 1168 ad
2830 1113 3137 1168 obsidiones
3159 1121 3479 1173 castrorum.
3504 1111 3614 1165 sive
3647 1110 3699 1162 in
3729 1106 3922 1175 angis,
3952 1103 4065 1158 sive

2487 1204 2540 1259 in
2570 1204 2769 1258 bustris
2803 1204 2933 1274 (21),
2982 1205 3095 1259 sive
3135 1205 3186 1259 in
3216 1217 3535 1274 quacunque
3564 1197 3911 1255 conveniente
3938 1208 4062 1264 pre—

2486 1296 2643 1351 dictis
2670 1295 2906 1366 negociis
2946 1294 3313 1373 suppellectile
3346 1295 3413 1349 de
3453 1293 3607 1364 nigro
3634 1288 3782 1344 corio
3822 1283 4068 1344 facienda,

2486 1385 2552 1454 de
2584 1385 2882 1456 sumptibus
2916 1394 2970 1441 et
3004 1386 3254 1456 expensis
3290 1384 3548 1455 episcopi,
3589 1380 3807 1435 facient.

2944 1474 3076 1532 CIX.
3115 1475 3189 1529 De
3226 1472 3614 1545 cyrotltecariis.

2554 1567 2794 1635 Quatuor
2817 1565 2958 1619 inter
2986 1564 3387 1636 eyrntbecarios
3412 1562 3558 1618 eunti
3588 1560 3838 1629 episcopo
3873 1554 3938 1607 ad
3967 1567 4065 1607 cu—

2482 1660 2638 1722 riam,
2690 1657 2776 1720 vel
2820 1638 3214 1725 expeditionem
3260 1655 3461 1717 dabunt
3501 1660 3866 1726 quantumque
3906 1642 4071 1705 fuerit

2482 1748 2846 1805 necessarium
2871 1726 2938 1801 de
2959 1745 3080 1799 albo
3106 1758 3268 1799 coreo
3299 1744 3365 1797 ad
3391 1744 3575 1796 tbecas
3599 1736 4068 1797 eandelabrorum,

2416 1828 2458 1887 Β
2487 1837 2830 1893 baccinorum
2860 1843 2914 1889 et
2935 1818 3269 1905 eypborum.‘
3291 1831 3515 1901 Reliqua
3548 1829 3750 1890 omnia,
3776 1832 4070 1894 quantum-

2486 1942 2698 1997 cunque
2740 1925 2936 1981 fuerint
2978 1923 3282 1979 necessaria
3331 1922 3397 1976 ad
3442 1921 3710 1991 predielas
3764 1932 3868 1977 res.
3902 1923 3951 1968 et
4000 1910 4070 1967 ad

2486 2028 2787 2073 castrorum
2818 2016 3145 2079 obsidiones,
3174 2014 3240 2069 de
3277 2014 3397 2067 albo
3420 2028 3577 2068 eoreo
3605 2011 3799 2067 facient
3826 2007 3890 2061 de
3923 2020 4070 2069 sum;-

2485 2110 2665 2179 ptibus
2693 2118 2743 2163 et
2776 2107 3025 2177 expensis
3052 2105 3307 2175 episcopi.

3016 2196 3126 2260 CX.
3186 2196 3259 2254 De
3304 2193 3547 2253 sellariis.

2556 2294 2763 2351 Sellarii
2789 2293 3038 2363 episc0po
3064 2291 3208 2345 eunti
3247 2289 3311 2343 ad
3343 2290 3545 2342 curiam
3584 2286 3715 2339 duas
3753 2282 3913 2337 sellas
3952 2294 4071 2333 soue

2486 2385 2685 2439 marias
2734 2384 2959 2443 dabunt,
3012 2382 3078 2433 ad
3127 2380 3519 2449 expeditionem
3562 2375 3769 2443 imperii
3815 2381 4065 2441 quatuor.

2487 2475 2541 2534 Si
2573 2474 2815 2548 pluribus
2844 2472 3071 2542 eguerit,
3114 2472 3178 2526 de
3222 2471 3525 2539 sumptibus
3569 2478 3622 2522 et
3667 2466 3916 2546 expensis
3956 2462 4073 2546 cpi-

2485 2564 2632 2633 scopi
2674 2561 2891 2616 facient.

2767 2652 2900 2707 CXI.
2952 2651 3029 2704 De
3063 2651 3429 2721 purgatoribus
3469 2648 3784 2719 gladiorum.

2558 2742 2820 2812 Episcopo
2854 2748 3016 2795 eunte
3054 2741 3105 2794 in
3145 2739 3559 2807 expeditionem,
3597 2737 3677 2792 vel
3727 2737 3792 2788 ad
3841 2733 4068 2796 curiam.|

2487 2833 2576 2902 qui
2609 2830 2812 2902 gladios
2839 2828 3047 2899 poliunt,
3097 2830 3292 2895 debent
3330 2842 3557 2899 purgare
3586 2826 3789 2896 gladios
3809 2833 3862 2878 et
3891 2823 4076 2893 galeas

2488 2921 2834 2984 vieedomini,
2863 2918 3164 2984 marsealci,
3189 2902 3438 2987 dapiferi,
3472 2918 3747 2987 pincerne,
3785 2912 4071 2969 camerarii

2487 3022 2541 3069 et
2572 3011 2842 3075 omnium,
2875 3010 2965 3080 qui
2994 3011 3281 3065 necessarii
3313 3019 3367 3061 et
3397 3008 3649 3063 cotidiani
3680 3012 3807 3061 sunt
3835 3003 4070 3058 ministri

2483 3103 2740 3173 episcopi.
2792 3101 3043 3155 Pretrrea
3077 3102 3380 3170 purgabant
3418 3098 3677 3154 venabula
3718 3096 3990 3166 episcopi,
4020 3093 4069 3162 si

2408 3168 2451 3228 (ί
2489 3208 2707 3254 necesse
2744 3191 2923 3247 fuerit.

2945 3280 3102 3347 CXII.
3148 3282 3221 3343 De
3272 3284 3607 3349 hecberariis.

2555 3375 2863 3430 Beclterarii
2896 3390 3083 3429 omnes
3111 3374 3416 3439 beebarios,
3443 3388 3797 3444 quoscunque
3820 3388 4074 3429 necessar.

2488 3468 2596 3521 rios
2626 3467 2872 3520 habuerit
2894 3466 3176 3533 episcopus
3208 3466 3286 3517 vel
3327 3464 3377 3517 in
3409 3464 3560 3518 curia
3584 3480 3704 3527 sua,
3730 3464 3811 3516 vel
3840 3465 4069 3533 impera,-

2487 3558 2639 3624 toris,
2670 3572 2789 3610 cum
2839 3570 2964 3610 eum
3005 3556 3229 3620 adierit,
3259 3555 3341 3608 vel
3386 3556 3734 3625 pruIicisecns
3770 3553 3835 3607 ad
3859 3542 4067 3608 curram

2488 3648 2851 3716 imperatoris,
2881 3647 2945 3702 de
2966 3648 3270 3716 sumptibus
3286 3655 3340 3699 et
3360 3646 3611 3716 expensis
3633 3645 3819 3715 ipsius,
3845 3642 4066 3698 facient.

2489 3740 2743 3810 Magister
2773 3749 2952 3793 autem
3000 3738 3345 3806 cupariorum
3387 3738 3537 3791 dabit
3567 3736 3847 3789 materiam
3898 3734 4073 3804 ligno-

2490 3848 2628 3893 rum.
2670 3831 2937 3894 Prmlet‘ea
2964 3830 3187 3891 cottidie
3233 3829 3381 3887 dabit
3410 3828 3550 3903 ligna
3581 3826 3913 3887 becberariis
3950 3824 4072 3911 epi-.

2489 3938 2657 3991 SCUpI.

2888 4058 2893 4063 .
2983 4013 3164 4068 CXIII.
3210 4014 3284 4067 De
3320 4013 3573 4082 cupariis.

2558 4107 2801 4179 (Iuparii,
2830 4106 2951 4159 data
2985 4107 3207 4160 materia
3240 4107 3505 4183 lignorum
3533 4119 3563 4157 a
3588 4102 3845 4173 magistro
3866 4114 3986 4164 suo,
4013 4108 4070 4154 et

2490 4199 2709 4252 circulis
2740 4196 3192 4267 ligaminibusque
3233 4196 3374 4250 datis
3418 4212 3448 4248 a
3477 4194 3759 4249 eeilerario
3804 4190 4066 4260 episcopi,

2489 4288 2689 4342 facient
2717 4288 2894 4341 omnia
2924 4301 3256 4356 quaecunque
3299 4284 3602 4340 necessaria
3652 4281 3902 4357 habuerit
3951 4280 4064 4348 epi-

2490 4395 2684 4450 scopus
2715 4378 2859 4433 domi
2888 4379 3150 4447 existens,
3178 4378 3261 4445 vel
3286 4378 3598 4447 imperator,
3624 4375 3708 4430 vel
3750 4372 4064 4456 imperatrix

2488 4488 2608 4527 eum
2636 4481 2916 4541 presentes
2942 4470 3177 4534 fuerint,
3226 4470 3292 4524 ad
3322 4469 3511 4524 balnea
3556 4483 3651 4523 sua
3677 4507 3690 4529 ,
3724 4476 3775 4521 et
3822 4472 4067 4536 preterea

2488 4564 2556 4618 ad
2582 4568 2899 4632 coquinum,
2934 4570 2987 4617 et
3028 4563 3093 4615 ad
3123 4577 3257 4632 Opus
3286 4563 3684 4631 pincernarum.
3719 4556 3978 4611 Similiter
4010 4563 4067 4608 et

2488 4672 2608 4710 eum
2633 4655 2781 4708 vadit
2811 4655 2876 4709 ad
2914 4654 3146 4717 curiam,
3174 4654 3361 4708 eadem
3405 4652 3585 4709 omnia
3612 4649 3915 4720 prebebunt
3941 4661 4063 4701 cum

2488 4746 2790 4814 sumptibus
2817 4754 2871 4799 et
2890 4745 3141 4815 expensis
3163 4744 3420 4814 episcopi.
3451 4742 3704 4797 Preterea
3738 4738 3918 4794 omnia
3935 4751 4062 4791 vasa

2486 4837 2700 4909 vinaria
2719 4851 2882 4906 parva
2914 4844 2968 4890 et
2995 4850 3187 4903 magna
3218 4834 3456 4905 episcopi
3478 4833 3741 4904 Iigabunt,
3767 4844 3888 4897 eum
3918 4844 4067 4885 smne.

2485 4928 2667 5011 ptibus
2686 4938 2740 4981 et
2765 4926 3015 5005 expensis
3041 4925 3176 4994 ejus.

2486 5094 2533 5162 le
2562 5106 2670 5150 mot
2702 5096 2933 5163 fratreais
2956 5097 3147 5151 bassin.
3179 5096 3256 5152 On
3285 5096 3343 5149 Iit
3367 5096 3501 5149 dans
3523 5095 3778 5166 Crégnire
3804 5096 3867 5151 de
3891 5096 4061 5153 Tonrs

2486 5167 2650 5238 {11:251.
2704 5183 2751 5222 (ξ.
2788 5169 2878 5237 28)
2912 5182 2924 5221 :
2954 5186 2969 5217 ε
3003 5167 3135 5220 Cum
3190 5169 3394 5220 duobus
3435 5168 3635 5237 pateris
3670 5167 3879 5238 ligneis,
3927 5183 4062 5236 quas

2486 5240 2643 5307 vulgo
2683 5238 2964 5305 bace/nua):
3004 5248 3214 5291 vocant.
3247 5256 3264 5287 ι
3958 5244 3961 5247 ‘

2559 5328 2671 5399 (21)
2707 5326 2824 5381 Sive
2854 5328 2909 5380 in
2936 5327 3125 5396 (Iuliis,
3155 5328 3258 5388 sire
3302 5327 3354 5381 in
3392 5328 3601 5399 (inuris.
3655 5327 3826 5395 Bulga
3854 5337 3951 5399 gest
3986 5344 4057 5381 un

2472 5397 2805 5454 .treS-ancien
2829 5406 2941 5467 mot
2967 5398 3217 5467 celtique.
3239 5398 3341 5467 qui
3369 5397 3579 5467 signitie
3621 5413 3689 5450 un
3717 5412 3808 5453 sae
3837 5397 3901 5453 de
3922 5399 4055 5451 euir.

2481 5469 2675 5524 Festus
2722 5468 2841 5520 dit:
2889 5466 3086 5524 Bulqas
3147 5465 3286 5519 Galli
3340 5465 3518 5521 saccos
3568 5476 3794 5521 scorteo:
3855 5477 4055 5522 cacant.
