4482 5524
422 335 515 387 601
1587 337 1673 391 DE
1717 337 1871 391 VITA
1916 338 1971 391 S.
2018 340 2473 395 FRUDUBEHTI.

422 445 575 495 Stant
602 452 655 496 et
686 442 915 497 millenw
944 459 1227 496 numerosa
1258 445 1474 512 prattttia
1507 446 1718 513 palum},

491 533 631 599 Quas
660 534 771 587 hcce
798 534 915 585 aula
946 534 1057 587 suis
1086 533 1325 588 conferet
1350 536 1610 589 emeritis.

423 621 517 673 liie
543 620 765 673 redeunt
791 621 930 674 tristi
962 621 1227 675 venientia
1257 620 1454 674 lutnina
1486 623 1677 686 fronti;

493 708 905 778 Morborumqne
931 726 1119 780 greges
1148 712 1233 765 hic
1260 713 1501 765 cecidere
1533 729 1743 783 graves.

418 798 651 851 Claudus
683 800 781 852 init
808 816 1049 869 gressum
1082 802 1234 855 nodis
1262 818 1516 872 compage
1546 804 1763 867 salutis;

491 887 693 956 llicqtte
721 890 865 943 dedit
894 890 1077 945 faciles
1105 901 1243 945 terra
1273 901 1462 961 negata
1496 894 1629 947 vias.

423 980 687 1033 ltatmonis
719 991 773 1035 et
798 982 983 1035 solitas
1008 982 1156 1037 furor
1188 983 1274 1037 hic
1306 984 1572 1054 collapsus
1611 985 1661 1037 in
1688 999 1848 1041 auras

492 1071 692 1125 Desinit
716 1072 766 1125 itt
796 1083 1029 1127 mentem
1057 1076 1294 1127 membra
1328 1076 1503 1129 redire
1532 1092 1704 1130 suam.

419 1159 496 1224 Qu
520 1175 563 1213 )S
602 1173 827 1230 augusta
860 1173 1109 1231 premunt
1137 1174 1445 1233 surgentunt
1476 1166 1669 1218 damna
1700 1166 1982 1231 malorum,

489 1251 583 1306 llic
622 1253 852 1307 refluuttt
880 1270 1053 1309 causa:
1084 1255 1325 1322 corporis
1357 1265 1517 1325 atque
1547 1259 1756 1311 animm.

419 1340 475 1393 Si
510 1356 829 1411 quemquam
859 1344 1121 1398 scelerum
1156 1347 1418 1415 depressit
1447 1347 1597 1414 culpa
1632 1358 1941 1410 nocentum,

487 1434 541 1487 Si
578 1438 710 1505 petit
741 1438 825 1492 hic
852 1439 1080 1503 veniam,
1116 1440 1237 1492 hinc
1264 1440 1445 1492 retulit
1476 1440 1765 1492 salubrem.

3555 351 3655 405 602

2014 474 2062 530 Α
2093 449 2566 507 lnnumerabilium
2599 464 2797 511 retmct
2827 456 2962 510 liber
2990 458 3088 512 istc
3116 460 3375 513 bonorum

2171 537 2416 603 Praemia,
2442 542 2683 603 virtutes,
2709 545 2949 612 miraque
2980 555 3149 613 gesta,
3182 546 3363 614 dapes.

2097 631 2240 693 Quos
2266 632 2306 684 si
2334 633 2452 700 quis
2486 634 2713 687 recizare
2754 635 2901 697 velit,
2934 637 3147 689 millena
3181 648 3486 705 supersunt.

2168 719 2365 789 Pagina
2395 736 2511 789 quae
2540 724 2706 785 siluit,
2736 739 2831 778 nec
2858 724 2994 779 liber
3027 727 3125 779 iste
3155 729 3317 780 canit.

2096 805 2227 858 Nam
2260 808 2343 875 pia
2376 807 2514 863 facta
2539 811 2709 864 sacris
2743 813 2786 865 si
2818 814 2937 881 quis
2968 816 3423 882 conqtrebcndcre
3452 817 3595 872 libris

2169 898 2359 960 Vellet,
2386 899 2735 955 inexhaustus
2758 904 2997 957 vinceret
3024 905 3152 957 hora
3184 905 3316 959 dies.

2092 984 2264 1038 Pauca
2300 988 2452 1041 fidem
2478 988 2675 1041 faciant
2698 990 2945 1045 brevibus
2970 994 3055 1060 qui
3089 993 3393 1047 incredulus
3424 996 3560 1059 istis,

2164 1076 2227 1129 Et
2259 1076 2532 1131 dttbitator
2561 1080 2682 1143 erit,
2716 1097 2811 1134 nec
2836 1082 3039 1150 potiora
3070 1084 3227 1151 capit.

2090 1164 2206 1217 Jatn
2234 1166 2324 1218 tibi
2354 1177 2623 1235 perpetua:
2663 1179 2913 1222 maneant
2943 1170 2992 1223 in
3030 1173 3221 1224 saecula
3251 1172 3453 1237 laudes,

2156 1256 2200 1305 υ
2228 1254 2577 1317 Frodoberte,
2605 1265 2694 1309 tuo
2723 1265 2775 1310 et
2806 1258 3062 1311 miserere
3086 1261 3252 1327 gregi.

2087 1344 2159 1397 'l'e
2192 1346 2387 1397 t'ezittet
2421 1362 2638 1415 regnum
2664 1361 2758 1413 per
2788 1347 2975 1415 gattdia
3010 1347 3163 1416 longa
3207 1364 3532 1420 supernum;

2155 1436 2389 1489 Tandem
2424 1438 2503 1488 fac
2530 1445 2701 1490 tecum
2730 1454 2825 1489 nos
2856 1438 3087 1491 retinere
3119 1440 3317 1506 polum.

1586 1738 2039 1826 INCIPIT
2109 1740 2425 1830 VIT.-\.

519 1956 870 2011 Frmloberms
913 1958 1237 2010 Tricassinas
1258 1973 1359 2026 quo
1386 1967 1610 2025 tempore
1631 1958 1884 2025 ﬂoruerit.

487 2048 537 2100 1.
588 2047 709 2100 Fuit
758 2049 839 2099 vir
888 2049 1010 2100 vitae
1054 2048 1205 2100 Valde
1249 2047 1604 2110 venerabilis,
1640 2048 1870 2116 egregia:
1917 2062 1979 2101 ac

409 2139 660 2207 pretiosa:
692 2140 960 2191 memoriae
984 2138 1366 2202 Frodobertus,
1398 2154 1555 2207 quem
1589 2139 1841 2206 singulari
1879 2139 1980 2191 fide

411 2236 465 2278 et
530 2225 793 2294 probitate
843 2227 1275 2289 sanctissimum,
1308 2229 1425 2281 cive
1477 2227 1789 2280 felicissimo
1835 2227 1975 2279 divi-

414 2316 560 2368 uitus
606 2315 877 2368 cumulata
930 2314 1304 2369 Trec:tssensis
1341 2317 1521 2385 oppidi
1566 2316 1719 2369 tellus
1771 2314 1975 2377 effudit,

411 2408 725 2474 parentibus
750 2406 965 2475 quidem
998 2407 1361 2461 mediocribus
1396 2417 1598 2469 ortum,
1639 2407 1734 2460 sed
1775 2406 1979 2459 incom-

411 2497 637 2565 parabili
669 2498 863 2549 mentis
885 2496 1060 2550 nitore
1085 2498 1465 2551 clarissimum.
1493 2496 1696 2566 Quippe
1719 2495 1807 2564 qui
1844 2497 1980 2548 inter

411 2588 524 2655 ipsa
571 2586 684 2654 jam
740 2596 938 2641 tenera:
986 2590 1164 2641 attatis
1223 2589 1513 2657 primordia
1566 2603 1659 2640 vas
1705 2585 1981 2640 electionis

412 2677 856 2732 manifestissime
883 2678 1215 2746 designatus,
1250 2680 1301 2730 in
1335 2678 1555 2731 infantis
1584 2687 1798 2746 pectore
1822 2676 1978 2745 spiri-

411 2768 611 2821 tualem
643 2783 707 2821 ac
752 2768 1206 2835 perfectissimum
1251 2770 1443 2837 agebat
1497 2770 1688 2830 virum,
1718 2783 1977 2821 annorum

411 2861 756 2929 exiguitatem
788 2860 1089 2915 sanctitatis
1128 2868 1181 2913 et
1236 2861 1420 2929 gratiae
1448 2860 1570 2914 dote
1607 2872 1977 2925 compcnsaus.

411 2949 729 3019 Diligentius
764 2964 894 3004 sane
938 2951 1194 3019 temporis
1228 2951 1368 3004 serie
1409 2950 1678 3013 revoluta,
1721 2950 1818 3003 sub
1857 2962 1979 3014 rege

410 3039 743 3093 Francorum
780 3041 1049 3095 Clodoveo
1095 3041 1379 3110 Dagoberti
1424 3040 1554 3105 tilio,
1591 3042 1825 3109 itemque
1856 3040 1978 3095 Clo-

413 3130 589 3183 thario
613 3128 833 3197 juniore
869 3130 1109 3198 ejusdem
1150 3128 1402 3184 Clodovei
1454 3129 1589 3193 ﬁlio,
1618 3132 1705 3184 hic
1748 3132 1858 3199 ipse
1889 3146 1978 3185 sa-

409 3221 599 3274 cerdos
646 3222 914 3288 pretiosus
962 3230 1016 3273 et
1064 3220 1229 3274 abbas
1281 3221 1513 3275 eximius
1558 3222 1981 3291 deprehenditur

2016 1962 2057 2019 Β
2089 1956 2400 2023 adintpleret
2426 1972 2438 2018 ;
2470 1955 2594 2009 illud
2625 1970 2804 2009 secum
2828 1966 2875 2010 et
2908 1956 3239 2025 frequentius
3265 1964 3311 2009 ct
3342 1956 3653 2013 familiarius

2084 2046 2373 2115 replicans,
2424 2060 2528 2099 non
2568 2048 2842 2099 auditores
2873 2057 3080 2099 tantum
3139 2048 3269 2114 legis
3296 2048 3433 2116 apud
3464 2048 3649 2105 Deum.

2081 2138 2172 2190 scd
2227 2136 2458 2190 fat-tores
2490 2138 2666 2206 potius
2719 2135 3002 2203 jttstifieari
3037 2136 3210 2204 (Rom.
3259 2154 3314 2200 ll,
3372 2139 3480 2207 I3).
3514 2136 3650 2191 Tum

2082 2240 2210 2278 vero
2246 2240 2501 2279 cerneres
2547 2242 2668 2278 cum
2734 2227 2972 2292 priurum
3016 2225 3113 2278 sibi
3160 2224 3376 2277 l'atrunt
3412 2224 3652 2293 exempla

2080 2317 2325 2369 Certatim
2359 2316 2656 2369 remulantla
2683 2326 3089 2383 propottctttem,
3118 2316 3313 2383 vixque
3341 2316 3654 2369 discernere

2080 2407 2353 2460 sttﬂiccres
2383 2407 2434 2459 in
2458 2422 2566 2474 quo
2589 2408 2851 2459 virtutum
2900 2422 3099 2476 genere
3143 2406 3430 2475 perfectius
3459 2406 3653 2459 emica-

2082 2509 2182 2549 ret.
2207 2496 2379 2565 Atque
2405 2507 2460 2550 ut
2488 2512 2546 2551 se
2600 2507 2767 2550 totum
2815 2498 2922 2549 Deo
2952 2496 3323 2550 rationabilem
3353 2497 3650 2558 victimam,

2079 2588 2432 2656 etspirituale
2490 2596 2753 2641 mactaret
2815 2588 3207 2651 holocaustum,
3274 2588 3339 2641 ad
3397 2603 3548 2641 usum
3596 2602 3655 2640 se

2081 2679 2345 2732 continua:
2374 2679 2635 2732 orationis
2668 2678 2946 2748 applicuit,
2978 2680 3283 2748 quietisque
3338 2678 3646 2746 impatiens,

2080 2769 2431 2837 apostolicum
2470 2779 2819 2837 prmccptutn,
2885 2770 3025 2837 quod
3090 2769 3204 2822 sine
3258 2767 3654 2821 intermissione

2079 2858 2337 2911 orandum
2369 2857 2594 2925 docctU
2636 2858 2812 2911 Tltess.
2852 2875 2903 2921 v,
2953 2859 3068 2927 l7),
3119 2873 3147 2909 a
3186 2858 3363 2925 scipso
3393 2856 3653 2925 importu-

2082 2953 2200 3005 nius
2252 2953 2518 3021 exigebat.
2564 2952 2757 3019 Jejunii
2804 2968 2931 3007 vero
2971 2953 3371 3006 observantiam
3403 2966 3509 3005 non
3542 2960 3650 3005 tam

2080 3044 2330 3111 frequens
2354 3059 2514 3112 quam
2547 3043 3151 3106 cootinuusexereebat,
3183 3044 3375 3096 doctus
3404 3042 3642 3095 auctori-

2082 3146 2185 3190 tatt-
2210 3137 2511 3198 Dominica,
2545 3138 2644 3190 hoc
2667 3136 2865 3205 duplici
2918 3134 3186 3206 pugnandi
3231 3150 3427 3204 genere
3455 3132 3639 3187 nefan-

2084 3226 2362 3279 dissitnum
2422 3224 2549 3277 illud
2606 3224 2992 3277 dzemoniorttm
3036 3236 3204 3293 genus
3252 3235 3408 3290 posse
3454 3219 3649 3289 depelli

409 3310 677 3375 floruisse,
722 3326 845 3365 cum
882 3312 1021 3380 apud
1065 3310 1341 3380 prml'atam
1382 3312 1568 3365 urbem
1600 3312 1978 3366 Trecassiuam
2014 3298 2057 3357 Ο
2092 3314 2306 3383 (Matth.
2341 3329 2473 3375 xvii,
2515 3312 2627 3381 20).
2689 3311 2999 3380 Httjnsmodi
3049 3321 3377 3364 armaturam
3405 3308 3514 3377 jam
3543 3320 3652 3362 Iunt

408 3400 783 3471 Ragnegisilus
839 3401 1078 3470 pontifex
1110 3402 1277 3454 vicem
1307 3402 1653 3468 apostolicam
1708 3402 1977 3455 ministra-

410 3500 511 3546 ret.
563 3492 686 3547 Fuit
713 3502 892 3546 autem
922 3494 1059 3546 idem
1104 3493 1478 3563 Ragnegisilus
1509 3494 1723 3548 natione
1758 3493 1977 3562 Aquita-

409 3597 527 3645 nus,
560 3582 820 3651 septimus
842 3582 1082 3637 decimus
1101 3582 1213 3651 jam
1227 3583 1383 3637 dicta:
1406 3584 1637 3637 civitatis
1664 3585 1975 3652 episcopus;

406 3674 473 3726 de
499 3688 604 3741 quo
642 3673 810 3728 fertur
838 3676 975 3729 inter
1003 3686 1196 3729 czetcra
1220 3676 1359 3743 quod
1379 3676 1651 3729 basilicam
1683 3674 1743 3727 B.
1767 3674 1979 3729 Savium

408 3764 631 3832 virginis
659 3765 710 3818 in
746 3764 912 3820 fundo
960 3767 1039 3820 sui
1080 3766 1221 3835 juris
1251 3767 1636 3829 construxerit,
1691 3767 1976 3821 ecclesiam

407 3856 490 3907 ctti
529 3855 848 3923 praesidebat
876 3857 1141 3912 hmrcdem
1195 3859 1499 3918 instituens,
1558 3858 1608 3910 in
1642 3873 1851 3925 quaque
1881 3858 1978 3911 lto-

408 3944 631 3998 norifiee
655 3944 894 4013 sepultus
918 3946 1083 4015 jacet.
1120 3946 1263 4000 Vixit
1289 3956 1466 4000 autem
1496 3946 1554 3998 Β.
1614 3948 1979 4001 Frodohertus

407 4036 508 4089 sub
534 4035 769 4105 quinque
816 4051 925 4090 sua}
966 4038 1201 4092 civitatis
1236 4039 1501 4107 episc0pis
1538 4039 1634 4109 (2),
1692 4054 1863 4107 usque
1913 4039 1978 4091 ad

406 4129 703 4195 Abbonem,
736 4130 827 4199 qui
858 4130 1143 4184 vicesimus
1175 4133 1377 4201 primus
1403 4132 1641 4200 ejusdem
1671 4132 1817 4184 urbis
1849 4146 1979 4199 pon-

410 4218 532 4272 tifex
565 4220 841 4274 exstitisse
864 4222 1195 4289 cognocitur.

568 4308 773 4362 Studiis
806 4309 1056 4361 traduur.
1082 4308 1269 4377 Implet
1294 4325 1444 4378 apere
1466 4312 1604 4379 quod
1634 4310 1806 4363 discit.

474 4400 527 4451 εὶ.
565 4399 761 4453 Verum
788 4412 845 4452 ut
874 4400 937 4452 ad
970 4416 1148 4453 rerum
1173 4402 1416 4454 ordinem
1453 4417 1816 4465 recurratnns,
1850 4416 1979 4455 con-

405 4492 579 4546 festim
603 4502 814 4546 utattas
845 4493 1085 4560 pertulit,
1137 4494 1375 4562 pratdicti
1419 4495 1687 4562 pontificis
1714 4494 1980 4563 Ragnegi-

404 4585 486 4638 sili
509 4585 709 4639 scholis
736 4596 1020 4654 parentum
1052 4586 1231 4641 studio
1277 4588 1631 4656 mancipatur.
1673 4587 1748 4640 lbi
1777 4588 1978 4641 sanctis

405 4677 593 4731 studiis
623 4678 918 4739 enutritus,
950 4678 1078 4746 quid
1130 4677 1272 4741 ﬁdei,
1324 4678 1449 4747 quid
1478 4678 1761 4747 probitatis
1787 4676 1893 4744 iam
1924 4678 1974 4731 in

404 4771 690 4838 semetipso
714 4768 1031 4837 praetulerit,
1059 4768 1314 4837 explicari
1354 4785 1459 4823 non
1514 4778 1708 4839 potest.
1740 4770 1977 4840 Denique

405 4874 583 4914 amore
604 4857 841 4914 caalestis
881 4858 1063 4927 patrias
1088 4859 1325 4928 impense
1352 4858 1603 4929 ﬂagrans,
1634 4859 1890 4927 quidquid
1925 4860 1974 4911 in

402 4949 597 5003 divinis
624 4949 944 5004 lectionibus
972 4949 1242 5003 intellectu
1270 4963 1462 5019 capere
1487 4959 1715 5018 poterat,
1758 4966 1881 5005 mox
1911 4950 1978 5003 ad

401 5038 645 5095 effectum
696 5038 869 5093 sancti
916 5040 1092 5108 aperis
1149 5040 1537 5094 instantissime
1590 5040 1971 5097 transferebat.

400 5129 583 5201 Itaque
610 5129 883 5185 indefesso
910 5131 1088 5185 studio
1115 5129 1406 5200 purissima
1444 5129 1853 5202 Scripturarum
1878 5130 1975 5185 ίιυ-

399 5232 517 5279 enta
546 5221 919 5290 frequentans,
963 5218 1236 5275 interioris
1286 5218 1522 5276 hominis
1577 5220 1793 5285 faciem,
1827 5219 1976 5291 quasi

400 5314 637 5368 adhibito
669 5309 900 5382 quodam
933 5308 1367 5381 splendidissimo
1411 5312 1627 5377 speculo
1681 5324 1979 5384 compone-

397 5403 512 5468 bat;
535 5400 822 5467 scelusque
854 5400 1132 5467 reputabat
1156 5399 1575 5466 permaxitnum,
1599 5400 1641 5455 si
1672 5398 1753 5453 vel
1782 5412 1976 5473 parum

398 5498 644 5524 aII-1:.‘p‘nm
974 5494 1113 5524 ιιι-ΛΑ
1168 5507 1270 5524 nnn
1329 5511 1358 5524 Δ
1406 5496 1631 5524 ι-Δβιζι-ΣΑ
1674 5492 1977 5524 ΔΜΑΑΑΖΙΩ.

2081 3409 2131 3461 itt
2154 3408 2348 3461 divina:
2372 3408 2574 3460 militi:e
2605 3406 2804 3460 scholis
2827 3419 2997 3458 novus
3023 3402 3221 3457 Christi
3250 3402 3401 3456 miles
3431 3403 3651 3454 adsum-

2078 3508 2280 3569 pserat,
2303 3507 2357 3552 et
2382 3497 2601 3551 eteleste
2639 3510 2809 3565 nuper
2854 3494 3127 3565 professus
3158 3493 3494 3553 tirocinium,
3532 3506 3649 3544 sese

2081 3591 2146 3642 ad
2175 3588 2516 3641 debellandas
2567 3584 2878 3655 spirituales
2909 3583 3179 3651 nequitias
3212 3579 3655 3648 circumSpcctitts

2082 3680 2438 3751 prmparabat.

2435 3767 2735 3821 Da’monem
2760 3766 2906 3834 signa
2935 3764 3103 3816 crucis
3136 3762 3302 3832 fugat.

2151 3859 2202 3911 5.
2238 3858 2441 3911 Interea
2468 3857 2550 3910 bis
2577 3866 2683 3909 tam
2710 3856 2909 3908 sanctis
2957 3863 3170 3921 tamque
3200 3850 3419 3919 optimis
3457 3848 3651 3903 studiis

2084 3966 2186 4002 non
2212 3949 2429 4002 defuere
2461 3948 2618 4000 livida
2652 3946 2817 3999 hostis
2848 3944 3028 3999 callidi
3057 3951 3411 3996 tentantenta.
3438 3939 3657 3993 Futurae

2081 4040 2224 4094 enim
2253 4040 2304 4091 itt
2331 4054 2395 4089 eo
2415 4038 2721 4091 sanctitatis
2751 4035 3153 4095 excellentiam,
3187 4033 3434 4087 humana:
3457 4029 3654 4083 salutis

2084 4131 2423 4183 adversarius
2453 4128 2564 4195 jam
2590 4129 2639 4180 itt
2674 4128 2829 4179 annis
2859 4127 3153 4195 puerilibus
3186 4124 3476 4177 invidebat.
3508 4120 3660 4176 Unti’:

2082 4222 2219 4273 sicut
2247 4220 2359 4288 ipso
2382 4219 2720 4287 postmodum
2753 4217 3018 4271 referente.
3041 4225 3375 4284 compertum
3399 4219 3504 4277 es‘,
3530 4227 3657 4267 dum

2081 4323 2176 4376 pro
2204 4307 2457 4359 discendo
2488 4305 2750 4360 Psalterio
2776 4304 3011 4359 scholam
3044 4310 3343 4372 expeteret,
3384 4300 3575 4355 crebro
3600 4314 3657 4352 se

2081 4398 2324 4451 diabolus
2352 4396 2464 4464 ejus
2496 4396 2805 4466 aspectibus
2840 4395 3135 4465 ingerebat,
3188 4393 3409 4462 pavidos
3438 4406 3533 4460 per
3559 4405 3656 4444 na-

2085 4497 2256 4541 turam
2283 4489 2492 4541 animos
2535 4488 2734 4558 ingenti
2786 4489 3052 4540 minarum
3100 4494 3153 4539 et
3205 4484 3507 4537 formidinis
3539 4492 3656 4535 arte

2085 4580 2414 4632 concutiens.
2452 4576 2648 4633 Verum
2704 4593 2836 4648 puer
2884 4577 3049 4630 divini
3083 4575 3302 4644 ingenii,
3348 4573 3658 4627 daemonica:

2011 4636 2054 4693 D
2088 4670 2295 4723 fraudis
2324 4679 2377 4724 et
2403 4671 2659 4724 versutia:
2689 4686 2793 4723 non
2828 4670 3071 4739 ignarus,
3095 4667 3346 4721 salutaris
3378 4665 3513 4735 signi
3547 4665 3657 4736 cly-

2086 4775 2187 4827 pco
2236 4774 2338 4812 non
2388 4760 2564 4813 minus
2627 4757 2858 4813 frontem
2926 4773 3086 4827 quam
3148 4764 3335 4827 pectus
3390 4755 3656 4820 armabat,

2089 4851 2364 4920 Deumque
2413 4850 2513 4904 sibi
2566 4851 2864 4917 adjutorem
2908 4850 3184 4912 invocans,
3214 4853 3527 4915 argumenta
3562 4844 3661 4899 ini-

2089 4945 2212 4998 ntici
2246 4943 2437 4997 callida
2461 4942 2694 4996 vn'iliter
2723 4940 3061 5010 proterebat.

2558 5030 2611 5083 .ll
2622 5033 2719 5084 atri
2743 5033 2903 5083 risum
2935 5029 3154 5082 restituit

2159 5126 2211 5179 4.
2246 5124 2469 5191 Jamque
2522 5129 2734 5191 tempus
2769 5122 2978 5184 aderat,
3026 5128 3084 5173 ut
3116 5119 3333 5173 lucerna
3398 5128 3520 5186 qua:
3564 5113 3666 5170 sub

2086 5219 2251 5273 modii
2306 5213 2546 5268 latibulis
2597 5222 2823 5267 eatenus
2870 5210 3047 5264 fuerat
3110 5207 3404 5272 occultata,
3437 5204 3669 5261 sidereae

2085 5309 2346 5367 claritatis
2371 5307 2422 5361 in
2450 5304 2828 5375 populojubar
2850 5302 3180 5361 infunderet.
3210 5300 3460 5371 Namque
3484 5307 3546 5351 ut
3575 5315 3671 5355 cu-

2078 5402 2169 5471 jus
2186 5408 2327 5459 esset
2349 5399 2487 5469 apud
2506 5397 2674 5453 Deum
2694 5396 2871 5452 meriti
2895 5394 3053 5467 longe
3068 5396 3284 5463 lateque
3316 5391 3670 5453 claresceret,

2087 5496 2186 5524 οζιις
2210 5491 2459 5524 hinnitum
2493 5489 2713 5524 nutu-ilic
2742 5487 3061 5524 innnnnnlim
3095 5486 3389 5524 nurilnlnm
3430 5496 3668 5524 annm-nn
