4482 5524
840 406 942 462 605

1958 399 2249 457 ADSONIS
2286 397 2669 453 DERVENSIS
2709 397 2996 452 ABBATlS

4000 394 4105 451 σοι

838 515 1353 589 dispositiodignata
1372 512 2423 583 estmiraculodeclarare.Contigititao
2459 515 2501 572 Α
2534 524 2684 561 suam
2742 519 2800 561 ut
2840 508 3017 562 illatas
3079 506 3307 577 injurias
3355 506 3613 576 patientia
3661 507 3923 572 vinceret,
3971 509 4103 564 illud

837 623 941 676 que
962 614 1189 659 matrem
1205 603 1341 672 ejus,
1376 603 1657 658 oculorum
1683 602 1941 672 suffragio
1966 605 2309 668 destitutam,
2337 604 2417 657 lu-

837 696 1002 753 minis
1021 694 1360 765 dispendium
1406 692 1703 747 incurrisse
1727 709 1740 757 ;
1760 692 2219 762 etunquelougam
2239 694 2289 746 in
2314 709 2416 748 cte-

836 785 1057 840 citatem
1079 792 1291 837 noctem
1309 783 1552 845 trahens,
1571 782 1736 836 vitam
1769 796 2002 836 maerore
2036 793 2414 848 consumeret,

835 877 923 932 die
966 875 1201 945 quadam
1275 873 1443 927 filium
1518 873 1664 927 inter
1740 872 2019 943 amplexus
2069 873 2412 938 detnulcens,

834 967 1083 1021 obsecrat
1140 972 1201 1018 ut
1245 978 1411 1018 manu
1460 978 1556 1018 sua
1614 963 1794 1019 crucis
1849 964 2063 1035 signum
2098 980 2261 1034 super
2287 982 2415 1021 ocu-

833 1056 912 1112 los
986 1055 1103 1125 ejus
1154 1056 1503 1125 exprimeret.
1570 1054 1722 1121 Quod
1788 1069 1908 1109 cum
1968 1056 2058 1111 ille
2121 1058 2411 1122 abnueret,

834 1155 1013 1201 mater
1058 1162 1187 1202 vero
1227 1146 1587 1216 importunius
1613 1156 1957 1218 perurgeret,
2009 1148 2225 1203 tandem
2300 1165 2415 1204 ma-

836 1246 987 1290 terna
1046 1245 1322 1306 permotus
1369 1236 1647 1301 instantia,
1721 1237 1972 1292 invocato
2024 1238 2270 1302 Domino,
2325 1253 2413 1293 sa-

834 1325 1105 1381 lntiferum
1153 1328 1365 1398 signum
1427 1342 1591 1396 super
1637 1327 1821 1381 oculos
1867 1329 2144 1397 genitricis
2193 1344 2415 1399 expres-

838 1415 926 1468 sit.
958 1414 1111 1470 lllico
1138 1417 1456 1471 cedentibus
1480 1416 1723 1471 tenebris
1750 1416 1839 1470 lux
1869 1419 2042 1471 amica
2100 1419 2409 1483 revertitur,

830 1512 884 1559 et
901 1504 1110 1571 parvuli
1126 1505 1319 1559 merito
1335 1504 1425 1557 filii
1446 1520 1696 1572 magnum
1713 1505 1874 1559 matri
1894 1505 2211 1559 beneficium
2227 1521 2412 1560 eumu-

829 1595 990 1650 latur.
1008 1594 1120 1649 Hoc
1141 1594 1426 1650 confestim
1443 1595 1760 1649 miraculum
1782 1610 1878 1665 per
1906 1605 2097 1651 cuncta
2116 1597 2408 1667 vulgatum,

830 1687 1112 1741 universos
1155 1686 1371 1755 quidem
1415 1696 1635 1756 stupore
1670 1686 1921 1755 perculit,
1965 1690 2224 1756 quosdam
2279 1703 2411 1742 vero

826 1776 985 1831 etiam
1010 1777 1077 1829 ad
1103 1784 1301 1830 saneta:
1322 1776 1445 1830 vita:
1469 1777 1822 1830 imitationem
1850 1776 2407 1832 ardentiusincitavit.

1071 1865 1306 1919 Clericus
1337 1865 1626 1919 Luxorium
1654 1876 1761 1923 tum
1793 1866 1985 1919 celebre
2011 1869 2157 1934 petit.
2233 1851 2237 1854 i

900 1957 951 2011 ὅ.
997 1956 1131 2010 Exin
1164 1956 1587 2025 przenominatus
1614 1956 1874 2025 pontifex,
1908 1958 2175 2027 egregiam
2203 1958 2253 2011 itt
2284 1958 2410 2011 ado-

827 2050 1067 2105 lescente
1102 2049 1266 2102 animi
1295 2048 1583 2118 puritatem
1615 2058 1665 2101 et
1700 2050 2009 2117 prarcelsam
2048 2050 2262 2104 virtutis
2300 2048 2409 2103 effi-

825 2141 1031 2195 caciam
1060 2139 1477 2208 contemplatus,
1504 2140 1704 2193 divinis
1734 2155 1855 2193 eum
1890 2140 2207 2195 ministeriis
2239 2142 2411 2209 impo-

824 2231 929 2287 sito
959 2230 1249 2285 clericatus
1270 2228 1445 2283 officio
1474 2228 1821 2299 mancipavit.
1853 2228 2099 2284 Postltmc
2128 2230 2411 2284 cbaritatis

824 2320 1191 2376 sollicitudine
1239 2329 1293 2374 et
1342 2319 1510 2374 divini
1564 2320 1700 2374 lucri
1752 2320 1930 2373 studio
1986 2320 2284 2385 animatus,
2340 2319 2406 2373 ad

823 2413 1123 2466 l.uxovium
1155 2412 1461 2467 coenobium
1493 2411 1789 2481 spiritualis
1818 2411 2091 2482 profectus
2121 2414 2291 2482 gratia
2328 2414 2410 2466 di-

823 2504 1000 2572 rigere
1028 2503 1283 2567 instituit,
1316 2511 1376 2555 ut
1414 2502 1786 2573 religiosorum
1830 2503 2128 2556 imitatione
2158 2502 2404 2564 allectus,

821 2602 875 2647 et
902 2592 1015 2661 ipse
1057 2594 1109 2646 in
1144 2592 1436 2647 virtutibus
1463 2601 1753 2651 cresceret.
1803 2600 1857 2643 et
1897 2591 2098 2661 regioni
2129 2606 2238 2645 sum
2267 2599 2409 2661 post-

826 2684 1040 2739 modum
1090 2684 1394 2739 sanctitatis
1434 2699 1495 2738 ae
1542 2682 1891 2753 perfectionis
1939 2682 2179 2751 exempla
2214 2682 2409 2736 dulcis-

822 2775 957 2829 sima
986 2783 1303 2845 reportaret.
1338 2775 1565 2828 Prmerat
1597 2783 1725 2827 tunc
1748 2773 1795 2827 ei
1826 2773 2074 2827 cmnobio
2098 2772 2406 2827 Walbertus

820 2863 1020 2928 abbas,
1058 2864 1141 2918 vir
1187 2872 1240 2918 et
1290 2863 1545 2933 religione
1589 2862 1819 2933 inclytus
1856 2872 1910 2916 et
1953 2863 2256 2916 sanctitatis
2295 2863 2407 2931 opi-

818 2954 980 3010 nione
1026 2953 1284 3009 famos:ts.
1346 2952 1462 3019 Quo
1512 2969 1632 3006 cum
1686 2968 1752 3007 ex
1809 2960 2082 3022 praecepto
2132 2951 2403 3024 pontificis

819 3044 1177 3111 pervenisset,
1213 3060 1241 3096 a
1273 3044 1474 3097 sanctis
1504 3042 1645 3095 illius
1688 3042 1790 3096 loci
1843 3041 2094 3097 l'atribus
2130 3048 2283 3110 grata
2310 3056 2405 3094 ex-

817 3138 1109 3193 sultatione
1153 3138 1445 3207 suscipitur
1472 3147 1634 3207 atque
1674 3137 1725 3189 in
1757 3136 2195 3205 congregationis
2223 3144 2404 3189 contu-

2523 598 2838 652 Davidicum
2906 597 3243 666 frequentius
3309 596 3609 668 replicans:
3669 596 3737 651 Ut
3793 600 4100 669 jumentum

2519 686 2690 752 factus
2726 704 2841 739 sum
2875 688 3014 755 apud
3042 698 3090 740 te
3126 685 3298 757 (Psal.
3329 703 3494 749 Lxxu,
3534 687 3646 758 9.5).
3687 688 3872 757 Itaque
3902 691 4102 760 simpli-

2516 778 2736 831 citatem
2771 778 3060 832 infucatam
3098 780 3380 833 mundana:
3422 794 3634 850 semper
3671 782 3883 834 astutia:
3911 783 4104 849 praefe-

2522 870 2705 934 rebat,
2758 870 2964 940 eligens
3018 871 3266 925 ludibriis
3321 870 3514 926 stultus
3574 872 3710 926 cﬂici
3762 872 3989 941 Str-culo,
4040 883 4102 931 ttt

2514 971 2699 1030 posset
2731 963 2947 1031 sapiens
2973 977 3092 1016 esse
3125 962 3175 1014 itt
3209 961 3338 1017 Deo.

2622 1049 2889 1105 Eximium
2924 1050 3171 1120 simplicis
3204 1052 3507 1106 obedientiw
3532 1053 3820 1125 exemplum
3851 1056 3977 1112 edit.

2586 1142 2637 1196 7.
2683 1143 2796 1197 Una
2844 1144 3006 1213 igitur
3035 1143 3244 1197 dierum
3274 1159 3394 1198 eum
3450 1160 3508 1199 se
3539 1146 3604 1199 ad
3648 1146 3852 1215 praefati
3892 1146 4102 1204 Teudo-

2515 1234 2618 1289 leui
2655 1236 2943 1304 hospitium
2975 1235 3309 1303 contulisset,
3347 1237 3435 1291 ille
3480 1236 3695 1295 ludibrii
3724 1239 3881 1294 simul
3916 1248 3970 1295 et
3999 1254 4102 1295 exs

2514 1327 2795 1394 perimenti
2821 1328 2991 1396 gratia
3023 1328 3230 1395 rogavit
3250 1342 3394 1390 eum,
3425 1338 3482 1382 ιιι
3505 1330 3570 1383 ad
3598 1329 3870 1398 cujusdam
3900 1330 4089 1385 fratris

2515 1416 2567 1470 in
2602 1418 2927 1471 monasterio
2968 1416 3209 1471 cellulam
3238 1433 3483 1487 pergens,
3515 1420 3775 1474 circinum
3812 1420 3878 1475 ad
3904 1436 3962 1475 se
3993 1421 4088 1475 de-

2513 1516 2775 1578 portaret,
2802 1524 3050 1562 asserens
3086 1525 3239 1563 usmn
3272 1509 3413 1564 illius
3442 1511 3542 1565 sibi
3569 1525 3689 1566 esse
3719 1511 4088 1566 necessarium

2514 1599 2567 1651 in
2607 1599 2907 1653 scribendo.
2944 1599 3035 1653 Ille
3066 1600 3208 1654 dicto
3247 1600 3405 1654 citius
3436 1616 3677 1671 gressum
3706 1604 3900 1671 rapuit,
3929 1612 4095 1672 atque

2513 1688 2579 1740 ad
2607 1687 2942 1757 designatum
2990 1688 3211 1743 fratrem
3253 1690 3438 1758 rapido
3480 1706 3640 1748 cursu
3687 1694 3958 1762 pervenit;
4002 1694 4096 1763 qui

2513 1786 2565 1830 et
2606 1777 2964 1847 simplicitatis
3006 1779 3123 1849 ejus
3168 1780 3452 1844 conscius,
3501 1790 3553 1836 et
3596 1782 3811 1837 ludibrii
3851 1784 3919 1838 ob
3953 1783 4098 1854 quod

2439 1867 2743 1927 Bdirectus
2794 1864 2967 1920 fuerat
3016 1883 3119 1921 nott
3165 1869 3403 1939 ignarus,
3453 1872 3686 1926 meJium
3738 1874 3890 1927 mala:
3948 1874 4085 1929 collo

2514 1958 2630 2025 ejus
2678 1959 2949 2027 imposuit,
3002 1968 3167 2028 utque
3199 1961 3249 2015 id
3287 1964 3353 2015 ad
3401 1962 3756 2017 diversorium
3805 1964 4103 2019 Teudoleni

2515 2066 2674 2119 quam
2719 2052 2979 2106 citissime
3016 2052 3183 2107 ferret
3211 2054 3461 2108 obnixius
3493 2055 3795 2125 imperavit.
3840 2056 3981 2111 Nihil
4013 2057 4101 2111 ille

2514 2152 2832 2209 cunetatus,
2888 2153 3170 2213 exceptum
3228 2160 3366 2200 onus
3426 2146 3633 2202 ferebat
3692 2148 4109 2218 aequanimiter,

2513 2251 2817 2305 quanquam
2864 2237 2934 2291 ita
2984 2237 3178 2307 lapilis
3224 2239 3461 2307 pondere
3513 2249 3862 2311 gravaretur,
3906 2249 3965 2295 ut
4006 2241 4101 2297 vix

2513 2323 2734 2378 alternis
2782 2326 3029 2393 passibus
3064 2336 3408 2395 promoveret
3448 2327 3740 2382 incessum.
3792 2327 3937 2383 Inter
3983 2328 4097 2384 iure

2512 2416 3021 2470 reveremlissintum
3047 2416 3219 2470 virum
3244 2416 3580 2472 Walbertum
3605 2418 3853 2473 abbatem
3876 2419 4095 2473 obvium

2511 2505 2716 2568 habuit,
2752 2506 2834 2560 cui
2863 2506 2966 2561 hoc
3000 2507 3175 2576 ipsum
3203 2523 3233 2562 a
3259 2509 3531 2564 nonnullis
3560 2508 3950 2579 fratribusjam
3980 2510 4094 2566 fue-

2510 2605 2595 2651 rat
2652 2598 2974 2652 nuntiatum.
3031 2598 3269 2654 Cernens
3326 2600 3489 2671 igitur
3545 2604 3867 2657 venerabilis
3922 2604 4094 2657 abbas

2509 2702 2662 2739 ovem
2695 2688 2896 2742 ChriSti
2928 2690 3416 2744 mansuetissimam
3454 2692 3652 2761 injusto
3680 2691 3826 2748 fasce
3852 2695 4087 2764 gravari,

2509 2777 2669 2831 altius
2698 2778 2976 2848 ingemuit,
3010 2789 3061 2832 et
3094 2780 3251 2849 hujus
3288 2779 3585 2845 afﬂictioni,
3618 2791 3673 2836 et
3721 2783 3929 2837 illorum
3962 2800 4090 2839 con-

2509 2867 2696 2922 dolcns
2752 2868 2977 2923 levitati.
3042 2869 3270 2939 Moxque
3331 2872 3702 2928 vehementius
3753 2873 4087 2944 increpatum

2510 2956 2819 3025 impositum
2849 2972 2985 3011 onus
3019 2958 3260 3012 lmmcris
3289 2958 3518 3027 dejicere
3562 2961 3811 3029 imperat,
3842 2978 4089 3017 causam.

2508 3062 2611 3116 quc
2642 3048 2903 3116 perquirit
2933 3048 3240 3117 diligentius
3272 3064 3376 3117 qua
3419 3065 3477 3104 se
3510 3059 3788 3120 tantopere
3816 3051 4084 3122 fatigaret.

2508 3138 2577 3191 At
2606 3138 2687 3190 vir
2715 3153 2938 3191 summa:
2972 3137 3311 3203 innocentia',
3361 3140 3629 3195 scribendi
3677 3140 3861 3195 usibus
3895 3142 4090 3196 asserit

816 3233 1065 3287 bernium
1096 3231 1404 3301 deputatur.
1436 3230 1600 3300 Cujus
1635 3229 1797 3283 animi
1829 3228 2033 3283 candor
2061 3236 2114 3281 et
2142 3226 2395 3297 prteclara
2428 3222 2472 3285 C
2504 3245 2625 3285 esse
2675 3231 3039 3284 necessarium
3083 3247 3241 3299 quem
3292 3232 3499 3285 ferebat
3548 3234 3841 3296 circinum,
3904 3236 4089 3290 dicens

817 3324 1135 3393 simplicitas
1163 3324 1307 3377 brevi
1336 3323 1542 3377 cunctis
1572 3322 1825 3376 innotuit.
1851 3320 2188 3374 Mirabantur
2210 3334 2400 3373 omnes

816 3417 869 3472 in
916 3416 1117 3486 juvene
1166 3417 1528 3471 humilitatem
1572 3416 1848 3480 eximiam,
1892 3414 2122 3469 abstine.
2151 3415 2401 3467 tiam’in-

816 3508 1272 3577 comparabilem,
1343 3507 1661 3577 patientiam
1725 3505 2093 3574 singularem,
2150 3504 2400 3573 quodque

816 3598 1129 3654 ccelestibus
1165 3614 1379 3668 semper
1426 3598 1664 3652 intentus
1709 3597 1990 3652 desideriis
2021 3596 2185 3650 vitam
2233 3610 2399 3666 ange-

813 3689 973 3746 licam
1022 3690 1164 3744 inter
1211 3690 1456 3744 hemines
1504 3689 1831 3759 proferebat.
1883 3688 2014 3742 Erat
2054 3702 2117 3743 eo
2158 3696 2402 3756 tempore

812 3781 1265 3851 prmnominatum
1316 3780 1656 3834 Luxoviense
1695 3780 2039 3842 coenobium,
2081 3779 2134 3833 in
2178 3778 2401 3834 Gallicis

816 3872 1128 3941 regionibus
1171 3887 1307 3941 pene
1350 3872 1623 3942 singulare
1671 3880 1780 3925 tam
1822 3872 1875 3925 in
1929 3871 2202 3940 religionis
2248 3872 2400 3941 apice

813 3979 973 4031 quam
1001 3965 1166 4018 etiam
1210 3965 1261 4017 in
1296 3963 1633 4033 perfectione
1661 3962 1940 4017 doctrinm.
1975 3963 2089 4027 Qua
2139 3977 2201 4016 ex
2236 3976 2398 4015 causa

810 4057 1061 4127 plurimi,
1117 4057 1311 4127 quibus
1373 4057 1425 4110 in
1484 4056 1751 4109 utramvis
1811 4063 2020 4123 partem
2080 4052 2397 4122 proficiendi

814 4146 997 4200 fervor
1028 4146 1223 4210 inerat,
1259 4146 1326 4199 ad
1354 4146 1603 4201 eumdem
1634 4144 1809 4201 locum
1840 4144 2179 4199 certantibus
2206 4143 2399 4197 studiis

812 4236 1054 4305 undique
1079 4234 1441 4291 confluebant.

882 4327 1206 4395 Simplicitas
1242 4328 1357 4398 ejus
1399 4338 1637 4397 suspecta
1670 4337 1901 4381 tentatur
1938 4344 1969 4380 (ι
2008 4326 2323 4381 Teudoleno.

879 4421 931 4477 6.
975 4421 1093 4489 Quo
1122 4437 1251 4493 ergo
1285 4434 1526 4493 tempore
1550 4422 1610 4476 B.
1643 4422 2012 4477 Frodobertus
2041 4421 2170 4476 inibi
2217 4436 2398 4475 mora-

806 4514 992 4579 batur,
1035 4513 1119 4567 vir
1164 4513 1495 4584 apostolicus
1528 4513 1847 4567 Bertoaldus
1891 4512 2200 4580 Lingonieze
2248 4512 2396 4566 urbis

2506 3321 2648 3388 quod
2688 3336 2751 3373 ex
2802 3328 3069 3388 praecepto
3118 3320 3408 3374 Teudoleni
3462 3321 3529 3375 ad
3574 3322 3854 3391 cujusdam
3904 3324 4089 3378 fratris

2505 3410 2751 3465 cellulam
2823 3412 3151 3480 deportaret.
3210 3411 3343 3464 Cum
3393 3413 3537 3465 enim
3589 3422 3732 3467 esset
3780 3414 4089 3469 omnimode

2504 3503 2715 3557 astutia:
2759 3517 2974 3570 expers,
3007 3501 3132 3569 quid
3165 3510 3307 3555 esset
3354 3502 3591 3557 circinus
3630 3504 3845 3573 penitus
3875 3506 4091 3574 ignora.

2502 3594 2615 3658 hat,
2657 3593 2759 3647 hoc
2807 3601 3014 3645 tantum
3063 3606 3182 3645 esse
3223 3592 3558 3656 existimans,
3592 3594 3734 3662 quod
3775 3593 4087 3664 impositum

2504 3682 2640 3736 collo
2685 3680 2916 3735 ferebat.
2969 3680 3210 3734 Tandem
3263 3681 3430 3735 abbas
3478 3680 3935 3750 simplicissimum
3981 3682 4097 3736 viri-
4158 3740 4168 3753 ο

2503 3775 2741 3827 animum
2782 3772 3149 3840 conspicatus,
3180 3771 3396 3840 pietatis
3434 3772 3626 3825 intuittt
3667 3773 3902 3842 erumpit
3930 3774 3981 3827 in
4008 3773 4095 3827 la—

2502 3877 2740 3934 crymas,
2765 3862 3059 3930 aceitisque
3080 3862 3160 3917 eis
3188 3863 3278 3931 qui
3309 3871 3553 3916 sanetum
3585 3862 3759 3915 virum
3794 3872 3937 3917 tanta
3961 3878 4086 3918 cru-

2502 3954 2722 4007 delitate
2771 3951 2998 4021 fatigare
3047 3962 3535 4021 praesumpserant,
3583 3954 3763 4007 acrius
3798 3952 3955 4008 solito
3999 3951 4086 4007 in-

2503 4051 2712 4111 crepat,
2743 4058 2807 4097 ac
2836 4058 2933 4120 pro
2966 4041 3089 4096 facti
3125 4043 3429 4097 temeritate
3464 4042 3657 4096 debitae
3698 4042 4087 4099 satisfactionis

2502 4136 2893 4207 pmnitudinem
2947 4134 3155 4188 indicit.
3209 4133 3412 4203 Hisque
3456 4135 3529 4188 ita
3570 4135 3858 4204 correptis,
3904 4135 4101 4190 caneri-

2504 4226 2761 4295 deinceps
2798 4224 2979 4280 fratris
3017 4224 3231 4293 injuriis
3264 4234 3653 4293 temperarunt.
3694 4226 3738 4280 Ο
3765 4226 3941 4279 virum
3986 4240 4088 4280 an-

2503 4317 2687 4386 gelica:
2713 4316 2964 4386 puritatis
2994 4317 3335 4386 participem,
3367 4325 3421 4370 ct
3453 4317 3749 4372 Salvatoris
3774 4318 3943 4372 nostri
3965 4318 4086 4371 imi-

2502 4411 2702 4464 tatione
2734 4409 2968 4472 felicem,
3016 4410 3105 4477 qui
3144 4411 3285 4463 sicut
3329 4411 3445 4464 ovis
3482 4411 3546 4463 ad
3575 4411 3847 4466 victimam
3893 4412 4088 4466 ductus

2501 4510 2603 4564 est,
2632 4510 2687 4555 ct
2720 4516 2841 4555 cum
2876 4501 3014 4555 male
3056 4510 3403 4564 tractaretur,
3437 4503 3776 4571 non'aperuit
3803 4517 3863 4557 os
3891 4506 4080 4557 suum!

805 4606 1112 4676 episcopus,
1159 4571 1446 4675 qimmdam
1478 4622 1543 4660 ex
1590 4605 1838 4660 cmnoljjo
1865 4606 1919 4659 S.
1962 4604 2198 4675 Sequani
2232 4605 2395 4660 abba-
2425 4571 2476 4631 D
2505 4591 2758 4649 Fidenter
2806 4592 3070 4655 dixerint,
3128 4593 3368 4661 inquam,
3426 4592 3706 4662 prmceptis
3760 4592 4088 4663 cvangelicis

808 4704 938 4762 tem,
970 4694 1338 4751 Teudolenum
1392 4696 1629 4760 nomine,
1674 4696 1997 4750 eruditionis
2042 4696 2216 4764 gratia
2268 4697 2393 4750 illuc

807 4787 1083 4843 destinare
1114 4786 1344 4841 curavit.
1391 4786 1471 4841 Ad
1518 4787 1671 4857 cujus
1703 4788 2061 4841 diversorium
2100 4786 2158 4839 Β.
2188 4786 2395 4841 Frodo-

807 4878 994 4932 bertus
1022 4876 1358 4946 frequentius
1394 4877 1708 4942 accedebat,
1738 4887 1795 4930 ut
1824 4878 2022 4932 assolet
2048 4887 2178 4932 aetas
2198 4877 2394 4945 juven-

804 4970 925 5022 cnla
961 4984 1265 5024 cozevormn
1312 4968 1411 5023 sibi
1456 4967 1863 5024 familiaritates
1907 4969 2188 5024 ardentius
2225 4970 2395 5038 appli—

804 5074 951 5115 care.
993 5058 1086 5115 llle
1127 5068 1308 5115 autem
1357 5068 1508 5113 tanta
1553 5060 1604 5114 in
1644 5060 1761 5115 viro
1810 5060 1903 5115 Dei
1957 5060 2121 5114 animi
2164 5061 2396 5130 puritate

805 5160 1104 5221 comperta,
1146 5152 1359 5206 curiosa
1400 5151 1619 5206 levitate
1666 5152 1951 5222 impulsus,
1983 5152 2171 5205 sedulo
2216 5153 2395 5222 explo-

803 5260 928 5301 rare
972 5245 1137 5314 erepit
1166 5254 1347 5298 utrum
1390 5260 1455 5299 ea
1491 5244 1811 5315 simplicitas
1841 5261 1904 5299 ex
1954 5244 2101 5299 fonte
2145 5256 2392 5301 manaret

801 5338 1007 5393 intima:
1046 5338 1320 5407 puritatis,
1364 5353 1454 5399 an,
1497 5337 1638 5392 sicut
1671 5339 1944 5393 nonnullis
1986 5338 2253 5394 familiare
2283 5348 2385 5402 est,

800 5427 1079 5483 subdolam
1110 5438 1345 5482 mentem
1382 5428 1633 5482 simulata
1669 5430 1971 5483 innocentia
2006 5428 2270 5499 palliaret.
2301 5430 2382 5485 Ob

2502 4684 2851 4755 singulariter
2898 4700 3117 4754 parens,
3161 4686 3550 4753 percutientem
3592 4700 3650 4740 se
3688 4701 3792 4741 non
3828 4701 4083 4756 repercu-

2501 4784 2657 4840 teret,
2687 4786 2851 4845 atque
2878 4776 3023 4831 mille
3057 4792 3247 4845 passus
3274 4792 3301 4830 a
3325 4777 3568 4845 quolibet
3602 4777 3937 4845 angariatus,
3978 4778 4087 4833 duo

2502 4866 2667 4919 millia
2703 4866 2843 4920 ultro
2892 4875 3213 4936 properaret
3253 4866 3467 4935 (Matth.
3510 4883 3564 4931 ν,
3604 4868 3715 4939 41).
3760 4869 3935 4938 thue
3971 4885 4085 4923 ant-

2499 4958 2640 5028 plius
2670 4957 2919 5021 inferam,
2950 4957 2995 5012 si
3023 4957 3146 5026 quis
3171 4972 3295 5011 eum
3339 4958 3405 5011 ad
3437 4957 3754 5027 supplicium
3798 4960 4081 5028 protrahe-

2503 5058 2606 5113 ret,
2634 5049 2901 5119 pasnalem
2938 5049 2986 5103 ei
3015 5064 3233 5105 crucem
3284 5049 3649 5117 imposuisset,
3683 5058 3872 5118 sponte
3912 5051 4087 5104 susei-

2500 5149 2670 5209 perct,
2716 5138 3119 5206 mansuetisque
3168 5137 3347 5193 ferens
3401 5138 3453 5191 in
3507 5138 3763 5203 humeris,
3807 5138 4083 5193 Christum

2497 5233 2782 5286 Dominum
2810 5241 3147 5303 sequeretur.

2498 5324 2687 5378 Trems
2714 5343 2945 5380 reversus
2970 5326 3033 5378 ab
3056 5328 3293 5393 episcopo
3319 5326 3586 5379 retinetur.
3613 5322 4086 5392 QuadragesinrJe

2579 5396 2849 5465 jejunium
2886 5396 3051 5467 rigide
3075 5411 3337 5459 exercens,
3363 5397 3426 5449 ab
3458 5398 3692 5465 episcotto
3717 5395 3988 5463 probatur.

2556 5509 2586 5524 n
2663 5508 2678 5524 Δ
