4482 5524
397 383 497 437 605

393 586 558 639 laLat.
593 587 659 638 At
699 585 933 654 pontifex
966 585 1166 640 sutiori
1212 600 1338 638 usus
1368 586 1615 649 consilio,
1651 597 1855 640 tantum
1895 603 1957 642 ac

395 676 552 728 talem
586 676 756 728 virum
790 689 816 726 a
846 690 902 727 se
948 674 1220 728 dimittere
1261 690 1365 728 non
1406 675 1504 729 sibi
1549 674 1662 728 fore
1693 676 1956 746 integrum

393 766 706 825 arbitrams,
734 765 964 817 violenta
990 765 1128 818 hunc
1153 765 1470 818 auctoritate
1494 765 1734 819 retinuit.
1760 766 1959 822 Sancto

394 852 554 921 igitur
583 851 1016 922 Quadragesimaa
1049 862 1287 923 tempore
1327 855 1615 908 accedente
1636 895 1649 918 ,
1683 856 1735 908 in
1783 872 1958 912 secre-

393 945 527 996 tiore
551 957 608 996 se
634 943 820 997 cellula
849 945 1108 1006 condens,
1136 958 1256 997 cum
1288 945 1552 999 orationis
1575 953 1630 1000 et
1653 947 1957 1016 vigiliarum

395 1034 680 1097 instantia,
737 1033 1015 1088 acerrimis
1067 1048 1124 1088 se
1179 1035 1338 1103 cepit
1383 1035 1603 1104 jejunils
1656 1047 1953 1093 coarctare.

392 1125 522 1180 Cum
550 1126 690 1179 enim
727 1139 942 1195 semper
967 1125 1368 1194 incomparabili
1398 1128 1736 1183 abstineutlze
1761 1129 1958 1184 virtute

391 1216 631 1285 polleret,
680 1217 763 1270 his
796 1226 970 1270 tamen
1016 1216 1200 1271 diebus
1229 1218 1582 1272 austeriorem
1631 1219 1729 1273 sibi
1779 1219 1960 1274 carnis

393 1307 816 1361 macerationem
856 1307 1096 1376 corporis
1133 1308 1213 1360 sui
1265 1309 1436 1362 hostis
1481 1309 1778 1369 indixerat.
1825 1310 1960 1364 adeo

386 1407 450 1449 nt
480 1397 659 1464 plures
705 1397 1094 1465 continuosqne
1129 1398 1244 1451 dies
1275 1399 1477 1468 absque.
1520 1399 1680 1454 ullius
1719 1401 1824 1454 cibi
1867 1401 1960 1454 adv

393 1487 648 1542 miniculo
678 1498 1097 1542 consummaret.
1138 1490 1374 1557 Denique
1396 1505 1656 1544 annorum
1692 1492 1961 1544 curriculo

391 1587 723 1640 recurrente,
750 1579 873 1631 dum
899 1594 958 1632 se
984 1579 1191 1632 duabus
1213 1579 1293 1631 vel
1328 1582 1500 1633 tribus
1525 1581 1961 1650 Quadragesimis

390 1665 687 1731 huiusmodi
720 1667 1032 1721 crudelitate
1057 1669 1368 1730 conficeret,
1401 1671 1514 1723 lucc
1543 1672 1664 1723 vitm
1695 1672 1836 1724 illius
1879 1673 1961 1724 in-

391 1755 596 1809 stitutio
625 1757 690 1809 ad
741 1757 982 1810 notitiam
1015 1756 1254 1812 defertur
1292 1759 1579 1828 pontificis,
1614 1775 1713 1814 nec
1744 1760 1962 1814 defuere

1567 381 1652 436 DF.
1695 382 1846 437 \'IT.\
1892 384 1944 437 S.
1989 386 2438 443 FRODOBl-ZRTI.

395 504 779 556 connnoratus.
809 495 1064 550 redeundi
1095 495 1232 549 unde
1253 495 1754 550 veneratlicentiam
1773 507 1955 568 postu-
1986 509 2035 568 Α

3517 407 3618 460 606

2326 501 2577 556 Clodoreo
2599 506 2816 574 juraute
2844 509 3126 562 rwnobiuut
3157 514 3375 566 caudin'

2134 590 2218 642 ll.
2247 590 2482 660 Denique
2507 595 2752 650 humanm
2781 601 3202 656 conversationis
3223 604 3415 660 ardens
3451 609 3621 664 vitare

2061 680 2304 750 collegia.
2331 683 2554 738 sollicita
2585 701 2765 740 secum
2795 688 3127 758 frequentius
3155 705 3330 750 mente
3355 699 3618 764 volvebat,

2060 784 2292 838 quonam
2335 773 2451 828 loco
2487 791 2596 830 sua:
2626 777 2946 845 professioni
2987 798 3049 836 ac
3074 788 3346 854 proposito
3369 799 3620 858 opportu-

2060 876 2187 914 num
2231 863 2593 919 habitaculum
2635 867 2947 925 collocaret.
2980 871 3044 926 Et
3069 888 3374 944 quanquam
3405 880 3620 948 plurimi

2061 953 2315 1009 nobilium
2352 959 2605 1028 regionis,
2640 963 2913 1016 sanctitati
2941 962 3057 1031 ejus
3081 964 3506 1025 familiarissime
3533 988 3622 1026 co-

2061 1042 2347 1108 hmrercnt,
2379 1046 2613 1117 ineptum
2667 1059 2847 1105 tamen
2876 1052 3029 1107 duxit
3066 1069 3094 1108 a
3136 1070 3402 1125 quoquam
3434 1073 3621 1114 eorum

2058 1143 2262 1203 partem
2300 1139 2411 1206 agri
2469 1139 2549 1192 vel
2595 1141 2781 1209 praedii
2813 1143 3106 1210 postulare,
3137 1162 3240 1199 non
3293 1148 3392 1201 sibi
3427 1150 3620 1211 solum.

2061 1223 2152 1278 sed
2178 1225 2340 1278 etiam
2386 1229 2618 1296 posteris
2655 1231 2960 1297 consulens,
2995 1249 3061 1288 ne
3086 1234 3329 1304 religiosa
3374 1237 3626 1293 fraterni-

2064 1323 2164 1376 tas,
2192 1329 2350 1383 quam
2379 1316 2488 1385 ipse
2519 1318 2570 1372 in
2625 1335 2782 1375 sacro
2810 1322 2998 1377 habitu
3032 1338 3322 1394 aggregare
3356 1329 3623 1397 cupiebat,

2062 1420 2089 1457 a
2113 1406 2350 1473 quolibet
2383 1409 2720 1464 szecularium
2748 1428 2844 1481 pro
2861 1413 3100 1468 loeosuac
3120 1417 3471 1472 habitationis
3500 1421 3627 1488 quid

2063 1498 2452 1565 inquietudinis
2481 1501 2565 1554 vel
2623 1503 2880 1558 molestia:
2919 1515 3212 1573 pateretur.
3240 1507 3503 1574 Quocirca
3555 1511 3629 1564 di-

2063 1587 2187 1638 vino
2209 1589 2479 1656 aspirante
2507 1591 2732 1644 consilio
2773 1594 2974 1662 regiam
3024 1595 3297 1662 pro'ectus
3331 1599 3395 1650 ad
3426 1599 3626 1664 aulam,

2062 1677 2426 1731 munificentia
2477 1679 2728 1734 Clodovei
2766 1681 2990 1737 illustris
3011 1686 3276 1753 quondam
3303 1689 3442 1756 regis
3461 1687 3630 1743 Fran-

2062 1783 2271 1832 corum,
2297 1769 2471 1824 locum
2499 1772 2784 1839 quemdam
2815 1775 3106 1843 palustrem
3142 1777 3193 1830 in
3220 1779 3474 1834 suburbio
3499 1781 3630 1834 Tre-

391 1845 657 1909 malcvoli,
689 1846 778 1916 qui
823 1846 1160 1900 sanctitatem
1193 1845 1307 1913 eius
1339 1848 1517 1902 invido
1547 1850 1707 1902 dente
1738 1863 1957 1916 carpcn.
1991 1856 2033 1914 Β
2063 1873 2161 1912 ωε,

1857 1865 1957 1902 ’θην
1991 1856 2033 1914 Β
2063 1859 2289 1913 cassinze
2315 1860 2464 1914 urbis
2490 1860 2745 1926 obtinuit,
2769 1864 2858 1932 qui
2898 1867 3120 1934 antiquo
3153 1866 3254 1920 ritu
3293 1867 3468 1924 Insula
3492 1867 3627 1924 Ger-

392 1943 492 1998 tes,
522 1937 762 1990 dicerent
812 1951 955 1997 eum,
1007 1945 1098 1988 aut
1142 1937 1372 1991 latenter
1417 1938 1597 1999 edere,
1631 1946 1724 1990 aut
1765 1953 1958 2006 corpus

389 2040 542 2087 suum
576 2026 750 2079 inedia
796 2026 930 2079 velle
961 2027 1244 2093 perimere.
1293 2026 1540 2080 Proxima
1585 2026 1744 2097 igitur
1785 2027 1959 2080 immi-

390 2125 551 2172 nonte
574 2115 1018 2183 Quadragesima,
1045 2115 1281 2183 pontifex
1316 2116 1500 2169 talium
1527 2118 1790 2179 curiOsus,
1818 2118 1957 2170 intra

389 2204 654 2270 porticum
694 2202 933 2257 ecclesia:
957 2203 1204 2256 cellulam
1231 2204 1279 2256 ei
1322 2205 1632 2267 constituit,
1656 2205 1709 2257 in
1736 2219 1836 2273 qua
1867 2220 1956 2260 so-

389 2295 499 2349 litae
522 2294 821 2348 dev0tionis
849 2294 1044 2357 officio,
1070 2293 1409 2350 abstinentia:
1436 2306 1675 2366 tempora
1705 2313 1959 2352 consum-

389 2393 581 2439 maret.
616 2385 822 2453 Smpius
867 2401 1096 2454 namque
1145 2385 1332 2439 cellam
1375 2401 1441 2440 ex
1474 2387 1763 2456 improviso
1797 2403 1959 2456 pene-

390 2477 568 2537 trabat
613 2477 917 2546 episcopus,
965 2476 1166 2530 certius
1213 2478 1435 2545 cupiens
1480 2478 1711 2545 experiri
1757 2487 1958 2544 quanto

389 2564 621 2620 ferveret
659 2565 836 2621 studio
883 2565 1206 2627 sanctitatis,
1248 2579 1611 2634 quantamque
1659 2568 1709 2619 in
1758 2568 1958 2621 virtute

389 2656 725 2710 abstinentia:
772 2671 1002 2725 superna
1031 2656 1202 2725 pietas
1243 2656 1314 2710 illi
1349 2658 1574 2726 gratiam
1605 2658 1954 2712 ministraret.

389 2744 615 2814 Moxque
642 2745 1048 2800 criminatorum
1075 2745 1280 2798 fallacia
1309 2748 1497 2814 patuit,
1526 2756 1578 2800 et
1603 2755 1802 2800 sanctm
1828 2761 1958 2800 con-

393 2835 712 2888 versationis
735 2833 849 2901 cjus
877 2835 1163 2890 sinceritas
1187 2835 1474 2904 episcopali
1499 2837 1812 2889 curiositate
1834 2851 1957 2904 pro-

390 2923 514 2976 bata
559 2921 796 2988 refulsit;
830 2924 1076 2994 quodque
1107 2935 1261 2978 antea
1313 2925 1639 2980 simulationi
1674 2927 1958 2996 deputaba~

392 3020 497 3076 tur,
521 3011 585 3065 ad
613 3013 802 3066 divina
825 3013 994 3066 laudis
1025 3014 1233 3067 transiit
1263 3014 1673 3068 incrementum.

393 3102 517 3156 Dleo
546 3119 692 3155 sacro
721 3102 920 3155 morbos
942 3113 1108 3155 curat.
1133 3101 1314 3156 Cruci;
1337 3105 1482 3172 signa
1511 3104 1654 3173 fugat
1677 3104 1959 3159 daemones.

458 3193 510 3246 9.
544 3192 618 3245 Ex
651 3205 715 3244 eo
746 3201 984 3260 tempore
1029 3192 1166 3246 fama
1204 3194 1552 3248 beatitudinis
1574 3195 1687 3260 ejus
1704 3194 1856 3264 longe
1876 3194 1953 3246 la~
1984 3199 2028 3258 C

389 3293 546 3353 teque
584 3284 878 3352 personuit,
925 3285 1058 3337 adeo
1107 3293 1165 3336 ut
1216 3299 1279 3336 ex
1331 3286 1708 3339 remotioribus
1749 3300 1961 3353 quoque

388 3373 519 3427 locis
580 3372 968 3425 infirmantium
1033 3373 1098 3424 ad
1153 3388 1272 3426 eum
1328 3383 1554 3426 catervzc
1606 3372 1957 3437 conﬂuerent,

389 3462 691 3516 sanctitatis
711 3463 825 3531 ejus
857 3461 1049 3515 merito
1080 3462 1352 3530 sospitatis
1379 3462 1636 3516 beneficia
1669 3477 1957 3532 reposcen-

387 3564 485 3608 tes.
519 3554 584 3606 At
613 3554 694 3606 vir
736 3553 844 3608 Deo
875 3553 1065 3622 dignus
1091 3553 1142 3607 in
1173 3553 1490 3606 humilitatis
1521 3568 1643 3606 arce
1670 3555 1958 3625 persistere

389 3647 642 3716 cupiens,
677 3645 749 3699 nil
781 3646 845 3700 de
893 3661 949 3700 se
996 3660 1321 3715 praesumere
1344 3685 1356 3709 ,
1391 3644 1461 3697 nil
1495 3661 1728 3714 unquam
1770 3661 1957 3713 passus

387 3744 469 3788 est
511 3727 623 3791 suis
653 3735 860 3790 viribus
897 3736 1193 3805 assignare.
1239 3734 1425 3790 Oleum
1460 3737 1829 3789 tantummodo
1861 3736 1954 3790 be-

387 3826 670 3889 nedicens,
720 3839 880 3895 super
927 3833 1156 3893 aegrotos
1201 3824 1401 3878 Christi
1452 3839 1645 3883 nomen
1693 3825 1956 3879 obnoxius

387 3916 684 3982 invocabat,
726 3931 832 3985 quo
863 3917 1128 3986 peruncti,
1159 3917 1389 3984 receptis
1433 3916 1659 3975 viribus,
1709 3926 1954 3970 votorum

387 4016 661 4077 compotes
690 4008 756 4061 ad
798 4007 1014 4076 propria
1056 4008 1383 4061 remeabant.
1430 4006 1544 4060 Jam
1577 4022 1705 4060 vero
1738 4007 1788 4059 in
1825 4005 1955 4059 effu-

384 4097 570 4164 gandis
598 4095 927 4150 dmmonibus
958 4110 1019 4148 ea
1068 4096 1285 4148 virtutis
1326 4096 1633 4164 praestantia
1679 4096 1956 4164 praepolle-

383 4184 494 4248 bat,
524 4194 582 4238 ut
609 4187 908 4253 cuicunque
936 4201 1295 4256 energumcno
1331 4188 1381 4240 in
1414 4185 1588 4240 fronte
1627 4187 1706 4240 vel
1737 4197 1953 4256 pectore

383 4276 590 4344 signum
638 4278 815 4330 crucis
866 4277 1230 4346 imprimeret,
1281 4293 1403 4332 mox
1448 4277 1563 4345 ejus
1599 4280 1953 4348 compellente

382 4364 606 4432 imperio
657 4365 919 4435 malignus
972 4367 1192 4435 spiritus
1248 4366 1514 4438 cﬂ'ugatus
1577 4369 1769 4422 abiret.
1823 4369 1951 4425 .lure

379 4454 520 4507 enim
555 4463 698 4518 tanta
735 4456 783 4509 ei
825 4465 1061 4524 potestas
1092 4458 1143 4510 in
1175 4458 1490 4526 expulsione
1532 4459 1831 4512 dmmonum
1864 4475 1951 4528 ap-.

378 4539 680 4611 plaudebat,
711 4552 768 4596 ut
805 4544 883 4597 eis
933 4544 1253 4598 fiducialiter
1285 4546 1594 4614 imperaret,
1637 4547 1726 4614 qui
1778 4557 1946 4601 totum
1979 4529 2025 4588 D

378 4644 438 4689 se
463 4632 761 4688 divinorum
779 4633 1097 4688 submiserat
1121 4635 1437 4690 obedientixn
1461 4647 1872 4705 praeceptorum,

750 4740 886 4796 Suus
922 4742 1132 4797 virtutes
1162 4743 1270 4798 suis
1307 4744 1568 4813 propalat.

447 4833 527 4885 l0.
568 4832 698 4886 Erat
728 4846 844 4884 mos
873 4833 988 4886 viro
1027 4833 1389 4897 sanctissimo,
1429 4843 1488 4887 ut
1523 4835 1784 4905 siquando
1824 4855 1942 4894 cum

377 4920 654 4992 discipulis
684 4919 1008 4989 colloquium
1041 4920 1310 4977 familiare
1347 4924 1636 4990 inserebat,
1674 4941 1792 4994 quae
1822 4943 1850 4980 a
1889 4943 1946 4983 se

375 5015 509 5070 clam
540 5025 688 5087 gesta
727 5015 956 5080 fuerant,
986 5017 1356 5072 mdificationis
1398 5016 1480 5071 vel
1511 5019 1738 5088 exempli
1776 5021 1944 5089 gratia

376 5107 453 5162 eis
475 5116 744 5171 narraret,
779 5107 916 5162 bona
941 5109 1144 5164 scilicet
1173 5123 1334 5178 opera
1367 5123 1461 5163 sua
1496 5125 1600 5163 non
1629 5119 1946 5181 arroganter

375 5207 674 5261 ostentans,
717 5197 811 5251 sed
851 5200 1119 5268 sapienter
1159 5207 1212 5252 ct
1254 5198 1532 5254 humiliter
1563 5199 1937 5265 manifestans,

374 5297 508 5346 utet
536 5290 719 5344 divina
769 5288 883 5344 laus
912 5305 1006 5359 per
1047 5292 1220 5360 ipsum
1265 5293 1375 5351 imo
1417 5289 1470 5343 in
1505 5291 1619 5361 ipso
1649 5299 1942 5358 cresceret,

371 5386 424 5432 et
450 5378 780 5434 audientium
807 5379 1010 5436 animos
1041 5381 1104 5434 ad
1133 5392 1331 5438 sanctae
1361 5380 1680 5437 imitationis
1701 5383 1941 5438 studium

371 5466 706 5524 informaret.
736 5466 998 5524 Ouantum
1024 5470 1165 5524 enim
1189 5470 1414 5524 lfavoris
1443 5473 1530 5524 vel
1559 5474 1829 5524 iactantiae
1860 5489 1942 5524 re.

2063 1949 2273 2003 manica
2329 1950 2643 2006 vocabatur.
2695 1953 2958 2024 Deinceps
3009 1971 3137 2011 vero
3184 1965 3303 2027 post
3349 1959 3629 2018 decessum

2060 2039 2330 2101 Clodovci.
2361 2042 2528 2096 filium
2552 2043 2666 2111 ejus
2694 2043 3029 2100 Clotbarium
3060 2040 3297 2102 secundo
3313 2065 3453 2102 anno
3481 2051 3629 2118 regni

2061 2133 2176 2200 ejus
2199 2143 2457 2202 expetens
2487 2133 2646 2204 [anno
2675 2135 2819 2207 656],
2857 2149 3128 2194 annuente
3160 2140 3454 2194 venerabili
3504 2140 3628 2194 Bal.

2060 2223 2227 2276 thilde
2262 2224 2441 2291 regina
2470 2225 2709 2293 ejusdem
2744 2225 3004 2280 Clotharii
3062 2237 3256 2290 matre,
3291 2243 3452 2297 super
3498 2245 3632 2297 prae-

2063 2314 2171 2366 fato
2195 2313 2310 2367 loco
2370 2315 2708 2383 privilegium
2759 2318 2834 2386 (ὅ)
2883 2318 3043 2388 regite
3091 2320 3429 2372 auctoritatis
3458 2320 3631 2373 denuo

2061 2403 2258 2456 tncruit
2283 2405 2527 2471 adipisci.
2559 2405 2710 2470 Quod
2733 2407 2859 2474 quia
2889 2407 2943 2459 in
2991 2407 3244 2460 Arcblvis
3272 2408 3502 2463 ccenobii
3538 2423 3632 2462 no-

2061 2495 2154 2546 stii
2185 2493 2261 2563 (4)
2291 2509 2460 2563 usque
2482 2495 2640 2550 hodie
2662 2498 2987 2560 continetur,
3023 2497 3110 2551 hic
3138 2499 3354 2566 quidem
3392 2500 3630 2554 inserere

2062 2583 2385 2652 superfluum
2415 2586 2685 2647 duximus,
2720 2588 2974 2655 quoniam
3001 2587 3178 2657 legere
3208 2589 3400 2656 cuique
3429 2590 3630 2646 volenti

2061 2676 2365 2743 inpromptu
2392 2677 2580 2730 adesse
2606 2675 2855 2730 fatemur.

2131 2767 2213 2820 l2.
2250 2767 2379 2820 Erat
2412 2777 2590 2822 autem
2621 2768 2770 2823 locus
2802 2770 2940 2824 idem
2973 2770 3206 2838 partium
3230 2771 3447 2840 quidem
3490 2770 3625 2836 fisci,

2061 2867 2262 2922 tamen,
2291 2867 2349 2911 ut
2371 2859 2572 2912 dictum
2612 2868 2715 2924 est,
2757 2860 3044 2929 paludibus
3089 2860 3321 2914 refluens
3346 2876 3408 2915 ac
3435 2862 3628 2917 crebra

2058 2950 2371 3004 lacunarum
2397 2953 2676 3021 eruptione
2705 2953 3028 3014 scaturiens,
3067 2954 3408 3022 arbustisque
3467 2953 3631 3009 refcr-

2059 3049 2146 3094 tus
2195 3040 2552 3106 silvestribus,
2614 3043 2910 3097 bestiarum
2977 3044 3155 3112 potius
3201 3059 3263 3098 ac
3321 3053 3628 3113 serpentum

2060 3149 2222 3202 quam
2251 3134 2528 3188 hominum
2555 3133 2870 3202 frequentia!
2902 3137 3259 3204 cornpetcbat.
3309 3137 3404 3190 llis
3450 3137 3629 3205 itaque

2062 3239 2244 3294 regum
2275 3224 2687 3278 auctoritatibus
2718 3225 3032 3289 instructus,
3066 3227 3315 3296 quodque
3352 3236 3432 3282 cst
3460 3229 3630 3281 maxi-

2059 3330 2204 3367 mum
2232 3329 2463 3383 superno
2485 3315 2687 3368 auxilio
2713 3313 3016 3376 roboratus,
3037 3317 3316 3370 horribilis
3342 3317 3441 3370 loci
3468 3331 3628 3386 squa-

2058 3403 2200 3458 lores
2239 3405 2486 3474 expetiit,
2540 3405 2774 3475 dataque
2812 3405 3096 3475 principali
3147 3421 3337 3473 opera,
3381 3406 3627 3476 virgultis

2057 3499 2606 3569 erutis,.lacubusque
2630 3501 2868 3564 siccatis,
2902 3502 3129 3569 spatium
3154 3501 3471 3556 habitationi
3502 3517 3627 3569 con-

2057 3517 2606 3569 eruus,.tacuousque
2630 3517 2868 3564 succaus,
2902 3517 3129 3569 spatium
3155 3517 3471 3556 nauuauom
3502 3517 3528 3556 c
3603 3532 3626 3548 -

2057 3605 2246 3660 gruum
2277 3590 2613 3658 prmparavit.
2645 3589 2716 3644 lbi
2750 3589 2941 3645 cellula
2960 3589 3302 3658 oratorioque
3325 3517 3626 3644 Frodob‘X-

2058 3692 2140 3736 tus
2167 3690 2496 3746 constructo,
2523 3697 2644 3736 eum
2706 3682 2893 3751 paucis
2923 3683 3095 3750 primo
3121 3681 3334 3750 quidem
3373 3681 3627 3736 fratribus

2056 3773 2332 3828 solitarius
2357 3773 2489 3826 vixit
2511 3771 2703 3825 divinae
2727 3773 3163 3842 contemplationi
3193 3773 3424 3838 deditus,
3453 3782 3506 3827 et
3534 3789 3628 3828 an.

2054 3864 2236 3929 gelicis
2263 3878 2474 3932 semper
2503 3863 2802 3917 actionibus
2826 3871 3132 3932 occupatus.

2057 3951 2433 4010 Mouasterium
2468 3951 2615 4003 rebus
2650 3960 2695 4004 et
2724 3952 2954 4020 personis
2987 3961 3160 4020 auget.
3197 3951 3328 4006 lude
3353 3952 3529 4022 plures
3559 3955 3626 4010 ad

2513 4022 2861 4088 episcopatum
2893 4022 3164 4089 assumpti.

2126 4111 2211 4166 l3.
2241 4110 2475 4181 lnclytus
2502 4125 2631 4180 ergo
2652 4109 3015 4164 Frodobertus
3040 4111 3145 4180 jam
3179 4119 3305 4166 tunc
3331 4112 3492 4180 cmpit
3519 4127 3628 4166 am.

2052 4203 2291 4271 plificare
2331 4203 2429 4255 sibi
2456 4204 2673 4270 suisque
2700 4216 3016 4255 concessum
3049 4202 3400 4256 habitationis
3426 4202 3623 4266 locum,

2052 4291 2360 4361 patrimonii
2394 4291 2472 4344 sui
2526 4305 2857 4359 quaecunque
2889 4289 3106 4344 fuerunt
3154 4291 3353 4358 praedia
3413 4305 3624 4358 posses-

2052 4385 2338 4452 sionesque
2363 4399 2427 4438 ex
2458 4384 2668 4451 integro
2700 4381 2751 4434 in
2785 4395 3070 4437 commune
3105 4381 3232 4434 inibi
3276 4382 3621 4446 contradens,

2051 4485 2105 4531 et
2133 4484 2395 4545 quzrstum
2433 4473 2706 4542 c0piosum
2759 4487 3057 4535 servorum,
3103 4472 3437 4532 ancillarum.
3471 4489 3626 4544 agro-

2055 4580 2172 4622 rum
2214 4572 2469 4635 praeterea
2530 4572 2583 4622 et
2629 4563 2929 4626 vinearum,
2980 4563 3079 4617 sub
3110 4564 3466 4626 testamentis,
3507 4580 3627 4634 quae

2054 4659 2314 4713 hactenus
2368 4656 2654 4718 habentur,
2708 4653 2833 4707 dato
2881 4655 3056 4725 pretio
3097 4654 3484 4710 instantissime
3535 4669 3625 4710 ac-

2051 4749 2291 4818 quircns.
2337 4744 2441 4800 Sed
2496 4753 2551 4799 et
2579 4759 2699 4798 mox
2732 4751 2984 4812 parentes
3028 4742 3168 4798 illius
3195 4743 3294 4796 viri
3347 4743 3488 4797 beati
3517 4744 3625 4797 lar-

2052 4838 2299 4909 gissimas
2330 4836 2376 4891 ei
2424 4851 2603 4890 rerum
2647 4849 3011 4906 gazarumque
3039 4849 3257 4888 suarum
3284 4835 3595 4890 condonave
3623 4865 3628 4873 -

2052 4940 2178 4983 runt
2207 4929 2484 4999 portiones
2517 4927 2887 4982 instrumentis
2914 4941 2980 4981 ex
3041 4923 3158 4996 lege
3214 4927 3317 4979 rite
3347 4924 3623 4994 perfectis.

2048 5018 2310 5074 Processu
2361 5031 2492 5072 vero
2537 5015 2815 5087 temporis,
2859 5016 3008 5071 locus
3056 5016 3197 5071 idem
3253 5013 3625 5083 religiosorum

2046 5111 2349 5182 frequentia
2383 5111 2433 5164 in
2468 5110 2634 5163 robur
2663 5108 2984 5165 incrementi
3031 5106 3326 5168 convaluit,
3347 5105 3631 5160 nobilium-

2047 5219 2152 5276 que
2183 5218 2247 5259 eo
2271 5200 2654 5257 confluentium
2690 5200 2941 5270 largitate
2955 5197 3180 5262 ditatus,
3211 5211 3390 5251 rerum
3419 5210 3481 5248 ac
3507 5211 3632 5264 pos-

2049 5294 2349 5350 sessionum
2384 5289 2650 5346 terminos
2676 5289 2949 5355 dilatavit;
2987 5291 3085 5344 sed
3120 5299 3174 5346 et
3202 5286 3633 5355 congregationis

2048 5384 2365 5440 monasticae
2422 5379 2682 5437 numerus
2735 5380 2788 5434 in
2850 5383 2968 5437 dles
3005 5385 3230 5451 copiose
3269 5389 3630 5438 succrescens,

2047 5474 2227 5524 nobile
2254 5487 2316 5524 ac
2354 5472 2625 5524 famosum
2653 5468 3293 5524 reddiditusnueauaaue
3309 5461 3632 5518 cmnobittm-
