4482 5524
855 454 955 511 607

1942 444 2231 502 ADSONIS
2271 444 2652 501 DERViiNSlS
2690 445 2978 505 ABBATIS

3972 445 4079 505 608

857 560 1057 618 nobilis
1078 560 1133 613 Β.
1153 555 1642 613 Frodobcrtivitam
1665 554 2162 624 institutionemque
2190 570 2417 624 sequcu-
2444 557 2491 614 Α
2520 555 2765 619 circuire,
2798 573 3211 631 sanctorumque
3249 572 3543 635 martyrum
3596 560 3678 619 vel
3709 564 4083 621 confessurum

862 654 1004 707 tibus
1045 649 1389 719 quamplures
1429 646 1770 715 postmodum
1820 646 1873 698 in
1920 646 2050 699 urbe
2078 644 2418 698 Trecassium

861 741 1113 796 exstitere
1136 738 1590 808 poutifices,iuter
1604 750 1737 803 quos
1764 734 2083 789 Aldobertus
2115 733 2195 785 vir
2225 732 2419 786 summi

865 831 1060 901 ingenii
1095 840 1148 883 et
1190 828 1468 897 prtecipuze
1519 824 1849 889 sanctitatis;
1899 824 2132 891 itemque
2166 821 2419 882 Bobinus.

862 922 1079 975 natione
1106 919 1406 987 Aquitanus
1438 916 1514 987 (5)
1542 932 1555 981 ;
1583 931 1808 985 quorum
1828 924 2056 982 uterque
2079 912 2177 982 ipsi
2202 912 2318 965 loco
2344 912 2425 964 in-

863 1013 1037 1082 gentia
1080 1010 1357 1066 commoda
1392 1008 1686 1071 contulere,
1735 1007 1875 1061 intra
1925 1016 2185 1071 extraque
2231 1002 2423 1071 quibus

861 1103 1114 1172 possibile
1150 1101 1249 1155 fuit
1295 1100 1672 1171 amplificando
1711 1098 1902 1160 modis,
1934 1096 2117 1163 sicque
2165 1092 2215 1146 in
2255 1093 2426 1160 pleni-

866 1195 1045 1249 tudine
1075 1195 1335 1248 bonormn
1358 1206 1579 1261 opermn
1609 1190 1749 1245 diem
1780 1188 2022 1241 ultinmm
2043 1198 2422 1238 consumman-

866 1294 968 1348 tcs,
993 1284 1131 1337 intra
1160 1293 1310 1353 septa
1337 1282 1569 1336 basilica:
1591 1281 1827 1351 ejusdem
1858 1276 2167 1332 monasterii
2196 1274 2424 1327 nobilem

864 1376 1037 1429 sortiti
1065 1385 1189 1429 sunt
1243 1373 1592 1443 sepulturam.
1631 1372 1836 1437 Quibus
1892 1371 1962 1423 ita
1992 1368 2211 1437 digestis
2242 1380 2425 1419 rcrmn

864 1474 1133 1531 gestarum
1165 1465 1404 1518 ordinem
1439 1472 1761 1532 repelanms.

865 1576 929 1629 lu
964 1575 1290 1630 Parmenone
1330 1577 1497 1629 sancti
1544 1573 1784 1638 Qaintiui
1823 1572 1938 1640 ejus
1998 1569 2197 1623 meritis
2253 1567 2427 1620 vinum

1521 1643 1767 1713 augescit.

946 1742 1030 1795 14.
1064 1737 1317 1791 Florebat
1377 1734 1428 1788 in
1485 1742 1672 1787 sancto
1698 1731 1814 1785 viro
1840 1726 2197 1799 spiritualium
2248 1721 2429 1793 profe-

865 1845 1046 1890 ctmnn
1071 1827 1379 1884 indeficiens
1406 1824 1576 1895 gratia
1611 1837 1713 1875 non
1752 1818 2009 1887 exemplis
2040 1816 2211 1870 solum
2241 1822 2290 1868 et
2317 1827 2432 1865 mo-

2522 643 2859 713 festivitates,
2888 652 3148 719 siquando
3198 654 3435 710 revoluto
3486 657 3611 709 anni
3659 657 3860 711 circulo
3898 672 4081 710 recur-

2526 736 2741 799 rissent,
2773 739 2949 793 debita
2973 757 3096 795 cum
3131 746 3471 798 veneratione
3521 745 3811 813 suscipere.
3836 744 3967 799 Nam
4017 745 4082 798 ii-

2524 824 2612 877 lud
2644 826 2744 880 sibi
2783 830 3091 897 specialiter
3120 833 3404 895 indixerat,
3442 843 3501 886 ut
3544 849 3818 887 sacrorum
3872 836 4078 888 dierum

2526 916 2690 971 ferias
2743 920 2998 986 peculiari
3042 924 3272 990 quadam
3301 924 3677 979 observatione
3726 932 4083 988 tractaret,ut

2526 1017 2744 1075 putares
2770 1024 2890 1063 cum
2930 1012 3056 1079 ipsis
3071 1013 3518 1085 jammarlyribus
3542 1016 3821 1080 commori,
3851 1032 3949 1070 nec
3970 1017 4080 1085 jam

2527 1103 2751 1149 terrente
2779 1097 2931 1153 molis
2961 1102 3143 1156 usibus
3172 1102 3415 1157 detineri.

2528 1183 2593 1237 In
2624 1184 2755 1252 festo
2778 1186 2835 1239 S.
2873 1188 3113 1251 Quintini
3137 1209 3168 1244 α
3198 1192 3431 1247 άιειιιοιιε
3467 1196 3521 1248 in
3550 1198 3781 1249 oratione
3824 1196 4080 1248 turbatur.

2599 1274 2685 1329 l6.
2727 1274 2800 1327 Ita
2833 1278 3102 1343 quondam
3156 1279 3473 1335 adveniente
3526 1284 3949 1351 splendidissima
3995 1300 4083 1335 so—

2527 1362 2803 1419 lemnitate
2831 1365 2891 1419 B.
2921 1366 3158 1432 Quintini
3185 1372 3434 1441 martyris
3468 1375 3704 1441 pretiosi,
3746 1392 3774 1428 a
3818 1386 4090 1429 monaste-

2529 1453 2592 1505 rii
2625 1454 2787 1521 ipsius
2818 1455 3112 1521 abbatissa,
3145 1459 3343 1513 Rocula
3369 1464 3935 1535 nomine,c:ctcrisque
3966 1481 4090 1521 san-

2530 1541 2929 1595 ctimonialibus
2986 1546 3259 1616 religionis
3287 1551 3457 1618 gratia
3500 1553 3757 1608 invitatus
3791 1564 3890 1619 est,
3924 1565 3979 1607 ut
4008 1553 4091 1609 of-

2532 1630 2667 1685 ficiis
2690 1633 2883 1687 divina:
2905 1634 3234 1690 celebritatis
3269 1639 3349 1692 vir
3372 1641 3743 1697 sanctissimus
3783 1643 4086 1706 interesscr,

2532 1730 2799 1793 tantmque
2824 1726 3129 1781 festivitatis
3172 1729 3384 1798 gaudia,
3436 1733 3741 1787 sanctitatis
3782 1749 3844 1788 ac
3873 1736 4091 1789 merito-

2532 1828 2649 1866 rum
2682 1816 2986 1871 sublimium
3051 1819 3297 1889 lampade
3344 1822 3659 1878 illustraret.
3709 1823 3840 1877 Nam
3869 1837 4093 1894 excepta

865 1924 1033 1985 ribus,
1064 1920 1154 1975 sed
1208 1918 1367 1972 etiam
1430 1911 1808 1967 miraculorum
1878 1906 2157 1977 splendore
2204 1901 2427 1958 solemni
2460 1900 2503 1959 B
2533 1902 2814 1958 devotione
2860 1920 2984 1975 erga
3033 1917 3249 1962 sanctos
3304 1909 3729 1980 incomparabili,
3773 1914 3932 1967 alia“;
3962 1914 4094 1968 inm]

866 2013 1261 2069 commendata.
1289 2008 1343 2061 In
1373 2020 1482 2078 quo
1511 2012 1707 2073 quanta
1741 2001 1902 2054 fuerit
1932 1998 2170 2067 largitas,
2198 2001 2425 2063 quanta-

866 2121 970 2176 que
995 2101 1265 2158 amuentia
1311 2096 1610 2156 charitatis,
1644 2106 1747 2146 una
1779 2090 2000 2158 ipsaque
2028 2083 2257 2154 simplici
2293 2080 2434 2134 rela-

867 2170 1011 2251 tione
1039 2190 1329 2248 constabit.
1384 2185 1619 2255 Contigit
1670 2196 1791 2237 eum
1832 2178 2062 2247 quodam
2107 2184 2344 2242 tempore
2376 2170 2429 2222 in

866 2284 1165 2355 puellarum
1215 2276 1481 2339 coenobio,
1521 2272 1663 2342 quod
1692 2270 1752 2323 Β.
1787 2265 2026 2334 Quintini
2060 2260 2314 2332 martyris
2347 2256 2430 2355 Δ(6)

867 2350 1067 2433 nomini
1098 2380 1489 2431 consecratum,
1523 2366 1773 2432 intraque
1790 2361 1973 2414 urbem
1997 2356 2156 2411 situm
2183 2362 2283 2415 est,
2330 2350 2434 2404 duo

868 2466 975 2520 vini
1007 2461 1223 2517 vascula
1252 2458 1469 2528 triginta
1501 2453 1669 2509 ferme
1719 2450 2016 2505 modiorum
2043 2443 2261 2513 capacia
2289 2455 2437 2495 com-

869 2552 1171 2612 mendasse,
1205 2547 1344 2616 quod
1369 2545 1517 2599 locus
1543 2544 1682 2596 idem
1705 2540 1754 2593 ei
1780 2545 1924 2591 esset
1952 2531 2433 2593 familiarissimus,

871 2659 935 2698 ac
966 2637 1186 2711 speciali
1212 2633 1489 2690 charitatis
1516 2630 1720 2701 glutino
1743 2624 2044 2695 copulatus,
2066 2621 2289 2690 ejusque
2317 2633 2437 2672 cru-

870 2707 1056 2787 ditidni
1108 2742 1170 2782 ac
1217 2722 1461 2795 regimini
1510 2718 1850 2790 peculiariter
1891 2714 2242 2781 mancipatus.
2304 2707 2437 2761 Nam

871 2837 991 2875 cum
1022 2832 1118 2889 pro
1151 2830 1263 2869 sure
1290 2794 1613 2865 sanctitatis
1640 2805 1832 2860 merito
1856 2802 1924 2856 ab
1950 2800 2203 2855 omnibus
2240 2794 2439 2866 princi—

872 2912 978 2982 pali
1026 2905 1326 2964 reverentia
1369 2902 1659 2963 coleretur,
1700 2897 1751 2951 id
1785 2895 1885 2950 sibi
1915 2894 2141 2963 quisque
2171 2903 2438 2944 summum

872 2978 1164 3070 deputabat
1206 2997 1429 3056 bonum,
1464 2992 1507 3045 si
1531 2990 1645 3058 ejus
1672 2984 2028 3041 familiaritati
2051 2981 2132 3037 vel
2161 2978 2441 3035 mediocri-

872 3064 1225 3156 tercoujungi
1281 3082 1599 3141 meruisset;
1635 3087 1796 3145 utque
1832 3074 1885 3128 in
1931 3071 2185 3127 omnibus
2213 3078 2270 3123 et
2301 3064 2440 3136 apud

872 3194 1060 3236 omnes
1108 3191 1226 3232 sese
1257 3172 1596 3228 affectuosius
1624 3174 1828 3236 ageret,
1870 3166 2040 3234 deque
2066 3162 2314 3218 omnibus
2359 3160 2440 3214 in—

874 3277 1192 3324 cunctanter
1221 3270 1588 3335 prmsumcrct,
1620 3260 1833 3315 cunctis
1855 3255 2222 3327 gratissimum
2243 3259 2296 3305 et
2315 3264 2438 3320 per-

872 3360 1103 3430 optabile
1144 3367 1279 3413 erat.
1329 3357 1571 3423 Cumque
1608 3352 1714 3406 illic
1744 3364 1884 3418 szepe
1926 3344 2209 3403 charttatis
2240 3339 2437 3402 ofﬁcio,

874 3452 940 3505 ad
988 3449 1305 3505 sumendum
1364 3445 1609 3515 poculum
1655 3441 1911 3511 plurimos
1957 3441 2299 3497 convocaret,
2354 3430 2441 3485 die

874 3541 1104 3612 quadam
1134 3536 1535 3607 apothecariam
1590 3532 1750 3600 solito
1774 3529 1965 3585 cellam
1996 3528 2295 3597 ingressus,
2344 3537 2440 3591 pa-

875 3632 1095 3688 vimenti
1121 3631 1310 3684 faciem
1330 3628 1437 3680 viui
1466 3622 1815 3679 exuberantia
1842 3620 2045 3689 reperit
2065 3613 2438 3687 superfusam;

876 3724 1187 3791 veritusque
1242 3734 1309 3773 ne
1359 3718 1494 3771 forte
1553 3712 1755 3769 vasculi
1798 3707 2185 3765 incontinentia
2217 3701 2444 3773 liquoris

879 3787 1209 3881 dispendium
1255 3805 1611 3878 provenisset,
1668 3799 1911 3861 fratrem,
1954 3796 2044 3865 qui
2093 3808 2274 3848 secum
2307 3787 2443 3844 ferte

876 3880 1120 3960 venerat,
1161 3912 1222 3951 os
1273 3893 1565 3963 superioris
1619 3897 1827 3945 meatus
1870 3886 2137 3955 inspicere
2166 3880 2440 3951 praecepit.

879 3990 996 4055 Quo
1043 3987 1183 4040 facto
1220 3984 1434 4053 (mirum
1470 3981 1614 4035 dictu
1669 3977 1809 4048 quod
1854 3975 1955 4044 est)
2002 3974 2181 4027 viuum
2214 3984 2445 4039 superne

880 4082 1187 4136 redundans
1214 4079 1502 4148 aSpicitur;
1536 4076 1774 4142 satisque
1800 4079 1985 4140 aperte
2027 4066 2271 4121 constitit
2299 4063 2441 4133 quod

879 4181 1080 4245 quanto
1106 4168 1391 4225 hauriebat
1430 4163 1747 4236 propensius
1780 4160 2039 4220 charitas,
2078 4163 2227 4210 tanto
2292 4153 2446 4208 beni-

881 4244 982 4331 gna
1003 4260 1281 4318 Creatoris
1306 4258 1527 4328 largitas
1555 4255 1744 4308 bauSta
1788 4249 2061 4321 profusms
2094 4244 2441 4301 reformabat.

879 4355 1007 4423 Ejus
1036 4351 1289 4405 nimirum
1314 4348 1415 4401 hoc
1449 4343 1650 4398 factum
1681 4340 1924 4395 creditur
1948 4339 2167 4406 pietate,
2201 4334 2291 4403 qui
2322 4348 2444 4387 cum

879 4457 980 4498 nos
1018 4436 1397 4495 misericordes
1427 4448 1548 4488 esse
1591 4432 1780 4502 jubeat
1807 4438 1860 4484 et
1891 4430 2020 4483 dare
2061 4423 2442 4495 indigentibus.

2530 2007 2651 2047 eum
2680 2009 2833 2048 sacra
2874 1995 2988 2050 loca
3042 1996 3192 2052 festis
3223 1999 3410 2054 diebus
3460 2002 3802 2069 frequentare
3844 2007 4095 2075 cogebat,

2531 2087 2672 2155 quod
2699 2087 2777 2141 eis
2817 2088 3093 2158 spirituale
3142 2091 3378 2160 regimen
3413 2093 3717 2148 adhibebat.
3757 2094 3863 2149 Nec
3893 2096 4098 2150 distulit

2534 2177 2660 2245 quin
2689 2178 2916 2243 veniret,
2941 2180 3251 2236 devotarum
3282 2182 3389 2238 Deo
3440 2185 3923 2240 sanctimonialium
3949 2186 4097 2242 desi~

2533 2265 2681 2319 deria
2712 2276 2968 2335 reputans
2999 2284 3102 2323 non
3152 2271 3348 2326 debere
3373 2270 3642 2328 frustrari.
3679 2275 3902 2345 Expleta
3930 2277 4095 2347 igitur

2535 2368 2815 2410 sacrarum
2862 2358 3162 2428 vigiliarum
3222 2361 3395 2418 ollicio
3446 2368 3790 2435 vespertino,
3846 2369 4099 2439 vulgique

2537 2447 2878 2503 multitudine
2913 2452 2978 2503 ad
3027 2461 3151 2507 nota
3203 2454 3499 2511 diversoria
3551 2459 3828 2525 redeunte,
3860 2462 3942 2514 vir
3970 2478 4097 2515 san-

2537 2545 2657 2591 ctus
2696 2539 2746 2591 in
2778 2540 3004 2594 ecclesia
3037 2544 3290 2610 perstitit,
3322 2560 3486 2615 seque
3528 2549 3696 2618 ipsum
3726 2552 3949 2605 secretis
3978 2567 4099 2606 ora-

2542 2627 2775 2682 tionibus
2805 2631 3133 2699 mancipaus,
3164 2635 3466 2702 spirituales
3509 2640 3763 2694 excubias
3788 2642 4095 2696 exercebat.

2540 2716 2607 2769 At
2639 2716 2858 2785 prccfata
2892 2721 3185 2786 abbatissa,
3214 2723 3341 2792 quid
3374 2735 3594 2782 sanctus
3619 2730 3699 2782 vir
3726 2740 3935 2799 gereret
3993 2748 4110 2785 non

2541 2807 2822 2860 minimum
2848 2810 3081 2874 curiosa,
3110 2826 3229 2866 cum
3258 2812 3576 2882 quibusdam
3603 2818 4107 2874 sanctimonialibus

2541 2897 2594 2951 in
2622 2897 2839 2953 basilica
2888 2915 2946 2954 se
2973 2901 3270 2967 occultans,
3299 2905 3565 2974 egregiam
3592 2908 3851 2962 orationis
3898 2909 4105 2963 instan-

2543 2990 2672 3043 tiam
2702 2996 3236 3066 compunctiouisque
3259 3000 3398 3056 illius
3418 3002 3775 3070 largissimam
3806 3006 4103 3059 ubertatem

2541 3079 2727 3133 sedulo
2751 3096 2872 3135 cum
2889 3084 3163 3140 sororibus
3187 3089 3500 3145 mirabatur.
3532 3093 3650 3147 Mox
3676 3095 3831 3148 saluti
3854 3096 4102 3149 humana:

2542 3172 2865 3235 contrarius,
2880 3172 3217 3245 feliciumque
3231 3194 3449 3247 operum
3464 3198 3622 3253 quam
3640 3186 3869 3241 maxime
3881 3189 4105 3244 aemulus

2540 3260 2712 3315 adfuit
2736 3263 3004 3330 inimicus,
3028 3269 3117 3336 qui
3147 3271 3550 3327 nmndissinunn
3585 3274 3679 3328 Dei
3712 3276 4103 3342 holocaustum.

2541 3349 2645 3403 etsi
2699 3366 2802 3405 non
2854 3354 3065 3422 penitus
3097 3355 3281 3410 tollere
3329 3361 3517 3427 potuit,
3566 3377 3774 3417 veneno
3807 3373 3982 3419 tamen
4016 3382 4108 3421 su-

2542 3446 2737 3506 specta:
2762 3437 2964 3495 fraudis
2992 3439 3194 3497 fmdare
3226 3446 3469 3501 tentavit.
3515 3447 3649 3502 Nam
3703 3450 4106 3518 catulelabrum,

2543 3527 2628 3581 cui
2652 3542 2841 3584 cereus
2878 3530 3159 3601 impositus
3210 3544 3349 3602 erat,
3405 3539 3686 3604 subvertit,
3733 3543 4109 3613 exstinctoqne

2543 3614 2764 3681 lumine,
2808 3620 2948 3688 quod
2995 3624 3169 3677 noctis
3214 3634 3265 3679 et
3314 3630 3655 3684 tenebrarum
3706 3642 3850 3688 esset
3898 3644 4111 3689 amator

2542 3708 2816 3765 evidenter
2834 3713 3087 3769 ostendit.
3118 3714 3213 3769 Vir
3259 3725 3435 3773 tamen
3486 3720 3696 3775 Domini
3754 3724 3805 3777 in
3846 3725 4109 3780 orationis

2544 3802 2719 3854 studio
2741 3804 3003 3871 perstitit;
3051 3820 3151 3860 nec
3192 3808 3476 3864 mundanis
3512 3812 3744 3867 tenebris
3786 3814 3983 3869 fuscari
4015 3831 4112 3884 po-

2546 3890 2666 3955 tuit,
2688 3892 2773 3946 cui
2803 3891 3051 3948 Christus
3080 3904 3271 3949 auctor
3294 3905 3348 3951 et
3380 3897 3499 3953 fons
3540 3900 3757 3956 lmninis
3793 3906 4109 3972 prtescatis-

2548 3980 2718 4035 simus
2767 3980 2905 4046 fuit;
2970 3983 3124 4050 cujus
3175 3988 3412 4042 exterior
3469 3990 3659 4045 oculus
3687 3992 3788 4046 etsi
3830 3995 4113 4047 nocturnis

2551 4073 2791 4127 tenebris
2818 4074 3088 4147 caligavit,
3151 4092 3303 4132 mens
3335 4088 3512 4133 tamen
3550 4080 3762 4147 intima,
3794 4096 4115 4152 semperque

2546 4165 2611 4218 ad
2660 4168 3128 4237 contemplandum
3186 4171 3351 4225 Deum
3431 4173 3739 4242 purissima,
3787 4190 3926 4231 verte
3976 4175 4116 4231 lucis

2546 4256 2792 4327 lampade
2819 4262 3145 4316 coruscavit.

2979 4353 3055 4406 Ab
3075 4370 3415 4425 energumeno
3448 4358 3663 4412 ridetur.

2620 4441 2704 4495 l7.
2735 4441 2941 4498 Interea
2974 4459 3266 4514 paucorum
3311 4448 3519 4501 diermn
3557 4449 3909 4504 interlabentc
3940 4452 4117 4505 curri-

877 4541 937 4584 ut
965 4528 1123 4584 nobis
1168 4539 1382 4595 quoque
1429 4521 1662 4620 pllfl'im“
1687 4518 1930 4620 ,ἀθηῑυτξ
1955 4607 1965 4618 1
1991 4516 2046 4569 in
2100 4529 2238 4614 “"3.
2264 4520 2442 4620 la'lne"
2469 4557 2523 4620 Β
2548 4529 2689 4596 culo,
2723 4532 2787 4584 ad
2814 4532 3090 4587 basilicam
3118 4534 3177 4587 Β.
3204 4535 3448 4589 Aventini
3473 4536 3816 4600 confessoris,
3841 4539 3955 4608 ejus
3991 4555 4120 4607 gra-

879 4635 1127 4677 mensura
1159 4616 1470 4677 tribuimus,
1501 4613 1553 4665 in
1601 4610 1791 4664 eadem
1843 4607 1997 4661 nobis
2050 4603 2444 4658 remetiendum

875 4709 1224 4766 nihilominus
1238 4698 1789 4775 repromittit(Matth.
1822 4714 1921 4762 vn,
1948 4698 2015 4761 2;
2046 4694 2216 4749 Marc.
2242 4692 2444 4762 mit).

876 4805 971 4857 Est
994 4800 1136 4857 enim
1160 4795 1543 4852 manusdivina
1559 4807 1662 4847 non
1682 4791 1827 4860 larga
1851 4788 2041 4848 solum,
2067 4800 2251 4841 verum
2280 4784 2445 4839 etiam

876 4896 1023 4951 dives
1057 4902 1110 4949 et
1159 4890 1384 4963 proflua.
1426 4889 1535 4943 Nec
1585 4883 1930 4941 metuendum
1962 4896 2029 4936 ne
2054 4879 2190 4934 forte
2224 4877 2444 4946 largita-

875 4997 984 5040 tcm
1014 4994 1271 5054 sequatur
1325 4980 1528 5049 inopia,
1576 4976 1852 5047 quoniam,
1887 4982 1945 5028 ut
1976 4982 2051 5027 att
2108 4971 2439 5041 Apostolus:

878 5079 979 5142 Qui
1018 5078 1240 5132 seminat
1277 5077 1334 5130 in
1363 5071 1819 5132 benedictionibus,
1857 5068 1942 5139 (11
1973 5068 2092 5122 Cor.
2126 5083 2202 5127 ιιι,
2236 5065 2289 5133 6)
2315 5075 2437 5127 etc;

873 5170 1062 5238 quique
1111 5167 1443 5221 administrat
1489 5180 1661 5219 semen
1702 5159 2003 5221 seminanti,
2052 5168 2097 5210 et
2144 5172 2327 5224 panem
2374 5154 2442 5207 ad

2552 4621 2623 4674 tia
2648 4635 2714 4675 ex
2746 4637 2891 4677 more
2919 4621 3119 4678 Christi
3151 4623 3378 4679 famulus
3400 4626 3708 4680 accedebat.
3733 4626 3972 4696 Cumque
4000 4627 4118 4696 jam

2550 4709 2695 4765 fores
2721 4711 2964 4767 ecclesiae
2990 4713 3336 4778 oerintraret,
3376 4715 3595 4785 contigit
3624 4716 3908 4785 quemdam
3953 4732 4115 4772 ener-

2552 4814 2842 4871 gumenum
2892 4806 3135 4857 daemone
3183 4803 3493 4873 exagitante
3541 4806 3760 4869 vexari;
3789 4807 3875 4875 qui
3929 4808 4117 4862 rabida

2554 4899 2705 4958 peste
2731 4891 3135 4960 captivus,cum
3166 4894 3417 4948 miserum
3434 4911 3494 4948 os
3514 4894 3564 4947 in
3591 4898 3821 4950 amentia
3851 4898 4009 4951 verba
4033 4898 4116 4951 la-

2551 4989 2753 5044 xasset,
2785 4981 2926 5036 inter
2953 4990 3149 5037 cmtera
3189 4982 3385 5037 lamina
3415 4986 3650 5054 pectoris
3667 4985 3874 5049 furiosi.
3900 4986 3960 5042 Β,
3987 4986 4118 5041 Fro-

2550 5067 2757 5122 doberti
2790 5071 2983 5139 sacpius
3010 5086 3204 5125 nomen
3244 5073 3597 5143 ingeminans,
3627 5085 3816 5130 sancto
3850 5077 3967 5131 viro
3990 5091 4113 5130 vcr-

2548 5158 2632 5213 bis
2662 5161 2982 5228 procacibus
3016 5161 3330 5225 insultabat,
3360 5166 3500 5232 quod
3528 5179 3593 5220 co
3621 5180 3803 5220 sacras
3828 5174 4125 5219 exercente

2552 5249 2759 5268 -.εμτιε--
2815 5249 3205 5268 --I-.9,,-I,,,'
3252 5252 3263 5262 ι
3333 5252 3347 5268 I
3388 5262 3397 5268 .
3508 5253 3518 5264 ι
3620 5262 3629 5268 .
3706 5254 3756 5268 ι-
3844 5254 3874 5268 οι
3965 5252 4018 5268 nn
