4482 5524
341 298 446 352 suo

1514 284 1602 340 DE
1642 283 1794 339 VITA
1838 285 1894 338 S.
1939 281 2397 339 FllODOBEﬂTl.

3491 283 3592 335 610

343 408 524 475 potius
575 410 774 472 quanto
840 399 1125 452 adversum
1173 412 1229 449 se
1275 396 1568 448 certamina
1618 396 1917 446 dwmonum
1952 398 1996 454 Α
2029 393 2244 446 lestinm
2271 394 2527 446 victorem
2559 391 2952 458 quietissimum
3001 391 3274 444 Solidaret.
3325 391 3438 445 Jam
3473 435 3484 452 ,
3517 396 3567 446 in

345 502 552 552 acriora
585 507 936 566 cognoverat.
977 503 1124 546 tanto
1155 507 1212 546 se
1255 491 1530 544 robustius
1572 492 1638 542 ad
1668 491 1918 557 spiritua-

343 589 448 644 lcm
480 601 712 658 pugnam
734 594 920 640 contra
953 581 1244 636 invisibiles
1269 581 1536 648 nequitias
1559 580 1915 648 praeparabat.

805 673 1077 740 Angelicns
1117 687 1264 724 voca
1304 671 1472 722 audit.

418 768 502 822 18.
545 766 733 836 Opera:
770 765 1000 833 pretium
1031 771 1114 815 est
1162 760 1287 813 illud
1320 774 1532 829 quoque
1563 759 1797 812 fidelium
1826 773 1920 812 an-

343 856 494 909 ribus
528 857 759 916 tradere,
788 853 928 922 quod
961 853 1008 904 ei
1041 865 1203 920 saepe,
1235 859 1505 903 annuente
1538 849 1781 909 Domino,
1831 863 1916 902 sc-

347 962 494 1005 creta
523 949 756 1003 ccelcslis
783 947 945 1000 curizc
977 945 1380 1014 pandebantur;
1409 950 1463 995 et
1492 941 1744 1011 quoniam
1782 955 1920 994 sem-

343 1054 440 1106 per
470 1049 644 1091 mente
670 1039 719 1089 in
743 1035 1050 1088 ecelestibns
1074 1033 1372 1093 habitabat,
1399 1033 1646 1084 haustum
1673 1044 1920 1098 superna:

339 1128 696 1195 jucunditatis
751 1127 926 1178 divina
975 1125 1021 1178 ei
1070 1124 1242 1192 pietas
1285 1121 1616 1190 frequentius
1669 1121 1920 1190 propina-

348 1218 433 1269 bat
463 1257 476 1278 ,
524 1225 581 1268 ut
627 1224 773 1268 tanto
819 1215 884 1266 ad
928 1214 1064 1266 hanc
1100 1212 1375 1264 ardentius
1406 1219 1646 1264 curreret
1673 1250 1686 1273 ,
1720 1217 1919 1278 quanto

347 1305 628 1358 suavitatis
655 1303 770 1369 ejus
814 1302 1148 1355 dulcedinem
1180 1287 1518 1367 appetentius
1559 1298 1917 1366 degustasset.

350 1393 443 1446 Die
470 1395 611 1446 enim
641 1393 871 1461 quadam
905 1391 1224 1444 venerabilis
1254 1389 1656 1442 Thendecarius
1680 1387 1920 1455 ejusdem

347 1487 514 1540 abbas
546 1486 816 1546 suburhii,
852 1484 1174 1536 visitationis
1221 1484 1426 1552 pariter
1455 1492 1508 1535 et
1553 1482 1922 1535 instrnctionis

347 1593 454 1630 sum
479 1578 647 1645 gratia
686 1577 748 1626 a;l
780 1592 898 1628 cum
928 1584 1185 1636 venerat,
1219 1584 1275 1626 ιιι
1304 1589 1417 1627 mos
1450 1584 1564 1627 erat
1595 1574 1800 1628 cunctis
1829 1588 1922 1642 per

345 1669 626 1721 circuitum
661 1667 922 1735 religiosis
958 1668 1100 1721 hunc
1132 1668 1304 1734 ipsum
1334 1674 1578 1719 sanctum
1612 1667 1786 1718 virum
1820 1668 1922 1719 fre-

2022 498 2222 550 quam,
2273 493 2479 551 tempus
2528 481 2752 544 aderat,
2813 491 2868 534 ut
2903 497 2998 550 pro
3054 483 3340 536 multorum
3392 486 3584 538 sudore

2021 573 2400 636 certaminum,
2432 587 2529 640 pro
2557 571 2846 642 singularis
2868 573 3205 626 abstinentia:
3233 576 3584 639 crttciatibus,

2021 675 2117 728 pro
2139 660 2405 714 universis
2433 660 2663 729 denique
2687 660 2940 729 operibus
2972 661 3206 730 pietatis,
3241 662 3441 716 fessum
3473 664 3586 732 jam

2021 765 2247 818 corpore
2277 750 2592 804 bellatorem
2621 751 2687 804 ad
2714 766 2832 804 sese
2868 751 3150 819 reciperet,
3200 761 3360 820 atque
3409 753 3460 805 in
3492 768 3575 821 pa-

2023 839 2190 894 ternis
2240 839 2612 894 mansionibus
2661 839 2980 895 colloeatum
3033 841 3210 911 gloria}
3263 851 3317 894 ct.
3377 842 3594 896 honoris

2021 938 2308 983 stemmate
2357 929 2659 991 decoraret,
2713 931 3137 998 :etcrnitatisque
3171 940 3222 984 et
3274 931 3591 984 immortali-

2025 1021 2148 1073 tatis
2175 1021 2372 1073 amictu
2393 1020 2782 1074 circum-latum
2808 1022 3012 1092 angelis
3032 1022 3311 1083 insereret,
3340 1023 3595 1090 apostolis

2022 1109 2272 1162 sociaret.
2303 1109 2485 1177 Itaque
2511 1110 2650 1162 facili
2675 1110 2918 1179 corporis
2944 1111 3262 1181 :egritudine
3281 1112 3592 1179 corripitur,

2023 1201 2111 1269 qui
2165 1209 2344 1254 tamen
2393 1201 2574 1255 animo
2623 1202 2967 1256 indeltcicnte
3019 1203 3303 1265 robustus,
3353 1205 3596 1257 brevium

2022 1301 2236 1344 cetero-.13
2275 1292 2726 1346 remunerationis
2754 1293 3002 1362 prosequi
3034 1293 3327 1347 nitebatur.
3372 1293 3594 1348 Jamdn-

2024 1381 2148 1434 dum
2179 1381 2322 1433 enim
2350 1390 2405 1433 ut
2439 1380 2654 1435 Christo
2699 1392 2930 1446 coessct,
2969 1398 3240 1452 corporeae
3283 1384 3435 1437 molis
3466 1401 3599 1454 pra:-

2023 1474 2476 1540 optabatcarcere
2505 1472 2670 1535 solvi;
2702 1488 3008 1541 quanquam
3036 1484 3255 1542 propter
3285 1474 3601 1529 insu'nctio-

2027 1578 2148 1616 nent
2182 1563 2438 1628 fidelium,
2467 1565 2518 1616 in
2550 1579 2711 1618 carne
2744 1579 2862 1617 esse
2899 1565 3234 1618 necessarius
3260 1565 3596 1632 probaretur.

2025 1653 2120 1707 Cui
2152 1655 2217 1707 ad
2248 1670 2470 1709 summze
2502 1655 2811 1708 securitatis
2842 1655 3090 1708 solatium
3139 1655 3240 1709 hoc
3289 1655 3446 1708 etiam
3479 1673 3597 1708 tun-

345 1767 574 1828 quenter
601 1767 873 1828 expetere,
903 1767 1168 1827 quatenus
1195 1758 1313 1827 ejus
1346 1768 1397 1812 et
1434 1759 1809 1812 exhortatione
1837 1759 1920 1811 in-
1955 1734 1998 1791 Β
2030 1745 2174 1798 "eris
2207 1746 2383 1798 (“Villa
2439 1745 2690 1812 "mle-M35
2744 1745 2975 1814 ειϋοείι,
3016 1755 3072 1799 υῑ
3120 1745 3292 1800 (fidem
3341 1762 3415 1800 Si“
3438 1747 3477 1798 τί
3520 1748 3599 1800 Sili

345 1847 503 1912 strui,
539 1855 592 1900 et
621 1847 993 1901 benedictione
1036 1857 1256 1916 possent
1282 1848 1624 1901 sanctissima
1656 1847 1920 1900 roborari.

344 1938 479 1992 Cum
527 1939 706 2007 itaque
736 1940 880 1992 circa
925 1939 1112 1992 horam
1156 1938 1269 1993 fere
1311 1939 1525 1992 tertiam
1559 1937 1922 1992 Frodobertus

344 2024 553 2093 Spiritu
586 2036 779 2081 sancto
801 2027 1008 2095 plenbs,
1039 2042 1160 2081 cum
1188 2025 1410 2096 przefato
1439 2028 1554 2081 viro
1581 2027 1925 2082 Christianis-

346 2117 484 2170 simo
519 2116 888 2171 Thendecario
915 2118 1106 2172 abbate
1129 2159 1141 2179 ,
1193 2119 1527 2172 fructuosum
1556 2133 1617 2172 ac
1645 2118 1923 2187 Spirituale

345 2206 670 2275 colloquium
697 2216 937 2270 sereret,
969 2209 1171 2262 audivit
1211 2209 1525 2278 angelorum
1571 2211 1764 2263 choros
1797 2209 1922 2262 har-

348 2298 555 2350 monica
607 2299 871 2351 suavitate
927 2297 1291 2367 ineffabilique
1347 2310 1610 2353 concentu
1675 2299 1924 2353 cmlcstes

346 2385 576 2454 hymnos
613 2385 678 2439 ad
727 2395 927 2440 sancta
973 2395 1027 2440 et
1077 2387 1362 2441 individua:
1387 2387 1672 2441 Trinitatis
1698 2388 1921 2455 gloriam

349 2478 712 2530 concinentes.
764 2474 928 2542 Cujus
977 2490 1234 2530 canerem
1285 2477 1585 2530 dulcedinis
1639 2486 1922 2544 postquam

347 2567 657 2636 aliquandiu
689 2567 930 2620 attonitis
960 2566 1181 2619 auribus
1212 2567 1410 2630 hausit,
1436 2566 1717 2634 praefatum
1742 2567 1919 2619 Theu-

350 2657 624 2711 decarium
659 2656 782 2709 huic
809 2655 1069 2709 miraculo
1108 2665 1296 2709 testem
1326 2657 1589 2710 adhibuit.
1624 2655 1739 2723 Quo
1762 2659 1922 2710 etiam

351 2745 694 2814 postmodum
730 2743 996 2798 referente
1023 2784 1036 2806 ,
1086 2744 1151 2798 ad
1181 2746 1423 2798 notitiam
1458 2744 1809 2814 plurimorum
1842 2763 1927 2800 res

355 2847 463 2889 tant
489 2836 716 2889 mirifica
746 2835 1004 2889 decurrit.
1055 2834 1097 2889 Ο
1129 2836 1268 2889 beati
1308 2836 1406 2888 viri
1453 2835 1704 2888 meritum
1735 2837 1921 2905 singu-

345 2926 487 2980 lare!
522 2927 610 2995 qui
648 2927 892 2995 quamvis
924 2926 1096 2980 adhuc
1142 2927 1323 2979 tnumli
1373 2927 1662 2980 incolatum
1709 2939 1924 2997 ageret,

348 3035 509 3073 voces
545 3028 720 3073 tamen
753 3019 1079 3088 agnoscebat
1122 3019 1172 3071 in
1199 3017 1353 3072 caelis
1377 3019 1669 3088 angelicas,
1698 3019 1924 3073 Redem-

349 3119 503 3178 ptore
534 3118 718 3163 nostro
768 3109 867 3162 hoc
901 3108 973 3161 illi
1023 3109 1278 3161 divinitus
1310 3108 1567 3177 largiente
1589 3149 1602 3172 ,
1648 3111 1736 3176 qui
1770 3110 1927 3162 disci-

349 3199 489 3267 puli]
530 3199 639 3253 suis
668 3199 800 3253 hora
862 3199 1018 3252 tertia
1067 3197 1326 3268 Spiritum
1377 3207 1623 3253 sanctum
1675 3201 1820 3254 misit
1864 3205 1927 3255 de

348 3291 504 3344 cosio.

759 3377 1040 3431 Furiosum
1081 3389 1247 3432 mente
1290 3380 1532 3432 restituit.

420 3469 505 3523 19.
546 3469 799 3536 Qnmdam
849 3469 1089 3538 ejusdem
1133 3471 1364 3541 regionis
1410 3470 1630 3534 mulier,
1664 3470 1859 3525 Bertha
1895 3487 1924 3525 a

347 3559 664 3630 parentibus
705 3570 1010 3628 nuncupata
1040 3601 1052 3623 ,
1098 3576 1291 3614 sensus
1323 3561 1645 3615 rectitudine
1677 3563 1884 3630 perdita
1910 3603 1924 3628 ,

347 3651 560 3702 miserm
591 3649 875 3701 dementire
901 3649 1279 3702 alienationem
1315 3651 1644 3714 incurrerat,
1674 3666 1793 3720 quae
1827 3651 1928 3703 hu-

350 3755 523 3792 manae
563 3740 980 3792 cohabitationis
1028 3740 1438 3793 contubernium
1472 3740 1740 3811 fugitans,
1795 3757 1926 3811 vaga

350 3842 564 3895 semper
591 3837 644 3881 et
672 3829 936 3882 instabilis
961 3830 1182 3883 incertis
1209 3831 1426 3885 sedibus
1462 3830 1752 3886 ferebatur.
1782 3832 1930 3887 llauc

350 3929 603 3988 parentes
653 3921 796 3973 anxii
829 3921 894 3973 ad
944 3921 1083 3974 beati
1134 3921 1231 3975 viri
1269 3923 1612 3991 pr.esentiam
1661 3926 1930 3992 perduxe-

352 4019 498 4062 runt.
555 4010 622 4062 At
657 4010 742 4063 ille
774 4011 1075 4065 visceribus
1120 4013 1335 4081 pietatis
1365 3994 1669 4068 commotus
1699 4014 1930 4070 infelicis

349 4109 555 4153 sortem
589 4099 844 4165 indoluit;
876 4116 1041 4169 seque
1093 4118 1214 4156 mox
1247 4103 1298 4156 in
1345 4104 1646 4157 orationem
1673 4119 1933 4159 corruens

352 4186 535 4252 dedit,
586 4187 821 4256 profusis
875 4188 1126 4257 lacrymis
1188 4189 1375 4242 alienae
1437 4190 1741 4245 lucraturus
1787 4207 1931 4245 conn-

353 4279 556 4331 mercia
593 4280 860 4333 sanitatis.
917 4278 1024 4333 Nec
1072 4281 1158 4334 diu
1187 4281 1348 4335 dilata
1384 4290 1510 4335 sunt
1551 4297 1794 4352 superum
1827 4283 1932 4338 cle-

353 4371 570 4423 mentite
621 4385 842 4424 munera
891 4372 1141 4441 copiosa;
1195 4387 1430 4440 namque
1480 4381 1538 4426 ut
1583 4376 1650 4427 ab
1689 4375 1931 4428 oratione

355 4477 695 4531 consurgens
749 4463 977 4518 vivific:e
1010 4465 1224 4534 signum
1257 4464 1434 4519 crucis
1484 4465 1642 4533 capiti
1673 4466 1790 4536 ejus
1837 4465 1934 4519 iut-

354 4552 561 4621 posuit,
615 4567 737 4605 mox
766 4551 1057 4606 miserabili
1091 4555 1313 4608 cedente
1343 4553 1611 4607 dementia
1638 4593 1651 4617 ,
1705 4555 1938 4623 plenitu-

356 4642 535 4694 dinem
569 4656 760 4695 sensus
787 4642 1061 4710 sospitatis
1089 4643 1397 4712 integritate
1423 4643 1646 4713 recepit,
1677 4643 1936 4720 longoque

357 4733 542 4785 vivens
569 4740 758 4800 postea
788 4741 1028 4800 tempore
1055 4774 1068 4799 ,
1114 4733 1179 4786 ad
1209 4735 1514 4788 sanctitatis
1538 4735 1652 4805 ejus
1699 4737 1939 4790 testimo-

359 4825 528 4885 ninm,
561 4839 671 4878 sua:
701 4838 883 4878 secum
920 4826 1251 4879 circumtulit
1278 4827 1470 4896 gaudia
1496 4829 1793 4896 sospitatis.
1846 4829 1939 4884 llis

358 4921 412 4966 et
442 4910 747 4980 lmjusmodi
791 4914 1082 4969 virtutibus
1133 4916 1504 4983 gratissimmn
1558 4917 1657 4970 sibi
1713 4921 1937 4976 militem

361 5005 539 5058 divina
565 5005 885 5059 excellentia
920 5007 1278 5077 proveltebat;
1313 5023 1583 5078 quemque
1615 5010 1665 5063 itt
1720 5013 1940 5090 superni

366 5097 511 5166 regni
532 5095 686 5165 apice
711 5095 1198 5152 eminentissimum
1222 5099 1486 5153 collocare
1512 5101 1859 5174 decreverat,
1889 5106 1940 5160 itt

365 5186 523 5254 hujus
550 5201 764 5255 quoque
797 5190 973 5244 saeculi
1007 5204 1239 5243 excursu
1271 5189 1527 5255 insignem
1562 5206 1624 5246 ac
1660 5207 1943 5267 celebrem

365 5277 596 5329 reddere
623 5289 715 5342 per
741 5275 1038 5344 frequentia
1075 5275 1326 5330 miracula
1356 5290 1458 5327 non
1487 5286 1766 5360 cessabat.

562 5361 742 5417 Morbo
789 5380 1052 5438 correptus
1093 5366 1224 5419 diem
1263 5365 1440 5419 mortis
1473 5375 1750 5455 prima.”

433 5455 522 5509 9.0.
579 5452 690 5508 Jam
720 5456 858 5510 enim
889 5469 1098 5524 tempus
1127 5472 1156 5510 θ
1179 5457 1417 5524 ΡΓυ³Ῐ¹¹¹⁰
1453 5452 1749 5524 “mhi-sn

1835 5481 1952 5524 (Illo

2031 1837 2290 1891 transitus
2317 1837 2456 1891 diem
2483 1851 2512 1890 a
2534 1835 2728 1892 saeculo
2754 1835 3036 1891 revelaret.
3063 1835 3176 1903 Qua
3202 1837 3416 1890 tandem
3447 1853 3596 1890 reve-

2033 1927 2231 1981 latione
2259 1937 2532 1997 percepta,
2569 1937 2739 1980 totum
2771 1941 2829 1982 se
2855 1943 2975 1980 mox
3014 1929 3079 1981 ad
3106 1928 3438 1982 divinitatem
3470 1944 3599 1980 con-

2029 2019 2167 2082 tulit,
2203 2034 2300 2072 nec
2329 2020 2462 2072 mori
2502 2028 2777 2081 metuens,
2819 2034 2915 2072 nec
2938 2033 3207 2088 corporea:
3236 2019 3603 2087 dispositionis

2026 2112 2362 2179 dispendium
2398 2110 2789 2174 reformidans;
2823 2125 3007 2164 verum
3053 2111 3103 2164 id
3136 2126 3317 2165 secum
3362 2127 3607 2181 saepenu-

2029 2217 2176 2253 mero
2204 2200 2444 2263 volvens,
2476 2200 2729 2268 quoniam
2761 2200 2804 2252 si
2840 2209 3052 2253 terrena
3083 2200 3238 2268 hujus
3274 2209 3471 2253 nostrze
3503 2200 3602 2253 ha-

2027 2291 2303 2344 bitationis
2358 2301 2633 2344 structura
2689 2289 3040 2353 dissolvitur,
3093 2288 3259 2342 tnulto
3315 2290 3501 2343 melior
3550 2290 3603 2344 in

2028 2381 2338 2435 coalestibns
2367 2390 2716 2450 praeparatur.
2747 2380 3050 2446 Quinetiam
3082 2380 3153 2432 illi
3181 2388 3441 2434 anteactae
3476 2381 3600 2435 vitze

2028 2471 2356 2524 conScientia
2389 2471 2611 2523 terroris
2642 2470 2942 2531 minimum,
2978 2469 3289 2538 fiduciccqne
3313 2470 3602 2540 plurimum

2029 2560 2367 2622 Confcrcbat,
2418 2561 2558 2628 quod
2617 2575 2720 2613 non
2767 2560 3016 2628 prtesenti
3061 2561 3294 2623 seculo,
3352 2561 3441 2615 sed
3499 2562 3606 2616 Dco

2030 2654 2267 2719 vixerat;
2300 2654 2439 2722 quod
2469 2670 2576 2708 sure
2611 2654 2865 2708 voluntati
2898 2655 3129 2708 divinam
3167 2670 3378 2724 semper
3409 2665 3606 2726 pra‘tu-

2031 2741 2184 2802 lerat,
2215 2741 2354 2810 quod
2389 2742 2622 2810 praemiis
2652 2742 2963 2797 coalestihus
2986 2743 3254 2798 indefesse
3297 2747 3604 2814 suspirans,

2035 2829 2200 2882 Deum
2219 2830 2320 2883 sibi
2347 2845 2454 2899 prae
2477 2830 2648 2884 oculis
2672 2840 2919 2898 posuerat
2941 2846 3058 2885 esse
3083 2842 3418 2900 praesentem.
3446 2834 3609 2904 lgitnr

2031 2920 2349 2988 :egritudine
2378 2921 2759 2983 invalescente,
2781 2921 3068 2990 discipulos
3096 2933 3387 2988 convocat,
3420 2925 3607 2995 eisque

2031 3025 2188 3078 quam
2233 3027 2297 3065 ex
2345 3011 2523 3064 divina
2576 3013 2902 3065 revelatione
2948 3022 3298 3082 perceperat,
3342 3016 3420 3069 sui
3462 3017 3603 3070 diem

2035 3104 2292 3157 transitus
2324 3102 2580 3156 declarat.
2621 3104 2862 3172 Cumque
2892 3119 3020 3172 grex
3069 3105 3382 3160 mitissimus
3418 3110 3483 3161 de
3530 3108 3610 3160 vi-

2031 3183 2367 3266 gilantissimi
2402 3195 2632 3262 pastoris
2659 3195 2882 3250 decessu
2933 3196 3090 3250 simul
3143 3209 3195 3252 et
3243 3199 3480 3253 absentia
3515 3202 3610 3254 tri-

2030 3297 2298 3345 staretur.
2353 3285 2513 3340 altius
2564 3287 2956 3341 exhortationis
3006 3303 3254 3342 sermone
3306 3300 3606 3360 concepto,

2031 3393 2219 3432 omnes
2249 3377 2544 3446 compescit
2574 3393 2601 3430 a
2633 3375 2847 3432 fletibus
2872 3419 2885 3442 ,
2915 3378 3398 3449 congratulandum
3430 3382 3609 3451 potius

2031 3469 2130 3522 sibi
2163 3483 2322 3537 quam
2353 3466 2640 3522 dolendum
2672 3467 2945 3522 allirmans
2970 3509 2982 3532 ,
3028 3469 3168 3537 quod
3202 3469 3292 3538 qui
3346 3471 3608 3525 hactenus

2031 3559 2183 3613 exsul
2242 3559 2485 3622 vixerat,
2540 3571 2682 3612 nunc
2727 3557 2913 3626 patriae
2955 3558 3192 3612 redditus
3235 3559 3300 3613 ad
3339 3559 3418 3612 sui
3447 3557 3615 3630 Regis

2033 3649 2341 3703 cenviviunt
2390 3661 2692 3701 vocaretur.
2740 3647 2870 3701 Illud
2915 3647 2996 3701 vel
3031 3649 3262 3701 maxime
3295 3663 3433 3718 sa-pe
3479 3664 3607 3702 cott-

2035 3750 2258 3802 testans,
2303 3750 2359 3793 ut
2397 3755 2638 3792 normam
2670 3748 2868 3793 sanctm
2900 3739 3275 3805 institutionis,
3308 3755 3466 3809 quam
3495 3742 3617 3810 ipso.

2034 3841 2088 3884 et
2117 3831 2345 3885 docente
2386 3830 2722 3890 didicerant,
2770 3837 2826 3882 et
2869 3838 3127 3898 operante
3175 3839 3610 3898 conspexerant,

2037 3920 2330 3974 inviolabili
2367 3929 2552 3973 tenore
2601 3932 2771 3987 usque
2805 3918 2869 3971 ad
2906 3917 3028 3970 vitae
3071 3917 3359 3971 terminum
3388 3933 3608 3972 conser-

2037 4021 2244 4066 varent.

2038 4124 2328 4178 Ecclesium
2361 4138 2542 4176 novam
2572 4121 2656 4175 die
2681 4121 2842 4174 natali
2871 4120 3082 4176 Domini
3106 4123 3331 4191 pos'ulat
3355 4125 3608 4178 dedicari.

2182 4194 2441 4261 Episcopo
2477 4203 2763 4254 recusante,
2794 4194 2912 4244 vitm
2938 4194 3175 4246 inducias
3206 4194 3467 4262 impetrat.

2105 4285 2195 4338 2i.
2241 4284 2445 4336 Interea
2478 4282 2593 4335 dies
2618 4281 2908 4336 Dominica:
2936 4281 3234 4336 nativitatis
3270 4282 3408 4336 ccelo
3438 4293 3612 4337 terra-

2038 4389 2141 4443 que
2169 4371 2566 4435 festivissimus,
2617 4385 2680 4424 ac
2723 4379 2833 4424 toto
2860 4370 2991 4424 orbe
3025 4370 3285 4425 colendus
3337 4371 3608 4425 illuxerat.

2040 4464 2243 4519 Accitis
2276 4461 2458 4530 itaque
2490 4457 2699 4514 duobus
2737 4461 3053 4514 nominatim
3080 4461 3386 4530 discipulis,
3435 4461 3617 4516 Leone

2037 4552 2246 4610 scilicet
2268 4553 2383 4605 viro
2405 4549 2769 4613 sanctissimo,
2801 4550 2890 4619 qui
2923 4560 3032 4604 tum
3064 4551 3114 4604 in
3144 4551 3331 4606 eodem
3358 4552 3617 4607 suburblo

2042 4644 2206 4698 abbas
2242 4641 2560 4696 mi.issimus
2595 4640 2890 4698 existebat.
2939 4641 3172 4710 itemque
3219 4640 3475 4711 anello,
3523 4645 3616 4712 qui

2041 4736 2166 4789 vita:
2195 4742 2250 4788 et
2269 4731 2695 4787 conversationis
2721 4731 2838 4800 ejus
2865 4731 3116 4801 insignia,
3142 4741 3201 4786 ut
3223 4731 3390 4803 ipsius
3416 4735 3620 4803 scripto

2046 4824 2380 4879 declaratum
2412 4830 2517 4886 est,
2546 4821 2672 4877 licet
2694 4820 2842 4889 justo
2872 4821 3087 4876 brevius
3115 4823 3310 4878 litteris
3337 4823 3612 4894 alligavit,

2049 4913 2116 4969 ad
2141 4913 2419 4968 Abbonem
2464 4913 2642 4966 virum
2680 4911 3181 4967 reverentissimum
3225 4912 3460 4980 ejusdem
3493 4923 3622 4970 tunc

2051 5005 2201 5062 urbis
2227 5003 2522 5059 antistitem
2561 5015 2773 5057 summa
2821 5016 2915 5057 eos
2960 5002 3241 5057 celeritate
3267 5002 3494 5070 direxit,
3530 5008 3626 5060 ob-

2054 5095 2234 5151 nixius
2279 5092 2587 5164 supplicans
2614 5130 2630 5158 ,
2671 5098 2729 5145 ut
2767 5091 3063 5145 oratorium
3103 5093 3246 5161 quod
3274 5091 3388 5161 ipse
3435 5093 3627 5152 honori

2056 5184 2416 5258 apostolorum
2461 5180 2723 5253 principis
2769 5179 2822 5234 in
2866 5180 3115 5250 superius
3141 5180 3406 5250 descripta
3439 5182 3635 5251 palude

2059 5287 2468 5342 construxerat,
2494 5275 2581 5329 die
2609 5284 2764 5331 ortus
2799 5274 3059 5330 Dominici
3095 5284 3459 5332 consecraret.
3499 5275 3635 5332 Gre.

2065 5385 2219 5429 verat
2246 5371 2508 5441 siquidem
2535 5365 2836 5435 opitulante
2854 5363 2973 5418 Deo
2997 5365 3383 5420 monachorum
3413 5379 3640 5437 congre-

2067 5470 2236 5524 gatio.
2263 5477 2316 5522 et
2357 5461 2616 5524 maiorem
2650 5474 2814 5524 quam
2843 5459 3014 5524 prima
3058 5459 3239 5516 fuerat
3261 5458 3483 5514 alteram
3513 5475 3644 5515 con-
