4482 5524
779 366 871 420 611

1862 351 2154 407 ADSONIS
2198 350 2580 406 DEBVENSIS
2632 348 2917 403 ABBATIS

3924 350 4029 405 6Ιῖ

779 469 1025 539 prudenti
1078 466 1447 521 moderatione
1494 464 1773 519 excusavit
1821 461 2017 515 factum
2044 500 2058 523 ,
2100 474 2351 513 asserens
2378 464 2425 521 Α
2454 457 2603 510 lllico
2634 458 2871 510 omnium
2902 465 3119 524 pectora
3154 472 3323 511 novus
3351 459 3566 526 quidam
3592 468 3646 513 et
3670 473 3803 528 pene
3841 461 4027 514 intole-

778 562 906 613 illud
959 560 1043 613 die
1094 574 1195 627 qua
1245 559 1526 626 petebatur
1580 555 1801 607 minime
1850 566 2009 621 posse
2044 550 2341 618 compleri;

777 649 917 719 quod
945 664 1067 701 eum
1110 663 1231 701 eum
1266 646 1409 699 clero
1452 660 1549 699 suo
1575 653 1628 697 et
1676 642 1984 696 festivitatis
2025 639 2341 695 officiositas

778 737 1102 793 cumulatius
1127 744 1452 804 occuparet,
1504 743 1559 786 et
1611 732 1945 785 consuetudo
1977 729 2345 785 ecclesiastica

779 843 844 883 co
874 828 960 882 die
993 826 1045 880 id
1071 826 1186 880 fieri
1220 826 1363 879 nullo
1392 826 1551 880 modo
1578 824 1927 879 consentiret.
1980 821 2232 891 Discipuli
2268 819 2347 873 fe-

779 919 1068 975 stinantius
1094 927 1398 974 remeantes
1418 926 1606 972 sancto
1634 916 1776 969 Patri
1807 929 2059 985 reSponsa
2079 913 2348 983 pontificis

780 1007 1104 1071 detulerunt;
1138 1007 1277 1075 quod
1304 1006 1391 1059 ille
1413 1014 1752 1075 pertractans
1775 1003 2082 1071 diligentius
2107 1011 2161 1056 et
2191 1002 2350 1055 ratio-

780 1098 958 1153 nabile
980 1113 1099 1152 esse
1129 1097 1480 1166 perpendens.
1510 1096 1731 1150 elevatis
1772 1093 2026 1148 manibus
2056 1093 2106 1147 in
2150 1092 2348 1146 emtum

784 1198 838 1244 et
867 1187 1119 1258 lacrymis
1145 1201 1237 1242 ora
1271 1185 1547 1253 perfusus:
1597 1184 1813 1246 Pareat,
1846 1184 2038 1252 inquit,
2073 1182 2201 1235 mihi
2247 1182 2351 1235 Do-

783 1281 961 1334 minus
984 1312 999 1341 ,
1022 1292 1226 1347 vosque
1257 1276 1348 1330 filii
1392 1275 1656 1346 indulgete
1682 1313 1699 1339 ,
1742 1274 1881 1343 quod
1912 1273 2088 1326 minus
2120 1273 2351 1326 circnm-

783 1377 962 1438 specte
990 1368 1261 1438 negotium
1288 1367 1555 1435 cogitans,
1604 1363 1826 1418 fraterni
1855 1373 1996 1417 atem
2024 1371 2257 1416 vestram
2295 1361 2348 1414 in

780 1458 958 1513 eundo
1005 1467 1059 1512 et
1096 1456 1367 1511 redeundo
1414 1470 1566 1510 casso
1615 1454 1797 1507 labore
1849 1452 2220 1522 compulerim.
2273 1450 2350 1505 Ne

782 1556 963 1601 tamen
1019 1555 1205 1599 sancta
1268 1560 1420 1598 mens
1466 1544 1578 1598 suis
1636 1556 2020 1612 usquequaque
2069 1539 2351 1594 desideriis

784 1638 1153 1701 frustraretur,
1184 1636 1361 1690 divina
1382 1644 1463 1689 est
1485 1635 1684 1703 pietate
1714 1632 2039 1687 c0iisultum.
2072 1630 2349 1699 Siquidem

784 1727 919 1781 sacri
954 1725 1132 1780 obitus
1162 1725 1417 1779 dilatione
1444 1732 1719 1792 percepta,
1752 1724 1803 1776 in
1835 1731 2085 1775 octavum
2114 1718 2351 1773 Domini-

2452 547 2638 601 rabilis
2666 547 2815 600 dolor
2848 547 3059 616 irrupit,
3088 562 3317 616 parsque
3347 548 3537 603 salutis
3557 551 3839 619 absumpta
3866 559 4017 618 puta-

2448 635 2607 688 batur
2654 635 2789 688 tanti
2835 634 3013 688 Patris
3072 636 3313 690 absentia
3374 638 3716 693 succedente.
3763 638 4025 694 Universo

2448 724 2629 794 itaque
2665 724 3157 779 sanctimonialium
3198 736 3341 781 etetu
3370 726 3422 780 in
3448 724 3629 781 fletum
3670 736 3726 783 et
3759 728 4027 799 lacrymas

2447 820 2793 882 erumpente,
2833 812 3153 867 venerabilis
3182 814 3451 869 abbatissa
3474 815 3721 870 viscerali
3753 827 4025 871 commata

2446 904 2674 974 pietate,
2705 914 2859 974 rapto
2889 920 3046 959 cursu
3092 904 3158 958 ad
3209 906 3379 959 sancti
3429 906 3529 960 viri
3559 906 3843 976 exsequias
3866 923 4028 975 quam

2448 994 2726 1051 celerrime
2752 996 3075 1064 properavit.
3120 994 3360 1065 Cumque
3399 996 3539 1050 inter
3573 1011 3668 1051 eos
3708 997 3775 1051 de
3818 996 4025 1052 funeris

2449 1085 2720 1154 diligentia
2774 1094 3132 1149 tractaretur,
3185 1085 3273 1139 illa
3316 1087 3659 1156 perquirente
3703 1102 3770 1140 an
3821 1087 4032 1143 loculus

2452 1174 2764 1229 tumulando
2809 1184 3141 1244 przeparatus
3171 1176 3381 1243 corpori
3430 1177 3681 1239 adesset,
3708 1185 4028 1246 responsum

2448 1273 2551 1328 est,
2586 1275 2824 1333 emptum
2852 1265 3067 1334 quidem
3113 1280 3235 1319 esse
3280 1280 3309 1318 a
3366 1266 3597 1333 quodam
3654 1266 3849 1321 illustri
3908 1269 4026 1321 viro

2450 1352 2727 1407 Walberto
2770 1355 2987 1409 nomine
3034 1354 3300 1424 lapideum
3346 1364 3785 1419 monumentum,
3840 1373 4028 1412 verum

2452 1443 2763 1513 proceritati
2796 1444 3039 1512 corporis
3066 1445 3183 1513 ejus
3212 1443 3357 1498 nullo
3381 1445 3542 1499 modo
3567 1446 3876 1500 convenire.
3906 1446 4033 1501 Fuit

2451 1533 2593 1586 enim
2625 1532 2695 1586 ibi
2732 1535 3131 1589 sacratissimus
3156 1536 3239 1589 vir
3262 1550 3366 1589 non
3400 1536 3570 1590 solum
3595 1538 3775 1591 animo
3798 1538 4033 1607 splendi-

2451 1623 2569 1685 dus,
2595 1623 2686 1677 sed
2711 1624 2873 1677 etiam
2907 1636 3134 1679 venusto
3155 1635 3210 1680 et
3235 1641 3460 1696 procero
3481 1642 3706 1697 corpore
3735 1630 4031 1698 speciosus,

2452 1720 2513 1763 ut
2544 1710 2615 1764 illi
2646 1726 2861 1782 quoque
2886 1714 3191 1782 perhibent,
3226 1716 3316 1783 qui
3361 1714 3477 1783 ejus
3519 1717 3870 1771 sacratissimi
3916 1733 4035 1771 eor-

783 1832 860 1871 czn
906 1817 1201 1871 nativitatis
1228 1816 1367 1869 diem
1417 1816 1647 1882 spatium
1678 1814 1801 1865 vita!
1830 1812 2105 1881 produxit,
2149 1811 2220 1864 ita
2254 1810 2353 1864 Do-
2389 1802 2429 1861 Β
2458 1801 2604 1868 Poris
2627 1815 2748 1853 0553
2788 1815 2845 1854 δε
2873 1803 3153 1870 θερθιίεδθ
3184 1800 3440 1857 falenlur-
3482 1803 3658 1859 Missis
3709 1805 3888 1872 itaque
3940 1822 4033 1858 rar-

785 1909 931 1960 mino
956 1919 1077 1959 vota
1107 1906 1225 1974 ejus
1257 1904 1594 1959 sanctissima
1621 1911 1977 1971 prosequente
2002 1940 2015 1962 ,
2048 1910 2105 1953 nt
2132 1916 2234 1953 una
2262 1914 2351 1954 ea-

782 1995 1011 2065 demque
1042 1997 1128 2050 die
1170 2011 1264 2065 per
1298 2010 1486 2047 manus
1507 1992 1616 2060 jam
1649 1993 1775 2045 dicti
1814 1991 2099 2060 pontificis,
2129 2000 2184 2044 et
2212 1990 2353 2044 basi-

784 2086 885 2141 lica
937 2086 1436 2146 consecrationem,
1469 2091 1522 2136 et
1567 2082 1718 2150 gleba
1769 2081 1906 2136 sacri
1955 2080 2068 2147 ejus
2111 2079 2353 2149 corporis

785 2176 1054 2243 acciperet
1078 2173 1428 2243 sepulturam.

785 2262 970 2317 Lector
994 2280 1172 2316 coram
1217 2280 1275 2315 eo
1320 2260 1658 2330 Ermigelium
1703 2258 1907 2328 legens,
1948 2258 2133 2328 capitis
2174 2258 2354 2313 dolore

1167 2332 1437 2384 liberatur.
1479 2331 1703 2384 Sanctus
1736 2332 1971 2381 "teritur.

855 2418 947 2477 29..
987 2423 1168 2491 Itaque
1209 2438 1329 2475 cum
1356 2422 1507 2491 juxta
1552 2437 1754 2475 morem
1796 2421 2117 2475 Christiana:
2169 2420 2359 2474 obser-

786 2517 981 2569 vantix
1023 2515 1277 2569 Kalendis
1302 2512 1575 2567 Januariis
1606 2513 1894 2565 Dominicze
1925 2509 2357 2566 circumcisionis

786 2607 1070 2659 celebritas
1103 2604 1426 2665 immineret,
1462 2604 1527 2657 ad
1563 2603 1770 2657 felicem
1805 2602 2089 2656 transitum
2132 2610 2357 2670 urgente

783 2696 1103 2765 (egritudine
1132 2704 1315 2747 sancta
1347 2694 1523 2746 anima
1551 2694 1839 2748 eitabatur.
1874 2691 1983 2747 Nec
2003 2693 2082 2747 sic
2113 2702 2291 2746 tamen
2325 2707 2356 2745 a

792 2788 992 2843 sanctis
1024 2787 1242 2840 monitis
1265 2786 1457 2855 linguze
1479 2785 1708 2839 oliicium
1732 2785 2069 2850 continebat,
2099 2786 2359 2839 assisten-

787 2885 868 2929 tes
899 2875 998 2929 sibi
1031 2874 1322 2944 discipulos
1373 2876 1673 2927 indefessus
1721 2874 2050 2941 exhortans,
2091 2887 2358 2945 quatenus

788 2967 929 3021 inter
955 2982 1012 3021 se
1046 2966 1329 3019 insolubile
1358 2965 1639 3019 cliaritatis
1680 2965 1951 3019 vinculum
1981 2967 2354 3030 custodirent,

788 3063 946 3122 atque
978 3070 1034 3107 Ill
1079 3053 1407 3107 exhibitione
1438 3052 1691 3105 Salutaris
1719 3053 2038 3107 obedientiie
2064 3054 2357 3121 persisten-

2456 1890 2586 1958 plim
2631 1892 2893 1944 ministris
2947 1890 3013 1944 ad
3083 1893 3134 1946 id
3179 1892 3591 1957 devehendum,
3646 1910 3770 1947 mox
3836 1895 4033 1948 mirum

2455 1978 2507 2032 in
2535 1980 2750 2032 modum
2782 1980 3042 2034 miraculo
3068 1981 3262 2036 claruit
3287 1983 3426 2051 quod
3448 1983 3641 2037 summi
3664 1991 3809 2037 esset
3833 1985 4032 2046 meriti,

2454 2069 2538 2122 cui
2570 2067 2821 2124 funebres
2850 2072 3119 2139 exsequiae
3175 2074 3529 2142 parabantur.
3562 2073 3693 2127 Nam
3732 2089 3854 2128 cum
3894 2073 4033 2127 idem

2455 2156 2765 2213 Walbertus
2807 2162 3067 2232 quosdam
3117 2177 3148 2217 e
3192 2163 3499 2217 domesticis
3558 2163 3885 2227 direxisset,
3942 2163 4036 2232 qui

2453 2254 2691 2315 emptum
2738 2248 3128 2319 sarcophagum
3180 2249 3246 2304 iis
3299 2252 3390 2319 qui
3447 2251 3573 2305 illud
3613 2252 3823 2306 deferre
3874 2265 4035 2305 vene-

2455 2344 2577 2388 rant
2620 2337 2988 2406 assignarent,
3034 2353 3263 2407 supcrna
3311 2340 3654 2409 dispensante
3701 2341 3987 2396 clementia
4016 2382 4032 2404 ,

2457 2434 2604 2477 tanta
2631 2436 2724 2479 eos
2747 2425 2999 2482 alienatio
3031 2428 3228 2482 mentis
3253 2427 3428 2489 elusit,
3459 2438 3519 2482 ut
3542 2444 3637 2498 pro
3664 2429 3882 2483 vasculo
3916 2429 4038 2482 brea

2456 2514 2603 2567 viore
2632 2514 2771 2583 quod
2796 2523 3032 2583 emptum
3063 2514 3259 2578 fuerat,
3303 2516 3445 2570 aliud
3493 2517 3780 2586 spatiosius
3800 2526 3853 2571 et
3872 2533 4033 2587 capa-

2457 2604 2593 2668 cius,
2618 2605 2760 2672 quod
2793 2605 2894 2659 sibi
2934 2606 3073 2659 idem
3104 2605 3412 2661 Walbertus
3448 2617 3844 2677 praeparaverat
3892 2609 4034 2662 desi-

2457 2702 2703 2763 gnarent.
2735 2691 2887 2758 Quod
2932 2694 3008 2748 illi
3053 2694 3301 2749 vehiculo
3342 2695 3709 2765 imponentes,
3741 2695 3807 2749 ad
3863 2695 4036 2750 locum

2457 2796 2563 2850 quo
2598 2781 2680 2833 vir
2708 2791 2926 2837 sanctus
2975 2798 3034 2837 se
3086 2783 3458 2838 tumulandum
3489 2780 3831 2848 decreverat,
3876 2794 4036 2853 quant

2457 2868 2719 2925 citissime
2746 2871 3129 2940 perduxerunt.
3158 2872 3236 2926 lta
3253 2872 3594 2941 omnipotens
3616 2873 3775 2936 Deus,
3798 2872 3882 2926 cui
3910 2887 4038 2926 cura

2457 2961 2631 3014 estde
2657 2960 2936 3024 omnibus,
2987 2976 3087 3014 nec
3136 2961 3266 3031 ipsis
3315 2962 3528 3029 quidem
3574 2960 3845 3015 cineribus
3882 2960 4037 3014 electi

2460 3050 2541 3103 sui
2570 3048 2757 3103 famuli
2782 3049 3053 3119 quidpiam
3080 3049 3265 3106 deesse
3290 3065 3479 3119 passus
3525 3059 3610 3105 est
3656 3060 4037 3120 opportunum.

785 3152 868 3196 tes
890 3182 904 3205 ,
958 3142 1202 3195 timorem
1233 3142 1325 3194 Dei
1372 3156 1585 3210 semper
1632 3141 1730 3194 sibi
1761 3150 1885 3195 ante
1914 3141 2096 3196 oculos
2141 3155 2358 3196 revoca-
2386 3163 2428 3227 ρ
2461 3160 2555 3231 δερ

2270 3156 2358 3196 (³³·
2386 3163 2428 3227 C
2461 3160 2719 3231 Sepelitur
2770 3160 2834 3214 ab
2894 3163 3130 3231 episcopo
3179 3172 3291 3233 post
3353 3161 3581 3216 ecclesia:
3627 3177 3769 3215 nova:
3823 3161 4037 3214 dedica-

786 3240 924 3285 rent.
979 3229 1206 3299 Jamque
1253 3230 1365 3285 sole
1408 3231 1473 3283 ad
1526 3230 1729 3284 telluris
1778 3230 1958 3283 infima
2010 3230 2353 3296 declinante,

784 3319 1066 3387 praefatum
1098 3319 1395 3389 Lupellunt,
1426 3320 1515 3389 qui
1542 3320 1590 3374 ei
1619 3319 1938 3375 familiarius
1972 3321 2197 3390 obsequi
2232 3336 2360 3377 cons

787 3420 1070 3473 sueverat,
1113 3412 1375 3465 maturius
1403 3413 1909 3482 prmcepitevocari.
1936 3414 2013 3467 Eo
2043 3429 2223 3468 coram
2268 3416 2361 3469 ad-

786 3501 971 3568 ducto,
1006 3511 1063 3555 ut
1089 3516 1300 3556 sacrum
1330 3501 1674 3572 Evangelinm
1704 3512 1829 3558 ante
1858 3518 1917 3558 se
1960 3503 2158 3574 legeret
2188 3504 2361 3573 impe.

789 3593 947 3646 ravit.
992 3593 1083 3647 llle
1107 3601 1283 3647 autem
1310 3592 1493 3647 dolore
1528 3593 1720 3662 capitis
1759 3594 1937 3649 acrius
1983 3596 2357 3665 torquebatur.

787 3681 1045 3752 Cumque,
1077 3692 1135 3736 ut
1185 3683 1299 3751 ipse
1328 3683 1664 3752 postmodum
1699 3682 1904 3747 retulit,
1951 3683 2016 3737 ad
2065 3685 2361 3752 parendum

790 3772 994 3826 sanctis
1024 3772 1263 3842 imperiis
1306 3773 1553 3839 quamvis
1583 3788 1721 3843 :rgre
1752 3773 1989 3828 animum
2038 3773 2360 3843 appulisset,

791 3863 842 3916 in
873 3862 987 3931 ipso
1015 3878 1136 3916 mox
1170 3862 1376 3932 legendi
1402 3865 1620 3917 exordio
1655 3865 1728 3918 ita
1756 3866 2041 3920 universus
2068 3866 2221 3919 dolor
2237 3867 2363 3921 abs-

789 3954 972 4017 cessit,
998 3962 1055 4006 ut
1084 3952 1155 4010 nil
1191 3953 1668 4021 daloris,pristinae
1695 3955 1768 4008 nil
1800 3954 2056 4010 molestia:
2082 3957 2360 4011 resideret.

792 4043 1003 4098 Interea
1034 4058 1130 4113 per
1160 4044 1325 4098 totius
1365 4044 1541 4097 noctis
1572 4060 1860 4099 excursum
1891 4047 1999 4099 Deo
2028 4061 2242 4115 semper
2284 4048 2365 4101 in-

790 4142 972 4187 tentus
996 4174 1010 4197 ,
1055 4148 1179 4187 cum
1212 4133 1351 4187 inter
1378 4132 1677 4203 spiritualia
1723 4134 1989 4202 colloquia
2023 4135 2152 4188 hora
2179 4150 2364 4190 succe-

788 4224 973 4287 deret,
1023 4223 1235 4291 espleta
1286 4223 1606 4277 solemniter
1654 4240 1683 4276 a
1722 4223 1980 4277 fratribus
2028 4225 2082 4277 in
2132 4225 2363 4279 ecclesia

792 4314 1109 4385 psalniodite
1130 4324 1185 4369 et
1206 4315 1511 4369 orationum
1536 4316 1857 4383 quantitate,
1888 4316 2171 4371 universos
2192 4316 2365 4372 denuo

784 4405 937 4474 jubet
982 4403 1174 4459 adesse
1222 4402 1554 4474 discipulos;
1590 4406 1823 4474 dumque
1865 4414 1992 4459 ante
2032 4420 2155 4459 eum
2189 4416 2367 4461 textus

3136 3242 3349 3286 tionem.

2525 3321 2616 3375 24.
2660 3320 2938 3377 Universis
2968 3322 3131 3390 igitur
3159 3323 3225 3375 ad
3254 3338 3381 3377 usus
3412 3323 3696 3393 sepultura:
3721 3321 3876 3391 perti.
3900 3320 4040 3375 enti-

2457 3411 2560 3465 bus
2586 3411 2980 3481 elegantissime
3026 3414 3365 3482 praeparatis,
3413 3414 3751 3483 supradictus
3782 3428 4038 3467 revcrcn=

2460 3502 2715 3557 dissitnus
2738 3501 2975 3572 pontifex
2999 3543 3012 3569 ,
3046 3504 3299 3559 abbatum
3335 3503 3766 3583 suburbanorum
3800 3502 4042 3572 clerique

2460 3606 2523 3644 ac
2555 3593 2733 3662 populi
2783 3594 2997 3661 agmine
3050 3596 3478 3665 circumseptus,
3513 3597 3581 3649 ad
3631 3596 3686 3649 Β.
3724 3594 4043 3649 Frodobcrti

2460 3678 2745 3752 exsequias
2788 3694 3059 3752 properat,
3089 3700 3210 3739 eum
3248 3686 3423 3741 adhuc
3462 3702 3672 3741 sacrum
3705 3684 3819 3752 ejus
3848 3700 4044 3753 corpus

2464 3774 2517 3826 in
2544 3773 2676 3826 cella
2721 3772 3031 3827 Christiano
3081 3789 3230 3828 more
3276 3777 3628 3844 compositum
3670 3774 3898 3843 jaceret.
3939 3774 4043 3839 Qui

2462 3862 2717 3933 primmn,
2750 3871 2807 3914 ut
2830 3863 2967 3915 ratio
2990 3864 3296 3931 expetebat,
3324 3864 3389 3917 ad
3419 3861 3655 3932 przefata:
3689 3863 3923 3917 basilicae
3950 3864 4046 3917 des

2465 3951 2789 4004 dicationem
2834 3952 3132 4019 accingitur
3162 3952 3553 4022 peragendam;
3588 3966 3747 4021 quam
3792 3968 3912 4006 cum
3952 3964 4045 4005 so-

2466 4040 2631 4092 lemni
2672 4040 3216 4108 ollieio‘esplevisset,
3250 4056 3463 4095 sacrum
3507 4057 3702 4111 corpus
3727 4057 3847 4096 cunt
3896 4056 4048 4095 reve-

2467 4132 2642 4184 rentia
2667 4130 2885 4184 elevans
2917 4131 2968 4183 in
2998 4132 3282 4185 ecclesiam
3329 4131 3542 4198 intulit,
3575 4148 3639 4187 ac
3684 4132 3771 4186 die
3804 4132 4048 4202 ejusdem

2467 4221 2869 4286 dedicationis,
2929 4219 3185 4276 Kalendis
3257 4222 3465 4278 scilicet
3543 4221 3863 4285 Januariis,
3925 4237 4051 4275 cum

2467 4312 2683 4381 hymnis
2711 4321 2765 4365 et
2820 4312 3068 4365 laudibus
3114 4321 3169 4367 et
3214 4314 3465 4367 universo
3492 4314 3849 4368 ecclesiastici
3878 4310 4043 4367 ollicii

2471 4413 2727 4473 apparatu
2775 4405 3006 4473 pretiose
3056 4403 3110 4456 in
3158 4404 3341 4458 eadem
3400 4403 3653 4468 basilica,
3715 4419 3874 4473 quam
3934 4403 4051 4472 ipse

790 4495 1057 4564 passionis
1086 4494 1355 4566 legeretur
1401 4495 1732 4560 Dominicte,
1769 4496 1869 4549 sub
1908 4495 2080 4549 oculis
2125 4497 2363 4550 omnium
2395 4502 2444 4562 ι)
2471 4504 2885 4557 construxerat,
2927 4494 3146 4548 tradidit
3195 4493 3503 4564 sepulturae.
3575 4492 3651 4548 Ita
3702 4495 3783 4548 vir
3838 4493 4052 4547 Domini

791 4595 983 4640 sancta
1007 4586 1187 4639 anima
1218 4587 1398 4640 carnis
1427 4595 1590 4640 exuta
1621 4585 1885 4639 velamine
1912 4623 1928 4650 ,
1974 4585 2116 4639 felici
2145 4587 2367 4642 decessu

793 4678 1033 4732 cmlestia
1061 4678 1362 4746 penetravit
1388 4679 1485 4747 (7).

732 4819 739 4825 _
794 4763 1055 4819 Cibitrudi
1079 4776 1125 4819 et
1149 4766 1631 4839 sanctimonialilgus
1652 4766 1733 4818 sui
1759 4766 2073 4820 desiderium
2110 4767 2369 4839 relinquit.

1270 4835 1509 4888 Procerm
1538 4835 1634 4903 fuit
1685 4848 1921 4889 statum.

862 4925 951 4979 25.
994 4926 1061 4979 Et
1091 4925 1179 4979 illo
1204 4926 1418 4994 quidem
1453 4926 1523 4977 ita
1567 4940 1633 4979 ex
1680 4928 1927 4980 humanis
1971 4937 2243 4998 assumpto
2266 4927 2375 4983 col-

796 5011 946 5081 legiis
966 5053 978 5071 .
1007 5014 1277 5082 extemplo
1310 5014 1779 5068 reverentissimus
1828 5032 1991 5084 nepos
2026 5017 2143 5085 ejus
2174 5017 2373 5071 Waldi-

796 5119 918 5165 nus,
951 5105 1039 5172 qui
1079 5103 1416 5172 postmodum
1462 5103 1579 5158 loco
1625 5106 1870 5159 avunculi
1906 5107 1958 5159 in
1984 5108 2171 5161 eodem
2206 5109 2371 5177 ipsius

795 5195 1127 5248 monasterio
1152 5194 1317 5249 abbas
1350 5195 1633 5259 successit,
1660 5210 1844 5264 gressu
1870 5198 2079 5251 concito
2110 5199 2161 5251 in
2190 5214 2369 5255 emno-

794 5283 884 5337 bio
933 5283 990 5337 S.
1040 5284 1276 5349 Quintini
1310 5284 1375 5337 ad
1408 5283 1809 5339 memorabilem
1848 5285 2181 5340 Gibitrudem
2214 5288 2375 5342 abba-

796 5374 983 5429 tissam
1032 5376 1373 5445 perveniens,
1435 5376 1603 5431 sancti
1656 5376 1760 5431 viri
1824 5378 2029 5431 obitum
2091 5381 2375 5435 nuntiavit.

869 5482 944 5524 ('7‘
985 5484 1185 5524 Nolunt:
1214 5485 1465 5524 “alant”:
1495 5486 1758 5524 Ianuarii:
1836 5491 1969 5524 ein-ut

1983 5493 1994 5524 ἶ
2029 5492 2078 5524 :n
2106 5492 2340 5524 “0'...th

2477 4593 2636 4638 terra:
2678 4584 2970 4638 visceribus
3006 4581 3394 4637 ofﬁciosissime
3422 4582 3849 4647 commendatus,
3880 4581 4053 4650 septi-

2479 4688 2621 4726 mam
2655 4662 2875 4725 Sabbati
2904 4686 3025 4724 cum
3064 4670 3278 4725 Christo
3306 4671 3358 4723 in
3406 4671 3585 4724 anima
3615 4670 3870 4734 celebrat,
3903 4678 4055 4723 octa-

2479 4773 2544 4815 νει
2571 4779 2598 4810 ιι
2632 4774 2757 4812 vero
2788 4767 2983 4812 nostra:
3015 4758 3255 4813 omnium
3305 4759 3683 4814 resurrectioni
3731 4758 4057 4829 generaluer

2483 4848 2863 4917 rcpromissam
2914 4848 3219 4909 interritus,
3252 4849 3361 4903 imo
3390 4851 3455 4903 de
3495 4848 3664 4919 gloria
3710 4863 3933 4903 securus
3959 4864 4054 4902 cx-

2478 4944 2708 5005 speetat,
2738 4937 2839 4989 etsi
2866 4951 3096 5004 corpore
3122 4948 3387 5003 mortuus,
3415 4938 3621 4993 meritis
3649 4947 3823 4993 tamen
3846 4938 4051 4992 vivaci:-

2476 5028 2576 5083 bus
2613 5028 2665 5080 in
2696 5035 3009 5097 perpetuum
3033 5027 3317 5096 gloriosus.

3027 5116 3299 5170 Miraculis
3337 5116 3519 5187 fulget.

2547 5203 2637 5257 25.
2669 5204 2953 5274 chuievit
2989 5206 3169 5274 itaque
3201 5207 3251 5261 in
3279 5208 3465 5261 eadem
3495 5206 3713 5261 basilica
3741 5222 3836 5277 per
3862 5221 4053 5277 quam»

2480 5294 2633 5364 plura
2664 5310 2923 5351 annorum
2970 5297 3258 5361 volumina,
3287 5297 3455 5351 multo
3479 5296 3858 5352 conﬂuentium
3899 5296 4053 5349 undi-

2480 5401 2584 5455 que
2606 5388 2917 5455 populorum
2942 5388 3153 5457 agmine
3179 5386 3565 5457 frequentatus,
3585 5396 3637 5441 et
3663 5402 3801 5457 pene
3823 5387 4052 5441 assiduis

2475 5498 2701 5524 :....2-_2-
2736 5501 2842 5524 ΩΙΪ-
2874 5500 3014 5524 1--.-]
3058 5501 3141 5524 ΑΞ..
3170 5500 3520 5524 ......Α..-.2-.Α..ζι
3558 5516 3613 5524 -.-
3646 5516 3769 5524 --.ρ-Α
