4482 5524
336 355 438 414 6l3

1516 360 1602 414 DE
1643 360 1801 414 VITA
1844 361 1897 415 S.
1944 360 2402 415 FllODOBERTl.

3499 375 3598 430 0H

335 469 712 524 miraculorum
767 469 1103 523 successibus
1166 469 1350 523 scdulo
1402 469 1724 524 declaratus.
1782 471 1911 536 Quis
1943 479 1984 534 Α
2019 467 2070 520 S.
2106 467 2629 540 Frodobcrti'corpus
2663 476 2850 541 referre
2881 478 3050 530 τρίτης
3085 477 3403 534 Prudentius
3437 497 3598 540 morte

334 568 474 620 enim
506 567 572 619 ad
612 572 850 618 sanctam
894 563 1010 631 ejus
1053 563 1368 614 memoriam
1408 560 1636 616 fideliter
1665 573 1914 616 oraturus

335 659 586 720 accessit,
617 670 773 723 quem
806 669 908 707 non
936 653 1192 707 continuo
1219 652 1442 708 affectus
1476 655 1678 709 devota:
1714 656 1913 710 oratio-

333 750 415 802 nis
439 747 736 814 adjuverit?
761 745 918 798 Varia
944 746 1173 814 denique
1193 745 1262 821 ibi
1290 753 1397 800 tam
1425 750 1723 800 animarum
1749 762 1910 816 quam

328 855 616 909 corporum
663 839 895 892 remedia
932 839 1354 907 praestabantur,
1389 838 1514 892 dttm
1560 847 1612 892 et
1648 839 1910 893 debilibus

323 939 510 998 optata
578 930 838 998 sospitas,
897 928 1160 982 scelerum
1240 927 1576 982 immanitate
1639 929 1909 1000 depressis

331 1023 453 1076 felix
497 1021 826 1088 indulgentia
880 1021 1204 1090 proveniret.
1237 1020 1341 1076 Sed
1389 1031 1442 1076 et
1478 1023 1521 1078 si
1544 1023 1664 1092 quis
1695 1025 1905 1094 capitali

327 1113 564 1183 qualibet
594 1106 874 1164 afﬂictione
909 1110 1155 1164 detentus
1175 1152 1188 1173 ,
1215 1113 1280 1165 ad
1310 1112 1482 1166 sancti
1515 1128 1572 1167 se
1602 1115 1904 1181 prtcsidituu

327 1203 582 1268 contulit,
615 1203 729 1272 ejus
757 1201 1065 1256 consolatus
1088 1201 1368 1267 beneficio,
1398 1203 1573 1258 celere
1604 1221 1725 1260 mox
1759 1206 1902 1261 leva-

328 1309 450 1347 men
481 1293 700 1345 invenit.
726 1291 799 1344 lta
831 1291 1090 1361 benignus
1115 1291 1373 1347 Conditor
1397 1308 1493 1362 per
1521 1293 1902 1350 electissintunt

324 1387 408 1438 sui
447 1386 678 1438 nominis
722 1382 1084 1437 confessorem
1135 1384 1299 1438 multa
1331 1395 1384 1440 et
1427 1388 1652 1442 mirifica
1683 1403 1903 1457 perage-

324 1474 445 1536 bat;
480 1487 747 1543 quemque
777 1473 1042 1525 vi\eutem
1091 1475 1325 1542 copiosis
1364 1475 1624 1530 bonorum
1680 1493 1900 1547 operum

321 1565 604 1632 stipendiis
633 1563 1018 1625 cumulaverat,
1055 1575 1324 1618 mortuum
1356 1582 1568 1636 quoque
1619 1569 1901 1625 indefessis

324 1653 709 1705 miraculorum
742 1650 908 1702 titulis
938 1650 1282 1706 sublimabat.
1323 1654 1585 1720 Quocirca
1621 1658 1898 1712 universo-

319 1759 440 1795 rum
472 1753 687 1810 pectora
717 1741 883 1794 mirus
913 1756 1041 1810 erga
1071 1752 1315 1796 sanctum
1346 1744 1524 1801 fervor
1548 1750 1893 1814 accenderat,

2642 548 2972 612 prtereuitur.

2082 627 2169 680 27.
2213 628 2481 699 Explicita
2523 647 2654 687 sane
2707 635 2888 704 templi
2936 637 3302 704 dedicatione,
3357 657 3476 696 cum
3541 645 3595 700 in

2012 717 2199 772 urbem
2233 734 2483 776 reversus
2523 722 2783 776 miracula
2816 740 2911 794 per
2939 728 3344 784 sanctissimum
3389 732 3595 788 confes-

2010 824 2187 864 sorem
2213 821 2421 880 patrata
2451 828 2516 868 ex
2543 815 2873 872 revolutione
2896 829 3167 889 gestorum
3193 821 3307 891 ejus
3330 825 3594 880 curiosius

2009 903 2373 970 cognovisset,
2414 906 2588 975 primo
2633 908 2848 976 quidem
2908 913 3256 982 semetipsum
3309 917 3596 983 praeterita:

2009 993 2323 1063 ignorantia:
2377 999 2752 1055 vehementius
2806 1003 3004 1073 arguit,
3036 1005 3286 1076 quodque
3319 1009 3452 1061 tanti
3487 1008 3587 1062 Pa-

2010 1084 2108 1138 tris
2136 1100 2354 1139 causam
2398 1087 2578 1141 miuus
2632 1089 2856 1146 honeste
2895 1101 3224 1150 tractaverat
3273 1099 3594 1154 mordacitcr

2009 1177 2381 1244 reprehendit,
2414 1193 2475 1231 ac
2503 1179 2754 1250 deinceps
2803 1197 2913 1236 sua:
2966 1185 3110 1238 sedis
3153 1187 3589 1243 arcludiacnnum

2007 1283 2128 1321 cmn
2178 1269 2432 1322 universo
2468 1268 2792 1325 clericorum
2840 1272 3024 1342 dirigit
3071 1285 3355 1344 apparatu,
3398 1277 3592 1332 obnixe

2006 1359 2344 1428 praecipiens,
2380 1369 2438 1413 ut
2463 1376 2664 1431 corpus
2693 1363 2790 1417 viri
2823 1365 3304 1432 prmcelleutissimi
3337 1370 3388 1422 in
3421 1371 3594 1425 eculeo

2003 1451 2136 1504 siam
2182 1466 2303 1504 cum
2357 1453 2556 1520 ingenti
2616 1457 2918 1509 reverentia
2965 1458 3278 1512 referretur.
3313 1461 3591 1530 Simulque

2006 1542 2290 1594 terminum
2318 1543 2566 1611 diemque
2590 1545 2816 1612 praefixit
2842 1555 2898 1600 ut
2917 1548 3026 1615 ipse
3054 1551 3294 1614 veniens,
3322 1555 3589 1623 condigna

2003 1631 2129 1684 illud
2160 1632 2568 1687 honorificentia
2600 1635 2912 1700 collocaret,
2936 1653 2999 1692 ac
3026 1653 3194 1694 sacra:
3223 1643 3590 1699 translationis

2001 1723 2116 1792 ejus
2149 1725 2531 1789 festivitatem,
2567 1729 2777 1796 publica
2811 1728 3149 1788 olliciositate
3176 1735 3587 1803 percelebrans,

319 1827 392 1886 ita
422 1842 480 1885 υι
505 1831 720 1901 plurimi
749 1833 1122 1898 conliguorum
1168 1833 1449 1899 "obuium,
1481 1837 1572 1891 sed
1601 1847 1653 1892 ει
1698 1842 1900 1895 εδηρη,
1931 1825 1979 1886 Β
2005 1827 2266 1885 perpetuo
2302 1818 2406 1872 ritu
2441 1822 2670 1889 posteris
2698 1821 3144 1894 frequentandam
3177 1828 3458 1884 indiceret.
3492 1830 3592 1887 Ve—

316 1922 632 1976 monialium
689 1920 1046 1983 fetninarum,
1082 1937 1186 1976 non
1234 1925 1444 1978 modica
1504 1925 1678 1981 locum
1725 1929 1895 1997 ipsum

316 2013 641 2080 priediorum
673 2012 972 2080 quantitate
1000 2013 1255 2077 ditarent,
1290 2021 1397 2066 tam
1427 2031 1524 2084 pro
1554 2017 1899 2086 adipiscenda

316 2103 593 2172 sepultura
630 2117 791 2170 quam
835 2117 1025 2156 onmcs
1064 2103 1260 2158 ibidem
1306 2121 1468 2173 quam
1515 2109 1748 2162 maxime
1800 2125 1897 2164 ex-

315 2195 599 2263 petebant;
635 2208 794 2261 quam
822 2195 984 2245 etiam
1011 2202 1066 2246 ut
1095 2194 1178 2247 his
1204 2196 1291 2262 qui
1321 2211 1475 2249 sacro
1500 2196 1899 2256 famulabantur

315 2284 554 2354 corpori,
584 2291 894 2350 competens
921 2281 1174 2337 alimonia
1209 2299 1311 2338 non
1357 2285 1566 2340 deesset
1587 2327 1599 2350 ,
1634 2298 1798 2358 utque
1827 2292 1896 2356 ii,

315 2391 452 2445 quos
485 2390 550 2430 ex
585 2373 807 2428 remotis
833 2373 1140 2442 regionibus
1169 2375 1340 2428 sancti
1374 2375 1512 2429 fama
1559 2379 1744 2432 sedulo
1771 2397 1899 2434 con-

313 2467 564 2522 trahebat
590 2505 606 2530 ,
637 2466 889 2535 impensa:
917 2467 1265 2522 humanitatis
1294 2469 1467 2523 otlicio
1486 2470 1823 2538 juvarentur.

319 2578 500 2632 Sancti
531 2576 702 2630 cultus
739 2577 875 2628 unde
909 2576 1188 2645 neglectus.
1247 2576 1561 2633 Prudentius
1603 2602 1783 2638 norum
1816 2605 1897 2639 cc-

494 2647 704 2701 clea’am
750 2649 956 2698 remotis
985 2649 1128 2714 prius
1161 2652 1460 2714 corporibus
1492 2653 1714 2706 tlcdimt.

382 2739 473 2795 26.
505 2740 710 2794 Interea
740 2742 1072 2794 currentium
1099 2753 1395 2811 temporum
1427 2745 1639 2801 labente
1663 2747 1894 2813 defluxu,

314 2847 435 2885 cum
468 2840 522 2884 et
555 2831 809 2900 iniquitas
837 2832 1154 2892 ahtmdaret,
1193 2842 1244 2886 et
1298 2835 1586 2889 multorum
1647 2841 1899 2908 cmpissct

314 2923 671 2993 refrigescere
716 2922 954 2975 Charitas
985 2921 1196 2990 (.llau/t.
1253 2940 1399 2986 xxiv,
1442 2926 1562 2994 12),
1617 2929 1898 2984 universus

314 3013 400 3070 ille
438 3030 565 3085 erga
605 3014 776 3068 sancti
810 3013 1040 3066 ollicium
1095 3014 1272 3067 fervor
1323 3017 1551 3084 intepuit
1578 3059 1592 3078 ,
1645 3020 1898 3090 cultuque

315 3107 590 3176 religionis
616 3114 886 3167 cessante,
920 3105 1005 3157 illa
1044 3105 1171 3157 olim
1221 3105 1520 3174 frequen'ia
1555 3122 1894 3172 rarescente,

2003 1923 2119 1960 rum
2173 1908 2329 1976 hujus
2375 1913 2547 1966 sancti
2602 1925 2921 1980 proventum
2982 1917 3276 1984 desiderii,
3336 1935 3590 1991 superve-

2000 2000 2200 2055 nientis
2247 2003 2578 2070 mgritulinis
2611 2006 2820 2074 pondus
2864 2008 3043 2061 elusit.
3080 2009 3211 2063 Nam
3247 2011 3418 2066 vicina
3463 2029 3590 2070 eve-

2001 2093 2160 2161 stigio
2205 2103 2376 2146 morte
2433 2108 2767 2163 praeventus,
2799 2101 2938 2166 quod
2999 2101 3084 2168 pie
3127 2101 3466 2172 disposuerat
3495 2121 3587 2161 ex-

2001 2185 2145 2254 plere
2171 2205 2273 2240 non
2307 2190 2489 2240 valuit.

2003 2294 2215 2365 Otii/{us
2290 2301 2342 2350 itl
2402 2303 2720 2376 ea'seyttitur.
2797 2303 2977 2358 Sancti
3035 2307 3340 2376 Sepulcrum
3424 2316 3584 2369 rariis

2494 2372 2744 2438 prodigiis
2773 2376 3092 2430 illustratur.

2070 2475 2159 2528 28.
2198 2476 2379 2545 Itaque
2413 2494 2581 2547 usque
2625 2481 2690 2533 ad
2723 2497 2924 2536 annum
2959 2486 3220 2542 incarnati
3261 2489 3416 2546 Verbi
3452 2493 3588 2561 872,

2001 2566 2200 2631 quiest
2251 2584 2424 2621 annus
2477 2569 2653 2624 Caroli
2715 2571 2913 2646 [Calvi]
2965 2576 3308 2645 imperatoris
3339 2590 3393 2634 et
3449 2587 3590 2655 regis

2002 2657 2243 2711 Francia:
2282 2661 2340 2712 3i
2404 2659 2549 2732 [32],
2615 2667 2886 2732 negotium
2941 2669 3138 2722 restitit
3191 2671 3586 2740 imperfectum.

2001 2748 2183 2802 Otntfo
2219 2750 2623 2819 religiosissima
2648 2770 2711 2808 ac
2741 2760 3030 2812 venerabili
3063 2761 3443 2834 episcopo,qui
3469 2775 3590 2835 post

2003 2837 2175 2905 ipsum
2213 2843 2402 2895 tertius
2441 2843 2514 2912 (0)
2558 2844 2770 2911 floruit,
2806 2848 3142 2905 Trecassintc
3171 2852 3282 2920 jam
3336 2855 3588 2915 Ecclesia:

2002 2929 2366 2996 gubernacula
2400 2934 2741 3003 disponente,
2782 2939 3119 2996 solummodo
3172 2945 3308 2999 intra
3352 2948 3586 3005 basilica:

2002 3019 2264 3073 ambitum
2298 3023 2622 3090 collocatus,
2655 3043 2683 3080 a
2713 3028 2814 3082 loci
2862 3029 3120 3087 fratribus
3161 3045 3316 3090 cauta
3364 3055 3588 3094 venera-

2003 3107 2161 3161 batttr
2197 3111 2493 3182 diligentia,
2546 3117 2705 3171 nullis
2733 3120 3052 3189 p0pulorum
3099 3129 3453 3185 conventibus
3482 3131 3588 3186 fre-

315 3197 376 3248 ml
413 3172 625 3263 tempus
657 3202 877 3260 tepuere
919 3193 1197 3245 miracula.
1231 3193 1396 3260 llnjtts
1425 3208 1602 3249 autem
1638 3202 1893 3267 tetrporis
1925 3172 1969 3232 (ἶ
2002 3212 2290 3265 queutatus
2315 3243 2327 3264 ,
2361 3203 2500 3273 nulla
2535 3207 2761 3260 soleumi
2814 3214 3218 3278 pra-eminentia
3259 3218 3584 3276 celebratus.

312 3287 394 3340 vel
426 3286 657 3354 torporis
688 3283 989 3353 perniciosa
1020 3285 1224 3337 incuria
1264 3286 1362 3338 hoc
1407 3288 1595 3340 ordine
1645 3290 1888 3345 incurrit.

355 3376 536 3429 abrica
576 3375 691 3442 ejus
726 3374 1002 3436 ccclesite,
1047 3390 1207 3441 quam
1244 3376 1354 3444 ipse
1387 3377 1464 3445 (ut
1492 3379 1738 3446 superius
1765 3397 1893 3434 con-

311 3466 486 3533 stitit)
547 3463 941 3525 :editicaverat,
992 3464 1042 3515 in
1094 3478 1195 3531 qua
1263 3480 1476 3518 sacrum
1523 3468 1638 3537 ejus
1696 3483 1894 3538 corpus

311 3557 502 3611 debitis
528 3554 805 3623 obsequiis
829 3553 1028 3607 diutius
1053 3552 1222 3607 fuerat
1260 3553 1656 3623 frequentatum
1689 3568 1741 3613 et
1767 3575 1893 3613 cou-

312 3656 605 3707 servatum,
638 3643 956 3711 antiquitate
1001 3643 1179 3712 operis
1205 3644 1457 3712 paulatim
1491 3646 1721 3717 collapsa
1773 3665 1892 3706 suc-

312 3736 515 3797 cubuit,
549 3748 612 3787 ac
652 3734 864 3786 nemine
896 3732 1177 3796 fulciente,
1221 3735 1389 3788 ruina:
1416 3735 1654 3791 funditus
1683 3740 1893 3809 dispen-

312 3828 455 3880 dium
491 3824 676 3879 traxit.
705 3823 760 3876 lu
804 3823 957 3889 cujus
1003 3823 1121 3876 loco
1165 3823 1330 3877 altera
1363 3841 1482 3878 cum
1521 3837 1895 3885 exstrueretur

310 3917 559 3978 ecclesia,
591 3913 899 3967 venerabile
927 3913 984 3965 Β.
1022 3913 1352 3968 confessoris
1381 3932 1581 3985 corpus
1616 3919 1668 3972 in
1697 3932 1890 3990 crypta

309 4006 501 4075 prioris
545 4003 783 4058 basilica:
829 4002 1107 4056 immotum
1156 4003 1526 4075 intactumque
1576 4013 1890 4076 permansit.

312 4097 436 4150 Erat
471 4111 569 4166 per
599 4095 738 4149 idem
767 4102 980 4151 tempus
1009 4094 1244 4161 prmfata:
1290 4096 1433 4149 sedis
1461 4099 1687 4154 antistes
1712 4142 1725 4164 ,
1760 4101 1894 4156 Pru-

312 4189 524 4242 dentius
574 4185 790 4240 nomine
834 4185 942 4254 (8),
979 4186 1196 4239 natione.
1229 4186 1528 4256 Hispanus,
1572 4193 1894 4260 pontificalis

310 4280 430 4333 vita:
457 4276 796 4332 institutione
820 4274 1187 4341 clarissimus,
1226 4276 1277 4329 in
1312 4279 1504 4332 divmis
1534 4281 1692 4334 rebus
1724 4285 1892 4339 unde-

311 4386 518 4440 cunque
563 4383 670 4422 non
728 4367 1074 4421 mediocriter
1111 4369 1368 4422 eruditus.
1422 4370 1468 4423 Is
1512 4371 1576 4424 ad
1628 4375 1895 4440 praedicta:

312 4463 547 4516 basilica:
588 4457 1052 4513 consecrationem
1086 4472 1114 4509 a
1148 4455 1408 4512 fratribus
1461 4471 1740 4526 evocatus,
1774 4463 1894 4516 dili-

311 4553 519 4621 gentius
552 4558 938 4622 percunctatur
968 4558 1145 4603 utrum
1175 4550 1315 4604 inter
1341 4554 1635 4608 sacrandus
1657 4554 1890 4624 parietes

311 4644 513 4714 sepulta
569 4643 873 4711 aliquorum
928 4640 1195 4695 cadavera
1261 4650 1593 4712 tegerentur.
1647 4645 1888 4716 Cumque

311 4732 661 4802 comperisset
695 4731 874 4784 inesse
899 4728 1314 4798 quamplurima,
1348 4731 1594 4786 universa
1643 4736 1791 4803 prius
1822 4737 1888 4791 de

313 4823 506 4894 templo
534 4819 858 4893 eliminanda
886 4821 1147 4887 praecipit,
1177 4829 1489 4876 contestans
1516 4837 1574 4877 se
1603 4839 1706 4877 non
1731 4826 1888 4881 aliter

312 4913 736 4970 consecrationis
759 4909 988 4966 ollieitnn
1013 4921 1416 4980 suscepturum;
1446 4913 1724 4982 ignorabat
1743 4918 1885 4971 enim

313 5007 482 5061 adhuc
510 5005 931 5077 prtenominatns
961 5002 1196 5073 pontifex
1229 5002 1288 5055 Β.
1320 5003 1633 5060 Frodobcrti
1671 5011 1888 5064 merito-

315 5113 428 5151 rum
457 5100 709 5154 eximiam
742 5096 1065 5157 claritatetn,
1084 5103 1382 5163 temporum
1409 5098 1734 5168 negligentia
1761 5102 1888 5157 obs-

313 5200 590 5244 curatam:
623 5190 822 5260 quippe
855 5204 945 5258 qm
985 5189 1150 5242 vitam
1188 5186 1328 5240 illius
1357 5186 1460 5241 fide
1507 5198 1561 5244 et
1610 5191 1885 5247 miraculis

314 5283 540 5352 plenam,
570 5300 667 5339 nec
692 5282 918 5336 lectione
945 5290 1272 5353 perceperat,
1305 5295 1403 5335 nec
1428 5284 1634 5354 uspiam
1660 5295 1885 5340 eatenus

316 5373 492 5430 haberi
523 5385 877 5443 compererat.

1997 3289 2110 3344 Non
2146 3303 2321 3347 tamen
2355 3311 2584 3365 superata
2635 3301 2939 3368 benignitas
2988 3305 3136 3360 sidus
3191 3308 3316 3364 illud
3377 3315 3587 3383 perspi-

1995 3393 2154 3431 cuum
2181 3380 2488 3451 ealiginosis
2515 3384 2736 3441 latebris
2763 3389 2964 3445 diutius
2991 3406 3147 3460 passa
3188 3406 3267 3450 est
3297 3380 3584 3466 occultari,

1995 3468 2124 3534 quin
2159 3478 2214 3522 ct
2241 3470 2407 3539 ipsius
2432 3474 2621 3526 merita
2669 3477 2868 3530 mtmdo
2902 3488 3264 3548 patescerent,
3297 3496 3351 3540 ct
3398 3488 3584 3544 cﬂicax

1997 3557 2316 3615 intercessio
2347 3563 2555 3633 populis
2582 3567 2911 3624 subveniret.
2941 3570 3014 3624 Ea
3049 3573 3229 3644 itaque
3263 3585 3585 3649 tempestate

1996 3655 2238 3724 cmpitsc
2283 3671 2409 3727 erga
2462 3657 2636 3714 locum
2670 3662 2864 3716 divina:
2916 3670 3216 3734 praesentia:
3272 3675 3585 3743 magnitudo

1994 3745 2413 3814 quamplurimis
2460 3747 2688 3804 fratrum
2733 3757 3054 3821 ostendere,
3103 3775 3167 3814 ac
3221 3759 3582 3832 frequentium

1996 3833 2261 3887 visionum
2292 3839 2555 3903 portentis
2585 3855 2861 3895 serVnrntn
2895 3844 2985 3899 Dei
3014 3857 3234 3916 pectora
3264 3866 3581 3924 perurgere.

1994 3923 2243 3979 Nonnulli
2277 3927 2419 3981 enim
2471 3932 2858 3988 secretioribus
2913 3951 3009 4004 per
3048 3949 3261 3995 noctem
3300 3923 3497 4013 vigiliis
3529 3947 3583 4001 in

1995 4014 2222 4068 ecclesia
2248 4019 2524 4086 occupati,
2557 4034 2719 4075 voces
2750 4023 3030 4079 mellifluas
3080 4044 3244 4099 super
3278 4033 3582 4102 sepulcrum

1995 4105 2110 4174 ejus
2140 4107 2290 4174 quasi
2327 4107 2648 4164 clericorum
2703 4115 3102 4170 concinentium
3150 4122 3461 4189 audiebant,
3493 4123 3583 4177 alii

1995 4210 2091 4263 per
2141 4212 2325 4266 gyrum
2382 4199 2614 4268 sepulcri
2651 4201 2910 4271 disposita
2942 4208 3094 4276 quasi
3122 4209 3366 4278 quatdam
3401 4213 3581 4281 sp'en~

1996 4287 2274 4341 didiSsima
2323 4289 2614 4346 luminaria
2665 4297 2992 4363 cernebant,
3045 4308 3102 4352 ut
3149 4312 3337 4372 aperte
3367 4314 3584 4360 consta-v

1997 4389 2097 4442 ret,
2131 4380 2273 4448 quod
2305 4382 2390 4436 cui
2430 4383 2661 4437 humana
2692 4385 2954 4457 obsequia
3009 4391 3188 4447 minus
3216 4394 3462 4462 aderant,
3497 4396 3581 4452 di-

1999 4468 2122 4522 vina
2145 4471 2192 4523 ei
2217 4480 2270 4525 et
2297 4473 2541 4543 angelica
2583 4472 2755 4533 ofﬁcia
2787 4479 3165 4547 suppetebant.
3197 4481 3464 4539 Prtctcrea
3492 4501 3584 4543 co-

1920 4541 1968 4600 D
1995 4559 2175 4614 lumba
2208 4541 2459 4619 candoris
2488 4563 2643 4620 lactei
2675 4567 2740 4621 de
2772 4541 2923 4623 ςωῖἶε
2958 4569 3066 4623 visa
3099 4580 3184 4626 est
3209 4571 3579 4643 descendisse,

1995 4664 2058 4702 ac
2089 4661 2369 4721 postquam
2409 4655 2721 4725 aliquandiu
2752 4658 3304 4728 eircumvolitaverat,
3346 4665 3580 4734 sepulcti

1996 4743 2173 4796 abdita
2215 4754 2550 4813 penetrasse.
2583 4747 2686 4802 Per
2717 4749 2929 4818 soporis
2969 4750 3316 4807 nihilominus
3344 4755 3579 4822 quietem

1996 4834 2237 4903 pluribus
2285 4839 2581 4903 videbatur,
2618 4850 2873 4911 tanquam
2925 4843 3063 4897 idem
3101 4843 3262 4899 l’ater
3310 4848 3583 4904 sanctissia

1988 4935 2139 4988 ‘mus,
2167 4943 2324 4982 sacro
2354 4945 2636 5003 emergens
2663 4949 2690 4986 a
2727 4935 2932 4990 tuumlo
2973 4944 3098 4991 ante
3128 4953 3277 4992 aram
3306 4942 3581 5009 apostolo-

1997 5032 2115 5070 rttm
2169 5020 2432 5090 principis
2462 5038 2581 5078 sese
2622 5034 2826 5094 ageret,
2859 5035 3018 5095 atque
3045 5029 3112 5082 ad
3164 5029 3429 5085 orationis
3470 5045 3581 5088 stu-

1997 5106 2141 5161 dium
2174 5111 2347 5165 darct.
2377 5112 2480 5167 Per
2507 5113 2622 5169 hare
2649 5123 2701 5168 et
2726 5115 3025 5186 hujusmodi
3058 5127 3306 5187 portenta
3331 5120 3582 5189 mirifica,

1995 5197 2116 5257 luce
2154 5202 2355 5258 clarius
2387 5206 2676 5272 eminebat,
2713 5209 2853 5277 quod
2893 5208 3176 5266 confessor
3216 5211 3429 5265 Domini
3466 5229 3590 5283 pre-

1997 5294 2190 5360 tiosus,
2225 5296 2451 5352 inertem
2488 5298 2754 5354 culturam
2788 5301 3003 5372 indigne
3035 5302 3239 5368 ferens,
3269 5311 3320 5357 et
3345 5305 3589 5372 sepultud

1998 5397 2115 5441 ram
2145 5387 2244 5443 sibi
2275 5389 2598 5460 condignius
2627 5391 2912 5461 prmparari
2931 5426 2946 5456 ,
2974 5403 3028 5447 et
3057 5393 3296 5463 obsequii
3332 5408 3590 5452 revereua
