4482 5524
844 391 952 445 (iiii

1946 394 2234 447 ADSONIS
2274 392 2653 447 DEIIVENSIS
2692 394 2981 449 ABBATIS

3986 402 4092 458 6I6

851 508 978 560 tiam
1013 506 1303 575 impensius
1348 506 1548 560 institui
1580 505 1920 559 decernebat.
1955 508 2083 560 Illud
2116 520 2326 575 quoque
2352 506 2417 558 ad
2448 512 2493 567 Λ
2526 514 2705 559 rcnter
2729 508 2957 560 accessit
3006 522 3126 561 cum
3177 508 3436 564 fratribus
3464 511 3771 579 psalmodia:
3806 523 3859 566 et
3889 518 4092 570 ntaniis

848 598 985 650 hanc
1018 613 1127 651 rem
1158 596 1497 650 auctoritatis
1523 612 1624 649 non
1655 597 1935 650 minimum
1964 597 2244 659 alierchat,
2275 599 2418 666 quod

847 687 1146 755 quibusque
1192 687 1257 738 ad
1308 701 1523 738 sacrum
1576 685 1879 755 sepulcrum
1926 687 2417 755 procumbentibns,

849 774 1074 828 affectus
1120 775 1382 827 orationis
1413 782 1467 827 et
1499 776 1719 828 ubertas
1752 776 2176 842 compunctionis
2222 776 2419 845 largior

846 862 1127 927 allluebat;
1156 873 1315 932 atque
1338 872 1396 915 ut
1416 864 1555 931 quod
1579 863 1644 917 de
1667 879 1731 918 eo
1751 864 1983 918 visiones
2005 865 2420 919 evidentissima:

846 957 1208 1025 suggerebant
1233 954 1360 1008 cleri
1389 962 1895 1007 consummarentur
1924 954 2113 1009 allectu
2132 995 2145 1017 ,
2178 958 2417 1009 omnium

850 1046 1246 1115 inexplebiliter
1296 1045 1508 1099 animus
1561 1047 1843 1108 aestuabat.
1898 1047 2105 1101 occulta
2162 1049 2417 1101 nimirum

850 1135 1199 1204 inspiratione
1246 1136 1339 1189 Dei
1390 1134 1719 1204 singulorum
1769 1146 1983 1202 pectora
2034 1136 2415 1201 inﬂammante,

846 1241 1008 1298 atque
1042 1233 1108 1285 ad
1156 1232 1287 1284 tanti
1316 1230 1563 1285 eﬂ‘ectum
1594 1232 1789 1301 negotii
1828 1230 1996 1284 sancti
2046 1230 2295 1284 desiderii
2322 1231 2417 1283 sti-

847 1321 1007 1377 mulis
1034 1332 1373 1393 perurgente.

1254 1410 1551 1465 Translatio
1589 1428 1717 1466 nova
1745 1411 2016 1465 indicitur.

914 1500 1003 1555 29.
1035 1499 1254 1555 Talibus
1293 1509 1509 1568 tamque
1548 1501 1851 1569 conspicuis
1888 1500 2145 1571 prodigiis
2175 1502 2414 1565 animati,

844 1591 1209 1645 venerabilem
1245 1589 1482 1645 Otulfum
1514 1590 1819 1659 pontificem
1859 1592 2138 1655 adeuntes,
2178 1594 2417 1661 tantique

845 1680 1022 1735 Patris
1070 1696 1177 1750 prie
1225 1680 1472 1733 manibus
1501 1689 1653 1750 gesta
1691 1679 1947 1745 ferentes,
1980 1691 2036 1734 ut
2066 1681 2178 1750 ipse
2226 1683 2417 1735 divina:

844 1769 1138 1825 voluntatis
1166 1786 1291 1841 erga
1319 1780 1562 1824 sanctum
1596 1780 1648 1823 et
1674 1783 1997 1840 cooperator
2030 1781 2083 1825 et
2120 1782 2415 1826 maturatur

2522 604 2720 648 attente
2744 596 3133 651 insistentibus.
3171 598 3288 666 Ipse
3324 615 3444 652 cum
3475 598 3669 653 ablato
3700 610 3753 654 et
3792 606 4089 657 sacerdoti-

2520 684 2619 735 bus
2646 692 2832 737 sancta
2878 699 2999 738 ossa
3033 696 3346 743 reverenter
3371 688 3611 753 elevans,
3645 689 3929 760 linteisque
3967 710 4091 763 pre-

2522 773 2670 825 tiosis
2702 774 2997 837 obdnccns,
3032 776 3084 829 in
3117 776 3234 831 loco
3265 780 3618 833 mundissimo
3647 781 3746 834 rite
3767 786 4086 850 composuit.

2519 874 2677 928 quem
2724 864 3015 930 pontiﬁcali
3070 866 3269 920 annulo
3296 868 3604 937 diligentius
3655 869 3891 938 signans,
3921 875 4092 928 sacris

2520 950 2585 1002 de
2617 966 2765 1005 more
2794 952 3021 1020 expletis
3057 955 3122 1008 ad
3146 957 3359 1025 propria
3394 959 3649 1012 remeavit
3678 962 3810 1029 (Il).

2795 1043 2983 1097 Matris
3008 1062 3281 1113 percussor
3304 1048 3559 1101 horrende
3585 1052 3818 1117 punitur.

2589 1130 2678 1183 51.
2714 1130 2919 1185 Exinde
2965 1134 3208 1203 pervigili
3273 1135 3526 1189 instantia
3580 1140 3722 1192 sacri
3776 1141 4094 1209 compositio

2520 1228 2849 1289 ornatusque
2884 1223 3117 1291 sepulcri
3159 1226 3464 1279 accuratius
3492 1228 3806 1294 parabatur,
3860 1233 3910 1284 in
3941 1232 4095 1299 cujus

2519 1309 2771 1364 dilatione
2814 1314 3102 1380 temporis,
3156 1313 3283 1382 quid
3330 1316 3572 1369 miraculi
3622 1334 3717 1387 per
3762 1322 4091 1391 praecipuum

2520 1399 2885 1455 confessorem
2930 1419 3160 1472 superna
3190 1406 3520 1473 dispensatio
3550 1408 3762 1477 dignata
3810 1413 3972 1465 luerit
3997 1412 4093 1464 ile-

2520 1488 2744 1551 clarare,
2785 1492 2927 1544 nulla
2984 1494 3191 1548 ratione
3225 1497 3495 1551 credimus
3548 1500 3923 1556 omittendum.
3958 1502 4093 1557 Bat-

2519 1580 2704 1635 bertus
2751 1582 2967 1650 quidam
3018 1587 3253 1647 nomine,
3294 1587 3414 1657 pagi
3455 1588 3786 1645 Lednnensis
3823 1593 4091 1663 indigena,

2519 1672 2779 1726 adversus
2807 1682 3031 1727 matrem
3064 1690 3214 1729 suam
3239 1693 3333 1745 pro
3363 1679 3665 1735 dividendis
3694 1684 3831 1737 forte
3869 1684 4093 1739 alimen-

2521 1763 2587 1815 tis
2610 1764 2663 1815 in
2697 1775 2876 1831 segete
2900 1764 3237 1835 jnrgabatnr.
3267 1768 3509 1839 Cumque
3539 1787 3648 1825 sua:
3686 1776 3822 1842 parti
3861 1776 4093 1845 majores

842 1865 1116 1927 existeret,
1152 1864 1538 1917 instantissime
1583 1864 1975 1933 supplicabant.
2010 1864 2182 1933 thue
2223 1882 2413 1919 cerne-
2448 1853 2490 1911 Β
2518 1872 2808 1912 “cernetis
2844 1860 3165 1928 ηκιιιίριιιοεο
3213 1860 3450 1915 minores
3488 1878 3702 1932 quoque
3735 1864 3893 1917 ιιιξιιτί
3927 1866 4093 1919 ΐειίη·

843 1970 931 2009 res
952 1954 1286 2009 divinitatem
1317 1953 1452 2006 votis
1478 1951 1799 2007 famulorum
1826 1954 2060 2007 fidelium
2108 1971 2413 2024 usquequa-

843 2058 947 2112 que
978 2043 1268 2107 faventem,
1312 2044 1594 2097 confestim
1630 2045 1912 2114 cpisc0pns
1958 2046 2157 2100 intima:
2186 2048 2414 2115 inSpira-

844 2134 1007 2187 tionis
1037 2132 1250 2201 ignibns
1298 2132 1587 2195 animatus,
1621 2149 1685 2187 eo
1712 2136 1904 2187 ardore
1937 2137 2206 2204 negotium
2248 2137 2419 2191 susci-

840 2228 941 2297 pit,
973 2236 1031 2279 nt
1062 2228 1310 2281 abbatem
1338 2235 1391 2279 et
1430 2225 1623 2280 fratres
1666 2244 1693 2279 a
1723 2228 1916 2297 quibus
1947 2229 2119 2281 fuerat
2147 2230 2415 2298 supplica-

842 2328 949 2380 tns,
989 2320 1101 2387 ipse
1136 2318 1473 2385 postmodum
1504 2318 1569 2370 ad
1609 2320 2007 2372 accelerandam
2040 2322 2199 2387 ccepti
2239 2322 2417 2389 operis

838 2406 1156 2470 elﬁcaciam,
1184 2407 1399 2460 monitis
1423 2404 1796 2475 frequentibus
1819 2419 2155 2478 perurgeret,
2191 2410 2419 2464 indefes-

840 2500 915 2553 sis
944 2502 1196 2568 precibus
1230 2505 1625 2572 persistendum
1659 2507 1973 2568 exhortans,
2013 2516 2068 2557 ut
2095 2507 2271 2561 divina
2302 2508 2416 2576 pie-

844 2602 924 2644 tas
977 2608 1112 2661 quos
1144 2610 1254 2648 sum
1281 2596 1573 2650 voluntatis
1620 2598 1868 2651 conscios
1917 2598 2138 2663 fecerat,
2175 2608 2416 2651 votorum

840 2699 1053 2753 quoque
1090 2686 1298 2740 utilium
1327 2697 1605 2755 compotes
1637 2702 1756 2742 esse
1782 2688 2027 2742 donaret.

844 2792 1065 2849 Tantulo
1102 2807 1325 2850 reserato
1355 2815 1519 2866 grana
1548 2801 1665 2852 auri
1696 2800 1750 2852 in
1777 2815 1889 2853 osse
1918 2810 2186 2869 apparent.
2218 2799 2419 2864 Corpus

1281 2884 1489 2921 sacrum
1527 2886 1553 2922 e
1582 2882 1721 2922 terra
1750 2870 1967 2923 levatur.

912 2956 999 3011 30.
1039 2956 1224 3027 Itaque
1252 2960 1319 3013 ad
1370 2961 1502 3015 tanti
1539 2961 1934 3015 inchoationem
1966 2963 2145 3031 operis
2191 2964 2417 3032 primam

839 3048 981 3103 diem
1021 3048 1511 3121 Quadragesimalis
1550 3053 1886 3107 abstinentia:
1924 3053 2035 3123 (10)
2080 3054 2417 3123 delegerunt,

840 3138 896 3191 in
926 3153 1031 3207 qua
1066 3138 1353 3193 inell‘abilis
1382 3141 1573 3195 divina:
1609 3142 1848 3211 dignatio
1886 3143 2121 3211 pietatis,
2158 3144 2257 3197 hoe
2306 3144 2417 3212 pri-

2519 1961 2726 2020 qneret,
2782 1952 2869 2005 illa
2926 1952 3134 2008 fraudis
3190 1956 3495 2024 impatiens,
3544 1956 3709 2010 filium
3758 1974 3824 2012 ne
3864 1958 3988 2011 talia
4016 1958 4095 2011 fa-

2521 2041 2713 2097 ciendo
2740 2043 2906 2097 Deum
2941 2044 2990 2096 in
3021 2059 3079 2098 se
3124 2056 3440 2114 provocaret
3481 2047 3667 2102 sedqu
3693 2050 4091 2105 commonebat.

2522 2132 2655 2185 Tum
2687 2134 2849 2188 miser
2888 2134 3063 2189 furiali
3108 2147 3328 2205 pectore
3355 2137 3736 2206 inﬂammatus,
3786 2142 4008 2197 effertur
4039 2144 4091 2197 in

2522 2232 2774 2286 matrem,
2807 2226 3159 2297 crinibnsquc
3203 2228 3319 2295 ejus
3366 2230 3589 2285 sinistro
3619 2232 3840 2287 brachio
3866 2235 4097 2289 circum-

2522 2312 2715 2381 plexis,
2746 2324 2871 2368 ante
2900 2318 3063 2383 pedes
3092 2332 3218 2371 suos
3260 2320 3512 2375 miseram
3558 2322 3896 2392 impudenter
3930 2326 4091 2380 elisit.

2521 2406 2690 2472 Quem
2740 2423 2863 2460 mox
2913 2409 3094 2462 divina
3142 2411 3273 2465 ultio
3319 2427 3500 2467 comes
3543 2416 3789 2484 excepit;
3843 2431 3965 2470 nam
4011 2433 4096 2471 se-

2522 2499 2704 2565 quenti
2748 2508 2905 2552 nocte
2948 2501 3153 2554 sinistri
3183 2503 3323 2556 oeuli
3373 2504 3617 2559 czecitate
3649 2506 3923 2571 multatus,
3954 2509 4096 2578 ejus-

2522 2592 2643 2643 dem
2698 2606 2910 2660 quoque
2958 2593 3161 2649 brachii
3213 2596 3303 2649 tali
3354 2597 3585 2651 eﬂicitur
3633 2598 3989 2663 detrimento,
4041 2612 4097 2655 ut

2528 2690 2672 2733 retro
2713 2690 2769 2735 et
2813 2692 2938 2735 ante
2981 2698 3194 2753 semper
3237 2686 3362 2740 illud
3400 2699 3542 2741 motu
3577 2690 3787 2759 agitans
3834 2690 4094 2760 inquieto,

2522 2772 2908 2825 conScientiam
2968 2774 3219 2840 sceleris,
3274 2779 3563 2833 exterioris
3613 2795 3824 2849 quoque
3870 2783 4095 2837 membri

2525 2862 2853 2929 impatientia
2909 2873 3214 2919 testaretur.
3248 2866 3385 2933 Quin
3420 2869 3582 2923 etiam
3638 2871 3689 2922 in
3753 2882 4095 2940 augmentum

2523 2953 2776 3006 vindicta:
2818 2972 2975 3008 sensu
3009 2958 3294 3021 subducto,
3332 2968 3566 3012 amentia
3602 2961 3851 3029 plectitur
3878 2962 4097 3018 infelici.

2524 3042 2595 3095 At
2624 3052 2797 3096 mater
2841 3043 3143 3111 hujusmodi
3186 3048 3481 3103 acerbitate
3516 3051 3779 3115 confecta,
3812 3054 3965 3107 tertia
4010 3055 4097 3108 die

2526 3132 2820 3186 miserabili
2864 3144 3035 3188 morte
3066 3135 3257 3190 ﬁnivit.
3289 3137 3393 3191 Pro
3424 3138 3524 3192 hoc
3565 3140 3950 3197 nefandissiino
3979 3158 4097 3197 sce-

943 3191 961 3207 ,
1134 3191 1145 3193 ἡ
1615 3191 1841 3211 won“---
1886 3191 2121 3211 r__--.__-,
2158 3191 2255 3197 --η
2306 3191 2386 3212 Γ--

838 3244 987 3282 mum
1015 3230 1263 3285 humanae
1289 3232 1572 3286 evidentia:
1605 3234 1919 3287 miraculum
1946 3236 2259 3289 declaravit.
2303 3239 2409 3291 Ae-
2444 3191 2488 3253 Ο
2521 3221 2608 3276 '8‘“

2327 3243 2409 3291 ιε..
2444 3191 2488 3253 C
2521 3221 2632 3276 lere
2674 3240 2702 3275 a
2757 3227 3037 3279 sacerdote
3080 3226 3201 3291 loci,
3248 3229 3315 3282 ad
3368 3229 3592 3299 Egilein,
3627 3230 3905 3287 Senonica:
3949 3235 4097 3288 urbis

836 3320 1066 3375 cedente.
1100 3320 1293 3376 abbate
1328 3337 1449 3375 cum
1494 3323 1751 3378 fratribus
1786 3326 1853 3378 ad
1882 3318 2171 3394 pavimenti
2211 3328 2412 3396 lapides

840 3410 1213 3476 revolvendos,
1251 3413 1385 3481 lapis
1416 3413 1502 3466 ille
1537 3414 1625 3483 qui
1659 3430 1815 3470 sacro
1844 3418 2211 3485 superpositus
2236 3416 2413 3471 fuerat

836 3511 1205 3566 monumento,
1240 3505 1451 3559 nemine
1477 3505 1783 3573 impellente
1815 3507 1885 3560 ita
1918 3508 1971 3560 in
2006 3517 2209 3575 partem
2248 3508 2413 3562 lubri-

835 3612 937 3653 cus
968 3597 1096 3662 ruit,
1134 3606 1193 3650 ut
1220 3598 1429 3652 caeteris
1456 3597 1802 3653 inuincibiliter
1826 3601 2242 3668 persistentibus
2270 3600 2410 3655 hunc

835 3704 1048 3745 summo
1098 3690 1483 3760 impellenlinm
1536 3692 1651 3743 nisu
1701 3700 1946 3746 eoactum
1985 3691 2269 3745 violentius
2298 3708 2414 3745 ces-

835 3780 972 3835 sisse
1001 3790 1240 3849 putares.
1273 3780 1601 3835 Intellectum
1632 3792 1714 3835 est
1746 3782 1814 3836 ab
1852 3783 2103 3835 omnibus
2130 3783 2269 3836 sacri
2301 3783 2409 3835 vir-

835 3880 948 3925 tute
988 3873 1233 3941 corporis
1261 3888 1382 3927 eum
1428 3873 1592 3927 fuisse
1639 3874 1928 3944 repulsum,
1957 3876 2097 3943 quod
2142 3876 2226 3944 pie
2266 3890 2413 3944 qna:-

833 3961 1078 4015 rentibus
1122 3962 1263 4015 ultro
1312 3978 1369 4017 se
1423 3964 1707 4018 videbatur
1756 3965 2021 4034 ingerere.
2074 3965 2411 4020 Pertinacius

834 4051 1017 4121 itaque
1060 4054 1206 4122 operi
1250 4054 1576 4118 insistentes,
1628 4056 1694 4110 ad
1730 4058 2008 4111 reverendi
2040 4059 2253 4112 tandem
2298 4059 2411 4112 the-

832 4156 953 4193 cam
978 4143 1221 4211 corporis
1251 4152 1631 4211 pervenerunt,
1662 4145 1813 4213 cujus
1841 4146 2028 4201 intima
2066 4148 2261 4202 dehinc
2286 4164 2412 4202 can-

835 4229 938 4281 tela
969 4233 1286 4285 reverentia:
1320 4232 1422 4285 illis
1446 4236 1927 4303 perscrutantibus,
1969 4237 2033 4290 ad
2064 4247 2409 4305 augmentum

832 4318 1077 4371 miraculi
1107 4319 1157 4371 in
1189 4322 1416 4388 quodam
1460 4337 1584 4377 osse
1627 4325 1873 4393 corporis
1918 4327 2243 4379 sanctissimi
2282 4341 2412 4380 con-

832 4406 1059 4463 fessoris
1108 4420 1274 4479 gutta:
1325 4412 1439 4464 auri
1474 4413 1749 4483 purissimi
1788 4415 2194 4484 splenduerunt,
2248 4417 2410 4471 credo

834 4498 964 4554 illud
995 4501 1398 4557 evidentissime
1439 4514 1802 4561 monstrantes
1829 4507 2137 4561 thesaurum
2180 4507 2412 4577 locuple-

838 4590 1131 4666 tissiqmm,
1175 4593 1266 4662 qui
1313 4594 1475 4648 divini
1524 4594 1778 4664 largitate
1818 4598 2059 4651 muneris
2091 4597 2408 4666 patefactus,

838 4606 955 4643 IISSI
1021 4606 1131 4654 nm,
1175 4609 1266 4662 qui
1313 4606 1475 4648 (Il\'llll
1524 4606 1778 4664 largitate
1818 4606 2059 4651 muneris
2091 4606 2408 4666 patefactus,

832 4693 919 4747 pta
965 4606 1204 4823 Eelinm
1254 4682 1524 4752 diligentia
1573 4683 1921 4739 tractabatur.
1971 4687 2038 4740 Et
2086 4702 2148 4740 ea
2196 4687 2409 4754 quidem

832 4778 1013 4823 nocte.
1050 4782 1265 4823 anetum
1316 4773 1507 4823 [titulus
1555 4790 1621 4823 eo
1651 4778 1885 4823 nerslilit
1930 4780 2103 4823 mmin-
2140 4779 2409 4823 ennlinnia

832 4773 1265 4824 nocte'banetum
1316 4773 1507 4842 pignus
1555 4790 1621 4829 eo
1650 4778 1885 4844 perstitit
1930 4780 2105 4839 modo.
2140 4779 2411 4833 continuis

832 4858 1079 4914 laudibus
1130 4876 1193 4915 ac
1240 4863 1434 4933 vigiliis
1479 4866 1745 4921 sincerius
1796 4869 2106 4922 honoratur.
2161 4868 2409 4923 Crastino

832 4948 1119 5013 subeunte,
1156 4952 1393 5019 pontifex
1427 4954 1687 5009 maturius
1733 4957 1924 5011 adesse
1951 4959 2184 5021 curavit,
2215 4958 2409 5011 solem-

832 5036 994 5090 nioue
1019 5040 1265 5092 oratione
1298 5042 1593 5108 praemissa,
1624 5045 1689 5097 ad
1720 5060 1929 5098 sacrum
1956 5047 2215 5099 tumulum
2260 5062 2411 5100 reve-

902 5146 1193 5228 (ῌῦηῧῖυιιι
1232 5152 1476 5228 designat
1502 5166 1659 5228 poeta
1686 5156 1942 5221 ineditus,
1975 5171 2165 5228 nempe
2198 5173 2272 5210 xit
2302 5155 2409 5210 Ka-

836 5212 979 5271 lend.
999 5212 1224 5274 Martias
1265 5212 1626 5280 hisvvers'ibus
1662 5245 1673 5279 :

2440 4556 2490 4615 Ι)

2518 3312 3008 3382 archiepiscOpmn,
3035 3317 3322 3384 perductus
3346 3328 3456 3383 est;
3484 3320 3638 3387 cujus
3666 3330 3931 3391 prmceplo
3970 3338 4097 3375 ear-

2518 3407 2627 3457 ceri
2658 3407 3012 3473 mancipatus.
3043 3408 3323 3475 squalores
3358 3412 3612 3478 ergastuli
3658 3413 3891 3467 triennio
3916 3422 4099 3481 perln-

2518 3496 2612 3559 Iit;
2650 3496 2790 3550 fame
2821 3500 3076 3567 deinceps
3109 3500 3470 3555 invalescente
3516 3502 3829 3569 dimittitur,
3878 3518 3944 3558 ne
3976 3505 4094 3557 ino-

2518 3588 2604 3658 pia
2633 3589 2892 3643 di-liciens
2921 3600 3240 3643 moreretur.

2518 3699 2702 3753 Multis
2734 3712 3032 3753 sanctorum
3058 3700 3186 3756 locis
3224 3701 3479 3770 lustratis,
3504 3706 3572 3759 ad
3614 3706 3673 3761 S.
3718 3705 4093 3762 Frodeberlnm

2517 3808 2531 3836 ,
3188 3783 3424 3827 curatur.

2588 3861 2677 3915 32.
2709 3861 2841 3916 llinc
2867 3863 2933 3916 ad
2985 3861 3042 3916 S.
3089 3863 3367 3920 Michaelis
3407 3865 3690 3923 ecclesiam
3722 3878 3990 3938 pmperat,
4030 3883 4097 3924 eo

2516 3951 2618 4006 loci
2652 3954 2742 4021 qui
2771 3956 2837 4007 ad
2882 3955 3020 4008 Duas
3050 3955 3288 4010 'I'uinbas
3318 3958 3429 4026 (l2)
3460 3973 3527 4012 ex
3560 3961 3780 4028 antiquo
3821 3949 4047 4015 vocatur
4075 3982 4089 4015 :

2516 4044 2657 4097 unde
2693 4044 2967 4113 digressus
2998 4046 3223 4100 Romam
3263 4050 3487 4119 expetit,
3517 4066 3623 4119 quo
3663 4063 3787 4107 tunc
3827 4053 4096 4108 Adrianus

2517 4132 2832 4207 [secundus]
2896 4122 3030 4206 papa
3089 4140 3267 4192 sedem
3328 4142 3677 4209 apostolicam
3736 4146 4088 4213 gubernabat.

2516 4226 2616 4291 Qui
2650 4242 2771 4279 cum
2833 4244 2955 4281 cum
2998 4240 3307 4299 pergentem
3340 4232 3405 4285 ad
3448 4232 3730 4287 ecclesiam
3762 4235 3819 4288 S.
3870 4234 4094 4291 Joannis

2514 4332 2634 4385 qua:
2666 4316 3047 4372 Lateranensis
3074 4320 3271 4373 dicitur
3301 4322 3639 4390 inspexisset,
3692 4324 3917 4378 mirabili
3963 4342 4091 4395 por-

2518 4414 2668 4460 tento
2696 4408 2840 4474 quod
2869 4410 3033 4461 miser
3061 4411 3129 4463 ob
3157 4410 3333 4465 scelus
3361 4411 3775 4468 circumferebat
3809 4418 4090 4481 attonitus,

2516 4498 2585 4551 ad
2636 4514 2695 4552 se
2726 4514 2849 4553 eum
2905 4502 3159 4570 praecepit
3190 4502 3426 4567 evocari,
3473 4516 3744 4573 causaque
3791 4504 3906 4573 ejus
3946 4508 4093 4560 solli-

2521 4590 2681 4643 citius
2720 4592 3037 4660 perqnisita,
3070 4592 3297 4659 benigne
3332 4608 3452 4647 eum
3488 4595 3553 4647 ad
3595 4596 3959 4663 paenitentiam
3990 4613 4091 4651 ex-

2522 4681 2787 4745 hortatus,
2820 4684 2994 4735 denuo
3017 4698 3139 4735 eum
3169 4682 3233 4735 ad
3262 4683 3321 4736 B.
3356 4682 3632 4738 Michaelis
3656 4684 3939 4739 ecclesiam
3969 4703 4092 4757 per-

2518 4787 2665 4845 gere,
2700 4773 2935 4839 itemque
2966 4773 3031 4825 ad
3066 4788 3123 4825 se
3155 4773 3383 4841 imperat
3407 4789 3668 4829 remeare.
3699 4775 3741 4827 A
3773 4791 3879 4846 quo
3906 4778 4092 4831 dimis-

2518 4873 2636 4922 sos,
2667 4874 2787 4911 cum
2821 4859 2871 4911 in
2901 4875 3091 4929 pagum
3116 4860 3494 4914 Trecassinum
3522 4860 3741 4916 fortuitu
3764 4864 4087 4929 devertisset,

2517 4962 2620 5000 una
2663 4952 2902 5002 noctium
2943 4952 3153 5004 somnio
3192 4962 3582 5017 conimonetnr,
3614 4962 3669 5005 nt
3712 4956 3777 5008 ad
3810 4955 4087 5012 basilicam

2517 5055 2715 5097 sancta:
2760 5042 2853 5095 Dei
2908 5044 3183 5111 genitricis
3234 5054 3286 5098 et
3336 5044 3555 5114 virginis
3601 5044 3783 5100 Maria:
3829 5049 3985 5102 sitam
4034 5050 4088 5103 in

2520 5155 2588 5208 ab
2631 5154 2925 5208 elevatione
2968 5156 3104 5208 sacri
3159 5158 3429 5223 corporis,
3468 5156 3613 5210 Bodo
3661 5157 3727 5211 de
3782 5158 4089 5216 inventione

2520 5240 2771 5310 verarum
2798 5226 3141 5308 reliquiarum
3176 5225 3489 5308 rudoberti
3514 5228 3715 5306 certior
3742 5226 3917 5304 factus
3952 5232 4088 5304 dici-7
