4482 5524
367 409 467 464 617

1536 402 1620 453 DE
1662 401 1813 452 \‘IT.\
1858 404 1912 456 S.
1959 402 2414 461 FRODOBERTI.

3504 412 3607 466 6l8

372 524 493 577 villa
540 521 625 576 cui
677 521 948 576 Falcarias
992 522 1307 576 vocabulum
1368 529 1468 583 est,
1515 521 1789 574 candelam
1835 534 1941 572 sua:
1971 520 2431 586 Aprzcnominata
2484 522 2769 577 celebritas
2828 524 3170 589 differretur,
3227 538 3494 597 quatenus
3555 545 3609 586 et

374 619 721 690 longitudinis
750 617 1092 685 deportaret;
1124 617 1189 669 ad
1220 630 1377 684 quam
1422 616 1545 684 quia
1575 614 1754 667 labore
1795 614 1940 680 pari-

373 720 457 764 ter
499 720 552 763 et
582 708 897 779 aegritudine
926 707 1099 760 fessus
1144 709 1220 760 ire
1250 722 1355 761 non
1382 715 1611 774 poterat,
1641 722 1734 774 per
1776 706 1942 757 inter-

373 799 615 852 nuntiam
655 812 938 867 personam
964 796 1195 864 dirigere
1227 796 1452 849 curavit.
1490 794 1623 847 llinc
1656 794 1719 845 ad
1750 792 1807 846 S.
1843 791 1939 844 Pe-

373 889 439 942 tri
475 888 801 949 cmnobium,
846 902 952 955 quo
982 886 1039 938 Β.
1084 885 1399 938 Frodobcrti
1454 884 1688 952 pretiosa
1724 882 1943 951 pignora

371 987 717 1039 venerantur,
766 976 902 1029 forte
949 976 1193 1038 devenit;
1241 990 1469 1043 cinoque
1516 976 1600 1027 die
1646 974 1943 1035 Ιὶοιιιίιιίι·τι,

371 1082 490 1135 qua:
542 1066 750 1119 Domini
798 1066 1167 1119 ascensionem
1217 1076 1398 1118 secuta
1451 1076 1553 1125 est,
1585 1065 1835 1117 sacerdos
1880 1079 1945 1115 ex

373 1171 522 1209 more
571 1157 797 1224 publicis
838 1156 1005 1209 sacris
1036 1170 1251 1223 operam
1285 1157 1456 1215 daret,
1514 1155 1707 1222 illeque
1747 1156 1812 1205 ad
1860 1169 1946 1206 os-

374 1247 505 1299 tium
558 1247 799 1300 ecclesim
851 1247 1080 1300 orationi
1136 1246 1488 1307 incumberet,
1520 1245 1671 1308 vidit,
1727 1254 1783 1297 ut
1834 1246 1945 1313 ipse

373 1339 711 1404 postmodum
754 1337 950 1399 retulit,
996 1337 1247 1389 clericum
1280 1340 1563 1406 quemdam
1604 1335 1823 1402 juvenili
1856 1335 1936 1388 de-

372 1442 559 1480 corum
609 1429 923 1482 habitudine
972 1428 1035 1480 ad
1070 1442 1126 1479 se
1168 1428 1441 1487 accedere,
1494 1426 1790 1493 luinbisque
1834 1427 1946 1491 ejus

375 1518 641 1571 acerrime
672 1518 959 1571 coarctatis
993 1526 1101 1568 toto
1134 1532 1191 1567 se
1218 1531 1441 1583 corpore
1465 1516 1793 1567 validissime
1822 1530 1947 1566 cnn-

372 1610 628 1663 cussisse.
658 1608 773 1674 Quo
802 1608 1026 1676 impulsu
1072 1608 1121 1659 in
1170 1618 1363 1660 terram
1411 1606 1593 1668 elisus,
1629 1607 1715 1657 diu
1759 1606 1945 1657 immo-

375 1697 498 1751 bilis
544 1698 757 1767 jaeuit,
810 1708 867 1751 ut
917 1714 1049 1766 pene
1096 1697 1361 1749 exanimis
1408 1705 1722 1762 putaretur;
1794 1694 1945 1761 cujus

374 1791 547 1858 spatio
581 1789 866 1848 intervalli,
899 1800 951 1842 et
980 1789 1213 1857 quietem
1247 1788 1471 1847 brachii.
1504 1798 1557 1841 et
1602 1803 1813 1848 sensus,
1859 1802 1946 1839 ca-

374 1882 603 1949 pitisque
648 1882 1009 1951 integritatem
1064 1880 1281 1946 recepit.
1337 1878 1569 1947 Indeque
1619 1892 1950 1946 consurgens

376 1970 568 2023 haustu
608 1986 759 2038 aqum
787 1978 1057 2037 percepto,
1088 1985 1197 2037 prze
1230 1970 1430 2038 ingenti
1481 1969 1794 2022 lassitudine
1825 1984 1946 2021 cum

378 2063 575 2115 iterum
616 2062 996 2124 obdormisset,
1027 2063 1273 2114 eumdem
1314 2062 1567 2115 clericum
1596 2076 1754 2129 quem
1784 2076 1947 2131 supra

374 2151 655 2218 conspexit
689 2150 803 2203 hmc
846 2151 944 2204 sibi
995 2150 1154 2202 verba
1207 2150 1527 2204 familiarius
1568 2151 1944 2205 iuculcautem.

376 2240 511 2303 Hoc,
546 2241 737 2309 inquit,
770 2243 1137 2294 indumentum
1166 2257 1270 2309 quo
1306 2244 1531 2296 amictus
1560 2259 1639 2305 es,
1687 2244 1948 2312 suspende

375 2329 445 2382 ad
496 2330 679 2383 limina
740 2330 1074 2384 Frodoberti.
1127 2332 1292 2397 (Erat
1344 2342 1520 2386 autem
1574 2334 1947 2402 pmnitentium

376 2435 526 2475 more
563 2420 743 2474 cilicio
773 2430 976 2474 tantum
1009 2421 1268 2489 indutus.)
1294 2421 1534 2491 Cumque
1576 2423 1641 2476 de
1686 2425 1786 2478 hoc
1831 2440 1946 2478 ser-

376 2525 537 2565 mone
581 2510 859 2574 sollicitus,
906 2520 960 2564 et
1004 2512 1220 2565 domum
1270 2512 1582 2567 Frodoberti
1634 2530 1689 2568 se
1738 2516 1949 2569 nescire

373 2602 653 2665 fateretur,
680 2612 732 2656 et
757 2618 860 2656 non
891 2602 1091 2657 habere
1121 2604 1488 2659 indumentum
1518 2606 1661 2660 aliud
1698 2623 1949 2661 causare-

374 2699 483 2747 tur.
517 2692 655 2744 inter
696 2691 806 2746 hinc
838 2692 906 2745 ab
948 2707 1055 2746 uno
1091 2693 1156 2747 de
1184 2694 1496 2748 custodibus
1540 2697 1767 2750 excitur.
1800 2696 1948 2753 Tunc

375 2782 463 2834 ille
491 2783 698 2845 anxius,
726 2786 1135 2853 euarransquid
1163 2786 1393 2850 viderat,
1419 2786 1731 2842 Frodoberti
1756 2789 1946 2845 domus

374 2885 607 2938 quanam
640 2872 691 2925 in
716 2882 866 2942 parte
900 2883 1044 2929 esset
1067 2875 1284 2929 sedulus
1330 2877 1664 2945 exquirebat.
1706 2878 1948 2949 Cumque

374 2961 547 3029 ipsam
594 2965 876 3018 ecclesiam
930 2968 1303 3034 comperisset,
1350 2977 1473 3022 ante
1502 2968 1653 3037 cujus
1700 2987 1949 3039 procum-

374 3049 506 3104 bens
541 3052 685 3105 fores
722 3054 968 3122 sospitati
994 3055 1165 3110 fuerat
1198 3056 1546 3123 reformatus,
1586 3061 1944 3130 inexplicabili

372 3141 648 3195 alacritate
702 3143 971 3211 perfusus,
1020 3148 1273 3216 templum
1324 3151 1547 3215 insiluit,
1600 3154 1946 3222 magnificans

1981 1868 2024 1927 Β

2043 610 2354 666 festivitatis
2383 613 2627 682 dignitati
2662 617 3054 684 prospicerent,
3085 629 3137 671 et
3170 620 3485 689 populorum
3517 631 3583 675 tte

2044 702 2267 764 siderio,
2320 703 2411 771 qui
2450 718 2575 773 erga
2621 703 2681 757 Β.
2713 705 3030 761 Frodoberti
3079 709 3301 778 gloriam
3328 710 3437 779 jam
3482 722 3608 767 tunc

2045 790 2444 858 inexplebiliter
2471 796 2751 859 ardebant,
2781 798 3076 853 consultius
3124 803 3486 869 providerent.
3513 806 3609 876 lgi-

2046 889 2133 932 tur
2153 881 2237 933 die
2262 892 2415 937 sexto
2444 881 2626 937 Iduum
2658 884 3031 942 .lannariarum
3058 893 3363 956 aee-edente,
3390 904 3608 948 noctur-

2046 971 2183 1023 nalis
2211 970 2366 1025 oflicii
2414 974 2687 1028 iunctione
2732 978 3018 1045 completa,
3053 996 3263 1033 sacrum
3297 999 3491 1051 corpus
3522 986 3615 1039 de-

2046 1063 2185 1115 votis
2233 1063 2472 1119 levantes
2519 1066 2571 1119 in
2622 1068 2876 1126 humeris.
2912 1072 2962 1123 in
2999 1072 3225 1126 vicinam
3253 1075 3308 1127 Β.
3341 1075 3613 1132 Michaelis

2046 1152 2329 1207 ecclesiam
2363 1154 2690 1209 detulerunt.
2719 1158 2869 1221 Quod
2896 1160 3014 1213 ideo
3039 1163 3616 1231 eisdecernerelibuit,

2046 1249 2183 1293 utet
2224 1243 2397 1310 populi
2434 1243 2734 1313 frequentia
2769 1251 3037 1317 copiosior
3081 1256 3382 1317 accederet,
3413 1266 3466 1309 et
3490 1257 3616 1309 effe-

2051 1340 2169 1383 ctus
2212 1334 2575 1387 translationis
2606 1338 2689 1390 die
2715 1341 3034 1393 succedente
3067 1342 3328 1396 celebrior
3368 1346 3618 1399 reddere-

2052 1429 2155 1472 tur.
2189 1422 2259 1475 lbi
2289 1425 2467 1493 itaque
2495 1429 2897 1483 matutinalibus
2933 1431 3144 1500 hymnis
3172 1438 3450 1504 augustius
3480 1439 3620 1492 cole-‘-

2049 1513 2239 1578 bratis,
2272 1518 2449 1570 missis
2480 1518 2545 1571 ab
2573 1520 2764 1574 abbate
2791 1521 3047 1577 fratribus
3084 1528 3320 1594 pontifex
3349 1528 3614 1583 invitaba-

2051 1615 2155 1669 tur,
2187 1610 2276 1675 qui
2306 1625 2369 1660 eo
2398 1624 2502 1677 quo
2534 1611 2733 1665 dictum
2775 1624 2854 1667 est
2881 1614 3091 1669 fervore
3123 1633 3435 1680 succensus,
3468 1631 3618 1689 rapto

2051 1698 2261 1765 agmine
2288 1698 2410 1751 cleri
2455 1708 2505 1752 et
2536 1702 2714 1769 populi
2746 1705 3007 1757 maturius
3045 1706 3231 1761 adesse
3277 1710 3505 1761 curavit.

2395 1790 2687 1860 Tempestas
2709 1797 3027 1850 commodior
3049 1798 3275 1851 obtenta.

2121 1881 2208 1934 5L
2249 1881 2385 1946 Quid
2442 1898 2571 1937 sane
2626 1885 2867 1938 miraculi
2906 1896 3015 1939 tum
3046 1904 3258 1958 quoque
3310 1892 3614 1961 cootigerit,

2052 1971 2320 2023 succincta
2355 1971 2609 2025 relatione
2656 1977 2939 2028 constabit.
2974 1976 3102 2029 Erat
3134 1988 3343 2049 tempus
3380 1983 3619 2051 implaci-

2052 2059 2197 2122 dom,
2226 2070 2298 2124 et,
2338 2072 2393 2113 ut
2444 2078 2501 2114 se
2540 2064 2737 2116 habent
2793 2066 3037 2129 hiberna,
3070 2070 3304 2137 profusis
3335 2073 3615 2141 paludibus

2052 2148 2367 2217 inquietum.
2412 2150 2592 2204 Noctis
2662 2154 2841 2221 itaque
2901 2162 3187 2224 praeterita:
3244 2174 3615 2231 superventu,

2050 2254 2172 2292 cum
2204 2256 2264 2292 ea
2292 2256 2412 2309 qmc
2438 2243 2503 2295 ad
2532 2242 2721 2299 futurte
2755 2248 3121 2303 translationis
3147 2251 3460 2322 obsequium
3494 2272 3618 2325 per-

2053 2331 2314 2395 tinebant,
2349 2334 2515 2387 abbas
2546 2352 2665 2388 cum
2696 2337 2955 2393 fratribus
2988 2356 3343 2411 prtepararet;
3377 2350 3617 2403 conside-

2054 2435 2167 2477 rata
2225 2440 2423 2492 aquosa
2472 2428 2728 2494 temporis
2773 2432 3051 2498 qualitate,
3104 2437 3262 2490 anxie
3317 2454 3499 2492 secum
3555 2443 3620 2495 de

2050 2515 2231 2582 pOpuli
2281 2520 2650 2584 superventuri
2687 2520 3055 2588 inquietudine
3115 2530 3494 2593 pertractabat.
3532 2532 3617 2596 Et,

2055 2605 2277 2666 utinam,
2314 2606 2487 2675 inquit
2533 2610 2697 2663 abbas
2747 2611 3023 2678 fratribus,
3059 2632 3287 2684 superna
3318 2620 3488 2687 pietas
3525 2637 3620 2691 per

2052 2693 2211 2761 hujus
2263 2695 2321 2748 B.
2380 2697 2552 2752 Patris
2590 2701 2840 2753 meritum
2908 2703 3119 2782 paludis
3177 2708 3453 2764 mollitiem
3498 2714 3618 2782 gelu

2051 2786 2471 2852 constringeret,
2534 2797 2587 2840 et
2642 2789 2841 2842 nivium
2882 2774 3205 2862 superventu
3251 2795 3619 2855 difficultatem

2052 2874 2261 2930 itineris
2293 2887 2639 2947 temperaret.
2677 2880 2793 2935 Mox
2824 2884 3011 2938 devota
3038 2886 3300 2943 desideria
3332 2890 3617 2947 clementia

2050 2964 2323 3021 Creatoris
2374 2970 2604 3038 excepit,
2646 2982 2965 3043 noctemque
2997 2984 3163 3031 totam
3205 2980 3442 3049 glacialis
3474 2984 3615 3054 rigor

2052 3056 2379 3112 validissime
2412 3063 2725 3116 coarctavit.
2770 3064 2924 3119 Circa
2958 3068 3283 3138 gallicinium
3312 3089 3438 3128 vero
3472 3084 3619 3131 tanta

2053 3148 2255 3202 nivium
2282 3152 2532 3218 congerie
2560 3160 2701 3206 terra
2726 3155 3033 3224 obducitur,
3050 3168 3107 3213 ut
3130 3162 3392 3218 universis
3414 3164 3616 3234 liquido

372 3247 496 3286 eum
543 3244 831 3304 gratesque
862 3238 1190 3306 persolvens,
1239 3241 1390 3309 cujus
1432 3244 1692 3299 beneﬁcio
1721 3256 1775 3301 ei
1806 3248 1947 3302 sam-
1973 3230 2018 3293 C
2050 3238 2373 3295 claresceret
2418 3241 2478 3294 Β.
2510 3242 2819 3299 Frodoberti
2866 3250 3168 3316 patrocinio
3194 3254 3260 3308 ad
3291 3270 3403 3312 sua:
3441 3266 3616 3313 trans-

375 3333 481 3378 tem
542 3338 834 3396 receperat,
883 3338 935 3384 et
982 3332 1284 3401 gravissimi
1339 3334 1580 3389 levamen
1628 3338 1848 3393 sceleris
1891 3357 1949 3396 se

372 3418 623 3488 adeptum
656 3436 773 3475 esse
802 3423 1067 3491 gaudebat
1094 3443 1105 3477 :
1137 3425 1489 3496 depositoque
1536 3428 1640 3483 illic
1670 3431 1847 3487 cilicio
1880 3436 1945 3489 ad

374 3508 430 3561 S.
466 3511 771 3581 archangeli
815 3514 1090 3570 Michaelis
1113 3516 1395 3571 ecclesiam
1425 3534 1488 3573 ex
1517 3533 1786 3593 prazcepto
1806 3540 1947 3595 -apo-

371 3602 563 3656 stolico
593 3607 915 3674 properavit.
965 3607 1072 3662 Res
1102 3624 1224 3663 vere
1252 3612 1512 3667 mirabilis
1550 3623 1601 3667 et
1643 3616 1707 3669 ad
1752 3617 1946 3671 divina:

372 3691 587 3759 pietatis
627 3696 953 3763 praeconium
985 3697 1140 3753 solito
1169 3699 1480 3767 referenda;
1513 3705 1655 3774 quod
1702 3705 1817 3773 ejus
1864 3708 1943 3761 in-

373 3792 618 3837 terventu
645 3785 882 3841 salvatus
914 3797 1015 3852 est,
1046 3790 1196 3859 cujus
1224 3807 1288 3846 ne
1328 3808 1519 3848 nomen
1562 3796 1775 3863 quidem
1820 3807 1944 3853 ante

370 3882 715 3941 perceperat;
757 3875 908 3943 cujus
936 3880 1253 3934 vocabulum
1286 3898 1408 3937 mox
1440 3893 1498 3938 ut
1525 3886 1779 3942 divinitus
1806 3888 1942 3943 didi-

369 3965 465 4027 cit,
493 3965 683 4020 animce
713 3969 1061 4039 corporisque
1093 3971 1319 4025 salutem
1345 3972 1459 4039 ejus
1484 3977 1673 4029 merito
1698 3993 1754 4031 se
1787 3994 1939 4034 recu'

368 4069 588 4122 perasse
612 4059 897 4123 persensit.
936 4059 1098 4113 Multa
1132 4072 1393 4129 praeterea
1438 4080 1530 4132 per
1560 4068 1775 4121 eosdem
1808 4070 1940 4135 dies,

367 4145 564 4213 quibus
594 4149 733 4201 sacri
778 4150 1021 4217 corporis
1062 4151 1326 4219 depositio
1354 4155 1665 4222 parabatur,
1694 4158 1809 4225 ejus
1839 4175 1944 4215 me~

370 4236 475 4287 rito
523 4235 783 4291 beneﬁcia
815 4253 1113 4307 provenere
1159 4242 1555 4310 languentibus,
1606 4248 1795 4316 hisque
1826 4265 1940 4303 ma-

368 4326 513 4378 xime
568 4328 657 4394 qui
714 4329 923 4383 diversa
979 4329 1206 4385 febrium
1274 4333 1576 4389 valetudine
1631 4337 1938 4407 profligati,

367 4416 436 4469 ad
496 4416 559 4471 Β.
616 4418 930 4475 Frodobcrti
983 4437 1138 4491 opem
1202 4439 1260 4478 se
1321 4427 1641 4483 submissius
1697 4431 1938 4485 contule-

366 4516 512 4561 runt.

589 4596 887 4652 Translatio
925 4599 981 4654 S.
1015 4600 1325 4656 Frodoberti
1368 4605 1400 4659 8
1433 4604 1701 4661 Januarii.

436 4686 523 4740 33.
561 4687 765 4743 Interea
792 4692 1049 4758 temporis
1075 4693 1214 4745 serie
1235 4694 1519 4760 defluente,
1553 4698 1776 4753 Kalend.
1813 4700 1934 4756 Jan.

367 4778 482 4832 dies
514 4778 703 4843 illuxit,
734 4795 842 4849 quo
874 4780 1019 4834 illum
1049 4782 1282 4837 diximus
1319 4786 1603 4842 mundanis
1627 4801 1934 4858 exemptum

365 4868 639 4924 laboribus
675 4871 741 4924 ad
769 4886 1014 4940 supernas
1051 4872 1286 4926 civitatis
1320 4873 1552 4929 culmina
1606 4878 1932 4935 subvolasse.

368 4959 474 5017 Sed
501 4961 755 5030 quoniam
787 4961 876 5016 illa
923 4963 1037 5017 dies
1059 4964 1454 5019 circumcisioni
1501 4968 1789 5024 Dominicze
1817 4984 1938 5041 5pc-

367 5052 574 5106 cialiter
612 5054 940 5123 mancipata,
970 5054 1302 5109 celebritatis
1335 5056 1557 5113 alterius
1600 5074 1703 5113 non
1736 5064 1936 5130 patitur

363 5142 702 5198 obsolescere
750 5154 1094 5213 superventu,
1123 5145 1183 5197 B.
1212 5146 1530 5203 Frodoberti
1563 5150 1796 5220 dignitas
1846 5153 1939 5207 iis-

362 5234 481 5287 dem
510 5242 759 5303 suscepta
783 5234 1059 5299 Kalendis,
1084 5236 1258 5293 minus
1283 5236 1535 5305 celebris,
1583 5243 1760 5295 minus
1791 5243 1937 5297 vide-

357 5324 520 5378 batur
544 5336 667 5376 esse
692 5321 980 5386 solemnis;
1026 5324 1165 5390 quod
1211 5324 1435 5395 populus
1468 5327 1761 5384 Dominicm
1789 5330 1935 5385 festi-

354 5414 542 5468 vitatis
574 5414 910 5467 caeremoniis
964 5425 1249 5480 occupatus
1301 5428 1400 5468 non
1432 5415 1667 5476 haberet
1705 5420 1933 5476 liberum

358 5521 371 5524 _
407 5506 418 5524 I
447 5504 487 5524 n
540 5500 859 5524 -η..ι·.-,.-..ξ-
891 5501 1074 5524 --.-Δε-
1116 5517 1169 5524 Α-.
1250 5515 1318 5524 ..-
1360 5518 1429 5524 _-_
1463 5508 1497 5524 η

1116 5517 1169 5524 Α-.

1967 4568 2020 4628 D

2053 3330 2265 3385 lationis
2293 3347 2576 3387 occursum
2630 3334 2939 3393 facultatem
2970 3347 3254 3411 opportuni
3283 3347 3493 3406 itineris
3522 3367 3615 3421 po-

2047 3421 2171 3490 pulo
2199 3432 2575 3492 prteparatam.

2121 3512 2501 3568 Translationis
2539 3518 2894 3573 anniversaria
2923 3521 3222 3580 solemnilas
3264 3543 3537 3600 praecepta.

2117 3602 2205 3656 55.
2257 3603 2440 3673 Itaque
2471 3608 2719 3664 omnibus
2765 3611 2866 3664 rite
2904 3615 3133 3681 provisis
3177 3633 3294 3687 qua:
3326 3632 3470 3676 tanta
3510 3626 3613 3680 diei

2045 3692 2356 3751 officiositas
2411 3700 2754 3767 exposcebat,
2810 3704 3033 3771 pretiosi
3085 3706 3239 3775 gleba
3271 3713 3511 3781 corporis
3548 3716 3615 3770 de

2046 3785 2107 3839 Β.
2140 3786 2414 3843 Michaelis
2442 3790 2660 3845 basilica
2692 3808 2721 3846 a
2751 3796 3004 3863 pontifice
3038 3799 3260 3868 elevata,
3294 3804 3612 3876 hymnorum

2044 3879 2397 3935 concentibus
2448 3882 2500 3935 in
2551 3884 2779 3940 sublime
2833 3888 3096 3955 sublatis,
3151 3893 3201 3946 in
3248 3899 3609 3965 apostolorum

2045 3966 2310 4038 Principis
2362 3971 2645 4027 ecclesiam
2704 3976 3042 4044 introfertur,
3095 3991 3235 4038 tanta
3294 3991 3612 4056 gaudiorum

2044 4074 2261 4129 pompa,
2293 4070 2444 4115 tanto
2467 4062 2700 4133 tripudio
2724 4067 3059 4137 p0pulorum,
3087 4074 3269 4128 utsole
3292 4076 3490 4134 clarius
3518 4096 3614 4149 pa-

2045 4160 2275 4206 tesceret
2333 4154 2813 4222 przeeellentissimi
2864 4162 3006 4217 hunc
3075 4168 3212 4233 apud
3266 4169 3429 4224 Deum
3484 4190 3605 4229 esse

2045 4243 2243 4306 meriti,
2292 4244 2443 4311 cujus
2491 4249 2628 4315 apud
2670 4249 2914 4305 homines
2972 4262 3118 4308 tanta
3172 4266 3388 4329 tamque
3428 4264 3616 4329 ingens

2044 4332 2211 4399 gloria
2240 4333 2557 4402 refulgebat.
2588 4336 2641 4389 ln
2675 4337 2790 4391 loco
2822 4339 2983 4409 igitur
3013 4356 3311 4413 prarparato
3341 4350 3613 4421 incompa-

2044 4426 2232 4480 rabilis
2258 4427 2344 4481 ille
2370 4431 2699 4484 sanctissimi
2729 4437 2971 4501 corporis
2994 4439 3274 4497 thesaurus
3305 4445 3609 4513 deponitur,

2045 4517 2359 4585 cunctisque
2405 4519 2635 4588 sepulcri
2668 4526 3000 4579 ornamentis
3028 4542 3323 4595 opportune
3351 4540 3616 4605 composi—

2052 4605 2136 4670 tis,
2168 4622 2195 4659 a
2226 4616 2378 4675 parte
2407 4610 2599 4675 capitis
2630 4626 2722 4664 ara
2769 4613 2957 4667 honori
2992 4615 3358 4674 Innocentium
3410 4636 3612 4697 marty-

2049 4711 2167 4749 rum
2197 4710 2564 4764 consecratur,
2596 4716 2872 4755 sacrorum
2904 4720 3116 4774 quoque
3154 4710 3328 4764 cultus
3362 4714 3616 4770 solemni-

2048 4786 2149 4841 bus
2194 4788 2382 4844 ofﬁciis
2433 4793 2772 4860 expenditur,
2803 4805 2855 4849 et
2888 4795 3193 4854 festivitatis
3228 4802 3343 4868 ejus
3398 4806 3606 4873 privile-

2048 4878 2212 4946 gium.
2260 4882 2470 4935 cunctis
2501 4894 2682 4951 postea
2735 4888 2946 4941 sacculis
2999 4889 3406 4947 immutabilitcr
3435 4896 3620 4952 obser-

2046 4973 2279 5025 vamlum
2332 4975 2621 5041 pontificali
2661 4981 2984 5035 auctoritate
3038 4987 3298 5039 sancitur.
3357 4986 3481 5043 Dies
3512 5000 3621 5044 tota

2042 5066 2293 5120 omnibus
2325 5066 2522 5122 laetitiis
2553 5068 2729 5124 afllata
2758 5074 3057 5143 peragitur,
3107 5087 3414 5148 quantoque
3440 5083 3619 5135 studio

2043 5172 2073 5211 a
2138 5158 2370 5230 posteris
2423 5157 2754 5229 frequentari
2813 5165 3029 5230 debeat,
3083 5168 3151 5225 iis
3194 5167 3383 5241 primis
3435 5170 3625 5227 oﬂiciis

2042 5252 2375 5323 designatur.

2114 5343 2200 5397 56.
2236 5340 2428 5393 Tantis
2457 5340 2640 5409 itaque
2670 5357 2766 5412 per
2796 5345 2857 5400 Β.
2894 5345 3223 5407 Frodoberti
3253 5348 3444 5402 merita
3471 5349 3633 5406 bene-

2049 5433 2185 5490 ficiis
2233 5430 2514 5494 cumulati,
2562 5444 2745 5503 grates
2772 5447 2825 5491 et
2871 5439 3141 5499 beneficia
3163 5452 3217 5499 et
3252 5440 3453 5508 gratias
3485 5441 3641 5497 inex-
