4482 5524
869 427 969 481 619

1965 414 2255 470 ADSONIS
2296 410 2673 465 DEIiVENSlS
2709 413 2995 470 AllBATIS

3999 423 4109 476 69⁸)

868 539 1171 597 existeret,
1236 544 1291 590 et
1349 551 1445 590 sua
1499 537 1649 590 illum
1711 532 2041 587 habitatione
2096 532 2433 601 proveherct,
2466 531 2813 592 Amiraculis
2864 532 3291 586 indeficientihus
3335 540 3679 599 perornaret;
3731 533 3920 586 horum
3980 549 4104 586 om-

869 627 1129 697 exemplis
1166 626 1496 681 beatissimts
1550 626 1862 686 illustraret,
1895 623 2042 676 obitu
2100 621 2438 675 sanctissimo

867 726 1233 779 consecraret,
1287 732 1485 787 quique
1518 717 1701 769 vivens
1750 716 2026 785 signorum
2056 713 2179 767 dote
2213 712 2436 767 refulse-

870 817 973 870 rat,
1004 818 1247 863 mortuus
1277 810 1385 862 into
1416 809 1643 863 feliciter
1694 805 2043 869 immortalis,
2077 805 2252 858 locum
2286 818 2441 857 suum

868 904 923 951 et
950 898 1237 965 praesentia
1270 896 1588 960 Isetificaret,
1622 904 1675 951 et
1704 894 2005 965 patrocinio
2032 902 2364 964 protegeret,
2390 900 2444 945 et

874 1100 1568 1133 _—________.-

2157 1101 2470 1112 -————-....
2480 1100 2516 1108 .-

2544 623 2691 675 nium
2717 632 2949 680 auctore.
2980 624 3211 691 auspice,
3245 631 3297 674 et
3321 631 3643 692 cooperante
3671 624 3954 676 immortali
3975 624 4103 685 Deo,

2545 712 2627 765 cui
2676 728 2866 781 perpes
2920 714 3085 782 gloria
3118 754 3131 776 ,
3185 713 3391 769 infinita
3452 714 3695 776 victoria,
3751 713 4002 781 maiestas
4054 724 4113 767 et

2545 802 2777 872 dignitas
2812 804 3163 872 sempiterna,
3216 819 3280 858 ex
3337 813 3461 857 tunc
3492 814 3547 859 et
3593 820 3734 860 nunc
3762 812 3816 860 et
3846 806 3898 859 itt
3924 806 4107 861 omnia

2547 892 2740 947 smcula
2782 893 3117 947 saeculorum.
3146 893 3336 948 Amen.

3074 1120 3218 1130 ηιηννσσι..

1797 1287 2146 1402 VlTA
2236 1285 2352 1396 S.
2447 1286 3164 1401 MANSUETI

1511 1518 1805 1596 PBIMI
1874 1518 2426 1595 LEUCORUM
2512 1517 2807 1593 URBIS
2868 1517 3455 1594 PONTIFICIS

1946 1689 2439 1796 Auctore

2529 1687 3017 1807 Αᾱεοηο,

2197 2052 2727 2129 PROLOGUS

1621 2253 1815 2323 (Apud.
1844 2252 2094 2313 Martem,
2128 2250 2425 2303 Thesaums
2448 2249 2721 2312 Anecdol.,
2766 2258 2891 2303 tom.
2923 2250 3003 2314 lll,
3033 2266 3151 2321 pag.
3180 2252 3354 2319 lOl5.)

942 2566 1169 2624 Domino
1193 2572 1379 2618 sancto
1429 2577 1491 2616 ac
1537 2575 1663 2616 vere
1700 2560 2010 2615 beatissimo
2065 2559 2294 2613 antistiti
2333 2558 2442 2613 (Σιε-
2480 2563 2523 2620 B
2622 2558 2692 2614 Ut
2720 2561 2854 2615 situs
2883 2562 3147 2617 Ausonias
3178 2562 3421 2617 tenderet
3448 2563 3526 2619 ire
3565 2566 3700 2621 vias.

872 2676 1045 2715 natum
1072 2660 1217 2713 Apso
1242 2657 1491 2722 indignus
1518 2669 1797 2707 servorum
1820 2652 1910 2706 Dei
1943 2667 2155 2714 servus,
2187 2652 2441 2705 abbatum

873 2754 1113 2814 ultimus,
1159 2758 1501 2819 peccatorum
1536 2747 1759 2815 primus,
1805 2754 2018 2800 aeterna:
2060 2744 2444 2815 redemptionis

872 2852 1095 2894 munus.‘

943 2929 1112 2981 Sacro
1142 2937 1223 2980 est
1253 2926 1535 2979 subnixum
1578 2924 1809 2994 eloquio,
1844 2924 1967 2992 quia
1995 2923 2135 2977 sicut
2163 2920 2446 2993 prtefulgct

874 3022 927 3073 in
960 3018 1160 3072 sanctis
1204 3017 1441 3086 praelatis
1472 3015 1769 3083 imperandi
1813 3025 2073 3084 potestas,
2122 3014 2195 3066 ita
2230 3029 2445 3083 quoque

876 3110 1217 3179 resplendere
1246 3110 1405 3162 debet
1431 3108 1481 3160 in
1510 3108 1665 3161 bonis
1692 3106 1949 3174 subjectis
1986 3105 2313 3175 exsequendi
2358 3104 2445 3159 de'

877 3210 995 3255 vota
1050 3200 1333 3261 voluntas;
1384 3215 1508 3251 nam
1553 3206 1611 3251 ttt
1656 3198 1773 3251 illos
1824 3196 2075 3265 cxjustis
2123 3196 2363 3266 imperiis
2394 3196 2445 3248 in

879 3298 1170 3358 conspectu
1219 3289 1412 3341 divintc
1452 3286 1750 3355 maiestatis
1786 3295 1995 3357 Oportet
2029 3284 2230 3340 absolvi
2258 3303 2267 3336 :
2300 3286 2368 3338 ita
2395 3295 2450 3339 et

879 3384 1010 3436 istos
1042 3389 1300 3449 sequente
1326 3379 1646 3433 obedientim
1686 3377 1860 3432 fructu
1891 3387 2091 3433 aeterna
2121 3378 2337 3448 expedit
2366 3392 2448 3430 re-

878 3472 1251 3527 muneratione
1302 3470 1518 3525 salvari.
1569 3469 1735 3539 llujus
1775 3470 2051 3524 sententia:
2082 3484 2179 3539 ego
2205 3484 2312 3523 non
2356 3483 2448 3522 ex-

874 3580 1020 3635 pers,
1079 3572 1257 3619 vestra
1316 3562 1559 3631 jussione
1613 3570 1891 3632 promotus
1956 3576 2089 3631 opus
2140 3560 2446 3629 assumpsi,

877 3656 1096 3728 legenti,
1126 3664 1185 3709 ut
1212 3655 1392 3718 credo,
1426 3668 1530 3707 non
1559 3653 1882 3707 omnimodis
1923 3652 2215 3722 ingratum,
2242 3652 2448 3707 auctori

882 3760 1007 3799 vero
1037 3746 1365 3800 omnimodis
1414 3743 1812 3798 formidandum
1845 3760 1857 3795 :
1887 3743 2014 3811 quia
2044 3742 2184 3796 sicut
2207 3742 2450 3797 decursis

878 3837 1068 3906 spatiis
1098 3845 1397 3906 temporum
1420 3834 1648 3889 obscura
1672 3842 1754 3888 est
1783 3833 1973 3887 notitia
2003 3831 2398 3902 praeteritorum
2434 3850 2445 3884 :

2550 2650 2738 2705 Petrus
2776 2652 3083 2721 apostolicae
3110 2653 3344 2721 pollebat
3379 2655 3612 2711 culmine
3640 2657 3843 2723 Roman

2620 2740 2876 2811 Huncque
2906 2753 3168 2812 sequutus
3193 2758 3381 2799 amans
3403 2748 3605 2815 expetit
3629 2748 3740 2817 ipse
3769 2750 3958 2805 libens.

2550 2828 2785 2899 Suscipit
2814 2833 3090 2887 ardentem
3126 2832 3317 2888 Petrus
3342 2834 3553 2903 pietatis
3576 2836 3874 2901 alumnum,

2621 2924 2681 2977 Et
2706 2922 2835 2978 facit
2870 2933 3143 2994 expertem
3176 2935 3361 2980 sancta
3396 2937 3604 2982 secreta
3636 2930 3809 2983 virum
3838 2945 3850 2982 :

2549 3017 2711 3086 Cujus
2741 3020 2807 3073 ab
2836 3033 2929 3072 ore
2975 3020 3078 3089 piis
3110 3028 3405 3075 attrectans
3434 3022 3680 3091 dogmata
3708 3026 3907 3088 verbis,

2620 3108 2874 3163 Ebiberat
2898 3110 3145 3165 stabilem
3176 3110 3320 3167 fonte
3348 3111 3535 3167 salutis
3572 3128 3748 3183 opem.

2553 3199 2779 3254 Sedulus
2805 3200 3025 3254 Ausonii
3054 3215 3149 3271 per
3187 3210 3426 3271 tempora
3456 3202 3611 3273 longa
3638 3206 3879 3275 magistri
3898 3247 3910 3266 ,

2624 3290 2893 3358 Obsequio
2920 3290 3061 3345 Petri
3094 3291 3251 3345 haesit
3281 3306 3465 3346 amore
3488 3294 3591 3346 sui.

2550 3380 2717 3448 Quem
2746 3381 2938 3436 Petrus
2961 3383 3023 3436 ad
3048 3398 3313 3437 summam
3344 3384 3590 3452 provexit
3618 3384 3871 3438 culminis
3917 3398 4122 3451 arcem,

2625 3472 2689 3526 Et
2713 3472 2803 3527 dat
2833 3472 3049 3543 gavisus
3077 3472 3386 3541 pontificale
3419 3473 3600 3527 decus.

2554 3562 2689 3617 Hinc
2724 3561 2898 3632 placet
2924 3563 2991 3617 ad
3021 3563 3255 3617 tumidos
3301 3578 3579 3637 przecpnes
3606 3563 3821 3619 mittere
3850 3563 4052 3627 Gallos,

2621 3653 2720 3721 Qui
2746 3655 2971 3709 doceant
3000 3655 3210 3710 animos
3246 3670 3341 3709 ore
3368 3654 3577 3725 fideque
3609 3654 3771 3710 feros.

2554 3744 2720 3798 Electi
2743 3745 2963 3799 veniunt
2990 3744 3249 3800 Romanis
3280 3746 3518 3809 arcibus,
3554 3746 3755 3800 adsunt

2624 3835 2813 3890 Prwlia
2839 3836 3041 3907 gesturi
3066 3851 3163 3906 pro
3186 3836 3385 3905 pietate
3419 3836 3539 3890 viri.

879 3930 950 3981 ita
980 3942 1195 3997 quoque
1224 3936 1306 3982 est
1335 3926 1504 3980 libera
1560 3924 1826 3979 certitudo
1869 3924 2213 3993 praesentium
2244 3937 2445 3976 rerum.
2475 3911 2519 3973 C
2551 3926 2606 3979 In
2638 3926 2859 3995 quibus,
2890 3927 3136 3991 antistes,
3171 3926 3447 3981 Mansuete
3479 3926 3693 3980 nomine
3718 3926 3913 3995 polles;

877 4018 1029 4085 Quod
1059 4016 1445 4088 ergojussistis
1474 4015 1748 4070 humiliter
1780 4014 2015 4082 suscepi,
2043 4013 2186 4082 quod
2219 4028 2449 4083 pra-mo-

880 4115 1073 4169 nuistis
1102 4113 1347 4183 quamvis
1374 4113 1549 4180 inepte
1572 4109 1800 4180 explevi.
1828 4108 2035 4163 Sumite
2061 4122 2189 4178 ergo
2213 4106 2450 4161 libellum

876 4215 1058 4262 vestro
1101 4204 1255 4273 jussu
1292 4202 1685 4272 compositum,
1725 4215 1845 4254 meo
1892 4197 2077 4253 labore
2126 4195 2450 4251 confertum.

879 4296 1049 4363 Quem
1102 4294 1317 4364 quidem
1354 4292 1407 4346 in
1451 4291 1628 4361 specie
1660 4288 1921 4343 columbae
1960 4302 2121 4357 super
2168 4286 2452 4340 Dominum

878 4383 1253 4439 descendentis
1283 4397 1345 4435 ac
1388 4378 1636 4443 colentis,
1669 4378 1831 4432 etiam
1863 4375 2162 4431 beatissimi
2188 4374 2452 4429 Mansueti

881 4476 1090 4529 meritis
1124 4488 1281 4543 quem
1318 4471 1515 4533 colitis,
1567 4485 1726 4539 quem
1774 4469 2031 4539 diligitis,
2089 4467 2451 4523 columbinum

877 4566 1175 4621 vocandum
1229 4564 1488 4627 instituo,
1559 4569 1616 4615 ut
1672 4560 2010 4615 colutnbinus
2062 4566 2305 4622 vocetur,
2361 4558 2452 4627 qui

880 4656 1016 4713 tanti
1056 4655 1226 4727 patris
1255 4654 1420 4721 gestis
1460 4650 1769 4723 insignitur.

961 4896 1225 4939 METBUM
1270 4891 1529 4936 ADSONIS
1569 4891 1630 4933 ΙΝ
1679 4892 1882 4933 ιΑιῖοε
1927 4890 1976 4933 S.
2029 4892 2342 4934 MANSL'ETI

1039 4973 1389 5017 PONTIFICIS
1434 4971 1728 5014 UBILIBET
1770 4970 2224 5013 CONCINENDUM
2237 4999 2250 5013 .

879 5084 1080 5154 Inclyta
1105 5081 1368 5136 Mansueti
1400 5079 1563 5135 claris
1595 5076 1865 5132 natalibus
1891 5078 1995 5131 orti

950 5174 1243 5244 Progenies
1268 5170 1437 5227 titulis
1474 5168 1622 5225 fulsit
1660 5168 1713 5223 in
1746 5168 1877 5222 orbe
1906 5168 2035 5221 suis.

878 5265 1055 5321 Insula
1098 5262 1448 5321 Christicolas
1483 5261 1728 5333 gestabat
1759 5257 2012 5313 Hibernia
2050 5267 2268 5328 gentes,

950 5358 1101 5415 Unde
1127 5370 1299 5429 genus
1331 5354 1515 5418 traxit,
1543 5360 1600 5409 et
1627 5360 1777 5408 satus
1804 5350 1929 5406 inde
1954 5348 2074 5403 fuit.

879 5448 1073 5504 ludolis
1093 5445 1340 5517 egregiae,
1372 5443 1463 5514 qui
1491 5458 1615 5497 mox
1647 5440 1939 5496 comitatus
1962 5439 2167 5493 honore

2625 4017 2834 4071 Emicat
2858 4026 3018 4086 atque
3058 4026 3179 4071 tuus
3207 4018 3351 4072 vocis
3388 4017 3593 4072 honore
3620 4018 3838 4087 gradus.

2556 4108 2726 4178 llique
2767 4110 2965 4163 adeunt
3000 4109 3134 4164 alias
3159 4109 3433 4164 Gallorum
3461 4110 3704 4179 partibus
3732 4111 3912 4172 urbes,

2626 4200 2770 4266 Quos
2798 4210 2853 4254 ut
2877 4200 3143 4256 consultet
3174 4202 3394 4270 pervius
3420 4201 3566 4255 orbis
3592 4200 3777 4255 habet.

2557 4290 2663 4351 Tu,
2691 4301 2863 4360 pater,
2901 4301 3165 4361 agrestem
3196 4292 3533 4347 Leuchorum
3550 4292 3695 4348 solus
3723 4294 3774 4347 in
3803 4293 3986 4347 urbem

2630 4384 2931 4454 lngrederis
2962 4384 3090 4438 fisus
3113 4384 3178 4438 ad
3208 4384 3426 4453 pietatis
3454 4399 3607 4453 opus.

2556 4477 2786 4549 Pervigil
2826 4480 2876 4532 in
2902 4477 3097 4547 pepulo
3134 4476 3295 4531 Petro
3326 4486 3597 4545 praeeunte
3630 4478 3809 4537 beato.

2629 4570 2767 4625 Urbs
2797 4580 2853 4622 ut
2884 4570 2934 4623 in
2963 4577 3194 4623 :eternas
3219 4568 3429 4622 Leucha
3458 4576 3669 4623 notetur
3691 4582 3840 4621 Oves.

2556 4660 2658 4715 Per
2693 4670 2742 4713 te
2774 4660 2944 4730 prima
2977 4658 3077 4714 fuit
3106 4658 3261 4713 nobis
3288 4658 3373 4711 via
3402 4667 3525 4712 uota
3558 4659 3779 4722 salutis,

2628 4750 2729 4806 Per
2761 4761 2809 4805 te
2834 4751 2903 4805 sit
2934 4758 3117 4803 noster
3146 4748 3268 4803 finis
3306 4748 3523 4817 ubique,
3556 4758 3732 4818 pater.

2560 4847 2614 4903 Si
2649 4857 2826 4901 tamen
2857 4855 2911 4899 et
2946 4844 3123 4899 meriti
3149 4858 3233 4897 res
3258 4852 3343 4897 est
3369 4841 3611 4907 augenda
3634 4840 3854 4908 juvandi
3876 4880 3890 4903 ,

2630 4936 2732 4990 Par
2754 4936 2823 4990 sit
2846 4935 2990 5003 Aper
3016 4933 3194 4988 socius
3219 4941 3401 4986 nostra
3417 4929 3655 4999 juvando
3688 4939 3827 4983 tuus.

2561 5030 2668 5082 Vos
2690 5027 2885 5081 etenim
2914 5025 3051 5078 binm
3082 5022 3203 5077 ρωιί
3230 5037 3392 5092 super
3429 5035 3529 5075 axe
3556 5020 3817 5075 columna:

2634 5118 2854 5179 Ducitis,
2882 5116 3002 5168 hinc
3033 5112 3219 5168 faciles
3248 5127 3343 5166 nos
3371 5112 3609 5166 relevare
3638 5124 3845 5181 greges.

2560 5209 2678 5264 Jam
2714 5206 2909 5261 nostris
2945 5204 3104 5275 igitur
3124 5202 3293 5274 prosit
3319 5202 3513 5256 ﬁducia
3546 5200 3705 5265 votis,

2634 5300 2802 5366 Quam
2837 5308 3019 5352 nostra
3046 5296 3100 5349 in
3150 5295 3304 5349 nobis
3327 5303 3544 5363 pectora
3570 5290 3676 5345 ﬁxa
3719 5294 3918 5343 tenent.

2564 5391 2607 5446 Ο
2639 5389 2931 5453 Mansuete,
2966 5395 3088 5441 tuos
3114 5385 3345 5455 petimus
3372 5382 3597 5438 defende
3625 5378 3808 5434 fideles
3835 5418 3849 5443 ,

2638 5481 2700 5524 Et
2727 5478 2807 5524 fac.
2843 5492 2963 5524 cum
2990 5476 3190 5524 sanctis
3217 5473 3407 5524 gaudia
3434 5472 3590 5524 lonsza
3620 5469 3758 5524 dari.
