4482 5524
1401 491 1486 545 DE
1530 487 1680 542 \‘ITA
1723 486 1779 541 S.
1823 484 2169 541 MANSL'ETI
2212 484 2386 539 LIBRI
2430 484 2589 539 DL'O.
2630 514 2698 527 -—
2737 483 2862 537 LIB.
2910 484 2945 535 I.
3588 475 3690 531 υἱὲ

741 624 969 669 vnnscs
1014 622 1375 665 ACROSTICUI
1426 624 1502 663 ne
1549 621 1781 663 eooen.
2064 607 2109 663 Α
2141 598 2222 653 Sit
2261 610 2345 652 tua
2378 600 2569 669 pictas,
2606 597 2692 666 qui
2724 606 2905 648 noster
2935 592 3202 663 apostolus
3224 600 3420 651 exstas,

472 784 641 855 Magni
664 782 871 839 consilii
896 797 991 853 per
1020 789 1070 835 te
1095 795 1229 851 quos
1258 780 1448 833 imbuit
1476 778 1603 833 olim

468 876 719 946 Angelus,
748 875 801 929 in
826 874 946 928 fidei
974 873 1269 927 sublimans
1298 886 1422 924 arce
1450 869 1684 929 decenti,

470 966 710 1021 Nominis
732 976 888 1035 atque
917 964 995 1019 sui
1024 965 1201 1017 ditans
1226 963 1547 1016 charismate
1578 959 1769 1013 summi
1794 998 1808 1023 ,

2141 689 2385 743 Uranica
2408 688 2560 741 nobis
2589 685 2849 740 habitatio
2874 685 3027 738 detur
3058 694 3115 737 ut
3144 683 3310 746 urbis,

2138 778 2335 831 Electis
2361 777 2571 830 cunctis
2600 790 2706 844 quo
2733 791 2830 829 nos
2860 790 2955 845 per
2978 775 3169 829 sacula
3192 773 3389 841 juncti,

2138 868 2335 923 Tecum
2367 868 2603 930 laudare,
2642 868 2978 929 benedicere,
3020 865 3383 937 magnificare,

2140 958 2204 1011 Et
2230 969 2473 1026 spectare
2502 959 2686 1021 Deum,
2719 958 2820 1012 lati
2852 974 3155 1013 mercamur
3180 958 3228 1010 in
3252 972 3445 1009 arvum.

463 1153 3675 1185 —.—-—-—————_————-—————~————‘

1336 1330 1719 1448 ,VITA
1814 1326 1931 1439 S.
2054 1326 2821 1441 MANSUETI.

1028 1551 1203 1621 (Apud
1238 1549 1370 1603 Dom
1409 1546 1633 1606 Calmet,
1678 1543 1906 1597 Histoire
1931 1544 1991 1595 de
2016 1540 2287 1607 Lorroine,
2320 1551 2449 1595 tom.
2477 1540 2569 1606 IV,
2595 1538 2841 1606 Preuves,
2871 1557 2923 1613 p.
2964 1540 3082 1611 84.)

1694 1819 1992 1895 LIBER
2066 1816 2488 1894 PRIMUS.

968 2020 1011 2079 C
1032 2018 1195 2076 \PUT
1235 2017 1519 2075 PRIMUM.

467 2136 619 2201 Quod
647 2136 823 2187 beatus
867 2130 1052 2186 Petrus
1104 2129 1541 2201 Hierosolymam
1567 2128 1713 2201 miris
1761 2126 2035 2201 virtutibus

541 2205 829 2265 illustrans,
858 2204 1081 2271 primunt
1109 2196 1413 2271 Antiochia,
1457 2198 1580 2271 dein
1612 2196 1787 2250 Roma
1816 2196 1998 2250 sedens
2020 2234 2035 2258 ,

533 2275 742 2327 verbum
771 2268 885 2326 vita
916 2272 1025 2324 orbi
1054 2270 1286 2323 Romano
1316 2268 1529 2335 infudit.

534 2380 663 2433 Post
716 2378 1007 2448 gloriosum
1058 2375 1296 2430 caeleslis
1349 2374 1587 2428 victoria
1650 2371 2027 2440 triumphum,

467 2486 587 2523 cum
617 2486 722 2538 quo
768 2469 1087 2522 saculornm
1111 2466 1387 2529 Conditor,
1424 2467 1577 2519 hoste
1613 2465 1843 2528 devicto,
1876 2464 2035 2519 calo-

465 2576 583 2613 rum
616 2559 919 2627 penetravit
945 2574 1165 2627 regnum
1197 2596 1211 2621 ,
1242 2556 1545 2625 apostolica
1585 2556 1829 2624 dignitati
1872 2555 2036 2623 ipsius

463 2649 756 2703 Salvatoris
785 2650 1069 2719 prasentia
1095 2648 1288 2702 Petrus
1315 2647 1587 2716 apostolus
1615 2647 1819 2701 electus
1846 2656 1904 2700 et
1941 2662 2037 2698 au~

460 2746 579 2790 ctor
617 2738 968 2807 prasignatus
996 2777 1009 2801 ,
1051 2736 1229 2789 claves
1258 2737 1380 2789 cali
1413 2737 1687 2805 suscipere
1716 2744 1878 2803 atque
1908 2735 2033 2787 uni-

462 2830 680 2883 versalis
702 2830 952 2884 Ecclesia
978 2828 1340 2899 gubernacula
1366 2829 1560 2883 meruit
1586 2828 1849 2881 obtinere.
1876 2826 2034 2881 Cum-

461 2935 566 2988 que
596 2922 829 2988 primum
852 2959 867 2983 ,
898 2930 955 2972 ut
986 2920 1038 2972 in
1070 2918 1457 2972 ecclesiasticis
1498 2917 1747 2970 Historiis
1772 2916 1997 2986 legimus
2020 2956 2035 2981 ,

459 3008 941 3077 Jerosolymorum,
973 3016 1088 3075 post
1115 3007 1415 3061 Antiochia
1432 3006 1675 3076 partibus
1705 3005 1897 3059 divina
1920 3004 2035 3058 illu-

462 3098 736 3151 strationis
764 3098 943 3151 radios
987 3096 1310 3160 infudisset,
1352 3106 1406 3151 et
1454 3095 1733 3150 diabolica
1772 3094 2031 3163 supersti-

462 3189 623 3243 tionis
655 3190 909 3243 tenebras
957 3187 1242 3241 manifesta
1274 3188 1501 3241 veritate
1542 3186 1872 3255 depulisset,
1926 3184 2036 3240 Ro-

463 3280 602 3332 mani
622 3280 829 3349 imperii
851 3279 1163 3349 dignitatem
1180 3278 1568 3332 Christianitati
1586 3278 1738 3331 titulo
1754 3293 1816 3331 ac
1838 3287 2037 3332 sancta

2056 2013 2104 2075 Β
2131 2011 2463 2081 aliorumque
2504 2010 2809 2065 infortuniis
2844 2020 2900 2063 ut
2934 2010 3166 2079 propriis
3212 2009 3467 2065 influebat
3490 2052 3504 2076 ,
3552 2027 3707 2065 mau-

2138 2113 2413 2159 suetorum
2443 2105 2697 2159 cordibus
2738 2104 2978 2173 copulari
3012 2144 3026 2166 ,
3068 2105 3413 2174 rigidioribus
3452 2120 3581 2160 vero
3625 2109 3706 2160 in-

2136 2194 2374 2250 stantius
2443 2194 2733 2263 abrumpi,
2791 2195 2844 2248 in
2915 2194 3361 2249 sanctificationis
3416 2197 3705 2265 puritatem

2135 2283 2375 2346 assumi,
2424 2282 2474 2335 in
2501 2280 2803 2335 declivioris
2849 2280 3064 2335 ludibrii
3092 2282 3407 2351 praludium
3456 2283 3658 2337 absolvi
3690 2324 3705 2343 ,

2137 2371 2491 2427 imbecillibus
2547 2382 2709 2440 atque
2773 2372 2947 2440 inopia
3003 2374 3299 2442 profligatis
3349 2383 3459 2427 tota
3510 2376 3706 2428 mentis

2137 2464 2430 2517 intentione
2457 2460 2688 2516 conferri
2717 2502 2731 2526 ,
2780 2477 2841 2515 ac
2871 2463 3189 2516 miserorum
3222 2464 3452 2531 gemitus
3480 2472 3540 2517 ut
3584 2479 3708 2517 suos

2135 2553 2398 2609 adhiberi.
2459 2552 2627 2606 Tanta
2679 2567 2889 2620 quoque
2946 2554 3102 2607 ineo
3158 2551 3333 2605 fuerat
3392 2554 3604 2607 virtutis
3653 2563 3708 2607 et

2136 2646 2351 2716 pietatis
2380 2644 2600 2708 inlusio,
2634 2652 2689 2697 ut
2720 2659 2823 2697 non
2856 2644 3023 2697 solum
3051 2645 3171 2709 sibi,
3198 2645 3288 2698 sed
3322 2644 3486 2698 etiam
3511 2660 3707 2714 paren-

2138 2736 2279 2790 tibus
2332 2736 2483 2790 Iieret
2534 2735 2585 2787 in
2634 2734 2878 2787 salutem.
2920 2733 3190 2789 Naturalis
3232 2750 3444 2803 quoque
3502 2736 3703 2805 ingenii

2135 2824 2367 2879 efﬁcacia
2394 2823 2598 2877 calcsti
2652 2822 3000 2891 inspiratione
3050 2824 3386 2891 praecedente
3418 2865 3431 2887 ,
3457 2823 3704 2878 litteralis

2138 2912 2429 2981 magisterii
2455 2910 2792 2979 disciplinam
2818 2912 2896 2965 sic
2923 2911 3127 2971 dilexit,
3159 2911 3237 2964 sic
3258 2920 3339 2964 est
3366 2921 3702 2980 prosecutus,

2136 3009 2195 3054 ut
2225 3002 2492 3055 neminem
2522 3002 2788 3054 consortis
2830 3001 3039 3071 collegii
3072 3002 3517 3070 perspicaciorem
3542 3044 3555 3066 ,
3605 3020 3702 3057 ne-

2138 3096 2333 3149 minem
2379 3096 2430 3148 in
2459 3095 2542 3148 his
2572 3096 2763 3149 studiis
2795 3095 3041 3149 habuerit
3072 3096 3492 3163 pracedentem.
3534 3096 3699 3149 Cum-

2138 3202 2242 3244 aue
2274 3186 2515 3241 felicibus
2536 3187 2789 3255 auspiciis
2816 3187 2983 3241 divini
3030 3187 3259 3241 fervoris
3288 3188 3546 3241 instantia
3578 3189 3699 3242 ani-

2140 3293 2256 3332 mos
2313 3278 2599 3347 inspiraret
2648 3276 3037 3339 adolescentis,
3089 3292 3117 3330 a
3170 3277 3427 3331 Romanis
3487 3279 3703 3331 arcibus

459 3367 648 3424 Crucis
675 3368 869 3423 vexillo
899 3369 1125 3424 dilatare
1147 3378 1199 3423 et
1221 3368 1512 3423 sublimare
1539 3369 1851 3431 decernens,
1882 3384 2033 3422 mun-
2059 3363 2104 3425 C
2135 3370 2453 3424 Christiana
2506 3368 2625 3421 fidei
2679 3367 2818 3421 beati
2868 3366 3010 3420 Petri
3040 3367 3264 3436 apostoli
3291 3367 3507 3421 solertia
3540 3367 3697 3420 titulo

461 3458 515 3512 di
540 3460 811 3513 dominam
836 3469 889 3513 et
924 3469 1083 3529 caput
1112 3460 1261 3514 orbis
1297 3459 1523 3513 Romam
1578 3459 1886 3529 aggreditur
1911 3499 1926 3523 ,
1966 3474 2029 3513 ac

460 3548 569 3604 Deo
594 3550 907 3620 disponente
928 3550 1163 3605 calestis
1186 3551 1495 3621 magisterio
1515 3549 1805 3619 disciplina
1832 3558 2031 3604 sancta

458 3641 713 3696 Ecclesia
758 3642 1033 3697 catholica
1083 3642 1398 3712 principalis
1442 3650 1623 3710 pastor
1673 3650 1727 3695 et
1773 3641 2030 3711 magister

456 3730 729 3796 efﬁcitur;
772 3741 834 3786 ut
881 3731 1130 3786 videlicet
1163 3773 1177 3796 ,
1225 3732 1314 3784 ubi
1362 3732 1697 3784 diversarum
1751 3731 2027 3784 nationum

456 3818 788 3874 confluxerat
824 3818 1108 3873 multitudo
1136 3858 1150 3882 ,
1195 3819 1317 3873 inde
1363 3833 1573 3887 quoque
1620 3817 1840 3871 liberius
1867 3827 2027 3887 atque

457 3908 720 3963 valentius
745 3918 1017 3964 cresceret
1040 3909 1090 3963 in
1124 3910 1289 3963 Deum
1322 3909 1743 3963 Christianitatis
1785 3922 1913 3960 sana
1945 3925 2027 3963 re-

456 3998 611 4068 ligio;
637 4001 1078 4069 cumquefsancta
1102 4001 1517 4071 pradicationis,
1534 3999 1676 4053 velut
1699 4000 2027 4055 clariSsimos

454 4091 585 4146 solis
610 4094 789 4147 radios
829 4108 925 4162 per
954 4095 1192 4147 diversas
1222 4102 1484 4149 terrarum
1538 4101 1724 4161 partes
1763 4092 2024 4146 sollicitus

455 4181 758 4236 evibrasset
794 4223 809 4247 ,
868 4183 1203 4237 credentium
1274 4182 1591 4253 p0pulorum
1655 4184 2025 4237 multitudines

454 4286 754 4343 aggregans
781 4314 794 4337 ,
830 4274 882 4327 in
932 4288 1081 4343 spem
1131 4275 1319 4329 salutis
1370 4284 1583 4329 aeterna
1608 4277 2016 4329 corroborahat.

452 4358 623 4435 Cujus
646 4362 1269 4418 sanctilfamafnominis
1302 4380 1406 4417 non
1437 4365 1607 4417 solum
1637 4364 1703 4417 ad
1734 4364 2020 4428 finitimas,

452 4461 550 4508 sed
576 4463 741 4508 etiam
780 4453 843 4509 ad
874 4465 1091 4510 exteras
1118 4452 1320 4523 perlata
1348 4454 1522 4510 fuerat
1543 4457 1809 4509 nationes.

1077 4568 1303 4624 CAPUT
1341 4568 1402 4622 Il.

448 4656 530 4711 De
556 4656 689 4711 beati
719 4656 977 4713 Mansueti
998 4660 1229 4721 exordio,
1261 4671 1307 4712 et
1328 4660 1466 4728 quod
1492 4658 1711 4713 Romam
1735 4670 2013 4727 pt'Ojectus,

630 4731 964 4792 prasentiam
988 4730 1253 4797 expetierit
1278 4730 1409 4782 beati
1428 4730 1571 4784 Petri
1599 4730 1837 4799 apostoli.

523 4815 598 4869 Ea
632 4825 973 4887 tempestate,
1004 4828 1062 4871 ut
1105 4819 1389 4887 scriptura
1426 4818 1748 4873 documento
1777 4822 2017 4889 percepi-

448 4921 594 4972 mus,
621 4907 839 4976 quidam
866 4916 1068 4963 sancta
1096 4907 1289 4962 indolis
1315 4906 1491 4961 fuerat
1512 4909 1825 4963 adolescens
1858 4950 1872 4974 ,
1923 4925 2018 4964 no-

449 4997 596 5051 mine
654 4996 1001 5061 Mansuetus,
1062 4998 1433 5051 transmarinis
1489 4998 1729 5066 partibus
1759 4998 2014 5053 nobilium

448 5087 665 5154 quidem
712 5085 1035 5141 Scothorum
1092 5087 1235 5141 clara
1298 5088 1555 5157 progenie
1608 5090 1856 5157 genitus,
1922 5090 2014 5145 sed

450 5178 886 5249 mentisegregia
906 5180 1183 5235 nobilitate
1207 5180 1372 5234 multo
1392 5181 1679 5249 pretiosius
1709 5184 2013 5254 insignitus.

450 5267 566 5336 Quo
590 5269 839 5325 videlicet
870 5278 1065 5325 tenera
1117 5270 1291 5324 adhuc
1317 5271 1490 5325 atatis
1519 5286 1803 5342 progressu
1838 5273 2016 5329 consi-

451 5368 619 5398 cinnla
668 5377 792 5398 num
822 5364 1083 5398 nrmcnnin
1104 5362 1334 5398 nnminic
1364 5365 1759 5398 ηι-ηυοιιιιιιηιηιι
1785 5366 2016 5398 ηηιηιῖηη

2134 3460 2372 3513 radiante
2396 3458 2621 3511 Romam
2650 3456 2939 3525 profectus,
2970 3455 3086 3524 ejus
3120 3472 3274 3524 quem
3315 3457 3441 3511 totis
3474 3457 3699 3511 visceri-

2132 3548 2229 3602 bus
2255 3546 2539 3611 ambiebat,
2572 3546 2913 3615 prascntiam
2942 3546 3165 3614 expetit,
3197 3555 3358 3615 atque
3386 3546 3693 3615 apostolica:

2131 3638 2477 3693 institutionis
2500 3637 2811 3708 magisterio
2835 3652 2891 3690 se
2918 3636 3143 3704 ahjectis
3156 3638 3405 3691 omnibus
3434 3637 3695 3703 subdens,

2130 3732 2182 3784 in
2204 3745 2325 3785 cum
2357 3727 2536 3796 tnjecit
2560 3728 2763 3791 oculos,
2792 3726 2943 3795 cujus
2967 3728 3186 3782 ardebat
3211 3728 3477 3783 desiderio
3496 3731 3699 3783 sancti-

2130 3822 2274 3876 tatis.
2328 3820 2524 3889 lnsigni
2583 3821 2761 3888 itaque
2807 3821 3110 3875 divinorum
3147 3836 3369 3889 Operum
3421 3822 3694 3891 praconio

2128 3920 2415 3982 praeunte,
2456 3911 2736 3965 catholica
2762 3912 3160 3966 informationis
3201 3914 3438 3983 przelegit
3484 3915 3691 3983 princi-

2127 4018 2270 4072 pem,
2299 4003 2363 4055 de
2404 4002 2555 4071 cujus
2588 4002 2734 4055 fonte
2762 4012 3000 4057 sumeret
3032 4003 3174 4072 quod
3220 4003 3521 4057 verissimis
3550 4005 3698 4058 testi—

2127 4094 2340 4158 moniis,
2370 4105 2427 4146 ut
2452 4092 2645 4162 patuit,
2670 4094 3007 4163 postmodum
3039 4096 3384 4163 approbaret.

2741 4208 2965 4263 CAPUT
3004 4211 3087 4264 III.

2125 4298 2276 4363 Quod
2307 4300 2484 4374 beatus
2517 4297 2701 4374 Petrus
2728 4302 2971 4374 captaibi
2999 4306 3216 4355 ascitum
3240 4322 3356 4355 cum
3386 4305 3507 4357 aliis
3526 4306 3698 4374 perfe-

2248 4371 2489 4423 ctissimis
2512 4371 2657 4434 viris,
2688 4373 2741 4423 in
2768 4369 2968 4424 Callias
2998 4374 3138 4442 eligit
3166 4369 3557 4427 (festinandum.

2195 4459 2393 4512 Videns
2424 4468 2602 4513 autem
2648 4459 2837 4513 beatus
2864 4459 3054 4515 I’etrus
3100 4460 3264 4515 futuri
3300 4472 3594 4531 proventus
3631 4482 3696 4518 ac

2122 4549 2386 4602 bonarum
2415 4549 2671 4602 virtutum
2701 4549 2751 4601 in
2784 4564 2849 4604 eo
2867 4550 3016 4620 signa
3048 4552 3281 4616 radiare,
3312 4563 3366 4606 et
3387 4552 3691 4609 claritatem

2124 4652 2367 4707 superna
2420 4637 2794 4693 illustratiouis
2826 4640 3127 4693 manifestis
3158 4642 3369 4696 indiciis
3410 4644 3646 4698 emicare
3678 4684 3694 4709 ,

2051 4704 2096 4761 Ῑ)
2127 4734 2276 4781 tanto
2311 4727 2489 4781 areius
2510 4728 2726 4781 beatum
2760 4730 2932 4781 virum
2963 4730 3028 4782 ad
3053 4730 3272 4784 caeleste
3318 4733 3692 4801 magisterium

2123 4821 2451 4878 edocendum
2476 4820 2576 4876 sibi
2594 4822 2790 4875 virtute
2816 4820 3168 4875 confessionis
3188 4823 3473 4887 asciverat,
3491 4836 3695 4893 quanto

2124 4913 2176 4968 in
2202 4913 2428 4968 salutem
2456 4913 2813 4975 credentium,
2843 4914 3190 4981 prasentium
3222 4915 3430 4969 scilicet
3458 4931 3521 4969 ac
3554 4916 3699 4971 futu-

2123 5021 2340 5066 rorum.
2371 5003 2759 5072 multiplicibus
2783 5005 3030 5059 veritatis
3060 5007 3505 5075 cooperatoribus
3556 5009 3697 5063 indi-

2122 5096 2300 5164 gebat.
2339 5093 2440 5159 Qui
2476 5092 2723 5147 videlicet
2764 5093 3109 5148 beatissimus
3140 5106 3326 5163 pastor
3378 5096 3701 5150 universalis

2119 5186 2373 5241 Ecclesia
2435 5193 2606 5238 totum
2666 5184 2928 5262 mundum
2988 5199 3159 5253 quem
3212 5203 3242 5241 a
3301 5185 3526 5240 Domino
3577 5188 3703 5244 Iesu

2120 5276 2335 5333 Christo
2361 5274 2463 5329 sibi
2493 5276 2759 5329 creditum
2800 5282 3092 5347 acceperat
3124 5317 3144 5340 ,
3182 5280 3476 5334 damonum
3504 5281 3708 5333 errori-

2121 5370 2217 5398 ιιι-η
2245 5366 2438 5398 ζηονηιυῖ
2486 5381 2544 5396 ⁸η
2571 5368 2845 5396 οιιιιιιειιινκ
2881 5383 2999 5396 Anan
3037 5365 3395 5394 -..οοκηηηο
3442 5365 3693 5394 “AprA—sl:-
