4482 5524
844 420 945 475 6‘23

1940 426 2228 482 ADSONIS
2271 428 2650 485 DERVENSIS
2684 431 2977 488 ABBATIS

3987 441 4091 495 624

843 537 1049 609 collegii
1078 538 1292 593 beatum
1320 536 1616 593 Maternum
1643 582 1657 606 ,
1686 541 1986 597 Trevericae
2016 544 2249 596 civitatis
2277 558 2410 611 pon-
2438 552 2483 607 Α
2513 546 2578 598 ad
2598 546 2962 615 cognitionem
2987 548 3099 603 veri
3116 547 3209 604 Dei
3233 564 3260 604 a
3286 550 3763 620 superstitionibus
3785 551 4085 608 daemonum

844 631 1065 693 titiccm,
1092 627 1532 698 ilhemorumquc
1559 639 1808 685 sanctum
1860 631 2121 686 Sinicium
2153 673 2167 697 ,
2209 632 2409 686 Medio-

842 719 1191 772 matricorum
1219 731 1346 773 vero
1373 717 1725 785 Clementem,
1755 720 1988 773 Felicem
2028 731 2187 789 atque
2235 720 2412 774 Coele-

842 817 978 861 stem
1005 847 1020 871 ,
1052 806 1358 862 Memmium
1393 816 1569 862 autem
1598 806 2066 864 Catalauncnsium
2110 809 2277 864 fuisse
2305 826 2410 866 non

838 896 1166 950 dubitamus.
1198 895 1332 951 Cum
1360 897 1554 966 quibus
1580 897 1742 951 etiam
1776 899 1919 953 hunc
1964 898 2182 953 beatum
2230 901 2407 955 virum

835 989 1099 1045 consortis
1148 990 1427 1045 ministerii
1482 991 1737 1061 collegam
1788 991 2171 1061 deputavcral;
2225 1002 2410 1063 utpote

834 1082 992 1153 longo
1018 1082 1326 1150 apostolicae
1350 1082 1694 1137 sublimitatis
1725 1084 1987 1138 exercitio
2018 1084 2266 1140 edoctum
2298 1127 2311 1151 ,
2342 1102 2405 1141 ac

838 1174 1079 1231 caelestis
1120 1174 1415 1244 magisterii
1443 1176 1769 1244 experientia
1813 1176 1864 1230 in
1894 1177 2101 1232 cunctis
2128 1178 2406 1233 adsumme

840 1267 1269 1339 comprobatum.

1435 1364 1659 1422 CAPUT
1698 1364 1784 1419 iV.

832 1453 983 1520 Quod
1006 1454 1089 1508 hic
1113 1454 1256 1521 prius
1288 1470 1317 1505 a
1350 1452 1495 1506 beato
1528 1451 1684 1507 Petro
1712 1454 1817 1521 ipse
1855 1456 2124 1509 ordinatus
2150 1496 2164 1517 .
2196 1455 2397 1511 Gallias

1007 1525 1297 1593 ingressus,
1330 1521 1653 1577 Leucltorum
1695 1524 1869 1576 urbem
1902 1526 2217 1593 aggreditur.

895 1637 1065 1704 Quem
1114 1637 1362 1692 videlicet
1393 1638 1612 1707 majoris
1650 1637 1927 1707 dignitatis
1960 1639 2024 1692 'ct
2058 1640 2245 1708 gratiae
2276 1655 2396 1695 esse

829 1729 1125 1783 decernens
1153 1767 1167 1791 ,
1196 1727 1520 1797 pontificalis
1560 1730 1901 1784 auctoritatis
1942 1730 2225 1801 privilegio
2256 1747 2393 1800 prte-

823 1820 1069 1883 munivit,
1100 1828 1155 1872 ut
1185 1818 1585 1888 prtedicationis
1619 1818 1815 1874 divina:
1843 1819 2266 1874 emolumentum
2297 1835 2387 1874 sa—

2518 636 2836 701 revocabat;
2891 639 3095 709 eligens
3144 642 3321 710 potius
3366 642 3593 696 diversis
3638 642 3969 697 cruciatibus
4026 658 4089 696 ac

2516 726 2790 795 suppliciis
2812 742 3011 797 corpus
3031 744 3150 785 esse
3166 730 3504 795 tradendum,
3529 745 3688 799 quam
3709 732 3760 786 id
3782 733 3921 801 quod
3941 732 4083 787 beati

2512 817 2739 886 apostoli
2766 820 3007 887 magistri
3033 821 3114 875 sui
3135 821 3311 875 edicto
3336 830 3668 890 susceperat,
3709 831 3922 877 mternre
3949 821 4085 875 salu-

2512 909 2580 962 tis
2603 908 2961 964 ministerium
2998 910 3315 966 declinaret.
3364 911 3603 965 lnstabat
3653 911 3819 980 igitur
3862 913 4082 979 negotio

2510 1012 2925 1068 perseveranter
2974 1004 3117 1073 quod
3163 1011 3422 1071 cmperat.
3469 1003 3714 1073 Cumque
3761 1005 4083 1073 supradicto

2510 1095 2725 1163 negotio
2756 1093 3033 1151 indefessce
3063 1095 3297 1151 solertiae
3324 1096 3531 1151 dierum
3564 1096 3879 1166 subigerent
3903 1097 4084 1151 curri-

2509 1184 2626 1238 cula
2668 1184 2957 1255 plurimum
2983 1225 2998 1252 ,
3044 1188 3276 1241 rumoris
3320 1188 3477 1257 hujus
3521 1186 3779 1241 solemnis
3828 1187 4082 1255 frequen-

2507 1275 2577 1329 tia
2610 1276 2676 1330 ad
2704 1276 2947 1331 notitiam
2999 1277 3198 1345 reginae
3242 1277 3533 1347 profertur,
3572 1276 3657 1331 cui
3689 1276 3978 1331 familiares
4013 1292 4080 1330 ae

2504 1368 2783 1423 domestici
2834 1367 3131 1439 adjungunt
3168 1368 3292 1423 talia
3333 1368 3645 1431 referentes,
3678 1370 3865 1423 adesse
3892 1367 4078 1421 videli-

2501 1468 2585 1512 cet
2612 1460 2895 1528 quemdam
2920 1499 2935 1524 ,
2986 1460 3160 1529 patria
3210 1459 3425 1529 quidem
3474 1458 3848 1529 peregrinum,
3882 1473 4075 1527 geni-re

2500 1550 2761 1621 ignotum,
2793 1551 2955 1605 aifatu
2982 1551 3318 1615 dissimilem,
3351 1551 3498 1604 vultu
3545 1559 3598 1605 et
3636 1551 3820 1605 habitu
3851 1549 3950 1605 sibi
3981 1564 4075 1618 pc-

2497 1647 2642 1700 nitus
2676 1660 2779 1698 non
2829 1659 2949 1699 esse
2997 1654 3324 1707 consortem,
3355 1642 3661 1696 conditione
3692 1651 3870 1696 tamen
3917 1639 4072 1695 Chri—

2495 1735 2684 1788 Stiana:
2712 1732 2830 1787 ﬁdei
2860 1748 2978 1787 esse
3007 1733 3291 1795 cultorem,
3323 1731 3390 1784 ab
3420 1729 3583 1784 Italiae
3610 1731 3820 1799 penitus
3846 1729 4068 1783 venien-

2495 1836 2621 1891 tem,
2654 1825 2720 1879 ab
2746 1840 2809 1880 eo
2853 1840 3013 1895 quem
3062 1824 3427 1878 Romanorum
3480 1837 3606 1893 pars
3652 1821 3885 1876 maxima
3926 1834 4070 1875 verte

822 1910 1107 1966 cerdotalis
1150 1908 1307 1963 officii
1354 1910 1681 1977 prazcederct
1727 1920 2146 1964 sacramentum.
2217 1910 2384 1981 lmpe-
2418 1897 2465 1957 Β
2495 1915 2614 1971 ﬁdei
2645 1914 2956 1986 signiferum
2984 1923 3037 1969 et
3064 1930 3253 1985 papam
3287 1916 3565 1985 sequitur;
3622 1928 3679 1969 se
3704 1929 3731 1967 a
3762 1912 3918 1967 Petro
3948 1926 4067 1966 esse

821 2004 959 2056 rium
1014 2002 1192 2070 itaque
1235 2000 1476 2069 magistri
1509 2001 1794 2055 eminentis
1832 2010 2118 2054 exsecutus
2149 2001 2245 2072 [αἱ.
2288 2017 2385 2056 ex-

820 2092 1083 2165 sequitur]
1158 2091 1397 2163 perfectc
1455 2092 1747 2162 discipulus
1785 2132 1799 2156 ,
1871 2102 2108 2146 armatus
2172 2093 2382 2155 edicto,

820 2187 1117 2239 instructus
1152 2183 1388 2251 eloquio,
1420 2182 1675 2236 obcdiens
1709 2184 1758 2236 in
1789 2184 2071 2251 prmceptis
2096 2224 2109 2245 ,
2161 2183 2299 2237 ﬁdus
2328 2186 2378 2236 in

818 2272 1265 2342 promissionibus
1294 2311 1307 2335 ,
1364 2270 1531 2326 Roma
1584 2285 1868 2340 egressus,
1912 2287 2005 2339 per
2047 2271 2385 2341 loogissimos

812 2364 923 2432 jam
961 2365 1089 2419 dicti
1122 2363 1335 2419 itineris
1372 2362 1642 2417 anfractus
1666 2379 1692 2415 a
1722 2364 1876 2417 beato
1909 2364 2066 2417 Petro
2096 2364 2383 2434 corporali,

816 2471 920 2510 non
954 2455 1148 2511 mentis
1176 2456 1370 2509 intuitu
1404 2464 1703 2523 separatus,
1737 2454 2039 2525 longinquae
2075 2458 2386 2526 peregrina-

818 2548 944 2603 tioni
974 2563 1071 2617 pro
1098 2546 1297 2603 Christi
1332 2560 1495 2615 regno
1526 2561 1583 2599 se
1609 2545 1749 2599 ultro
1777 2547 2071 2616 subjiciens
2094 2588 2107 2611 ,
2137 2549 2379 2604 Leucho-

816 2658 931 2697 rum
966 2641 1114 2695 urbis
1145 2656 1201 2695 se
1233 2638 1437 2693 civibus
1467 2639 1665 2702 intulit,
1694 2638 1744 2691 in
1776 2639 1953 2693 omnia
1998 2641 2382 2709 suppliciorum

812 2734 1125 2805 perferenda
1152 2740 1485 2802 prceparatus
1511 2746 1727 2801 genera.
1754 2732 1882 2798 Qua:
1918 2734 2167 2789 videlicet
2194 2736 2384 2791 civitas

816 2824 970 2893 aquis
1021 2823 1251 2887 irrigua,
1295 2821 1507 2888 pascuis
1538 2820 1830 2885 uberrima,
1867 2838 2141 2878 murorum
2175 2827 2381 2880 ambitu

804 2912 1060 2984 jucunda,
1090 2911 1224 2965 seris
1255 2918 1309 2965 et
1334 2910 1571 2963 turribus
1596 2925 1753 2964 secus
1776 2914 2007 2980 undique
2036 2918 2378 2982 prmmunita,

809 3005 1074 3059 idolorum
1108 3012 1285 3056 tamen
1309 3001 1559 3057 sordibus
1588 3018 1971 3074 usquequaque
2017 3007 2215 3075 polluta
2266 3008 2379 3062 fue-

809 3106 894 3151 rat
920 3105 974 3150 et
1001 3092 1244 3150 confusa.
1273 3092 1442 3148 Melas
1462 3092 1642 3162 itaque
1658 3094 1891 3164 prtefata:
1912 3097 2146 3151 civitatis
2165 3098 2378 3154 Christo

808 3186 943 3241 duce
970 3201 1032 3240 ac
1075 3184 1217 3239 beati
1273 3182 1417 3237 Petri
1457 3185 1652 3252 praevia
1705 3187 2027 3240 auctoritate
2059 3187 2329 3256 ingressus
2358 3230 2371 3254 ,

812 3281 1149 3339 barbaricam
1183 3278 1581 3334 multitudinem
1621 3279 1757 3333 nihil
1791 3281 1995 3333 veritus
2026 3322 2039 3344 ,
2070 3298 2209 3337 verte
2251 3284 2374 3339 ﬁdei

802 3378 1198 3427 sacramentum
1222 3366 1613 3422 elChristianae
1636 3367 1910 3437 religionis
1954 3370 2156 3423 Cultum
2202 3374 2376 3443 genti-

808 3465 910 3518 bus
931 3460 1225 3531 prccdicarc
1254 3457 1415 3527 C(Bpil
1443 3475 1455 3510 :
1484 3457 1621 3512 idola
1656 3475 1789 3512 vana
1821 3473 1959 3525 esse,
1986 3462 2146 3516 surda
2178 3472 2233 3516 et
2261 3481 2375 3518 mu-

805 3572 877 3624 ta,
909 3572 1068 3610 manu
1096 3552 1276 3627 potius
1316 3551 1456 3605 facta
1491 3551 1771 3606 hominum
1825 3560 1880 3607 et
1935 3565 2241 3610 commento
2274 3555 2370 3628 [αι.

799 3645 1112 3718 cremento],
1136 3657 1297 3715 quam
1324 3656 1465 3695 vera:
1496 3641 1715 3696 rationis
1743 3641 2031 3696 existentia
2055 3642 2368 3713 primordio,

800 3741 936 3797 nihil
958 3738 1124 3794 divini
1157 3733 1407 3790 habentia
1438 3773 1453 3798 ,
1486 3747 1584 3786 nec
1630 3733 1696 3786 ad
1742 3733 1954 3788 beatam
2013 3734 2321 3789 felicitatem
2356 3778 2369 3802 ,

803 3845 921 3902 qua:
961 3829 1102 3882 hanc
1151 3822 1432 3878 mortalem
1491 3822 1653 3875 vitam
1701 3830 1951 3877 secutura
1994 3832 2113 3887 est,
2170 3824 2372 3893 aliquid

799 3922 1084 3981 attinentia
1115 3935 1129 3985 ;
1167 3932 1331 3971 unum
1365 3916 1529 3969 Deum
1574 3913 1749 3983 potius
1778 3913 2033 3976 colerent,
2061 3913 2152 3982 qui
2196 3923 2372 3971 terras

797 4028 850 4071 et
887 4012 1059 4069 maria
1090 4008 1442 4067 condidisset,
1480 4006 1567 4074 qui
1598 4004 1717 4058 cteli
1756 4004 2140 4059 sublimitatem
2171 4022 2267 4061 sua
2290 4008 2370 4062 di-

798 4110 943 4161 tione
967 4109 1192 4165 teneret,
1224 4099 1314 4168 qui
1341 4097 1659 4166 corporibus
1686 4095 1849 4149 vitam
1884 4106 2005 4166 post
2030 4108 2259 4152 mortem
2286 4098 2366 4151 fe-

795 4201 950 4255 licius
972 4204 1252 4269 prmstaret
1275 4195 1483 4250 vivendi
1515 4195 1857 4261 facultatem;
1906 4206 2176 4251 tantorum
2208 4197 2369 4251 falso-

796 4309 915 4346 rum
942 4292 1161 4345 deorum
1192 4285 1455 4341 culturam
1490 4287 1772 4342 horrenda:
1802 4288 2058 4342 vanitatis
2077 4304 2193 4343 esse
2226 4290 2363 4343 ludi-

793 4386 933 4448 bria,
961 4382 1259 4437 animarum
1285 4379 1589 4448 dispendia,
1618 4379 1938 4448 perennium
1974 4387 2362 4435 tormentorum

795 4474 926 4531 nihil
946 4471 1090 4528 aliud
1110 4485 1269 4542 quam
1300 4468 1479 4522 futura
1509 4468 1866 4523 irritamenta.

1408 4555 1737 4657 carur‘r.

793 4673 946 4739 Quod
992 4674 1097 4742 regi
1143 4682 1189 4724 et
1242 4672 1670 4742 rcgittazguecuon
1696 4712 1709 4733 ,
1738 4681 1785 4723 et
1818 4671 1958 4724 urbis
2003 4673 2322 4742 principibus
2346 4716 2359 4741 ,

964 4740 1125 4797 unum
1157 4753 1201 4795 et
1231 4759 1401 4796 verum
1430 4740 1592 4794 Deum
1616 4742 1871 4794 instanter
1898 4740 2195 4797 annuntiat.

862 4836 991 4890 Erat
1022 4843 1146 4887 tunc
1174 4830 1430 4900 temporis
1478 4838 1779 4884 memorata
1819 4830 2014 4885 civitas
2042 4834 2361 4902 populorum

791 4928 987 4998 stipata
1023 4924 1280 4987 catervis,
1307 4937 1486 4977 rerum
1512 4922 1781 4977 ditissima
1806 4923 1978 4993 copiis
2004 4964 2019 4989 ,
2046 4940 2109 4978 ac
2138 4925 2365 4980 diversae

788 5021 1137 5095 supellectilis
1190 5017 1389 5073 referta
1423 5018 1788 5073 commerciis.
1838 5018 1953 5071 Rex
1982 5032 2198 5087 quoque
2235 5032 2363 5087 gen-

791 5116 899 5170 tilis
920 5122 974 5169 et
995 5109 1311 5166 barbaricus
1338 5125 1459 5163 cum
1510 5124 1607 5163 sua
1660 5110 1889 5180 conjuge
1918 5150 1931 5173 ,
1975 5109 2082 5163 Leo
2112 5110 2361 5175 nomine,

788 5208 956 5261 Deum
1002 5204 1258 5273 ignorans
1284 5241 1298 5265 ,
1329 5214 1449 5254 cum
1504 5201 1647 5253 omni
1680 5200 1873 5269 populo
1915 5214 2012 5254 suo
2049 5198 2363 5253 idololatria:

784 5296 1020 5350 cultibus
1050 5293 1386 5363 subjugatus.
1418 5290 1500 5345 Ad
1546 5306 1703 5360 quem
1756 5306 1877 5345 cum
1930 5290 2167 5360 perlatus
2220 5299 2363 5345 esset

785 5386 956 5441 sancti
982 5384 1079 5438 viri
1124 5383 1386 5438 adventus
1412 5423 1426 5447 ,
1455 5390 1509 5435 et
1547 5397 1706 5449 quam
1754 5397 1849 5451 per
1876 5381 2101 5450 populos
2145 5383 2360 5437 serebat

783 5476 946 5524 divini
977 5473 1293 5524 nrmdicatio
1320 5472 1493 5524 verbi.
1529 5472 1732 5524 sorevit
1754 5480 1807 5524 et
1833 5471 2043 5524 abnuit.
2075 5480 2129 5524 et
2170 5487 2357 5524 verum

2491 2005 2714 2059 missum
2738 2004 3005 2057 veraciter
3034 2010 3386 2068 asserentem,
3421 2003 3585 2057 Deum
3614 2000 3733 2057 coeli
3762 2000 4066 2056 hominum-

2490 2110 2593 2163 que
2630 2094 2889 2149 factorem
2930 2094 3129 2163 apertis
3157 2102 3318 2163 atque
3363 2093 3591 2148 assiduis
3625 2092 3844 2148 vocibus
3874 2091 4069 2161 praediu-

2489 2197 2701 2241 cantem

2557 2281 2795 2351 Cumque
2819 2281 2933 2337 haec
2964 2289 3019 2336 ct
3044 2281 3237 2335 similia
3266 2281 3343 2335 rei
3372 2294 3521 2335 nova:
3547 2278 3896 2335 admiratione
3927 2274 4065 2331 refc-

2487 2375 2727 2429 rentibus
2754 2376 2953 2446 regina:
2983 2375 3197 2445 gentilis
3246 2375 3457 2429 animus
3486 2374 3664 2441 aliquo
3695 2372 3853 2426 modo
3883 2370 4063 2425 ﬂecte-

2487 2476 2636 2519 retur
2666 2466 2733 2520 ad
2763 2466 3104 2531 audiendum,
3138 2466 3376 2519 absentis
3406 2465 3545 2535 regis
3578 2464 3657 2518 sui
3692 2463 3857 2517 libera
3889 2462 4063 2531 posita

2486 2553 2761 2620 facultate,
2794 2564 3005 2610 secreto
3032 2571 3124 2610 usa
3175 2555 3404 2611 cubiculi
3439 2556 3611 2609 virum
3643 2553 3734 2607 Dei
3781 2552 3880 2607 sibi
3928 2567 4064 2621 prae-

2485 2648 2627 2713 cepit
2670 2647 2974 2700 intromitti.
3029 2646 3158 2713 Quae
3207 2656 3310 2710 est,
3363 2646 3628 2716 inquiens,
3675 2645 3789 2698 haec
3839 2658 3973 2696 nova
4007 2651 4065 2697 et

2484 2735 2743 2791 hactenus
2791 2736 2947 2791 nobis
2993 2737 3228 2790 inaudita
3280 2736 3488 2803 religio,
3542 2748 3702 2804 quam
3751 2742 4058 2788 nostrorum

2482 2826 2705 2881 culturze
2734 2826 2957 2882 duorum
2990 2828 3348 2897 superducere
3374 2826 3631 2898 gestiens,
3661 2825 3763 2879 alia
3792 2824 3945 2879 nobis
3970 2839 4064 2879 co-

2484 2917 2635 2973 lenda
2667 2918 2974 2983 denuntias,
3009 2934 3129 2988 quae
3175 2933 3345 2988 usque
3374 2918 3425 2971 in
3460 2931 3696 2987 praesens
3739 2915 3922 2985 generi
3964 2929 4062 2969 no-

2481 3019 2591 3064 stro
2618 3019 2672 3063 et
2704 3009 2971 3079 incognita
3015 3017 3334 3078 permanent
3364 3016 3418 3062 et
3464 3006 3703 3061 inculta?
3753 3004 4062 3075 Intelligens

2482 3111 2661 3153 autem
2692 3100 2773 3153 vir
2803 3102 2990 3154 beatus
3030 3100 3377 3153 intentionem
3409 3098 3606 3166 regina:
3630 3096 3974 3159 sciscitantis,
4006 3102 4063 3148 et

2484 3204 2629 3257 Spem
2657 3189 2861 3243 habens
2888 3191 2937 3241 in
2965 3203 3025 3242 ea
3052 3188 3173 3241 vita“:
3206 3186 3572 3256 regenerantis
3605 3203 3617 3238 :
3650 3187 3839 3251 Deum,
3864 3185 4057 3255 inquit,

2485 3294 2645 3331 unum
2678 3286 2732 3331 et
2754 3294 2939 3332 verum
2984 3281 3036 3331 in
3080 3277 3423 3332 distinctione
3450 3276 3611 3331 trium
3656 3292 4003 3347 personarum
4040 3294 4053 3330 :

2478 3368 2653 3423 Patris
2680 3369 2899 3432 scilicet,
2932 3368 3075 3433 Filii,
3121 3384 3184 3423 ac
3208 3367 3438 3437 Spiritus
3482 3370 3674 3433 sancti,
3706 3369 3945 3423 omnium
3972 3385 4057 3423 re-

2480 3479 2596 3517 rum
2629 3461 3062 3517 incommutabile
3092 3461 3433 3531 principium,
3462 3461 3549 3530 qui
3580 3469 3661 3515 est
3685 3459 3802 3515 fons
3830 3468 3883 3515 et
3903 3461 4057 3531 origo

2476 3553 2739 3608 bonorum
2767 3592 2781 3615 ,
2834 3567 2861 3604 a
2910 3565 3017 3620 quo
3048 3566 3208 3605 omne
3238 3566 3404 3621 genus
3455 3550 3757 3605 mortalium
3787 3552 4053 3605 existendi

2476 3642 2705 3711 sumpsit
2737 3640 2969 3704 initium,
3000 3638 3151 3709 cujus
3185 3638 3422 3709 potestas
3467 3653 3565 3693 nec
3592 3639 3753 3707 coepit
3783 3652 3920 3700 esse,
3952 3653 4055 3692 nec

2476 3734 2671 3789 desinit
2731 3733 2783 3786 in
2829 3741 3138 3795 aeternum;
3190 3747 3285 3800 per
3345 3745 3499 3799 quem
3552 3728 3797 3798 pereunti
3854 3728 4053 3783 mundo

2475 3835 2691 3880 mternrc
2742 3824 3126 3891 redemptionis
3181 3824 3325 3876 venit
3376 3821 3707 3885 remedium,
3765 3829 4046 3890 postquam

2476 3915 2615 3969 Deus
2642 3923 2695 3967 ct
2725 3912 2982 3966 Dominus
3013 3922 3194 3965 noster
3221 3911 3374 3965 Jcsus
3408 3910 3653 3964 Christus
3682 3910 3849 3965 Filius
3873 3911 4048 3965 omni—

2472 4005 2704 4076 potentis
2735 4003 2908 4057 Patris
2951 4002 3017 4057 de
3062 4002 3214 4057 ctelis
3243 4002 3460 4067 missus,
3500 4001 3565 4055 ad
3609 4011 3779 4056 terras
3809 4018 3905 4072 per
3932 4012 4048 4055 ute-

2474 4115 2590 4153 rum
2620 4099 2829 4151 intacta:
2858 4096 3092 4165 Virginis
3118 4111 3282 4151 carne
3308 4095 3531 4150 vestitus
3559 4095 3812 4158 humana,
3846 4104 4049 4149 morta-

2474 4188 2609 4242 libus
2635 4186 2859 4240 visibilis
2906 4196 3177 4249 ostensus,
3204 4184 3452 4254 plurimis
3486 4195 3541 4240 et
3585 4185 3842 4239 mirandis
3870 4185 4045 4237 virtu-

2474 4289 2582 4331 tum
2611 4276 2777 4343 signis
2805 4274 3128 4338 declaratus,
3162 4274 3227 4328 ad
3261 4274 3505 4329 ultimum
3536 4282 3595 4327 ut
3638 4273 3832 4327 diaboli
3857 4272 4042 4327 exclu-

2470 4367 2621 4421 deret
2650 4364 3093 4430 dominationem,
3124 4364 3176 4417 in
3215 4377 3372 4418 cruce
3400 4362 3703 4419 Iudaeorum
3735 4363 4049 4418 infidelitate

2469 4466 2759 4525 spontanea
2788 4455 3185 4524 dispensatione
3213 4455 3294 4508 sui
3322 4453 3529 4509 consilii
3559 4467 3844 4523 appensus,
3874 4454 4049 4522 pretio

2472 4548 2573 4602 insi
2624 4547 2902 4616 sanguinis
2949 4547 3016 4601 ab
3064 4560 3247 4601 errore
3306 4545 3606 4599 daemonum
3655 4559 3747 4599 eos
3795 4543 4047 4610 absolvit,

2469 4660 2603 4715 quos
2630 4645 2750 4698 vitae
2781 4641 3026 4711 perennis
3049 4640 3289 4696 hteredes
3323 4639 3531 4694 futuros
3560 4638 3880 4708 pra-ﬁnivit?
3908 4638 4053 4705 Quid

2466 4735 2653 4806 plura?
2693 4733 2893 4805 Regina
2922 4731 3170 4796 credidit,
3201 4738 3253 4783 et
3284 4730 3384 4784 nisi
3415 4730 3606 4799 pagani
3639 4728 3781 4797 regis
3811 4738 4048 4797 potestas

2466 4829 2806 4890 obstitisset,
2850 4826 3092 4897 legitimo
3160 4838 3367 4878 annexa
3433 4821 3778 4876 matrimonio
3829 4821 4046 4891 purgari

2468 4938 2573 4975 non
2604 4919 2885 4973 desisteret
2930 4919 3074 4971 fonte
3105 4916 3349 4971 salutari.
3399 4914 3600 4967 Tamen
3650 4928 3775 4983 rege
3819 4912 4044 4965 aliarum

2469 5025 2648 5065 rerum
2680 5009 2964 5063 eventibus
2992 5018 3045 5061 et
3089 5005 3234 5060 curis
3283 5002 3569 5073 applicato,
3603 5001 3815 5069 quoties
3851 5000 4047 5068 regina:

2467 5102 2607 5155 seria
2653 5109 2948 5169 opportuna
2999 5096 3377 5157 considerant,
3427 5092 3598 5145 virum
3649 5090 3743 5145 Dei
3794 5089 4047 5160 frequen-

2468 5190 2573 5243 tius
2604 5188 2872 5250 ascitum,
2918 5187 3057 5240 viam
3091 5184 3279 5240 salutis
3331 5180 3639 5235 intendebat
3686 5189 3907 5234 strenue
3953 5179 4046 5232 de-

2466 5288 2874 5337 monstrantem.

3081 5368 3304 5425 CAPUT
3344 5368 3428 5423 Vl.

2469 5483 2620 5524 nnmt
2646 5486 2777 5524 ranis
2805 5482 2938 5524 ﬁlius
2967 5479 3211 5524 nnrtmlus
3243 5481 3343 5524 ritu
3375 5480 3536 5524 neniis
3564 5476 3839 5524 instruitur
3863 5493 3881 5524 .'
3908 5485 3953 5524 et
3979 5475 4045 5524 de
