4482 5524
867 428 967 483 627

856 628 1003 698 plere
1028 629 1330 689 decreveris
1357 634 1496 703 quod
1521 638 1869 705 spopondisti,
1898 639 2070 694 aderit
2097 656 2307 710 quoque
2344 642 2425 695 di-

855 722 977 775 vina
1009 721 1309 789 clementia,
1346 740 1465 795 quae
1508 725 1603 781 tibi
1650 728 1822 784 adhuc
1871 730 2045 785 valeat
2088 732 2257 785 multo
2286 747 2419 799 prae-

856 818 1000 865 stare
1027 812 1251 881 majora.
1285 811 1416 868 Nam
1447 829 1544 885 ego
1574 817 1640 870 ad
1672 817 1771 871 hoc
1799 818 1938 883 veni,
1966 824 2030 872 ad
2059 819 2158 873 hoc
2188 820 2423 889 peregri-

856 902 1129 957 nationem
1179 911 1383 959 tantum
1423 908 1706 974 assumpsi,
1739 918 1797 962 ut
1825 924 1918 978 per
1943 925 2028 963 me
2060 912 2209 966 vobis
2242 922 2423 981 pateat

854 995 1088 1058 cmlestis
1110 998 1273 1067 janua
1303 1000 1468 1071 regni.
1501 1001 1546 1055 Λ
1569 1002 1805 1073 principe
1834 1004 2193 1074 apostolorum
2225 1009 2421 1064 missus

856 1085 1043 1142 salutis
1077 1097 1267 1144 vestra:
1314 1090 1528 1160 negotia
1578 1107 1892 1162 prosequor.
1946 1106 2245 1150 vestrarum
2294 1112 2420 1166 gau-

855 1176 986 1232 dens
1013 1177 1159 1233 lucra
1204 1180 1506 1235 animarum
1545 1196 1747 1251 qumro.
1779 1183 1929 1239 Tune
1956 1193 2127 1255 pater,
2154 1196 2209 1240 et
2240 1187 2418 1241 cuncti

854 1269 946 1337 qui
972 1269 1213 1336 aderant,
1244 1272 1569 1327 unanimiter
1596 1273 1935 1343 proﬁtentur,
1958 1274 2219 1330 abdicatis
2244 1276 2415 1340 idolis,

851 1358 966 1413 veri
995 1358 1088 1414 Dei
1138 1359 1344 1415 futuros
1389 1375 1446 1415 se
1489 1377 1609 1417 esse
1653 1364 1902 1426 cultores,
1945 1366 1988 1420 si
2022 1366 2064 1420 is
2093 1367 2419 1436 quijacebat

853 1452 1136 1517 exanimis,
1167 1452 1353 1521 spiritu
1388 1453 1663 1519 redeunte,
1695 1466 2087 1511 monstraretur
2115 1469 2237 1525 post
2274 1474 2414 1511 osor-

851 1551 958 1597 tem
986 1543 1052 1598 ad
1078 1557 1297 1611 superos
1327 1558 1486 1614 posse
1514 1546 1797 1614 respirare.
1831 1547 1966 1601 Hinc
1996 1560 2214 1602 sanctus
2245 1550 2418 1617 ponti-

848 1631 961 1698 fex,
988 1632 1176 1701 plenus
1203 1648 1417 1703 semper
1442 1636 1735 1691 visceribus
1762 1638 1996 1706 pietatis,
2033 1638 2081 1691 id
2105 1641 2243 1707 quod
2274 1651 2419 1708 pete—

847 1724 1006 1778 batur
1052 1740 1148 1793 pcr
1191 1725 1448 1794 Spiritum
1500 1727 1746 1797 intelligit
1810 1728 2159 1798 operandum.
2219 1729 2414 1783 lterum

848 1827 985 1882 genu
1011 1812 1170 1879 ﬂexo,
1199 1815 1251 1868 in
1297 1816 1591 1870 orationem
1637 1817 1829 1872 divinae
1857 1818 2118 1885 majestati
2150 1819 2415 1891 supplica-

846 1918 1000 1963 turus
1046 1907 1192 1961 humi
1242 1909 1632 1977 prosternitur,
1685 1919 1738 1963 et
1783 1909 2117 1965 Christianos
2164 1912 2253 1979 qui
2303 1920 2412 1965 tum
2448 1892 2490 1948 Β

846 2000 986 2055 forte
1030 2002 1183 2070 pauci
1235 2000 1518 2055 admodum
1553 2016 1775 2055 numero
1804 2001 2044 2064 aderant,
2072 2001 2209 2054 idem
2238 2001 2416 2057 facere

844 2092 984 2146 votis
1004 2090 1312 2147 caelestibus
1340 2092 1679 2161 prtemunivit
1708 2090 1864 2161 [forte
1892 2089 2224 2161 pramonuit]
2249 2108 2264 2154 ;
2293 2106 2414 2145 cum

845 2183 1091 2237 oratione
1118 2181 1327 2251 expleta
1360 2190 1602 2235 mortuus
1647 2189 1864 2250 repente
1898 2180 2046 2234 vitali
2080 2180 2207 2233 ﬂatu
2238 2195 2409 2234 mem-

845 2272 960 2327 bris
989 2272 1315 2336 concutitur,
1348 2278 1506 2340 atque
1553 2270 1619 2324 ad
1668 2270 1841 2324 sancti
1889 2270 1989 2323 viri
2039 2269 2321 2339 imperium
2353 2270 2411 2323 in

844 2361 1009 2431 pedes
1038 2360 1284 2430 erigitur,
1318 2368 1371 2415 et
1420 2360 1630 2415 eunetis
1678 2359 2065 2415 admirantibus
2095 2358 2237 2430 patri
2267 2359 2415 2415 inco-

846 2450 1005 2506 lumis
1033 2451 1289 2506 redditur.

1460 2556 1685 2613 CAPUT
1723 2558 1815 2612 IX.

853 2691 1009 2756 Quod
1046 2692 1113 2744 ad
1155 2692 1597 2763 resuscitationem
1641 2694 1827 2761 pueri,
1868 2709 2042 2746 omnes
2085 2710 2192 2761 prrr
2226 2711 2416 2763 gauato

922 2763 1046 2829 [lere
1073 2762 1332 2829 ca’perint,
1364 2770 1411 2815 et
1449 2762 1513 2815 de
1541 2761 1667 2816 locis
1690 2763 1973 2831 poenalibus
2003 2763 2089 2816 ubi
2127 2761 2295 2831 fuerat
2330 2764 2417 2816 dc-

918 2841 1152 2898 putatus.

923 2982 1074 3038 Tunc
1104 2982 1336 3037 universi
1372 2981 1462 3051 qui
1508 2983 1574 3037 ad
1616 2984 1719 3038 hoc
1760 2984 2124 3054 spectaculum
2155 2998 2419 3039 convene-

854 3083 1000 3139 rant,
1031 3073 1313 3129 manifesta
1341 3073 1433 3128 Dei
1459 3072 1656 3128 virtute
1686 3074 1813 3129 ﬂere
1842 3090 1950 3145 pra:
1979 3075 2190 3146 gaudio,
2221 3090 2416 3129 nomen

847 3165 1046 3221 Christi
1091 3166 1143 3219 in
1195 3178 1476 3219 commune
1523 3163 1710 3229 fateri,
1762 3174 1817 3219 ct
1854 3165 1999 3219 illum
2030 3180 2139 3234 prae
2167 3165 2416 3220 omnibus

847 3276 966 3315 esse
996 3260 1296 3325 colendum,
1325 3261 1413 3328 qui
1468 3261 1677 3316 cunctis
1724 3260 2038 3316 mortalibus
2084 3261 2409 3330 spiraculum

846 3351 973 3404 vitae
1001 3350 1165 3413 dedit,
1198 3358 1250 3402 et
1278 3358 1396 3419 post
1421 3350 1635 3405 lethalia
1662 3350 1848 3405 funera
1877 3361 2230 3416 mortuorum,
2260 3354 2415 3421 spiri-

849 3448 937 3493 tus
978 3439 1201 3509 imperio
1229 3449 1480 3504 coercet,
1531 3448 1691 3509 atque
1739 3442 1929 3496 iterum
1954 3481 1967 3502 ,
2015 3457 2135 3494 cum
2166 3442 2414 3507 voluerit,

846 3530 1103 3585 redivivis
1131 3530 1444 3600 corporibus
1461 3530 1527 3583 ad
1556 3545 1776 3599 superos
1804 3532 2041 3585 revocari
2068 3529 2241 3599 jubet.
2264 3532 2415 3587 Tunc

852 3623 1026 3680 ﬂdelis
1072 3622 1284 3678 Domini
1336 3622 1587 3676 sacerdos
1637 3625 1702 3676 ad
1766 3623 2140 3677 resuscitatum
2192 3639 2416 3693 puerum

846 3725 1138 3766 conversus
1170 3728 1183 3763 :
1220 3709 1449 3775 Accede,
1485 3709 1678 3779 inquit,
1710 3712 1925 3781 prepius
1952 3752 1966 3775 ,
2015 3722 2069 3766 et
2116 3727 2212 3781 per
2256 3721 2417 3767 temet

849 3816 1043 3855 enarra
1073 3798 1385 3869 parentibus
1414 3799 1538 3869 quid
1584 3800 1799 3862 videris,
1839 3801 1921 3854 vel
1952 3801 2041 3855 ubi
2070 3800 2255 3867 fueris,
2287 3818 2416 3857 cun-

847 3892 950 3947 ctis
977 3891 1134 3946 simul
1158 3900 1403 3960 patenter
1435 3891 1676 3945 ostende.
1726 3892 1876 3946 Tunc
1904 3891 2013 3957 ille,
2046 3902 2106 3946 ut
2134 3906 2319 3948 recens
2349 3893 2418 3948 ab

847 3979 1035 4035 inferis
1064 3980 1313 4049 prodiens
1343 3987 1634 4033 emerserat
1661 3980 1865 4033 umbris
1885 4020 1900 4043 ,
1935 3979 2001 4032 ad
2047 3989 2234 4034 nutum
2272 3981 2416 4035 anti-

850 4071 991 4125 stitis
1019 4085 1111 4125 ora
1143 4069 1438 4133 resolvens,
1469 4077 1627 4137 atque
1656 4083 1684 4122 a
1715 4077 1898 4123 tenero
1923 4077 2136 4139 pectore
2166 4069 2272 4123 alta
2299 4085 2417 4127 sus-

848 4164 984 4236 piria
1017 4164 1256 4228 trahens,
1302 4163 1467 4217 libere
1497 4162 1659 4231 cmpit
1684 4162 1895 4216 edicere
1947 4162 2076 4231 quid
2121 4162 2174 4215 in
2208 4160 2418 4217 inferno

850 4257 1057 4326 positus
1086 4256 1168 4310 vel
1198 4263 1442 4310 senserat
1468 4255 1551 4308 vel
1582 4255 1801 4309 vidisset
1831 4271 1845 4318 ;
1896 4254 2061 4307 multa
2093 4254 2338 4309 videlicet
2364 4264 2419 4309 et

850 4345 1263 4403 innumerabilia
1293 4352 1678 4398 tormentorum
1708 4358 1927 4414 genera,
1954 4344 2093 4398 inter
2121 4352 2418 4397 tartaraeos

848 4439 1002 4507 ignes
1028 4436 1418 4491 ﬂammivomos
1442 4434 1621 4503 vigere
1656 4442 1949 4504 serpentes,
1980 4434 2269 4488 immensas
2297 4449 2415 4489 reo~

850 4543 970 4582 rum
1009 4526 1376 4581 multitudines
1404 4525 1628 4580 diversis
1671 4524 1947 4595 suppliciis
1974 4525 2323 4594 mancipatos,
2353 4539 2417 4580 ac

854 4620 1173 4675 miserorum
1201 4618 1420 4687 spiritus
1442 4618 1579 4672 inter
1600 4616 1844 4672 ﬂammas
1869 4626 1923 4672 et
1950 4615 2146 4687 frigora
2174 4628 2417 4672 coarcta-

848 4719 933 4763 tos
960 4708 1189 4763 stridore
1220 4707 1469 4771 deﬁcere,
1497 4716 1655 4776 atque
1701 4722 1768 4760 ex
1815 4720 1913 4761 suo
1940 4706 2146 4761 defectu
2179 4706 2243 4759 ad
2278 4706 2416 4760 redi-

849 4800 969 4855 viva
1000 4799 1191 4854 iterum
1238 4798 1483 4852 incendia
1516 4797 1759 4853 renovari
1789 4838 1803 4862 ,
1850 4797 1937 4851 ubi
1985 4797 2050 4850 ad
2081 4797 2244 4851 vitam
2275 4796 2413 4851 nulla

847 4890 1203 4961 recuperatio,
1228 4891 1320 4945 sed
1344 4889 1581 4944 omnium
1611 4890 1872 4944 bonorum
1900 4888 2115 4955 oblivio,
2140 4889 2250 4943 sola
2277 4907 2413 4958 pra:-

852 4983 1082 5037 sentium
1115 4996 1392 5051 poenarum
1422 4979 1801 5035 inenarrabilis
1830 4979 2120 5044 cruciatio;
2159 4980 2224 5033 ad
2252 4996 2413 5050 quam

854 5076 967 5145 ipse
994 5087 1205 5144 quoque
1249 5088 1343 5128 rex
1374 5082 1427 5126 et
1454 5073 1658 5143 regina,
1687 5086 1979 5141 omnesque
2007 5071 2096 5141 qui
2125 5081 2416 5140 prtesentes

851 5167 1094 5228 aderant,
1126 5163 1310 5235 procul
1356 5162 1519 5218 dubio
1562 5171 1739 5217 essent
1782 5162 2111 5231 perventuri,
2140 5160 2241 5215 nisi
2272 5162 2415 5216 beati

848 5257 1107 5312 antistitis
1152 5256 1309 5311 dictis
1355 5264 1410 5310 et
1454 5254 1607 5309 factis
1652 5252 1957 5317 crederent,
2007 5261 2061 5307 et
2095 5252 2417 5308 Christiana:

847 5342 1136 5402 fidei'colla
1183 5345 1552 5416 s‘ubjugarent,
1593 5357 1755 5413 seque
1784 5343 1957 5412 ipsum
1988 5341 2054 5396 ad
2083 5339 2274 5396 eadem
2305 5357 2417 5412 pce-

846 5456 1035 5488 narum
1079 5439 1194 5488 loca
1226 5440 1511 5488 deductum
1554 5445 1823 5488 perpetuae
1867 5435 2230 5488 damnationis
2266 5446 2415 5488 tene-

1961 442 2242 499 ADSONIS
2281 442 2659 499 DERVENSIS
2696 447 2982 504 ABBATIS

860 550 997 594 trem
1024 579 1041 605 ,
1088 554 1281 611 corpus
1314 544 1559 600 exanime
1584 548 1726 615 quod
1755 550 1955 618 petisti.
1998 550 2054 605 Si
2107 562 2283 605 tamen
2327 552 2422 605 im-
2451 558 2501 613 Α

2446 4562 2495 4621 D

3987 452 4093 514 θεε

3140 560 3363 617 CAPUT
3404 560 3471 617 X.

2526 648 2698 731 Quod,
2731 667 2888 731 puero
2914 652 3190 721 baptisato,
3216 669 3390 731 omnes
3415 652 3557 708 idola
3591 655 3959 731 projiciu_nt_,jet
3997 659 4090 714 ba-

2590 724 2843 795 ptismatis
2882 730 3257 795 sacramentum
3294 724 3349 795 in
3388 724 3969 795 commune_suscipiunt
3993 771 4008 794 ,
4038 740 4087 782 et

2592 790 2825 867 unanimi
2850 801 2964 844 volo
2994 792 3046 843 in
3071 791 3240 844 sedem
3266 792 3605 862 episcopalem
3650 792 3716 849 Β.
3748 790 4082 851 Munsuetum

2592 867 2926 908 constituunt.

2592 869 2926 912 constituunt.

2592 968 2715 1025 Haec
2741 970 2813 1024 ita
2844 980 2897 1026 et
2923 972 3074 1041 plura
3112 973 3306 1028 similia
3336 986 3650 1044 prosecutus
3675 978 3741 1033 ad
3770 980 3933 1048 pedes
3958 997 4083 1035 san-

2520 1060 2591 1115 cti
2620 1062 2982 1130 gemebundus
3011 1077 3145 1133 puer
3181 1065 3560 1131 substernitur,
3608 1077 3661 1121 et
3707 1067 3853 1123 fonte
3902 1070 4089 1124 salutis

2528 1148 2671 1203 ablui
2698 1151 2975 1206 humiliter
3004 1167 3065 1207 ac
3092 1154 3282 1209 devote
3308 1157 3607 1225 profitetur.
3640 1157 3849 1213 Patrem
3877 1174 3940 1213 ac
3971 1176 4085 1213 ma-

2524 1246 2659 1292 trem
2687 1249 3019 1309 caeterosque
3046 1258 3273 1312 quorum
3324 1246 3603 1301 sollicitior
3631 1246 3827 1313 fuerat,
3858 1258 3917 1302 ut
3946 1249 4085 1303 idem

2517 1328 2757 1385 facerent
2787 1334 2925 1387 votis
2967 1342 3023 1388 et
3062 1336 3279 1390 monitis
3326 1338 3520 1407 quibus
3548 1349 3758 1407 poterat
3803 1340 4085 1406 suadebat,

2519 1419 2703 1474 dicens
2747 1435 2901 1475 suum
2951 1422 3258 1493 pontificem
3314 1440 3344 1479 a
3398 1427 3508 1482 Deo
3554 1427 3716 1482 fuisse
3761 1429 4085 1483 destinatum

2522 1510 2661 1574 urbi,
2691 1511 2741 1564 in
2787 1512 3014 1567 salutem
3048 1515 3261 1569 venisse
3287 1516 3511 1579 civibus,
3544 1527 3814 1587 pastorem
3842 1529 4086 1576 sanctum

2518 1602 2815 1654 animarum
2851 1611 3107 1656 rectorem
3142 1613 3300 1672 atque
3331 1608 3606 1659 custodem
3646 1609 3825 1661 divina
3860 1609 4085 1679 disposi-

2521 1688 2666 1742 tione
2694 1698 2747 1743 et
2774 1690 3067 1758 apostolica
3100 1692 3433 1747 institutione
3472 1696 3733 1760 electum;
3779 1697 3929 1765 cujus
3970 1698 4086 1767 ipse

2516 1786 2570 1829 et
2601 1786 2706 1831 tota
2728 1781 3083 1833 communiter
3106 1780 3297 1834 civitas
3324 1781 3620 1836 salvaretur
3649 1784 3896 1838 adventu.
3925 1784 4075 1839 Tunc

2519 1863 2681 1931 igitur
2711 1866 2853 1919 inter
2880 1867 3039 1919 verba
3070 1868 3241 1936 pueri,
3276 1877 3326 1923 et
3356 1870 3808 1925 evidentissimam
3852 1874 4083 1927 resusci—

2519 1953 2734 2006 tationis
2762 1954 2877 2023 ejus
2908 1957 3176 2017 virtutem,
3215 1966 3374 2011 tanta:
3404 1960 3655 2013 novitatis
3682 1960 3897 2014 insolito
3924 1963 4086 2015 mira-

2516 2042 2637 2096 culo
2664 2043 2948 2114 stupefacti
2979 2059 3188 2110 omnes,
3217 2046 3463 2102 videntes
3486 2048 3822 2103 manifestam
3854 2051 3945 2105 Dei
3978 2052 4085 2105 vir-

2516 2139 2704 2196 tutem,
2729 2133 2813 2185 cui
2844 2132 3095 2187 resistere
3128 2142 3183 2187 et
3222 2135 3274 2188 in
3326 2135 3502 2204 aliquo
3531 2138 3899 2193 contradicere
3927 2154 4086 2193 nemo

2514 2234 2699 2275 eorum
2753 2231 2982 2290 poterat,
3034 2223 3172 2276 idola
3222 2235 3521 2293 respuunt,
3572 2242 3695 2281 aras
3746 2228 4081 2294 subvertunt,

2516 2320 2738 2366 cunctas
2765 2312 2960 2366 diaboli
2987 2312 3226 2368 ofﬁcinas
3256 2325 3624 2383 prosternunt,
3656 2325 3709 2370 et
3736 2332 3928 2372 manus
3953 2334 4081 2387 pro-

2516 2400 2797 2455 tendentes
2825 2400 3022 2455 Christi
3056 2417 3248 2457 nomen
3290 2404 3647 2458 communiter
3693 2404 3999 2470 inclamare,
4028 2415 4083 2462 et

2516 2488 2701 2543 laudes
2731 2490 2782 2542 in
2813 2488 2951 2544 caalo
2993 2504 3281 2559 personare
3327 2501 3624 2561 coeperunt.
3679 2494 3878 2548 Deinde
3924 2494 4084 2551 claris

2516 2581 2738 2634 vocibus
2760 2589 3119 2650 erumpentes,
3144 2580 3477 2649 baptismatis
3500 2591 3915 2647 sacramentum,
3940 2586 4079 2653 quod

2515 2673 2666 2741 prius
2692 2673 3036 2742 pertinaciter
3066 2674 3407 2738 recusabant,
3440 2672 3714 2726 humiliter
3758 2688 3945 2729 omnes
3990 2689 4082 2728 ex-

2520 2761 2812 2830 postulant.
2843 2762 2993 2815 Tunc
3020 2778 3148 2816 vero
3176 2762 3466 2817 secundum
3500 2762 3818 2816 catholicam
3850 2762 4082 2831 discipli-

2520 2868 2644 2904 nam
2681 2867 2712 2905 a
2750 2853 2908 2906 beato
2953 2853 3193 2906 antistite
3237 2862 3437 2906 sancta:
3488 2851 3609 2905 ﬁdei
3656 2852 3890 2919 regulam
3932 2853 4082 2920 prius

2518 2945 2715 3008 edocti,
2748 2959 2811 2997 ac
2863 2944 3052 2998 deinde
3082 2947 3307 3014 gratiam
3356 2943 3693 3011 baptismatis
3722 2951 3841 2996 sunt
3888 2957 4079 2997 conse-

2520 3038 2650 3101 cuti,
2679 3052 2767 3092 rex
2796 3038 3002 3092 scilicet
3022 3050 3075 3092 et
3102 3040 3301 3107 regina,
3332 3039 3610 3106 omnisque
3640 3053 3825 3091 eorum
3857 3037 4079 3100 familia,

2518 3130 2694 3181 omnis
2732 3128 2981 3183 militaris
3025 3128 3193 3190 ordo,
3242 3129 3488 3182 universa
3532 3128 3851 3181 ruSticorum
3898 3127 4080 3180 multi-

2521 3218 2668 3283 tudo,
2705 3226 2759 3272 et
2788 3217 2985 3273 factum
3029 3228 3111 3272 cst
3148 3220 3399 3287 gaudium
3447 3233 3694 3286 magnum
3736 3217 3785 3269 in
3834 3216 3919 3270 illa
3951 3216 4083 3269 civi-

2519 3315 2649 3362 tate.
2685 3307 2834 3361 Tunc
2867 3307 3042 3361 omnis
3088 3307 3494 3361 candidatorum
3547 3307 3723 3367 turba,
3754 3316 3808 3358 et
3836 3305 4083 3359 cwlestes

2517 3401 2569 3454 in
2595 3400 2749 3454 laude
2776 3398 2976 3453 (Ibristi
2998 3399 3262 3463 cohortes,
3291 3414 3485 3452 novum
3515 3395 3893 3464 redemptionis
3915 3409 4083 3463 genus

2518 3490 2722 3557 adepti,
2754 3498 2809 3544 et
2838 3496 3046 3544 vetusto
3081 3488 3294 3557 anguini
3327 3488 3574 3557 tegminis
3608 3484 3853 3554 squalore
3889 3498 4082 3552 exspo-

2518 3579 2634 3631 liati
2662 3619 2675 3641 ,
2714 3578 2946 3633 divinam
2996 3579 3287 3647 potentiam
3338 3577 3664 3630 admirantes
3692 3615 3706 3637 ,
3752 3582 3807 3627 et
3851 3574 4081 3641 gloriosa

2518 3668 2659 3722 beati
2705 3667 2962 3721 Idansueti
3017 3668 3205 3721 merita
3239 3660 3518 3734 magniﬁce
3565 3664 3933 3732 prterlicantes,
3964 3662 4083 3730 pari

2519 3768 2642 3814 voto
2667 3759 2890 3828 parique
2919 3773 3178 3813 consensu
3217 3764 3460 3810 sanctum
3494 3756 3666 3808 virum
3712 3753 3874 3807 totius
3904 3752 4084 3806 Eccle-

2519 3852 2613 3907 siae
2651 3864 2917 3907 summum
2961 3858 3221 3902 rectorem
3261 3846 3461 3915 eligunt
3503 3860 3564 3897 ae
3590 3840 4080 3912 pastoremjusturn

2517 3956 2671 4005 esse,
2716 3940 2807 4008 qui
2849 3942 2914 3993 ad
2947 3941 3108 3992 totius
3152 3937 3330 4008 pepuli
3380 3936 3603 3989 salutem
3639 3942 3879 3995 venerat,
3922 3932 4084 3985 totius

2519 4035 2779 4089 electione
2815 4032 2995 4100 populi
3042 4030 3273 4100 pastoris
3316 4029 3436 4098 jura
3484 4037 3720 4089 teneret;
3767 4040 3830 4078 ac
3859 4024 3936 4078 sic
3967 4023 4085 4076 uni-

2518 4126 2658 4180 versi
2711 4124 3103 4185 acclamantes,
3152 4123 3292 4175 hunc
3320 4135 3438 4174 esse
3478 4119 3735 4187 dignum,
3783 4117 3923 4169 hunc
3964 4128 4084 4168 esse

2519 4215 2832 4287 gloriosum,
2861 4214 3002 4267 hunc
3027 4226 3122 4280 per
3148 4212 3325 4264 omnia
3368 4209 3574 4263 civibus
3600 4206 3935 4276 profuturum
3972 4219 4079 4257 non

2514 4304 2622 4373 jam
2656 4304 2807 4374 quasi
2840 4302 3202 4372 peregrinum,
3236 4301 3325 4354 sed
3372 4308 3620 4367 tanquam
3659 4305 3922 4365 pastorem
3959 4309 4084 4362 pro-

2520 4394 2692 4463 prium
2722 4392 3028 4461 apostolica:
3060 4389 3364 4460 prtefultum
3395 4388 3671 4459 privilegio
3702 4385 3996 4456 dignitatis,
4025 4384 4081 4438 in

2519 4484 2700 4539 sedem
2732 4491 2971 4537 statuunt
3003 4480 3324 4552 pontiﬁcalis
3350 4479 3587 4534 honoris.

3123 4569 3347 4626 CAPUT
3384 4569 3475 4623 XI.

2522 4667 2673 4733 Quod
2699 4683 2788 4720 rex
2813 4667 2863 4717 in
2890 4681 3062 4718 omnes
3093 4679 3201 4717 sua:
3231 4664 3639 4733 ditionis‘partes
3660 4662 3843 4715 salutis
3878 4660 4083 4733 rerltum

2591 4736 2891 4791 annuntiuri
2914 4734 3154 4803 jusserit,
3184 4742 3230 4785 et
3261 4732 3395 4801 quod
3521 4731 3823 4803 Mansuetus
3853 4730 4010 4799 signis
4034 4739 4083 4803 et

2589 4806 2862 4860 virtutibus
2905 4800 3197 4856 declaratus
3222 4842 3236 4867 ,
3274 4800 3413 4855 duas
3441 4800 3680 4854 basilicas
3716 4800 3851 4853 intra
3896 4800 4083 4852 mania

2592 4876 2731 4929 urbis
2758 4882 3169 4928 construxerunt.

2593 4984 2741 5039 Tune
2791 4999 2883 5038 rex
2933 4991 2987 5036 et
3026 4982 3296 5051 principes
3346 4979 3461 5049 ejus
3517 4978 3625 5049 jam
3667 4978 3927 5033 catholica
3980 4977 4083 5033 ﬁde

2520 5075 2761 5137 fundati,
2826 5088 2921 5143 per
2966 5086 3153 5126 omnes
3203 5072 3581 5126 dominationis
3648 5085 3757 5125 sua:
3822 5070 4083 5125 terminos

2518 5165 2672 5234 longe
2699 5163 2909 5231 lateque
2940 5163 3159 5216 verbum
3187 5160 3375 5216 salutis
3401 5162 3609 5216 cunctis
3646 5159 3847 5215 inferre
3885 5160 4081 5229 prazci-

2522 5256 2696 5325 piunt,
2722 5254 2791 5307 ita
2822 5253 3060 5308 volentes
3083 5252 3432 5323 nolentesque
3462 5260 3555 5306 aut
3600 5266 3726 5307 vere
3765 5262 4081 5308 convertan-

2526 5357 2631 5411 tur,
2661 5354 2750 5400 aut
2774 5346 2946 5414 patria
2992 5344 3378 5414 propellantur,
3408 5357 3506 5398 nec
3553 5343 3690 5398 ullus
3736 5342 3877 5397 infra
3920 5345 4081 5399 relin—

2522 5446 2717 5488 tltlaltll‘
2745 5436 2833 5488 oui
2860 5443 2951 5488 aut
2978 5450 3084 5487 non
3110 5435 3429 5488 bantizetur.
3460 5442 3552 5487 aut
3578 5449 3680 5487 non
3731 5434 4083 5488 baptizandus
