4482 5524
391 317 492 372 629

1265 313 1351 367 DE
1386 310 1545 364 VITA
1586 308 1642 363 S.
1686 305 2034 361 MANSIJE'I‘I
2078 305 2254 359 LIBRI
2294 304 2452 361 DUO.
2494 335 2561 345 —
2602 306 2726 360 LIB.
2766 304 2804 357 I.

3522 298 3626 352 630

392 445 511 481 men
550 428 885 481 Leuehorum
932 426 1078 478 urbis
1104 432 1429 492 assumptus,
1456 436 1701 476 sermone
1732 435 1833 473 non
1863 434 1954 487 po-
1985 421 2029 478 Α
2061 433 2207 471 mero
2231 418 2593 486 apostolorum
2638 417 2855 484 eligitur
2906 413 3133 481 primus,
3180 408 3456 464 confessor
3505 407 3627 462 Filii

393 528 499 573 test
528 518 904 585 comprehendi
933 525 1131 586 quanta
1158 525 1213 570 et
1239 514 1417 585 qualia
1456 514 1713 567 divinitus
1764 514 1959 566 meruit

394 610 628 664 liberari.
662 609 1023 661 Misericordia
1056 622 1287 675 namque
1333 615 1387 659 et
1435 608 1605 675 pietas
1650 620 1864 673 semper
1906 605 1957 656 in

396 701 511 767 ejus
540 714 632 751 ore
657 709 712 752 et
742 708 919 751 tuente
948 699 1283 762 versabalur,
1312 712 1410 750 nec
1437 696 1754 765 episcopalis
1777 704 1963 747 aucto-

399 792 531 843 ritas
563 788 770 856 pristini
806 788 996 857 rigoris
1038 797 1090 840 et
1129 786 1464 840 abstinentite
1513 784 1662 838 frena
1722 783 1961 844 resolvit,

399 888 581 932 noctes
610 880 831 945 diesque
852 879 1162 931 continuata
1185 878 1358 931 oratio
1380 891 1519 944 sape
1552 874 1961 929 consummavit.

402 968 572 1021 Mutus
610 968 770 1020 animi
807 977 950 1021 tanta
980 968 1386 1021 mansuetudine
1412 966 1721 1030 coarctavit,
1752 974 1808 1017 ut
1846 980 1964 1017 eum

401 1059 565 1112 sciret
592 1058 856 1120 misereri,
874 1059 1108 1111 nesciret
1139 1058 1318 1119 irasci,
1339 1057 1691 1123 omnibusque
1714 1055 1966 1117 clemens,

401 1148 757 1215 omnibusque
804 1149 1132 1202 misericors.
1180 1148 1590 1200 Advenientium
1636 1162 1762 1200 vero
1814 1147 1971 1199 mise-

402 1241 512 1293 rias
541 1240 609 1291 ita
639 1238 975 1307 perferebat,
1002 1248 1059 1291 ut
1094 1240 1398 1306 quicunque
1442 1252 1675 1290 moerens
1718 1237 1968 1299 venisset,

403 1331 643 1400 apprime
669 1331 976 1385 consolatus
1029 1330 1199 1383 laetior
1255 1312 1475 1383 rediret.
1524 1329 1833 1397 Languores
1880 1344 1975 1381 au-

407 1433 513 1476 tem
537 1436 676 1492 argre
700 1436 758 1477 se
783 1423 1089 1475 habentium
1116 1438 1217 1477 non
1243 1421 1412 1476 solum
1447 1437 1541 1475 sua
1574 1423 1972 1486 intercessione,

406 1515 498 1567 sed
528 1516 688 1567 etiam
722 1515 862 1567 beati
894 1514 1039 1567 Petri
1088 1514 1324 1583 ApOstoli
1380 1524 1597 1583 accepta
1656 1514 1977 1567 auctoritate

406 1606 574 1659 libere
622 1606 869 1659 curabat.
921 1605 993 1657 Ita
1045 1618 1228 1674 pastor
1273 1607 1323 1657 in
1353 1606 1561 1673 populis
1587 1621 1709 1659 vere
1742 1605 1978 1658 medicus

410 1698 803 1766 agnoscebatur
832 1714 951 1751 esse
976 1698 1178 1750 s'dutis.
1214 1698 1363 1751 Sicut
1387 1708 1562 1750 autem
1600 1698 1650 1750 in
1678 1701 1841 1766 gestis
1866 1697 1980 1762 ejus

2062 506 2152 559 Dei
2184 505 2376 569 factus,
2403 506 2617 558 humani
2647 504 2859 574 generis
2882 511 3067 569 pastor
3105 498 3331 561 electus,
3375 496 3633 551 Ecclesia:

2063 596 2493 658 fundamentum,
2522 594 2901 649 cIavicuIarius
2938 592 3084 661 regni
3122 591 3404 651 collorum,
3432 589 3631 642 Christi

2066 685 2275 738 Domini
2327 684 2661 739 confessione
2711 684 2985 754 probatus,
3019 680 3268 749 passione
3294 678 3631 747 postmodum

2066 784 2375 840 coronatus,
2407 776 2696 839 Calatiam,
2727 774 2978 837 Pontum,
3011 770 3424 841 Cappadociam,
3455 768 3638 837 Bithy-

2068 866 2231 929 niam,
2261 867 2440 919 Asiam
2472 874 2629 936 atque
2668 866 2870 920 Italiam
2902 864 3227 933 evangelicis
3275 860 3429 931 plene
3472 859 3641 926 reple-

2069 967 2221 1010 verat
2245 958 2580 1011 documentis
2608 978 2618 1009 :
2647 958 2735 1025 qui
2770 973 2889 1011 cum
2920 956 3019 1009 sub
3051 954 3215 1023 priori
3261 952 3483 1007 Claudio
3529 949 3642 1003 Cm-

2072 1062 2193 1100 sare
2223 1046 2615 1100 Antiochenam
2665 1046 2766 1100 fide
2815 1046 3080 1100 catholica
3130 1043 3361 1113 primum
3409 1040 3645 1110 perfecte

2075 1136 2351 1189 fundasset
2382 1136 2700 1200 Ecclesiam,
2724 1151 2951 1205 eamque
2974 1152 3067 1205 per
3114 1143 3321 1203 septem
3366 1130 3646 1186 continuos

2075 1236 2285 1295 regeret
2314 1243 2503 1290 annos,
2530 1226 2764 1281 Simonis
2797 1227 2932 1297 Magi
2958 1224 3347 1292 versutias,qni
3368 1224 3647 1276 veritatem

2076 1318 2379 1387 apostolicae
2405 1321 2753 1375 institutionis
2767 1321 2962 1391 ubique
2982 1322 3219 1374 locorum
3241 1317 3491 1389 fugitans,
3508 1328 3654 1369 sana

2078 1412 2335 1465 doctrinae
2362 1412 2542 1465 radios
2571 1412 2683 1467 suis
2708 1413 2943 1466 tenebris
2992 1410 3266 1465 maculare
3314 1408 3648 1470 conabatur;

2081 1502 2280 1571 Spiritu
2323 1514 2510 1555 sancto
2558 1504 2781 1557 edoctus
2825 1506 3163 1572 perveniens,
3194 1501 3441 1554 eumdem
3475 1498 3653 1551 Simo-

2082 1607 2205 1645 nem
2237 1591 2445 1661 Magum
2476 1592 2703 1646 Romam
2738 1603 3119 1661 persecuturus
3146 1592 3456 1660 ingreditur,
3478 1588 3656 1656 ibique

2084 1682 2345 1736 electione
2376 1682 2610 1737 fidelium
2644 1695 2827 1752 pastor
2866 1685 3119 1739 Ecclesia:
3173 1684 3347 1739 factus
3367 1723 3380 1747 ,
3410 1682 3654 1751 Evange-

410 1801 529 1853 qua:
558 1785 723 1838 multo
750 1796 872 1838 ante
900 1802 995 1839 nos
1022 1786 1322 1851 Conscripta
1364 1794 1504 1847 sunt,
1532 1786 1769 1839 studioso
1798 1786 1977 1839 lectori
2018 1762 2058 1818 Β
2088 1772 2180 1827 Ii"!

1888 1786 1977 1838 tori
2018 1762 2058 1818 Β
2088 1772 2213 1827 lium
2246 1775 2564 1842 prwdieans,
2593 1776 2775 1844 viginti
2808 1788 2861 1829 et
2895 1778 3130 1845 quinque
3160 1775 3314 1828 annis
3348 1773 3461 1841 ejus
3510 1770 3658 1824 urbis

408 1873 669 1944 perfacile
700 1885 781 1928 est
812 1876 1063 1937 inveniri,
1095 1876 1403 1936 emundata,
1438 1885 1495 1928 ιιι
1540 1891 1696 1944 supra
1729 1877 1980 1940 diximus,

410 1965 597 2017 eadem
624 1962 959 2018 Leuchorntu
992 1968 1122 2019 urbe
1150 1967 1291 2019 omni
1323 1966 1583 2019 idolorum
1617 1968 1984 2035 superstitiosa

410 2055 688 2123 spurcitia,
715 2056 1002 2109 aedificavit
1049 2058 1186 2109 intra
1223 2060 1419 2111 maznia
1462 2058 1698 2113 civitatis
1730 2055 1985 2125 templum

418 2150 661 2208 Domino,
696 2150 746 2202 in
776 2150 979 2203 honore
1011 2150 1251 2203 videlicet
1282 2150 1560 2218 genitricis
1585 2148 1672 2202 Dei
1704 2159 1754 2203 et
1781 2147 1985 2201 Domini

412 2243 580 2295 nostri
632 2242 758 2297 Iesu
809 2245 1007 2296 Christi
1061 2261 1123 2297 ac
1171 2253 1442 2313 perpetua:
1495 2242 1715 2309 virginis
1768 2241 1987 2303 Μαι-ιω,

414 2348 621 2389 necnon
682 2345 733 2387 ct
802 2337 973 2389 sancti
1026 2337 1435 2404 protomartyris
1497 2335 1775 2403 Stephani.
1836 2333 1990 2386 Aliud

414 2444 541 2481 vero
568 2427 819 2495 templum
848 2430 1150 2481 construxit
1180 2445 1241 2482 ex
1268 2429 1436 2481 latere
1465 2429 1515 2479 in
1548 2437 1698 2496 parte
1744 2431 1988 2495 australi,

417 2521 558 2586 quod
603 2518 828 2572 solemni
882 2520 1195 2586 pepulorum
1246 2519 1541 2588 frequentia
1608 2520 1873 2573 dedicavit
1939 2522 1989 2574 in

423 2611 627 2663 honore
658 2619 710 2663 et
740 2612 1083 2662 veneratione
1124 2611 1291 2663 sancti
1336 2608 1554 2663 Joannis
1599 2609 1871 2678 Baptistce,
1905 2612 1992 2664 ubi

419 2700 615 2752 dicitur
638 2702 703 2752 ad
728 2699 942 2753 Fontes.
975 2700 1176 2753 Deinde
1206 2710 1382 2753 autern
1415 2717 1510 2769 per
1538 2716 1749 2754 omnem
1796 2701 1994 2754 (IIGBCC-

420 2790 494 2841 sis
524 2805 629 2842 sua:
670 2790 999 2858 provinciam
1051 2792 1308 2859 plurimas
1359 2793 1661 2844 construxit
1705 2792 1991 2855 ecclesias;

422 2881 684 2932 ordinatis
725 2881 1053 2949 presbyteris
1076 2891 1129 2932 et
1161 2882 1494 2941 diaconibus,
1527 2885 1612 2934 ubi
1658 2884 1851 2936 divina:
1880 2900 1993 2935 ina—

415 2968 593 3035 jestati
618 2970 793 3022 debita
828 2971 942 3022 laus
971 2972 1230 3030 redditur.
1262 2982 1314 3024 et
1346 2972 1681 3041 glorificatur
1726 2974 1863 3029 Deus
1906 2974 1996 3025 ad-

425 3062 683 3115 mirabilis
708 3062 758 3115 in
792 3064 989 3117 sanctis
1011 3064 1142 3127 suis,
1176 3079 1344 3132 usque
1373 3065 1422 3116 in
1471 3076 1784 3132 prmsentem
1831 3066 1991 3119 diem.
2025 3121 2066 3143 η

425 3154 479 3206 In
505 3169 568 3207 eo
609 3170 733 3207 vero
774 3154 890 3208 loco
918 3155 1005 3207 ubi
1056 3156 1287 3224 primum
1343 3156 1650 3219 adveniens,
1698 3174 1760 3209 eo
1822 3157 1995 3210 minus

426 3243 477 3295 in
532 3244 789 3297 Suburhio
836 3244 1069 3298 civitatis
1118 3245 1239 3308 sibi,
1290 3255 1348 3297 ut
1398 3246 1650 3308 diximus,
1705 3247 1993 3315 hospitium

428 3344 857 3404 prarparaverat,
928 3338 1136 3390 diurnis
1198 3337 1413 3406 quidem
1464 3339 1514 3391 in
1565 3340 1780 3393 civitate
1835 3341 1998 3394 divini

431 3423 679 3492 pabulum
736 3426 881 3478 verbi
939 3428 1084 3495 gregi
1139 3427 1237 3481 sibi
1289 3430 1577 3482 commisso
1628 3429 1852 3482 sollicite
1903 3430 2000 3483 mi-

431 3516 721 3579 nistrabat;
758 3519 1036 3571 nocturnis
1076 3528 1256 3571 autem
1308 3521 1659 3588 temporibus,
1693 3528 1750 3574 ut
1782 3520 2003 3575 liberius

428 3605 656 3659 orationi
699 3607 941 3672 instaret,
987 3609 1051 3660 ad
1098 3608 1235 3662 idem
1292 3621 1542 3677 tanquam
1584 3610 1855 3664 conscium
1901 3611 2002 3665 sibi

430 3697 793 3751 habit-aculam
854 3701 1241 3753 revertebatur.
1310 3700 1405 3755 Ubi
1468 3701 1670 3754 Scilicet
1735 3701 2000 3771 Iacryma-

432 3801 546 3839 rmn
611 3786 878 3841 affluentia
945 3789 1224 3853 diluebat,
1278 3790 1323 3842 si
1385 3790 1509 3857 quid
1564 3792 1706 3844 circa
1776 3791 2000 3845 aliorum

433 3875 654 3929 salutem
695 3888 1009 3945 occupatus,
1043 3880 1142 3933 sibi
1172 3880 1341 3949 ipsius
1369 3880 1573 3935 diurnis
1601 3882 1787 3949 spatiis
1828 3882 2003 3936 minus

433 3969 661 4035 perfecte
696 3982 1056 4039 procurasset.

1028 4063 1255 4119 CAPUT
1295 4065 1405 4119 XII.

436 4148 583 4221 Quod
650 4153 781 4204 cires
847 4151 1167 4205 Tullensium
1231 4155 1331 4206 sint
1401 4156 1511 4221 ejus
1576 4156 1893 4221 apostolatus
1950 4157 2002 4208 in

500 4218 741 4281 Domino,
794 4231 841 4277 et
890 4223 953 4276 de
1004 4226 1295 4277 constantia
1348 4218 1686 4277 et'doctriua
1738 4226 1801 4280 Β.
1861 4224 2002 4279 Petri

500 4291 751 4358 Apostoli.

501 4400 686 4458 Tantis
731 4403 891 4473 igitur
944 4420 1008 4459 ac
1059 4404 1272 4469 talibus,
1321 4413 1378 4458 nt
1436 4405 1801 4474 praediximus,
1846 4406 2003 4476 longo

435 4496 685 4563 temporis
707 4496 966 4549 exercitio
993 4496 1205 4550 divinus
1234 4504 1487 4566 operator
1535 4497 1871 4550 incessanter
1923 4497 2005 4550 in-

433 4586 648 4649 sistens,
675 4583 885 4654 fatigari
936 4600 1038 4638 non
1083 4594 1312 4655 poterat,
1345 4600 1503 4653 quem
1547 4585 1718 4638 sancti
1769 4584 2003 4654 Spiritus

435 4678 607 4730 fervor
635 4677 993 4742 accendebat;
1025 4681 1135 4746 qui,
1170 4678 1459 4731 secundum
1491 4676 1728 4745 Apostoli
1779 4676 2000 4741 dictum,

432 4778 483 4820 et
512 4768 555 4821 si
578 4767 695 4821 aliis
717 4782 819 4821 non
860 4777 975 4822 erat
998 4769 1290 4837 apostolus,
1324 4769 1448 4821 huic
1483 4777 1659 4821 tamen
1692 4766 1829 4834 plebi
1876 4782 2002 4820 vere

2090 1861 2259 1914 tenuit
2283 1864 2661 1931 principatum.
2694 1864 2889 1917 Contra
2922 1864 3076 1933 cujus
3123 1863 3479 1918 clarissimam
3523 1875 3660 1930 ιιι-θ

2089 1950 2434 2013 dicationem,
2462 1960 2520 2004 ut
2552 1952 2791 2006 historia:
2818 1953 3077 2016 referunt,
3106 1953 3245 2005 idem
3284 1950 3468 2005 Simon
3511 1948 3663 2002 Anti—

2089 2043 2273 2094 chrisli
2310 2042 2607 2096 membrum
2652 2046 2836 2113 utique
2862 2044 3053 2107 factus,
3085 2044 3272 2098 rabido
3300 2058 3393 2097 ore
3437 2056 3661 2096 consur-

2090 2149 2238 2201 gens,
2275 2132 2499 2187 Neronis
2554 2143 2609 2187 et
2648 2136 2897 2204 Agrippa:
2958 2133 3197 2202 Prmfecti
3247 2133 3374 2186 fisus
3415 2131 3662 2194 audacia,

2091 2221 2441 2289 apostolicam
2484 2225 2838 2277 assertionem
2870 2224 2949 2276 sui
2976 2222 3240 2291 pravitate
3270 2220 3531 2274 mendacii
3565 2219 3663 2272 im-

2091 2328 2327 2381 pugnare
2355 2329 2457 2367 non
2487 2314 2725 2377 destitit,
2756 2316 2895 2367 unde
2946 2314 3167 2384 magicis
3219 2313 3423 2367 artibus
3473 2310 3666 2366 caelum

2093 2407 2455 2460 conscendere
2506 2408 2743 2471 molitus,
2803 2408 3000 2459 virtute
3049 2414 3103 2460 et
3148 2406 3393 2459 oratione
3427 2404 3485 2457 B.
3524 2402 3668 2471 Petri

2095 2496 2351 2564 apostoli,
2403 2498 2528 2550 dum
2588 2496 2757 2551 fertur
2804 2512 2897 2565 per
2949 2510 3091 2559 aera,
3137 2496 3203 2549 ad
3262 2503 3436 2549 terras
3485 2505 3672 2546 amens

2094 2587 2297 2639 corruit
2330 2588 2379 2640 in
2431 2597 2609 2657 partes
2649 2588 2961 2651 elidendus;
3020 2586 3213 2655 quibus
3258 2586 3411 2647 actis,
3461 2582 3673 2638 Nerone

2090 2675 2331 2745 jubente,
2361 2680 2694 2747 proscriptus
2726 2689 2880 2733 sexto
2935 2686 2988 2733 et
3043 2678 3317 2732 tricesimo
3363 2691 3505 2730 anno
3552 2682 3674 2745 post

2096 2768 2401 2837 passionem
2447 2770 2657 2824 Domini
2718 2771 2769 2823 in
2827 2771 2958 2826 urbe
3015 2771 3204 2835 Roma,
3235 2777 3294 2822 ut
3346 2769 3459 2837 ipse
3508 2765 3675 2821 voluit

2099 2861 2349 2913 deorsum
2384 2860 2695 2924 crucifixus,
2724 2871 2843 2932 post
2882 2862 3235 2932 apostolicum
3279 2858 3531 2913 meritum
3579 2872 3673 2911 su-

2098 2967 2386 3021 pernorum
2419 2952 2675 3006 ccelorum
2704 2968 2865 3023 regna
2902 2954 3202 3023 ingreditur
3248 2950 3480 3022 glorioso
3529 2963 3673 3002 mar-

2102 3049 2150 3111 ty
2163 3042 2224 3093 rii
2258 3044 2516 3112 sanguine
2549 3044 2837 3098 laureatos.

2685 3136 2913 3193 CAPUT
2964 3136 3095 3190 XIII.

2613 3229 2688 3283 De
2712 3230 2853 3283 obitu
2878 3230 3012 3282 beati
3039 3230 3155 3281 viri.

2184 3320 2346 3389 Cujus
2380 3320 2430 3372 in
2466 3329 2574 3374 toto
2604 3330 2871 3375 terrarum
2913 3320 3043 3374 orbe
3090 3318 3281 3372 merito
3332 3315 3673 3371 recolendam

2103 3416 2289 3469 beatus
2345 3412 2660 3467 Mansuetus
2718 3421 2971 3480 tanquam
3031 3410 3324 3464 fidissimus
3385 3406 3678 3477 discipulus

2103 3506 2344 3576 magistri
2372 3505 2597 3558 audiens
2622 3505 2957 3574 passionem;
3015 3502 3133 3557 ὶ·ι(¹ο
3182 3516 3289 3570 quo
3333 3500 3678 3569 przediximus

2103 3596 2317 3650 beatum
2352 3594 2523 3647 virum
2553 3610 2654 3648 non
2683 3592 2839 3663 longe
2866 3592 2932 3647 ab
2960 3592 3091 3645 urbe
3116 3606 3214 3661 pro
3245 3599 3488 3658 tempore
3515 3587 3680 3642 fuisse

2102 3685 2455 3754 hospitatum,
2482 3699 2638 3752 quem
2667 3684 2829 3736 etiam
2876 3680 3014 3735 sacri
3054 3680 3276 3734 oratorii
3314 3679 3426 3749 jam
3472 3677 3679 3747 pridem

2104 3778 2257 3832 titulo
2296 3777 2675 3837 illustraverat,
2707 3774 3022 3828 nobiliorem
3079 3770 3362 3827 ecclesiam
3420 3767 3677 3831 condidit,

2103 3888 2261 3943 quam
2313 3869 2562 3924 videlicet
2592 3868 2646 3922 in
2685 3868 2885 3921 honore
2935 3874 2988 3920 et
3036 3864 3296 3919 memoria
3342 3862 3484 3916 beati
3534 3858 3680 3915 Petri

2104 3960 2328 4029 apostoli
2354 3960 2434 4013 sui
2470 3960 2653 4027 utique
2678 3955 3024 4026 prarceptoris
3046 3962 3308 4017 statuens,
3333 3950 3471 4006 sacri
3501 3950 3681 4020 pigno-

2106 4052 2178 4104 ris
2211 4048 2345 4117 ejus,
2376 4064 2535 4115 quam
2576 4061 2757 4100 serum
2798 4043 3043 4098 attulisse
3085 4040 3273 4107 fertur,
3306 4040 3680 4097 benedictione

2104 4140 2477 4204 consecravit;
2520 4138 2605 4191 ubi
2635 4136 2841 4191 scilicet
2865 4136 3055 4190 diebus
3085 4150 3149 4189 ac
3184 4133 3432 4188 noctibus
3462 4143 3680 4202 peracto

2103 4230 2423 4303 praedicandi
2452 4228 2626 4282 officio
2668 4226 3010 4286 conveniens,
3060 4240 3122 4280 ac
3178 4223 3273 4279 soli
3326 4222 3434 4277 Deo
3490 4234 3682 4274 vacare

2104 4323 2434 4385 desiderans,
2460 4320 2641 4391 plures
2666 4327 2847 4389 postea
2885 4332 3049 4387 agens
3075 4330 3266 4380 annos,
3311 4312 3681 4368 multitudines

2108 4412 2343 4467 fidelium
2366 4411 2419 4464 in
2445 4410 2645 4465 Christi
2674 4408 2777 4463 fide
2804 4406 3164 4477 colligens,ad
3192 4404 3521 4460 consortium
3545 4416 3683 4471 pra:-

2108 4503 2255 4557 misit
2288 4501 2621 4571 angelorum.
2662 4499 2904 4567 Cumque
2936 4499 3048 4567 jam
3094 4497 3189 4551 Dei
3238 4494 3440 4550 athleta
3480 4493 3683 4548 electus

2107 4596 2295 4667 plenus
2325 4603 2460 4649 esset
2491 4594 2721 4656 dieru'm,
2755 4602 2808 4647 et
2840 4599 3104 4660 provecta:
3150 4589 3346 4653 relatis,
3393 4586 3574 4641 multis
3629 4594 3685 4639 et

2107 4685 2317 4739 diurnis
2375 4684 2640 4738 bonorum
2696 4696 2919 4748 operum
2982 4678 3269 4732 sudoribus
3318 4686 3371 4730 et
3436 4675 3684 4729 laborum

2108 4776 2402 4839 exercitiis,
2437 4784 2495 4828 ut
2534 4773 2901 4843 pra‘diximus,
2936 4770 3213 4841 fatigatus,
3238 4767 3524 4821 virtutibus
3555 4781 3687 4834 quo-

434 4857 702 4925 apostolus
728 4859 935 4912 exstitit
964 4859 1014 4927 (l
1043 4859 1163 4912 Cor.
1195 4875 1274 4921 ιι,
1300 4859 1376 4927 2),
1402 4874 1561 4928 quam
1591 4860 1702 4927 ipse
1731 4869 1808 4912 tot
1836 4860 2002 4929 signis
2028 4875 2079 4934 ι)
2107 4883 2210 4937 que
2266 4875 2321 4920 et
2367 4863 2747 4918 miraculorum
2800 4861 2966 4931 signis
3017 4858 3305 4913 admodum
3361 4856 3685 4921 declaratus,

433 4957 592 5016 atque
621 4949 931 5011 virtutibus,
960 4958 1035 5002 tot
1067 4950 1263 5004 laboris
1284 4962 1336 5003 et
1376 4950 1647 5004 instantia:
1690 4966 1798 5003 suze
1844 4949 2005 5003 sudo-

433 5039 577 5094 ribus
602 5039 713 5093 Deo
733 5040 1038 5110 acquisivit,
1064 5050 1118 5096 et
1152 5044 1397 5109 quamvis
1428 5041 1667 5094 moribus
1713 5042 1912 5094 nostris
1953 5048 2008 5094 et

433 5130 770 5184 conversioni
809 5130 973 5184 nmlta
998 5131 1184 5187 deesse
1223 5134 1571 5193 senserimus,
1616 5146 1733 5200 qum
1792 5131 1879 5185 ille
1928 5131 2009 5184 vir

433 5220 617 5276 beatus
647 5231 703 5276 et
730 5222 911 5275 docuit
933 5233 985 5276 et
1006 5223 1258 5287 excoluit,
1286 5226 1436 5295 signa
1467 5235 1645 5279 tamen
1676 5225 2009 5292 apostolatus

432 5315 544 5380 ejus
571 5331 670 5370 nos
697 5329 887 5369 omnes
915 5314 965 5366 in
993 5317 1215 5369 Domino
1238 5330 1421 5372 sumus
1461 5314 1677 5388 (Ibid.),
1709 5317 1833 5385 quia
1866 5316 2005 5385 quod

430 5405 517 5463 ille
542 5409 609 5463 ab
633 5413 754 5475 ipso
784 5405 1111 5472 primordiali
1151 5416 1345 5464 sanetae
1371 5416 1427 5464 et
1456 5405 1782 5462 universalis
1823 5406 2006 5463 Eccle-

431 5498 517 5524 -2...
546 5504 773 5524 ann-Munna.
815 5497 1083 5524 nun-uls“...
1127 5499 1226 5524 ιιιΛΛ
1245 5496 1584 5524 νιΑηι-...Αλιι-νι
1618 5500 1797 5524 -Α“Α-⁵
1823 5510 2003 5524 -..ΑΙ-ιιι

2105 4970 2358 5029 tauquam
2390 4956 2563 5010 ﬁdelis
2592 4969 2779 5009 servus
2831 4962 2887 5007 et
2933 4948 3210 5022 prudens,
3256 4948 3345 5019 qui
3397 4946 3694 5004 Dominicas

2105 5051 2319 5105 familia:
2352 5062 2659 5102 mensuram
2693 5046 2857 5100 tritici
2890 5046 2943 5100 in
2973 5054 3218 5112 tempore
3249 5056 3347 5097 suo
3371 5052 3700 5110 erogaverat

2108 5145 2256 5215 (Luc.
2292 5156 2387 5202 χιι,
2423 5138 2535 5208 52),
2570 5139 2637 5193 ad
2674 5137 3050 5206 accipiendam
3072 5146 3295 5193 :eternte
3321 5145 3711 5198 recompensa-

2112 5233 2270 5288 tionis
2316 5227 2621 5283 mercedem
2669 5228 2903 5283 Domino
2952 5225 3187 5297 jubente
3233 5231 3488 5285 vocatus,
3521 5225 3721 5278 carnis

2115 5339 2281 5379 onere
2312 5319 2555 5388 deposito
2584 5335 2644 5373 ιιι
2694 5318 2970 5374 Nonarum
3003 5315 3412 5385 Septembrium
3455 5310 3725 5380 spiritum

2115 5411 2249 5467 coelo
2279 5408 2612 5474 reddidit,et
2646 5409 2839 5464 stolam
2883 5410 3059 5465 beatae
3106 5400 3539 5465 immortalitatis
3601 5418 3731 5457 eum

2115 5505 2339 5524 n__--__-
2372 5516 2465 5524 ...--
2486 5500 2795 5524 ...-.........:.-_
2818 5505 3162 5524 _..__..o..-..-
3192 5494 3390 5524 --ΑΛ-ιίι
3440 5490 3530 5524 ..1η
3560 5496 3738 5524 ΜΑΛΑ
