4482 5524
790 343 887 397 851

1884 344 2173 402 ΑῡΞΟΪιιὸ
2211 340 2588 398 DEBVENSIS
2628 346 2916 401 ABBATIS

3922 349 4030 405 632

790 452 1020 507 stantius
1048 463 1103 508 et
1133 455 1402 523 potentius
1450 456 1774 512 intercessor
1808 457 2062 523 ell'ectus,
2097 460 2162 511 ad
2208 458 2358 524 cujus
2384 459 2433 517 Α
2463 472 2566 509 non
2602 466 2655 510 et
2695 473 2854 526 quam
2885 457 3034 511 multi
3059 458 3285 513 diversis
3314 470 3368 513 et
3408 461 3884 517 innumerabilibus
3913 463 4027 518 lan-

792 542 1168 611 exsequiarum
1222 544 1460 600 solemne
1503 549 1884 601 commercium
1935 548 2045 614 jam
2092 548 2197 602 dici
2246 562 2350 601 non

792 640 962 701 potest
996 642 1197 701 quanta
1251 634 1536 689 multitudo
1570 636 1804 690 ﬁdelium
1848 648 2189 703 convenerat,
2218 653 2356 708 quos

793 723 1037 777 videl'cet
1071 722 1184 792 ipse
1212 723 1409 780 laboris
1432 727 1510 778 sui
1547 727 1798 780 instantia
1825 730 1873 780 in
1902 728 2037 782 ﬁlios
2057 730 2359 799 adoptionis

788 826 885 879 per
916 809 1147 879 Spiritus
1176 814 1348 867 sancti
1388 815 1616 883 gratiam
1663 816 2044 871 transfmlcrat.
2096 819 2359 873 Cerneres

794 903 1059 958 maximas
1082 903 1396 972 populorum
1427 913 1673 958 catervas
1702 922 1805 959 non
1832 905 1942 973 jam
1994 908 2260 978 peregrini
2306 917 2361 962 et

789 992 979 1061 ignoti,
1012 995 1103 1049 sed
1131 996 1328 1064 proprii
1360 998 1528 1064 patris
1552 1006 1607 1050 et
1634 1000 1867 1067 pastoris
1893 1000 1972 1053 sui
2017 999 2167 1053 triste
2203 999 2361 1056 funus

793 1084 1040 1154 stipasse,
1073 1094 1128 1140 et
1160 1085 1531 1142 lamentabiles
1558 1090 1843 1158 exsequias
1871 1090 2103 1159 undique
2129 1092 2359 1160 quodam

793 1177 945 1245 quasi
970 1178 1259 1245 prtccinctu
1291 1178 1525 1233 ﬂentium
1575 1190 1735 1250 atque
1784 1181 2076 1236 dolentium
2120 1182 2362 1238 confusio

794 1267 987 1322 ordine
1020 1267 1291 1323 micuisse.
1318 1270 1392 1322 lta
1420 1272 1771 1339 prteenntitnn
1815 1281 1976 1341 atque
2023 1274 2361 1342 sequentium

792 1358 1007 1428 agmine
1036 1373 1203 1427 usque
1234 1360 1298 1411 atl
1353 1360 1526 1412 locum
1582 1361 1809 1430 sepulcri
1866 1377 2064 1430 corpus
2122 1362 2362 1416 defertur

791 1448 1061 1510 exanime,
1090 1459 1143 1502 et
1182 1449 1233 1501 in
1261 1449 1463 1503 eoloeo
1492 1466 1596 1518 quo
1644 1466 1767 1503 cum
1823 1452 2167 1520 pra-diximus
2222 1454 2361 1506 beati

790 1537 935 1592 Petri
962 1540 1324 1610 apostolorum
1364 1543 1619 1612 principis
1642 1544 1847 1598 honore
1874 1552 1926 1598 et
1957 1545 2149 1598 merito
2174 1544 2358 1600 Eccle-

789 1624 925 1684 siam
953 1630 1253 1693 dedicasse,
1282 1634 1598 1703 dignissime
1625 1636 1857 1689 traditur
1898 1636 2204 1703 sepulturae.
2261 1637 2358 1691 Ubi

789 1719 931 1773 enim
980 1730 1053 1775 tot
1102 1722 1457 1776 certaminum
1503 1732 1556 1776 et
1602 1723 1842 1777 laborum
1893 1734 2361 1779 tonsummaverat

788 1825 1003 1865 cursum
1034 1852 1048 1874 ,
1104 1811 1175 1865 ibi
1229 1812 1456 1867 Domino
1503 1815 1820 1883 disponente
1872 1815 2104 1868 debitam
2152 1816 2363 1883 corpori

788 1901 956 1957 voluit
1000 1902 1199 1957 habere
1249 1903 1597 1970 sepulturam.
1649 1904 1816 1970 Quem
1868 1904 2113 1959 videlicet
2166 1906 2364 1971 locum,

787 1993 1000 2047 meritis
1035 1994 1150 2061 ejus
1186 1994 1571 2055 obtinentibus,
1600 2010 1665 2049 cx
1706 2005 1830 2050 tunc
1868 2005 1921 2049 et
1980 1997 2137 2050 modo
2183 1997 2361 2050 divina

787 2094 1025 2154 potestas
1066 2086 1131 2139 ad
1168 2085 1381 2138 laudem
1409 2095 1459 2139 et
1499 2086 1721 2155 gloriam
1777 2088 1858 2141 sui
1911 2088 2143 2143 nominis
2196 2089 2363 2158 signis

789 2183 845 2227 et
888 2175 1178 2228 virtutibus
1234 2173 1487 2239 illustrat,
1534 2184 1590 2228 ut
1646 2176 1961 2230 ostendatur
2012 2188 2267 2246 quantum
2311 2179 2362 2231 in

788 2271 1079 2330 conspectu
1128 2274 1342 2316 aeternae
1388 2262 1650 2317 claritatis
1711 2265 1761 2317 in
1822 2266 1974 2320 coelis
2024 2266 2243 2336 fulgeat,
2274 2268 2360 2337 qui

788 2362 1059 2408 tantarum
1087 2354 1326 2423 quotidie
1357 2353 1613 2407 virtutum
1648 2354 1699 2407 in
1737 2366 2026 2422 conspectu
2056 2357 2361 2410 mortalium

788 2447 1143 2501 admiratione
1172 2456 1444 2501 coruscat.
1480 2446 1648 2515 Cujus
1698 2449 1888 2501 merita
1955 2448 2182 2517 gloriosa
2242 2466 2359 2513 nos,

790 2541 877 2608 qui
909 2554 1039 2594 oves
1062 2549 1116 2594 et
1145 2555 1273 2609 grex
1300 2540 1415 2608 ejus
1454 2555 1662 2607 sumus,
1697 2558 1817 2595 cum
1854 2542 2039 2595 humili
2081 2542 2362 2596 devotione

792 2630 974 2685 dt'l)li0
997 2632 1204 2686 honore
1235 2646 1574 2697 veneremur,
1605 2641 1663 2687 ut
1695 2633 1861 2701 ipsius
1907 2632 2361 2687 intercedentibus

792 2722 1001 2776 meritis
1031 2722 1149 2776 sine
1179 2722 1283 2776 ﬁne
1310 2737 1429 2776 cum
1458 2736 1523 2776 eo
1566 2723 1799 2792 gaudere
1838 2737 2160 2776 mereamur.
2209 2721 2360 2776 Nunc

789 2825 1023 2880 quoque,
1055 2812 1181 2881 quia
1209 2811 1331 2865 vitae
1361 2820 1417 2865 et
1440 2812 1808 2867 conversionis
1832 2812 1947 2881 ejus
1976 2812 2026 2864 in
2068 2826 2230 2865 carne
2269 2812 2360 2863 de-

790 2902 969 2969 gentis
998 2916 1061 2955 ex
1115 2911 1268 2971 parte
1312 2900 1470 2955 ﬁnem
1519 2902 1853 2971 agnovimus,
1884 2900 2003 2969 quis
2034 2901 2149 2970 ejus
2200 2898 2362 2953 fuerit

790 3009 1075 3049 successor
1101 2994 1477 3063 compendiosa
1500 2994 1765 3050 brevitate
1793 2994 1920 3048 huic
1948 2993 2245 3046 narrationi
2278 2992 2359 3045 in-

791 3100 971 3141 serere
1003 3087 1218 3155 dignum
1239 3086 1618 3156 judicavimus.

1380 3177 1606 3233 CAPUT
1636 3176 1771 3232 XIV.

795 3271 868 3324 De
890 3279 1069 3324 sancto
1097 3269 1294 3322 Amone
1324 3268 1469 3321 beata
1498 3268 1607 3321 viro
1631 3266 1689 3321 in
1715 3268 2009 3337 episcopatu
2041 3266 2361 3319 succedente.

861 3360 988 3415 Post
1015 3359 1309 3431 gloriosum
1333 3358 1475 3413 beati
1523 3356 1781 3411 Mansueti
1825 3354 1984 3424 hujus
2017 3355 2162 3409 urbis
2207 3355 2363 3424 primi

794 3450 1062 3518 pontiﬁcis
1092 3464 1155 3503 ex
1186 3449 1286 3503 hoc
1316 3447 1516 3503 mundo
1558 3446 1624 3501 ad
1668 3445 1832 3501 ctelos
1875 3446 2179 3501 transitum.
2230 3444 2367 3497 sicut

793 3542 847 3593 in
885 3540 1052 3608 geStis
1092 3538 1511 3608 praecedentium
1546 3536 1844 3591 Leucorum
1880 3536 2030 3591 urbis
2060 3536 2364 3589 antistitum

793 3630 1085 3695 invenitur,
1116 3641 1334 3685 sanctus
1368 3644 1431 3684 ac
1461 3629 1803 3684 beatissimus
1855 3629 2049 3693 Amon,
2100 3627 2193 3681 Dei
2237 3641 2363 3696 pro-

790 3720 1007 3776 vidente
1048 3719 1355 3784 clcmentia,
1383 3718 1435 3771 in
1462 3719 1563 3772 hac
1595 3720 1719 3773 sede
1761 3716 2031 3773 communi
2075 3718 2365 3770 universa-

796 3827 914 3865 rum
938 3820 1060 3866 voto
1089 3818 1251 3879 atque
1277 3824 1538 3864 consensu
1567 3809 1845 3863 ordinatus
1883 3808 2185 3877 episcopus,
2220 3805 2363 3861 beati

791 3903 891 3956 viri
916 3916 1197 3956 successor
1223 3898 1475 3965 ell‘ectus;
1514 3899 1604 3968 qui
1642 3898 2055 3968 prtedeccssoris
2082 3898 2162 3951 sui
2190 3911 2365 3951 mores

791 4002 846 4047 et
883 3993 1125 4047 instituta
1172 3993 1238 4046 ad
1283 4006 1511 4061 unguem
1557 3998 1878 4053 exsecutus,
1941 4004 2045 4043 non
2099 3987 2235 4041 valet
2273 4001 2365 4040 ex-

790 4084 981 4153 plicari
1033 4092 1248 4153 quanta:
1296 4081 1551 4137 bonitatis
1598 4088 1651 4134 et
1703 4080 2005 4133 sanctitatis
2051 4078 2207 4131 fuerit
2239 4090 2363 4144 ope-

794 4175 944 4230 ribus
968 4173 1368 4244 comprobatus.
1401 4171 1496 4227 Hic
1526 4187 1759 4240 namque
1790 4169 2147 4240 pontiﬁcalem
2194 4167 2365 4237 digiti-

794 4276 958 4320 tatem
987 4265 1038 4319 in
1066 4272 1256 4318 cuncta
1296 4276 1503 4317 morum
1549 4262 1828 4316 honestate
1882 4273 2230 4327 exsuperans,
2260 4272 2361 4309 non

793 4356 966 4412 solum
994 4355 1172 4410 verbis
1198 4363 1252 4410 et
1279 4353 1538 4422 exemplis
1576 4352 1871 4420 snbjectam
1898 4350 2104 4421 plebem
2131 4350 2360 4403 circum-

791 4463 1004 4518 quaque
1034 4454 1404 4517 competenter
1444 4445 1697 4511 excoluit,
1742 4445 1837 4499 sed
1881 4444 2041 4497 etiam
2093 4441 2244 4495 miris
2300 4456 2362 4494 ac

2456 548 2713 615 guoribus
2740 546 2922 601 infecti
2959 548 3147 601 salutis
3177 550 3365 618 gaudia
3408 551 3597 605 bonum
3638 552 3939 606 interventu
3968 568 4027 608 se

2460 637 2725 705 gaudeant
2751 635 2816 688 ad
2848 636 3066 705 propria
3110 637 3390 700 retulisse;
3430 640 3495 692 ad
3525 654 3749 708 quorum
3777 642 4029 696 videlicet

2458 726 2840 794 patrocinium,
2875 742 3056 794 regunt
3088 741 3150 779 ac
3190 728 3488 797 principum
3528 729 3749 800 legimus
3780 729 4028 801 frequen-

2460 816 2590 867 tiam
2621 813 2961 878 conﬁnxisse,
2989 831 3051 869 ac
3078 815 3205 868 viris
3235 817 3346 870 suis
3366 818 3520 870 xenia
3549 818 3774 887 plurima
3806 820 3872 873 ad
3902 822 4025 874 sub.

2462 902 2741 959 levandam
2788 922 3066 960 servorum
3106 908 3199 962 Dei
3230 917 3284 962 et
3323 924 3615 977 pauperum
3676 912 4026 981 indigentiam

2465 998 2655 1050 devote
2681 998 2995 1064 contulisse,
3039 1000 3125 1053 ubi
3182 1001 3346 1054 etiam
3396 1002 3625 1058 diversis
3676 1007 4026 1076 temporibus,

2463 1088 2690 1142 miriﬁca
2747 1098 2871 1142 sunt
2923 1100 3139 1145 ostensa
3190 1093 3441 1148 virtutum
3492 1096 3769 1150 amborum
3824 1099 4032 1155 meritis

2465 1180 2713 1249 insignia.
2766 1180 2869 1235 Sed
2916 1181 2997 1234 vel
3047 1193 3265 1253 pr0pter
3308 1186 3631 1255 irruptiones
3678 1188 4028 1244 barbararum

2464 1267 2725 1336 gentium,
2753 1268 2831 1320 vel
2862 1278 3009 1323 certe
3039 1280 3257 1339 propter
3285 1273 3605 1343 scriptorum
3634 1276 3889 1347 inopiam,
3914 1282 4030 1334 sine

2465 1360 2627 1412 dubio
2663 1370 2784 1413 sunt
2808 1362 3168 1427 prmtermissa
3199 1364 3276 1418 vel
3309 1367 3531 1434 perdita.
3557 1367 3686 1422 Cum
3709 1370 3867 1424 etiam
3891 1370 4031 1427 hanc

2466 1450 2771 1503 noverimus
2822 1451 3007 1503 urbem
3054 1452 3122 1505 ob
3183 1454 3596 1509 inhabitantium
3653 1459 4028 1513 enormitatem

2465 1538 2747 1599 scelerum,
2778 1538 2935 1591 simul
2983 1555 3101 1593 cum
3152 1541 3309 1595 rebus
3350 1542 3730 1598 Wandalorum
3767 1556 4028 1602 vastatam

2464 1629 2835 1699 persecutione
2858 1631 3149 1683 crudelium
3180 1647 3241 1685 ac
3264 1635 3599 1701 postmodum
3629 1637 3834 1704 antiqui
3861 1638 4029 1691 hostis

2464 1718 2673 1788 insidiis
2726 1714 2999 1772 atrocibus
3056 1718 3389 1774 ﬂammarum
3432 1723 3689 1778 incendiis
3716 1739 4027 1782 concrema-

2393 1803 2435 1861 Β
2469 1816 2596 1859 tant.

2538 1898 2647 1953 lloc
2679 1907 2853 1953 tamen
2897 1916 2999 1953 non
3028 1910 3110 1953 cst
3140 1902 3353 1955 silentio
3404 1904 3834 1972 supprimendum
3887 1909 4029 1975 quod

2465 2005 2558 2044 Ote
2580 1992 2931 2059 quormndam
2959 1993 3111 2046 nobis
3134 1993 3360 2047 ﬁdeliter
3382 2004 3465 2048 est
3498 1995 3741 2050 relatum.
3772 1996 4032 2053 Martinus

2466 2078 2802 2133 Turonortnn
2834 2090 3052 2134 sanctus
3082 2082 3364 2151 episcopus
3411 2093 3520 2139 toto
3556 2086 3708 2148 orbe,
3740 2096 3795 2140 ut
3843 2097 4028 2142 notum

2464 2180 2559 2229 est,
2596 2170 3004 2229 falliOSiSSittttls.
3032 2172 3188 2226 beato
3234 2173 3523 2228 Maximino
3549 2175 3891 2231 Trevirorum
3931 2194 4027 2232 an-

2466 2259 2616 2311 tistiti
2669 2260 2953 2312 admodum
2999 2260 3173 2315 fuerat
3209 2261 3679 2326 familiarissimus,
3705 2266 3776 2319 ita
3806 2277 3862 2320 ttt
3891 2284 4030 2336 sa'pe

2463 2346 2670 2399 collatis
2700 2347 3005 2400 fruerentur
3036 2348 3303 2417 alloquiis,
3328 2362 3379 2405 et
3402 2353 3617 2407 beatum
3663 2354 3880 2410 Petrum
3924 2357 4029 2411 lto-

2464 2450 2603 2486 tnatn
2646 2436 2848 2502 pariter
2907 2437 3122 2500 adituri,
3180 2442 3377 2495 mutuis
3437 2442 3619 2496 viatim
3677 2444 4030 2502 inniterentur

2462 2524 2762 2591 colloquiis.
2791 2523 2979 2578 lteatus
3012 2526 3170 2595 igitur
3192 2527 3449 2584 Martinus
3477 2535 3742 2586 communi
3773 2534 4029 2598 disposito

2462 2617 2690 2684 quodam
2731 2626 2968 2686 tempore
3000 2619 3049 2671 id
3076 2630 3319 2683 acturus,
3349 2624 3646 2678 oratorium
3698 2629 3836 2680 beati
3884 2627 4030 2681 Man-

2463 2708 2599 2759 sueti
2633 2708 2697 2760 ad
2731 2708 2871 2777 quod
2905 2709 3266 2764 declinaverat
3293 2713 3528 2767 divinam
3563 2726 3883 2772 exoraturus
3922 2719 4031 2773 cle—

2462 2796 2751 2859 mentiatn,
2787 2797 3008 2850 devotus
3058 2807 3115 2851 ut
3161 2809 3298 2865 erat,
3354 2802 3683 2872 ingreditur;
3740 2822 3858 2860 cum
3904 2822 4030 2861 ecce

2460 2892 2680 2950 repente
2738 2884 3014 2950 cujusdam
3072 2889 3498 2945 sanctimonialis
3552 2894 3774 2963 spiritus
3809 2896 4027 2964 puellae,

2460 2973 2610 3041 cujus
2640 2992 2833 3045 corpus
2861 2994 2961 3030 non
2989 2978 3142 3049 longe
3164 2991 3286 3037 ante
3311 2985 3575 3052 sepultum
3611 3003 3676 3041 eo
3705 2987 3805 3042 loci
3834 2990 4027 3055 fuerat,

2462 3069 2702 3136 repetitis
2729 3072 2949 3124 vocibus
2984 3074 3156 3126 sancti
3190 3075 3291 3127 viri
3334 3091 3527 3130 nomen
3560 3094 3624 3132 cx
3664 3080 3907 3148 sepulcro
3952 3084 4032 3135 in-

2393 3158 2437 3218 C
2468 3160 2721 3229 geminat.
2755 3160 2915 3228 Cujus
2950 3165 3197 3231 precibus
3219 3180 3338 3219 cum
3373 3169 3456 3221 vir
3482 3168 3669 3223 beatus
3707 3170 4029 3238 intenderet,

2468 3252 2710 3321 protinus
2745 3252 2831 3304 ila
2863 3253 3211 3322 subsequitur
3240 3275 3251 3308 :
3280 3256 3649 3323 Sanctissime,
3679 3262 3877 3330 inquit,
3902 3280 4033 3332 pon-

2467 3343 2619 3406 tifex,
2654 3343 2790 3396 cwlo
2848 3344 3108 3413 terrisque
3162 3356 3485 3416 praepotens,
3539 3351 3727 3408 animae
3776 3354 4033 3409 miserere

2462 3433 2672 3501 sepulti.
2700 3435 2905 3503 Corpus
2932 3434 3146 3502 quidem
3182 3437 3279 3490 hic
3299 3439 3492 3508 legitur
3526 3441 3707 3504 terris,
3736 3442 3826 3495 sed
3875 3443 4035 3510 Spiri-

2468 3533 2554 3578 tus
2609 3526 2783 3578 adhuc
2836 3534 3085 3579 versatur
3134 3527 3184 3579 in
3246 3531 3453 3597 pmnis;
3507 3532 3697 3586 adhibe
3762 3534 3814 3587 in
3882 3536 4036 3588 auxi-

2464 3612 2590 3667 lium
2648 3615 2969 3668 sanctissimi
3004 3615 3260 3671 Mansueti
3322 3630 3374 3673 et
3443 3629 3587 3674 tuum
3652 3623 4031 3692 patrocinium,

2464 3704 2707 3772 hancque
2734 3705 2991 3757 salvatam
3021 3707 3335 3769 credideris,
3386 3724 3504 3763 cmn
3554 3724 3816 3774 reversus,
3847 3726 4032 3764 vocem

2463 3810 2568 3850 non
2606 3794 2840 3849 audieris
2870 3796 3239 3864 supplicantis.
3272 3797 3405 3853 llinc
3428 3799 3513 3855 ille
3537 3800 3739 3866 abiens,
3767 3801 3869 3854 iter
3888 3802 4033 3869 quod

2464 3895 2700 3955 coeperat
2728 3885 3055 3955 aggreditur,
3087 3888 3285 3956 petenti
3314 3889 3580 3957 prtecipue
3615 3889 3897 3942 subvenire
3924 3883 4034 3942 sol-

2463 3977 2659 4031 licitus.
2688 3976 2892 4030 Interea
2922 3986 3030 4030 toto
3054 3978 3297 4031 confecto
3320 3980 3632 4043 illoitinere,
3652 3995 3769 4033 cum
3798 3980 4030 4042 rediens,

2463 4070 2670 4138 glebam
2721 4056 3014 4121 beatissimi
3072 4068 3353 4135 Mansueti,
3410 4079 3467 4123 ut
3508 4078 3625 4123 erat
3673 4069 3881 4133 solitus,
3924 4086 4032 4123 non

2464 4162 2779 4231 praeteriret,
2805 4162 3024 4229 etsigna
3058 4163 3286 4229 petentis
3315 4161 3577 4216 defunctae
3602 4163 3712 4231 jam
3746 4162 3888 4215 nulla
3911 4178 4035 4231 per-

2464 4254 2712 4320 cepisset,
2745 4252 2947 4321 gratias
2990 4251 3254 4305 Salvatori
3303 4252 3579 4320 persolvit,
3603 4253 3725 4321 quia
3757 4252 4035 4321 utriusque

2465 4342 2766 4395 interventu
2799 4341 3053 4395 salvatatn
3082 4332 3319 4411 agnovit.
3350 4341 3472 4396 Haec
3510 4343 3650 4397 enim
3682 4344 3854 4412 perire
3900 4358 4033 4412 quo-

2466 4432 2621 4486 modo
2645 4440 2875 4500 poterat,
2909 4432 2992 4484 cui
3026 4432 3157 4487 tales
3200 4433 3582 4489 intercessores
3629 4436 3888 4488 immensa
3939 4436 4033 4489 Det

794 4515 1097 4610 magniﬁcis
1155 4515 1445 4591 virtutibus
1502 4535 1806 4590 illustravit.
1860 4533 1961 4600 Qui
2019 4533 2095 4587 sic
2145 4545 2358 4601 quoque
2390 4515 2832 4573 DmiSCI'iCOFUi'J
2892 4519 3227 4574 Commem‘?
3292 4522 3387 4576 “is
3448 4524 3518 4576 ίι³
3543 4524 3741 4593 Βεδιίεν
3787 4525 3911 4593 quia
3962 4526 4031 4579 ad

791 4644 913 4683 cum
937 4628 1090 4683 daret
1112 4628 1163 4682 in
1186 4626 1636 4682 eelebrationibus
1665 4626 1825 4680 decus
1845 4666 1858 4689 ,
1886 4632 1941 4679 et
1970 4632 2187 4678 ornaret
2229 4630 2365 4677 tem-

792 4732 944 4788 pora,
979 4726 1037 4773 ut
1070 4716 1329 4787 scriptum
1374 4728 1457 4771 est
1506 4714 1692 4785 (Eccli.
1723 4730 1887 4780 xt.vn,
1922 4712 2034 4785 12),
2080 4727 2249 4782 usque
2297 4712 2364 4766 ad

792 4806 1312 4863 consummationem
1336 4806 1476 4868 vitaz,
1507 4806 1763 4860 recedens
1810 4803 1876 4858 ab
1925 4803 2025 4857 hoc
2072 4802 2268 4859 saeculo
2309 4803 2363 4855 in

792 4899 1052 4963 oratorio,
1081 4898 1222 4968 quod
1252 4897 1498 4966 superius
1529 4896 1761 4951 diximus
1780 4894 1921 4951 beati
1967 4893 2109 4949 Petri
2148 4903 2363 4963 aposto-

793 4989 968 5044 lorum
1004 4988 1264 5058 principis
1290 4988 1492 5042 bonore
1522 5002 1551 5040 a
1580 4996 1770 5041 sancto
1821 4988 1937 5040 viro
1972 4985 2208 5040 studiose
2238 4999 2369 5038 con-

792 5087 1081 5143 structum,
1105 5092 1228 5134 cum
1251 5076 1437 5132 eodem
1468 5076 1865 5145 praedecessore
1895 5090 1991 5130 suo
2022 5074 2365 5129 sanctissimo

798 5171 1063 5239 condigne
1085 5169 1311 5225 traditus
1334 5178 1416 5224 est
1436 5168 1744 5238 sepultura}.
1772 5167 1922 5222 Unde
1947 5181 2157 5237 quoque
2187 5166 2367 5220 ambo-

797 5277 917 5315 rum
941 5261 1145 5317 meritis
1187 5270 1240 5317 et
1283 5260 1765 5316 intercessionibus
1818 5259 1884 5313 ad
1938 5258 2151 5312 laudem
2202 5256 2367 5311 divini

797 5351 1029 5392 nnminic
1054 5352 1192 5392 i.!.-.m
1232 5352 1380 5392 lar-uc
1409 5366 1472 5392 τις
1512 5365 1576 5392 ρο
1605 5359 1845 5392 tnmnnm
1880 5347 2181 5392 magnificis
2220 5348 2368 5392 visus

2468 4611 2569 4664 alia
2612 4612 2898 4677 tendimus,
2938 4613 2988 4665 in
3038 4612 3121 4666 his
3162 4628 3372 4683 quoque
3398 4631 3495 4684 pro
3528 4625 3650 4671 voto
3676 4614 3832 4671 ﬁnem
3870 4616 4033 4671 facia-

2470 4718 2607 4756 ηιυε.

2542 4792 2651 4848 Ινῐοε
2680 4793 2839 4847 etiam
2870 4808 2972 4847 non
3004 4794 3221 4863 indigne
3262 4793 3462 4863 placuit
3502 4794 3863 4860 inserendum,
3891 4794 4034 4865 quod

2471 4884 2736 4953 frequenti
2770 4885 3073 4939 testimonio
3104 4885 3375 4956 vulgatum
3406 4887 3579 4941 adhuc
3610 4887 3749 4941 inter
3775 4901 3872 4941 ora
3909 4901 4032 4939 ver-

2467 4985 2617 5029 satur
2643 4974 3008 5042 plurimorum.
3039 4975 3115 5029 Ex
3163 4976 3534 5031 transmarinis
3579 4976 3860 5032 Scotorum
3908 4975 4031 5030 ﬁni-

2468 5066 2586 5131 bus,
2619 5067 2715 5119 bas
2740 5075 2916 5135 partes
2947 5066 3110 5120 moris
3143 5076 3260 5121 erat
3307 5069 3572 5137 expetisse
3615 5068 3924 5134 multorum,
3951 5068 4035 5121 in-

2471 5171 2553 5215 ter
2582 5175 2716 5231 quos
2746 5176 2808 5214 eo
2839 5168 3078 5228 tempore
3107 5161 3190 5213 vir
3227 5162 3442 5228 quidam
3489 5176 3692 5231 pauper
3738 5174 3860 5214 cum
3906 5174 4034 5213 con-

2459 5248 2589 5321 juge
2625 5249 2819 5303 dicitur
2840 5251 3164 5315 accessisse;
3208 5250 3409 5318 antiqui
3444 5251 3584 5305 enim
3619 5251 3873 5319 temporis
3898 5249 4036 5305 mul-

2471 5353 2552 5392 tos
2583 5341 2720 5392 fama
2742 5341 2981 5392 excierat
3022 5357 3132 5392 suae
3172 5342 3347 5392 gentis
3392 5343 3563 5392 virum
3606 5342 4033 5392 sanctissimum.
