4482 5524
384 455 489 511 653

385 659 524 713 inter
552 658 627 712 rei
658 656 936 711 familiaris
962 654 1264 719 commoda,
1283 669 1386 709 non
1412 669 1617 723 magna:
1638 654 1952 722 quantitatis

384 748 575 803 solitus
601 746 746 801 alere
774 746 1067 815 porculam,
1098 744 1293 799 futuris
1338 744 1437 798 sibi
1479 759 1721 799 escarum
1768 743 1954 798 usibus

387 838 742 892 inferendam.
776 836 843 891 Ut
872 845 1049 889 autem
1090 834 1289 890 assolet
1333 835 1388 889 in
1431 843 1577 888 tanta
1615 834 1954 889 multitudine

387 929 685 991 hominum,
716 927 946 983 amicam
978 926 1256 981 bestiolam
1285 941 1406 981 cum
1432 926 1708 981 absentem
1753 926 1956 981 diutius

385 1020 673 1088 conspicit,
705 1018 848 1074 furto
874 1020 974 1073 sibi
1006 1019 1271 1073 sublatam
1299 1033 1501 1088 pauper
1544 1018 1811 1089 intelligit.
1847 1018 1954 1072 Fu-

386 1112 559 1164 rantis
574 1120 749 1165 autem
774 1126 1055 1179 personam
1079 1126 1199 1163 cum
1223 1124 1480 1179 nusquam
1514 1110 1958 1178 deprehenderet,

388 1200 567 1255 damni
596 1200 676 1253 sui
707 1216 809 1253 non
832 1200 1010 1254 ferens
1038 1199 1395 1270 dispendium,
1428 1202 1493 1254 ad
1530 1214 1739 1255 sacram
1786 1200 1953 1254 :cdem

388 1290 583 1354 tendit,
614 1299 669 1343 et
698 1288 896 1350 efferis,
945 1298 1003 1343 ut
1052 1288 1336 1345 Scotorum
1382 1299 1571 1343 natura
1618 1299 1722 1352 est,
1764 1290 1957 1343 animis

387 1380 593 1435 tumulo
639 1381 810 1435 sancti
852 1397 909 1435 se
940 1391 1189 1436 maestum
1217 1380 1421 1451 injecit,
1453 1390 1508 1434 et
1537 1379 1748 1449 plenum
1784 1380 1959 1448 queri-

388 1473 609 1535 moniis,
630 1481 684 1526 et
718 1482 775 1526 ut
806 1474 988 1528 rustici
1021 1474 1199 1527 verbis
1229 1473 1453 1542 eloquar
1485 1492 1495 1524 :
1526 1472 1569 1527 Ο
1615 1480 1800 1526 sancte
1842 1470 1953 1531 Dei,

387 1561 633 1626 Scotum,
661 1563 900 1632 inquam,
928 1573 978 1617 te
1022 1563 1241 1618 Scotum
1271 1574 1327 1617 et
1355 1579 1457 1627 me,
1485 1564 1627 1633 genti
1666 1563 1959 1633 Scotigeua:

385 1656 652 1725 prOpitius
684 1658 959 1711 miserere.
993 1656 1074 1709 Ille
1097 1658 1307 1710 eminus
1341 1657 1572 1726 positum
1606 1656 1743 1709 forte
1770 1655 1959 1723 juvare

386 1751 688 1813 debueras;
734 1764 860 1803 ecce
890 1763 1112 1818 peregre
1159 1750 1527 1810 constitutum,
1554 1748 1681 1816 quid
1728 1744 1960 1813 aporiari

385 1839 610 1908 pateris,
643 1839 770 1907 quid
800 1839 959 1892 rebus
982 1839 1197 1892 destitui
1222 1838 1525 1908 permittis?
1568 1836 1771 1898 Redde.
1804 1836 1959 1891 obse-

1310 447 1395 502 DE
1435 447 1589 501 VlTA
1629 446 1684 500 S.
1730 445 2075 500 MANSLTETI
2117 445 2288 498 LIBRI
2334 444 2487 500 DllO.
2528 474 2595 483 —
2635 444 2758 498 LIB.
2806 444 2865 497 ll.

385 568 536 624 sticis
564 579 754 637 exigua
799 563 971 619 fuerat
1014 562 1300 617 admodum
1348 560 1711 630 supellectilis,
1744 569 1947 614 tantum
1982 569 2025 621 Α

2127 559 2344 612 interim
2401 560 2536 613 latro
2586 558 2774 612 avidus
2822 558 3075 612 miserum
3129 556 3253 613 illud
3291 558 3486 613 animal
3511 559 3622 628 jam

2059 648 2201 702 ferro
2234 650 2637 717 prsefocaverat,
2664 664 2756 717 spe
2786 650 3023 718 gaudens
3066 650 3339 703 saturandi
3394 652 3627 718 gutturis

2055 757 2117 794 ex
2150 740 2233 793 his
2263 754 2396 807 quas
2428 738 2569 792 furto
2611 739 2913 808 sublegerat
2961 740 3182 809 rapinis.
3218 738 3325 794 Nec
3379 739 3468 793 ditt
3511 741 3623 793 dis-

2059 830 2175 883 tulit
2222 840 2439 882 sanctus
2490 829 2571 882 sui
2622 829 2984 898 querimonias
3063 830 3328 898 pauperis.
3380 828 3512 883 Nam
3568 839 3628 883 ut

2055 920 2319 973 exstincta
2352 918 2520 971 bestia
2554 919 2831 989 tegebatur
2878 918 3140 981 latibulis,
3191 920 3385 974 virtute
3431 919 3624 983 sancti,

2057 1012 2181 1067 flatu
2248 1012 2522 1075 redeunte,
2579 1012 2630 1066 in
2682 1012 2844 1082 pedes
2889 1012 3132 1082 erigitur,
3183 1011 3419 1080 furisque
3470 1012 3629 1066 domo

2058 1106 2320 1162 violenter
2368 1105 2627 1175 eripitur;
2693 1119 2754 1158 ac
2804 1103 3189 1158 contubernale
3238 1104 3504 1158 stabulum
3552 1104 3629 1157 in-

2058 1214 2285 1272 gressa,
2343 1212 2444 1252 non
2501 1198 2617 1252 sine
2673 1197 2961 1252 multorum
3011 1198 3362 1252 admiratione
3411 1198 3629 1267 proprio

2060 1290 2277 1345 domino
2308 1290 2425 1343 viva
2452 1299 2506 1343 et
2542 1288 2820 1343 incolumis
2848 1290 3165 1343 restituitur.
3199 1288 3287 1342 Sic
3316 1288 3497 1342 delusa
3547 1296 3633 1343 est

2061 1382 2227 1449 iniqui
2258 1380 2393 1434 furis
2428 1381 2812 1450 prmsumptio;
2862 1382 2939 1433 sic
2996 1394 3197 1448 pauper
3247 1388 3519 1433 recreatus
3547 1388 3631 1432 cst

2060 1486 2157 1527 suo
2184 1474 2323 1539 quod
2353 1470 2526 1524 fuerat
2567 1485 2753 1538 passus
2782 1472 2928 1541 gravi
2977 1470 3297 1534 infortunio;
3350 1470 3426 1524 sic
3467 1471 3630 1523 etiam

2062 1564 2393 1618 admirabilis
2436 1563 2570 1617 facta
2611 1574 2689 1617 est
2717 1579 2818 1618 non
2848 1571 3050 1615 tantum
3091 1563 3139 1613 in
3188 1562 3435 1615 maximis
3469 1575 3631 1629 quam

2061 1659 2224 1713 etiam
2257 1659 2307 1710 in
2340 1658 2499 1710 rebus
2523 1655 2737 1714 vilibus.
2767 1653 2935 1708 sancti
2969 1651 3251 1714 Mausneti,
3292 1652 3335 1705 si
3398 1651 3498 1704 fide
3543 1665 3631 1719 pe-

2064 1748 2213 1809 titur,
2241 1746 2641 1800 evidentissima
2672 1746 2858 1797 virtus.
2895 1744 2949 1796 Si
2974 1743 3094 1813 quis
3126 1757 3251 1796 vero
3280 1742 3402 1796 huic
3441 1744 3511 1796 rei
3545 1744 3630 1797 in—

2062 1839 2313 1895 credulus
2338 1854 2455 1893 esse
2485 1838 2737 1901 voluerit,
2788 1836 2918 1891 nihil
2968 1846 3151 1889 nostra
3198 1834 3464 1897 intererit,
3509 1848 3629 1888 cmn

387 1945 502 1994 cro,
534 1931 676 1997 Quod
728 1931 953 1998 perdidi,
989 1930 1149 1983 redde
1177 1930 1316 1999 quod
1344 1930 1429 1983 fur
1459 1929 1653 1997 impius
1680 1928 1815 1982 forte
1844 1928 1956 1996 jam
1994 1916 2038 1975 Β
2066 1932 2167 1987 hoc
2199 1933 2241 1986 si
2272 1932 2502 1985 siseitari
2552 1930 2833 1998 placuerit,
2869 1928 3159 1982 multorum
3196 1926 3371 1981 adhuc
3420 1926 3633 1981 relatio-

386 2021 639 2074 absumit.
671 2018 792 2073 Hmc
823 2028 875 2073 et
916 2020 997 2075 his
1029 2021 1222 2074 similia
1260 2020 1425 2073 multa
1469 2032 1799 2089 prosequens
1826 2033 1957 2086 pau-

385 2127 482 2182 per
507 2112 613 2175 ille,
649 2112 819 2166 tristis
842 2113 1097 2181 recipitur
1120 2113 1371 2182 hospitio.

398 2314 671 2340 συντ-’ὀ-

2062 2024 2218 2078 nibus
2240 2022 2583 2092 comprobabi

1566 2471 1862 2548 LIBER
1924 2466 2475 2547 SECUNDUS.

980 2808 1206 2864 CAPUT
1248 2808 1362 2862 XV.

388 2902 576 2973 Incipit
602 2900 905 2970 opusculum
932 2900 1088 2973 libelli
1112 2898 1466 2963 sequentis.ilc
1490 2898 1569 2949 his
1596 2913 1709 2964 quw
1732 2912 1823 2965 per
1847 2912 1963 2949 eum

845 2980 957 3039 post
989 2971 1182 3021 obitum
1208 2980 1348 3038 gesta
1372 2978 1509 3020 sunt.

459 3064 722 3129 Quoniam
754 3062 805 3115 in
837 3060 1123 3115 anterioris
1172 3060 1519 3114 exsecutione
1561 3056 1740 3127 operis
1762 3097 1776 3121 ,
1805 3064 1963 3125 prout

2072 2798 2287 2870 ligionis
2324 2798 2567 2852 ordinem
2601 2794 2893 2851 committit
2919 2794 3296 2865 reparandum.
3343 2792 3442 2861 Qui
3492 2778 3638 2849 vide-

2070 2890 2195 2944 licet
2242 2889 2323 2942 vir
2374 2887 2728 2953 venerabilis,
2772 2894 2831 2939 ut
2872 2894 2992 2940 erat
3037 2884 3507 2953 religiosissimus,
3540 2886 3642 2938 sub

2065 2980 2474 3050 prmpositorum
2496 2993 2660 3031 manu
2688 2975 3074 3030 monachorum
3103 2974 3311 3041 aliquos
3338 2972 3636 3041 delegavit,

2066 3078 2121 3123 et
2144 3069 2268 3139 quia
2300 3069 2407 3122 illic
2436 3066 2700 3135 stipendia
2730 3080 2794 3119 eo
2832 3074 3070 3131 tempore
3111 3062 3367 3123 deerant,
3408 3058 3640 3127 propriis

386 3156 567 3208 divina
630 3152 931 3207 sublimitas
978 3152 1042 3205 ad
1089 3152 1399 3205 memoriam
1455 3151 1797 3219 praesentium
1831 3158 1960 3203 tem-
1989 3179 2033 3240 Ο
2066 3159 2379 3214 monasterii
2412 3158 2493 3212 sui
2526 3157 2827 3226 sumptibus
2858 3154 3079 3208 alendos
3112 3152 3441 3206 instituerat.

386 3262 576 3316 porum
625 3244 989 3300 renovandum
1037 3244 1314 3314 exiguitati
1369 3252 1567 3297 nostrze
1622 3241 1959 3300 contulerat,

389 3350 557 3403 pauca
608 3350 673 3387 ex
724 3333 964 3403 pluribus
1011 3333 1249 3387 breviter
1304 3332 1690 3401 explicuimus,
1745 3346 1807 3386 ea
1862 3331 1965 3383 sci-

387 3424 511 3478 licet
559 3438 677 3492 qum
731 3424 855 3475 dum
915 3432 1158 3476 maneret
1210 3423 1262 3476 in
1302 3435 1557 3491 corpore,
1613 3420 1704 3473 Dei
1746 3430 1827 3475 est
1858 3421 1965 3474 vir-

389 3522 504 3567 tute
556 3522 844 3581 operatus.
900 3512 1115 3566 omissis
1168 3512 1255 3567 hic
1298 3528 1417 3581 qua:
1458 3514 1541 3565 vel
1590 3512 1828 3575 incuria,
1881 3512 1962 3565 vel

389 3605 609 3674 prolixa:
648 3606 932 3659 vetuStatis
962 3606 1164 3659 desidia
1202 3605 1364 3659 tacita
1407 3615 1530 3659 sunt
1568 3604 1651 3658 vel
1681 3604 1959 3673 neglecta,

390 3696 457 3750 ad
489 3712 551 3752 ea
586 3712 799 3766 quoque
830 3713 946 3764 qua:
978 3707 1163 3751 nostra
1202 3706 1359 3752 zelate
1393 3707 1545 3765 gesta
1582 3706 1741 3761 sunt,
1783 3713 1963 3752 susce-

388 3787 466 3856 pti
524 3789 721 3857 negotii
776 3789 1012 3841 studium
1070 3797 1488 3865 convertamus;
1543 3802 1664 3856 quae
1714 3788 1966 3843 videlicet

392 3888 545 3933 tanto
603 3879 847 3933 securius
904 3877 1227 3948 proferimus
1258 3920 1271 3941 .
1324 3888 1528 3949 quanto
1581 3879 1695 3933 luce
1751 3895 1964 3950 quoque

393 3970 620 4023 vicinius
657 3970 821 4023 fuisse
856 3968 995 4024 facta
1036 3970 1149 4023 sine
1179 3970 1341 4025 dubio
1382 3978 1660 4034 tenemus;
1698 3970 1748 4023 in
1779 3971 1966 4039 primis

391 4061 433 4115 si
472 4060 718 4129 quidem.
743 4060 1001 4121 ...sive.
1037 4068 1095 4113 ut
1130 4059 1397 4123 diximus,
1434 4059 1713 4113 barbarica
1769 4060 1966 4113 irrum-

392 4158 553 4218 penle
582 4185 631 4200 ..
654 4187 667 4201 .
688 4186 701 4200 .
730 4148 942 4202 feritate
974 4149 1210 4216 gentium
1233 4190 1247 4214 ,
1277 4163 1369 4203 seu
1402 4152 1566 4203 etiam
1598 4149 1966 4205 celeberrimis

391 4240 535 4293 inter
575 4253 632 4292 se
671 4239 1162 4294 consectationibus
1199 4239 1519 4309 populorum
1549 4254 1643 4309 per
1672 4240 1957 4295 succeden-

392 4331 465 4383 tia
505 4339 745 4399 tempora
780 4330 950 4384 isdem
982 4331 1130 4387 locus
1161 4332 1319 4387 rebus
1349 4333 1623 4403 privatus,
1653 4332 1960 4386 munitioni-

391 4423 491 4477 bus
530 4422 851 4491 dissipatus,
895 4438 1029 4493 pene
1070 4424 1137 4477 ad
1186 4424 1409 4478 nihilum
1453 4422 1629 4478 fuerat
1670 4423 1919 4478 redactus
1944 4464 1957 4487 ,

2649 3266 2875 3324 CAPUT
2913 3266 3047 3320 XVI.

2069 3366 2141 3419 De
2184 3364 2413 3435 quadam
2444 3378 2578 3415 caeca
2599 3377 2760 3481 ,quw
2790 3371 2912 3441 ante
2934 3359 3159 3428 jununm
3202 3355 3335 3409 beati
3379 3352 3640 3407 Mausueti

2625 3448 2641 3481 ι
2671 3431 2927 3481 lummala
2977 3437 3073 3480 est.

2625 3431 2927 3484 illuminata
2977 3437 3073 3480 est.

2138 3525 2352 3581 Pracfati
2401 3525 2563 3593 igitur
2606 3520 2902 3577 felicissimi
2934 3517 3191 3572 antistitis
3222 3516 3430 3570 Domini
3462 3515 3639 3569 Gauz-

2066 3620 2156 3673 lini
2192 3628 2463 3687 tempore,
2496 3614 2621 3668 dum
2654 3614 2822 3667 isdem
2854 3610 3005 3664 locus
3050 3609 3150 3662 sub
3196 3606 3639 3676 prznpositorum,

2068 3722 2124 3765 ut
2175 3709 2441 3771 diximus,
2490 3704 2736 3761 custodia
2786 3709 3002 3772 ageret,
3051 3714 3169 3769 qua:
3214 3709 3338 3752 ante
3373 3712 3401 3751 e
3434 3697 3640 3759 vicino.

2065 3802 2150 3857 vel
2201 3810 2322 3871 post
2365 3801 2478 3853 visu
2523 3798 2607 3853 vel
2658 3796 2843 3850 auditu
2876 3792 3238 3861 contigerint,
3283 3790 3411 3843 satis
3452 3790 3523 3842 sit
3560 3788 3643 3843 vel

2066 3907 2236 3963 pauca
2290 3892 2356 3945 de
2402 3888 2584 3943 multis
2633 3886 2907 3956 expedire.
2959 3881 3245 3936 Widonem
3294 3879 3447 3934 istius
3490 3878 3641 3933 urbis

2065 3984 2219 4039 multi
2270 3989 2538 4037 noverunt
2584 3978 2859 4035 comitem.
2914 3974 3013 4029 llic
3063 3972 3301 4027 viculum
3352 3969 3641 4039 quemdam

2065 4076 2327 4131 habuerat
2361 4075 2428 4127 ab
2466 4073 2599 4126 urbe
2641 4085 2747 4125 non
2792 4069 2949 4138 longe
2992 4066 3271 4137 positum;
3315 4079 3474 4133 quem
3517 4062 3643 4131 quia

2066 4168 2178 4237 ipse
2208 4172 2619 4227 construxerat,
2649 4175 2819 4230 usque
2849 4160 2899 4213 in
2930 4172 3170 4227 praesens
3202 4166 3415 4224 tempus
3448 4168 3644 4207 nomen

2066 4256 2316 4310 Widonis
2346 4253 2525 4307 habet.
2574 4252 2629 4305 ln
2659 4252 2762 4305 hoc
2786 4251 3028 4320 quaedam
3062 4248 3256 4301 ancilla
3285 4246 3400 4313 ejus
3430 4244 3644 4309 fuerat,

2066 4361 2185 4415 qua:
2223 4344 2334 4412 jam
2378 4358 2473 4413 per
2500 4357 2671 4396 annos
2701 4357 2844 4396 caeca
2876 4350 3079 4410 septem
3112 4338 3497 4407 permanebat,
3532 4336 3645 4388 haec

2060 4445 2114 4491 et
2143 4433 2426 4503 coniugem
2459 4441 2513 4486 et
2542 4431 2679 4486 filius
2708 4433 2885 4501 potius
2914 4433 2979 4484 ad
3004 4428 3328 4483 calumniam
3350 4468 3363 4491 ,
3392 4441 3551 4494 quam
3578 4427 3645 4478 ad

391 4512 704 4582 frequenter
754 4514 917 4567 etiam
958 4514 1197 4567 virorum
1236 4513 1572 4568 saecularium
1609 4513 1959 4568 dominationi
1991 4530 2038 4588 υ
2066 4523 2161 4591 δίῃ.

1878 4515 1959 4568 Olli
1991 4530 2038 4588 υ
2066 4522 2387 4591 adjutorium
2430 4520 2757 4591 possidebat.
2800 4518 2937 4586 Quid
2984 4526 3167 4589 ageret
3190 4518 3407 4570 omnino
3441 4516 3648 4569 nescie-

392 4606 681 4676 subjectus.
721 4606 932 4660 Interea
972 4605 1128 4677 longa
1164 4606 1375 4663 evoluta
1411 4621 1627 4677 quoque
1664 4615 1963 4678 temporum

392 4696 567 4758 serie,
614 4702 735 4765 post
781 4695 1113 4765 Drogonem,
1158 4696 1419 4768 inclytum
1471 4696 1770 4749 Leucorum
1819 4696 1969 4750 urbis

392 4785 726 4856 episcopum,
744 4785 972 4841 domnus
996 4785 1248 4842 Goslinus
1263 4787 1609 4842 nobilissimis
1637 4786 1967 4842 Francorum

394 4877 665 4933 natalibus
710 4888 897 4943 ortus,
960 4878 1157 4949 pietate
1208 4890 1263 4935 et
1310 4880 1569 4952 religione
1615 4879 1967 4951 conspicuus,

394 4969 695 5025 litterarum
736 4971 930 5025 studiis
968 4972 1209 5041 apprime
1247 4972 1522 5039 eruditus,
1563 4990 1659 5044 per
1704 4973 1799 5028 Dei
1846 4988 1972 5043 pro-

394 5062 686 5117 videntiam
734 5060 970 5125 electus,
1006 5062 1058 5115 in
1099 5063 1200 5116 hac
1244 5062 1373 5118 sede
1419 5073 1501 5118 est
1542 5064 1782 5133 pontifex
1829 5066 1972 5121 ordi-

396 5162 588 5216 natus,
621 5150 713 5221 qui
754 5150 1043 5220 diligenter
1068 5151 1273 5206 clerum
1308 5152 1631 5220 instituens,
1666 5156 1813 5209 viros
1843 5172 1970 5228 pru-

399 5241 588 5297 dentes
638 5240 995 5311 undecunque
1032 5242 1321 5313 colligens,
1363 5245 1551 5299 urbem
1589 5245 1747 5301 rebus
1788 5248 1972 5313 auxit,

398 5331 663 5402 sapientia
705 5331 1014 5399 decoravit,
1053 5334 1356 5404 providenti
1400 5336 1803 5404 dispensatione
1854 5356 1972 5395 mu-

398 5424 527 5458 n:l'::
582 5423 684 5458 1.2::-
718 5425 897 5458 “anno
929 5426 1206 5458 ,κενωθείη-ενι
1242 5425 1415 5458 lana-sn
1452 5428 1675 5458 .l:vnnn:a
1747 5438 1804 5458 ul
1844 5432 1945 5458 4’:-:

2067 4616 2179 4678 bat.
2210 4614 2450 4669 omnium
2481 4623 2537 4669 et
2567 4613 2803 4667 maxime
2830 4626 3050 4666 suorum
3084 4608 3264 4663 infelix
3297 4618 3483 4678 patens
3515 4622 3643 4660 con-

2071 4705 2292 4775 temptui
2313 4744 2327 4769 ,
2357 4702 2609 4773 presenti
2640 4700 2892 4769 subjecta!
2926 4699 3139 4768 inopiae.
3172 4697 3380 4751 Interea
3412 4695 3647 4749 instabat

2076 4796 2193 4850 dies
2223 4811 2326 4865 qua
2359 4795 2815 4864 exspectabantur
2854 4791 2905 4845 in
2944 4790 3237 4846 crastinum
3278 4804 3466 4842 annuae
3506 4787 3646 4841 beati

2073 4887 2335 4943 Mansueti
2372 4885 2734 4941 solemnitatis
2783 4885 2999 4954 gaudia.
3050 4882 3185 4935 Tum
3238 4881 3325 4935 illa
3374 4880 3647 4935 inimicam

2073 4976 2369 5032 caecitatem
2424 4972 2733 5044 perferens,
2780 4974 2973 5027 turmis
3011 4987 3069 5026 se
3117 4971 3332 5025 miscuit
3375 4966 3648 5023 confluen-

2078 5070 2211 5123 tium
2234 5108 2251 5135 ,
2283 5067 2459 5121 alieno
2497 5065 2619 5119 duci
2659 5065 2935 5130 innititur,
2969 5063 3108 5119 beati
3140 5061 3406 5133 pontificis
3437 5061 3654 5114 domum

2076 5158 2414 5233 gemebunda
2450 5156 2775 5227 ingreditur,
2813 5154 3028 5210 fletibus
3057 5152 3272 5222 profusa
3318 5150 3538 5213 faciem,
3584 5151 3657 5202 di-

2076 5255 2215 5308 vinae
2280 5248 2577 5321 maiestatis
2636 5249 2872 5303 amicum
2926 5248 3178 5309 invocat,
3233 5243 3378 5297 mitis
3422 5243 3661 5311 pastoris

2079 5346 2366 5401 affuturam
2397 5341 2501 5397 sibi
2533 5338 2881 5396 clementiam
2909 5345 3121 5395 exorat.
3163 5335 3404 5404 Cumque
3451 5334 3503 5387 in
3542 5347 3662 5385 ora-

2320 5441 2569 5456 .._--.-..-
2600 5434 2822 5454 ---..!-..-
2875 5433 2930 5454 ,ι
2970 5426 3204 5452 ---ΙΝ-ἱ..
3230 5426 3511 5452 -..ε-,ηυηζιλ
3544 5440 3661 5450 λη-..
