4482 5524
1905 374 2200 431 ADSONIS
2234 376 2616 437 DERVENSIS
2649 383 2938 444 ABBATIS

797 467 1048 522 ardentes
1073 468 1173 523 sibi
1204 479 1388 539 patere
1419 478 1643 541 asserit,
1685 480 1778 534 Eia
1801 523 1814 546 ,
1856 484 2105 553 inquiens
2126 530 2139 551 ,
2178 499 2363 542 sancte
2390 487 2443 547 Α
2470 488 2532 539 ad
2563 492 2828 549 seniorem
2857 499 3168 568 revertitur,
3198 513 3253 560 et
3291 504 3400 574 jam
3446 524 3610 566 sanus
3651 513 3824 572 factus
3857 522 4039 580 colore

797 554 888 580 n-:
955 571 1144 580 -_--_.
1178 559 1373 580 ξιιμ-Αοη
1397 578 1405 580 _
1428 566 1486 580 _..
1557 567 1569 579 .
1620 568 1646 580 Α
1920 575 1948 580 -,
1976 577 1985 580 _
2083 578 2090 580 _
2470 577 2480 580 _

795 554 923 619 Dei,
951 571 1147 612 eaeam
1178 559 1487 619 illuminasti
1508 606 1523 629 ,
1556 567 1825 625 infirmam
1853 575 2126 640 solidasti,
2160 580 2365 635 tristem

802 642 1066 700 refovisti.
1097 647 1306 705 Amodo
1336 667 1422 707 me
1448 655 1556 709 tuis
1579 658 1855 727 obsequiis
1882 663 2075 717 habeto
2102 665 2365 723 famulan-

794 741 933 799 tem,
984 749 1146 804 super
1190 753 1352 807 quam
1401 750 1548 798 tuam
1596 750 1890 815 potentiam
1940 754 2245 808 ostendisti.
2286 757 2363 811 Ita

791 835 912 889 quae
950 825 1128 882 alieno
1169 830 1303 885 duce
1344 844 1603 901 venerat,
1650 839 1854 894 collata:
1895 840 2031 897 lucis
2072 845 2363 902 Auctorem

792 912 962 971 libera
993 918 1207 975 rediens
1232 924 1482 979 omnibus
1510 928 1855 995 prmdicabat.

1357 1013 1587 1071 CAPUT
1640 1016 1797 1073 XVII.

908 1094 990 1152 De
1017 1099 1232 1155 muliere
1259 1115 1447 1157 sanata
1466 1148 1480 1169 ,
1510 1124 1629 1176 qua:
1657 1129 1687 1162 α
1714 1112 2043 1169 daemonibus
2072 1129 2255 1173 vexata

1288 1190 1494 1228 sensum
1539 1182 1854 1246 perdiderat.

860 1257 1169 1331 Stephanus
1198 1266 1416 1334 quidam
1446 1270 1602 1326 miles
1634 1274 1775 1329 inter
1810 1291 1936 1331 suos
1974 1295 2079 1333 non
2123 1282 2356 1348 infimus,

788 1363 895 1403 non
928 1350 1084 1422 longe
1112 1355 1181 1408 ab
1212 1358 1344 1410 urbe
1384 1374 1512 1414 rure
1548 1365 1767 1433 proprio
1807 1372 2222 1436 commanebat;
2267 1375 2354 1430 hic

786 1453 853 1493 ex
898 1442 1127 1513 conjuge
1173 1443 1335 1499 filiam
1383 1463 1694 1520 acceperat,
1745 1471 1907 1524 quam
1957 1468 2143 1515 tenero
2174 1479 2357 1520 amore

782 1530 1076 1601 diligebat,
1102 1542 1185 1601 et,
1216 1544 1272 1589 ut
1302 1537 1439 1592 solet
1465 1540 1636 1597 hostis
1661 1545 1908 1601 chariora
1942 1554 2220 1619 persequi,
2250 1554 2355 1606 ele-

782 1629 867 1674 cta
903 1622 1267 1690 confundere,
1302 1627 1518 1684 incauta
1554 1648 1936 1705 perrumpere,
1978 1644 2213 1707 peccatis
2240 1647 2354 1700 exi-

784 1711 1035 1778 gentibus
1066 1730 1160 1767 vas
1192 1716 1379 1783 puellae
1421 1719 1667 1777 diabolus
1715 1725 2033 1795 ingreditur,
2074 1731 2353 1788 confundit

779 1810 1050 1867 mentem,
1098 1805 1232 1859 tollit
1272 1808 1512 1879 vigorem
1536 1853 1549 1877 ,
1592 1817 1807 1883 penitus
1845 1831 2072 1875 evacuat
2109 1839 2347 1879 sensum.
2380 1841 2427 1900 Β

777 1888 869 1944 Illa
896 1902 1149 1964 consepta
1178 1898 1428 1965 nexibus,
1460 1904 1654 1973 stipata
1686 1910 2014 1977 custodibus,
2045 1925 2352 1973 sanctorum

776 1992 809 2032 a
836 1984 1154 2049 parentibus
1182 1985 1329 2041 illata
1358 1994 1696 2059 patrociniis,
1731 1998 1943 2053 tandem
1972 2001 2023 2055 in
2054 2007 2350 2062 oratorium

778 2072 955 2125 sancti
1012 2071 1274 2130 Mansucti
1318 2081 1666 2149 perdueitur;
1715 2087 1852 2141 intra
1900 2090 2176 2147 basilicam
2223 2111 2352 2151 vero

775 2161 1044 2227 permissa
1088 2173 1412 2232 pernoctare
1442 2185 1548 2224 uno
1578 2178 1864 2242 superstite
1883 2218 1896 2240 ,
1931 2182 2131 2248 pressis
2159 2199 2351 2253 sopore

773 2252 1018 2317 caeteris,
1048 2267 1110 2307 ea
1147 2263 1301 2323 parte
1329 2273 1437 2327 qua
1466 2260 1552 2316 illa
1581 2265 1694 2319 selo
1724 2266 2086 2338 decubuerat,
2117 2252 2347 2345 evagan-

772 2351 858 2398 tes
885 2360 1046 2415 supra
1078 2357 1275 2404 tectum
1303 2353 1545 2409 ecclesia:
1572 2357 1844 2415 daemones
1864 2403 1877 2427 ,
1912 2366 2103 2420 mirum
2158 2370 2303 2424 dictu
2331 2374 2342 2426 !

769 2450 930 2492 voces
961 2438 1280 2497 ululantium
1311 2459 1374 2501 ac
1406 2449 1583 2503 varios
1612 2451 1887 2508 imitantes
1916 2459 2123 2513 sonitus
2151 2462 2347 2517 bestia-

771 2542 891 2581 rum
944 2531 1122 2586 mistis
1164 2548 1289 2588 aera
1338 2540 1613 2608 complent
1658 2543 2015 2612 clamoribus,
2064 2557 2344 2622 conquesti

770 2619 983 2688 publice
1014 2623 1149 2679 nihil
1181 2626 1279 2680 sibi
1310 2638 1364 2683 et
1404 2642 1594 2687 sancto
1631 2639 1955 2703 convenire,
2001 2657 2101 2696 nec
2142 2647 2341 2701 donum

767 2712 961 2768 salutis
991 2729 1153 2783 quam
1203 2717 1303 2786 ipsi
1359 2724 1551 2777 merito
1599 2727 1983 2796 abstulissent,
2032 2734 2140 2790 ullo
2183 2738 2342 2792 modo

766 2820 927 2875 posse
968 2817 1268 2878 reportare.
1309 2811 1401 2867 Ille
1430 2816 1777 2875 tremefactus
1797 2864 1811 2887 ,
1844 2833 2070 2880 cancros
2097 2830 2298 2883 excitat
2323 2872 2337 2896 ,

763 2906 822 2950 ut
850 2905 908 2952 et
941 2900 1039 2967 ipsi
1084 2917 1244 2957 voces
1286 2907 1625 2976 perciperent
1672 2928 1806 2979 quas
1845 2914 1933 2967 ille
1977 2918 2245 2973 audiebat.
2272 2922 2340 2974 At

768 3004 897 3045 vero
930 2990 1001 3044 illi
1032 3008 1152 3047 cum
1186 3010 1284 3064 per
1328 2998 1532 3067 aliquot
1572 3002 1732 3056 horas
1771 3006 1945 3073 palam
1987 3008 2334 3078 insultarent,

762 3082 966 3151 egressi
1017 3085 1320 3141 terroribus
1370 3089 1641 3147 dzemones
1685 3094 1923 3163 fugiunt,
1971 3099 2201 3166 puellam
2245 3102 2334 3155 de-

2466 577 2519 630 in
2569 583 2860 646 pristinum
2910 602 3212 659 converso,
3256 598 3566 668 deposuisse
3605 615 3781 661 cutem
3822 614 4037 682 gavisus

2466 679 2555 724 est
2581 672 2719 728 male
2754 676 3100 736 albicantem.

3044 773 3271 833 CAPUT
3306 782 3445 838 XIX.

2816 858 2894 913 De
2931 861 3118 919 clerico
3150 884 3182 921 a
3221 869 3448 937 febribus
3488 890 3677 947 erepto.

2533 938 2631 993 Est
2660 957 2765 1011 quo
2792 984 2804 996 .
2833 986 2846 1000 .
2875 986 2891 1001 .
2920 987 2935 1002 .
2960 952 3157 1009 simum
3190 957 3331 1015 hunc
3360 962 3573 1020 beatum
3604 969 3716 1023 vir.
3746 1011 3759 1024 .
3787 1012 3800 1026 .
3828 1014 3842 1028 .
3866 977 4031 1033 etiam

2460 1031 2699 1097 quaesita:
2725 1037 2972 1094 sanitatis
3015 1046 3311 1113 saepissime
3353 1057 3649 1110 remedium
3692 1064 4026 1135 contulisse;

2460 1128 2514 1172 et
2540 1132 2597 1175 ut
2624 1134 2746 1179 nota
2774 1131 3027 1198 replicem
3048 1176 3061 1198 ,
3092 1138 3325 1195 vidimus
3349 1157 3412 1196 ex
3445 1145 3588 1199 clero
3612 1164 3714 1204 non
3742 1156 4030 1213 mediocris

2460 1214 2753 1269 secundum
2784 1220 3039 1276 sarculum
3069 1242 3351 1294 personam
3380 1234 3688 1304 dignitatis,
3718 1256 3874 1309 quem
3903 1261 4030 1313 quo-

2459 1314 2562 1367 que
2592 1317 2711 1356 cum
2742 1314 2887 1360 tanta
2916 1311 2995 1364 vis
3022 1311 3251 1370 febrium
3283 1327 3394 1374 toto
3422 1328 3773 1383 tremebundo
3800 1311 4030 1403 corpore

2458 1392 2733 1449 ardentius
2782 1397 3167 1471 inflammaret,
3219 1418 3277 1463 ut
3331 1413 3443 1467 dies
3493 1428 3782 1488 noctesque
3833 1392 4025 1491 quam-

2456 1480 2638 1548 plures
2666 1486 2781 1540 sine
2809 1489 2929 1543 cibo
2958 1492 3209 1562 duceret,
3239 1501 3362 1555 vitae
3385 1503 3494 1572 jam
3520 1520 3656 1574 pene
3680 1509 4022 1581 desperatus,

2456 1570 2521 1623 ad
2565 1588 2778 1629 sacram
2822 1580 3063 1636 defertur
3101 1589 3267 1642 aedem
3316 1596 3560 1650 manibus
3604 1597 4020 1673 famulantium;

2454 1665 2764 1731 compositis
2796 1674 3108 1728 stramentis
3140 1691 3294 1731 secus
3324 1679 3465 1736 beati
3500 1700 3646 1739 aram
3679 1690 3896 1746 sedulus
3921 1710 4023 1748 ex-

2455 1753 2679 1810 cubator
2709 1764 3012 1828 exponitur.
3058 1768 3132 1821 Ita
3162 1785 3227 1825 eo
3257 1772 3376 1828 loco
3420 1776 3581 1831 biduo
3623 1794 4017 1851 commoratus,

2454 1846 2605 1915 pulso
2636 1850 2825 1907 ardore
2857 1858 3090 1923 torrido,
3124 1862 3203 1916 sic
3235 1870 3513 1933 praesensit
3543 1886 3698 1939 opem
3742 1876 4019 1932 medicina:

2454 1935 2741 2003 salvantis,
2788 1951 2843 1995 ut
2886 1944 3052 2001 libera
3095 1949 3352 2008 facultate
3393 1935 3611 2013 domum
3640 1962 3839 2017 rediret
3869 1964 4021 2019 inco-

2453 2026 2648 2093 lumis,
2697 2046 2726 2084 a
2769 2049 2873 2102 qua
2920 2040 3069 2105 prius
3111 2042 3283 2098 elatus
3334 2046 3509 2103 fuerat
3556 2068 3744 2119 passus
3785 2055 4023 2125 ignifera

2454 2124 2721 2174 tormenta
2756 2126 3040 2191 passionis.
3078 2132 3185 2187 Nec
3222 2136 3271 2187 in
3302 2137 3403 2191 boc
3448 2141 3560 2195 solo
3592 2145 3765 2198 virtus
3805 2156 4018 2202 ostensa

2448 2217 2532 2261 est
2553 2208 2853 2277 I.ujusmodi
2880 2219 3093 2275 morbos
3117 2224 3465 2291 excludendi,
3490 2231 3580 2284 sed
3607 2242 3751 2287 certe
3774 2236 4020 2305 frequen.

2453 2298 2656 2355 tissime
2687 2304 2789 2358 hoc
2820 2321 3019 2375 angore
3063 2327 3276 2379 pressos
3319 2322 3629 2387 aspeximus
3671 2326 3843 2378 sancti
3891 2343 4022 2395 νοη-

2450 2390 2611 2445 tificis
2653 2396 2910 2450 auxilium
2941 2400 3289 2471 implorasse,
3322 2424 3459 2476 quos
3490 2412 3745 2467 alacriter
3785 2416 4012 2485 contigit

2446 2492 2645 2550 optatae
2676 2484 3063 2544 incolumitatis
3092 2496 3282 2561 gaudia
3319 2509 3642 2567 reportasse.
3677 2502 3732 2555 Si
3764 2506 3849 2557 cui
3884 2521 4015 2560 vero

2448 2580 2555 2625 tam
2596 2574 2703 2625 cita
2748 2576 2893 2629 salus
2939 2594 3041 2633 non
3087 2587 3429 2651 occurrerit,
3470 2589 3609 2641 sciat
3643 2590 3722 2645 vel
3770 2608 3875 2647 non
3910 2609 4015 2649 me-

2447 2662 2586 2725 reri,
2621 2662 2701 2715 vel
2732 2666 2907 2732 potius
2937 2667 2988 2719 in
3025 2682 3334 2737 provectum
3365 2674 3590 2730 differri.

2515 2750 2714 2804 Eodem
2748 2752 2859 2808 fere
2893 2764 3130 2826 tempore
3160 2800 3168 2809 .
3198 2798 3213 2813 .
3246 2800 3259 2814 .
3294 2772 3345 2817 to
3373 2780 3589 2834 quoque
3620 2771 3774 2825 miles
3805 2776 4018 2829 notissi-

2443 2855 2594 2894 mus.
2626 2880 2639 2893 .
2669 2879 2682 2893 .
2715 2883 2726 2894 .
2758 2883 2770 2896 .
2801 2882 2814 2896 .
2843 2885 2853 2896 .
2887 2886 2898 2897 .
2928 2846 3107 2902 fuerat
3129 2853 3420 2918 oriundus,
3454 2856 3612 2926 hujus
3638 2861 3863 2928 gratiam
3893 2880 4016 2918 san-

2452 2932 2523 2984 cti
2567 2933 2837 2999 pontificis
2884 2946 2967 2991 est
3010 2938 3241 3006 pleniler
3289 2955 3563 3012 expertus.
3612 2948 3710 3013 Qui
3768 2952 4017 3008 videlicet

2440 3037 2564 3075 cum
2608 3036 2750 3079 esset
2799 3026 2849 3079 in
2888 3028 3047 3083 rebus
3091 3033 3412 3089 militaribus
3452 3048 3702 3095 strenuus
3741 3053 3795 3096 et
3835 3059 4016 3114 prom-

2437 3120 2599 3181 ptus,
2630 3128 2735 3166 non
2768 3114 2947 3169 minus
2984 3127 3159 3173 tamen
3201 3132 3321 3176 erat
3368 3124 3468 3179 fide
3510 3136 3565 3181 et
3607 3130 3845 3186 bonitate
3887 3149 4015 3188 con-

760 3180 983 3236 serunt,
1011 3175 1211 3230 virtute
1241 3179 1414 3233 sancti
1457 3184 1704 3249 protinus
1750 3197 2115 3253 evanescunt;
2161 3191 2333 3258 puclla
2364 3173 2407 3233 (ἶ
2440 3203 2678 3271 spicuus,
2713 3204 2810 3259 Hic
2840 3208 3081 3264 irruente
3110 3210 3337 3267 febrium
3366 3226 3545 3284 peste,
3578 3235 3713 3288 pene
3739 3224 3803 3277 ad
3830 3234 4011 3281 exire-

764 3262 933 3288 ενι--..ξι
968 3262 1137 3288 κιαι-..ι
1206 3274 1252 3288 ,ιι
1288 3282 1464 3288 ..--,ςκ
1488 3280 1528 3288 ,κ
1971 3276 1982 3288 ο
2170 3279 2179 3288 .

763 3262 939 3331 surgit
968 3262 1170 3329 libera,
1202 3274 1257 3319 et
1286 3280 1539 3337 reparato
1569 3287 1728 3327 sensu
1759 3289 1939 3329 secum
1970 3276 2081 3345 ipsa
2112 3279 2339 3334 miratur

761 3348 956 3418 quibus
985 3352 1178 3406 tradita
1205 3352 1381 3410 fuerat
1414 3358 1665 3415 inimicis.

1323 3448 1548 3505 CAPUT
1588 3453 1770 3509 XVIII.

1275 3536 1354 3592 De
1386 3539 1589 3609 leproso
1619 3556 1820 3600 curato.

827 3625 949 3681 Alio
991 3642 1205 3699 quoque
1248 3640 1489 3701 tempore
1533 3637 1855 3707 elephantine
1896 3644 2113 3711 quidam
2147 3652 2333 3707 morbo

755 3730 1068 3785 percussus,
1100 3721 1252 3787 cujus
1279 3726 1417 3780 cutis
1444 3726 1616 3783 instar
1644 3731 1781 3786 nivis
1799 3774 1812 3797 ,
1842 3737 2074 3803 speciem
2100 3751 2329 3808 praeten—

755 3806 909 3863 derat
938 3812 1288 3879 pmnitentem
1311 3855 1324 3880 ,
1356 3824 1467 3871 toto
1501 3821 1739 3888 trepidus
1765 3839 1990 3893 corpore
2014 3806 2156 3882 beati
2185 3830 2329 3885 Man-

756 3902 896 3955 sueti
956 3903 1271 3975 suffragium
1328 3910 1537 3965 censuit
1594 3916 1975 3983 expetendum.
2034 3921 2152 3987 Quo
2205 3939 2326 3978 cum

758 3996 1133 4062 pervenisset,
1186 4003 1505 4068 prmpositus
1546 4006 1788 4062 ecclesiae
1832 4012 1978 4065 visus
2009 4023 2091 4067 est
2122 4030 2218 4083 pro
2250 4018 2327 4073 fo-

753 4086 901 4142 ribus
928 4090 1194 4155 astitisse;
1222 4094 1376 4162 cujus
1420 4094 1505 4149 ille
1548 4098 1772 4166 cupiens
1812 4103 2036 4169 pedibus
2078 4122 2326 4175 procum—

748 4179 879 4232 bere
899 4221 912 4244 ,
948 4182 1094 4235 visus
1125 4193 1206 4237 est
1235 4185 1362 4252 quid
1397 4187 1585 4252 vellet,
1632 4200 1724 4244 aut
1744 4193 1870 4260 quid
1896 4207 2160 4261 quaereret
2184 4199 2321 4252 indi-

745 4285 893 4323 care.
945 4271 1015 4325 At
1061 4272 1186 4327 ille:
1238 4273 1355 4329 IIeu
1402 4292 1519 4343 me,
1572 4280 1779 4349 inquit,
1831 4284 2121 4348 miserum,
2168 4289 2323 4345 vivus

746 4346 1153 4429 quodammodo
1184 4367 1409 4421 artubus
1437 4370 1584 4423 omni
1613 4385 1676 4425 ex
1707 4380 1857 4441 parte
1898 4387 2316 4444 praemortuum,

740 4452 825 4506 cui
860 4453 972 4505 vita
1003 4454 1054 4507 in
1085 4456 1261 4523 pmnis
1292 4456 1532 4525 ducitur,
1561 4476 1693 4517 caro
1738 4463 2004 4521 lethiferis
2031 4471 2320 4539 angoribus

739 4552 1049 4597 coarctatnr
1075 4546 1087 4597 !
1116 4545 1197 4600 Ad
1230 4546 1330 4601 hoc
1356 4549 1499 4603 enim
1528 4552 1678 4617 veni,
1710 4557 1967 4620 utgsancti
1997 4558 2187 4626 hujus,
2213 4564 2315 4616 etsi

740 4650 848 4687 non
881 4650 1116 4699 merear,
1161 4637 1245 4691 vel
1287 4655 1478 4709 parum
1525 4644 1749 4698 remedii
1791 4646 2055 4702 beneficio
2090 4650 2315 4708 Deitatis

736 4727 1023 4796 attingam.
1073 4728 1154 4782 Ad
1184 4744 1345 4798 quem
1377 4734 1559 4787 senior
1584 4736 1762 4803 specie
1792 4736 2107 4795 intentantis
2132 4759 2143 4793 :
2175 4741 2313 4809 Quid

740 4818 907 4873 habes
927 4861 940 4881 ,
975 4820 1182 4889 inquit,
1210 4821 1407 4879 offerre
1438 4826 1489 4879 in
1521 4827 1800 4883 donariis?
1824 4830 1919 4884 Cui
1950 4832 2067 4899 ille,
2099 4845 2310 4897 ostensa

735 4909 992 4980 protinus
1018 4912 1332 4968 summitate
1362 4930 1467 4984 qua
1497 4918 1776 4987 legebatur
1817 4922 1981 4976 vestis
2009 4941 2021 4976 :
2071 4925 2180 4989 En,
2230 4927 2310 4981 itt-

735 5015 901 5070 qnam
922 5040 935 5064 ,
969 5001 1097 5056 salis
1127 5003 1381 5074 exiguum
1409 5008 1755 5067 sublevanda:
1788 5012 1978 5085 inOpiae
2006 5016 2314 5076 miserantis

736 5091 910 5160 gratia
963 5092 1346 5147 condonatum.
1405 5095 1588 5163 Vade,
1648 5100 1853 5170 inquit.
1908 5120 2127 5160 sumens
2183 5108 2310 5164 illud

736 5179 908 5234 sacris
936 5180 1294 5237 inferendum.
1321 5183 1417 5240 His
1447 5187 1605 5243 dictis
1634 5199 1782 5245 ratus
1808 5192 1896 5246 ille
1925 5205 2179 5250 accurate
2206 5197 2308 5251 ista

734 5268 835 5321 sibi
860 5268 1036 5337 juberi
1059 5310 1072 5332 ,
1102 5285 1221 5340 qua:
1261 5274 1361 5328 sub
1404 5274 1635 5333 ludentis
1666 5280 1848 5335 habitu
1879 5284 2088 5353 prolata
2125 5288 2307 5343 audie-

730 5368 849 5424 rat,
885 5361 1113 5417 festinus
1141 5364 1397 5436 templum
1425 5369 1742 5440 ingreditur,
1771 5374 1969 5430 donum
2012 5378 2141 5433 salis
2181 5389 2306 5435 ante

2440 3310 2522 3345 ma
2553 3297 2890 3363 perducitur,
2915 3310 3077 3368 atque
3097 3304 3310 3360 amissis
3336 3309 3497 3362 totius
3522 3310 3723 3366 viribus
3746 3319 4009 3383 corporis,

2439 3383 2573 3436 nihil
2619 3385 2719 3438 sibi
2765 3402 3086 3456 superesse,
3132 3392 3234 3446 nisi
3279 3405 3504 3449 mortem
3540 3400 3769 3455 vicinam
3800 3408 4012 3473 conspi-

2435 3484 2612 3528 catur.
2664 3475 2801 3541 Quid
2853 3479 3192 3546 potissimum
3242 3482 3545 3540 faciendum
3596 3501 3775 3555 esset,
3827 3506 4010 3551 mente

2434 3566 2658 3620 confusa
2708 3570 3047 3624 versabatur.
3107 3573 3303 3628 Vitalia
3356 3592 3551 3635 exosus
3603 3581 3897 3649 alimenta,
3951 3596 4006 3641 et

2432 3658 2629 3726 quietis
2677 3658 2994 3727 impatiens,
3038 3663 3102 3717 de
3155 3664 3267 3719 sola
3321 3679 3491 3723 morte
3540 3673 3823 3742 cogitabat.
3872 3676 4004 3732 Cum

2431 3762 2559 3801 ecce
2610 3748 2752 3802 inter
2799 3748 3075 3806 lethiferos
3125 3752 3355 3808 febrium
3402 3759 3704 3823 anheitus,
3758 3772 3812 3817 et
3866 3766 4007 3835 ignis

2432 3838 2677 3893 ardentis
2711 3840 2995 3894 stridentia
3045 3845 3331 3910 acumina,
3383 3848 3545 3901 menti
3596 3851 3783 3905 incidit
3831 3856 4004 3911 sancti

2430 3928 2589 3997 hujus
2636 3941 2892 3999 expetere
2944 3934 3284 4005 perfugium,
3340 3947 3394 3991 et
3450 3940 3591 3994 votis
3642 3944 4005 4010 prreeuntibus

2432 4020 2730 4089 implorare
2762 4022 3101 4094 suffragium.
3134 4029 3435 4083 Adducitur
3466 4033 3630 4099 igitur
3661 4046 3847 4091 vectus
3876 4038 4003 4092 sub-

2431 4111 2571 4165 sidio
2621 4113 2995 4180 servulorum,
3046 4116 3428 4188 ingressusque
3478 4124 3733 4191 templum
3782 4141 4000 4181 venera-

2425 4199 2565 4266 bile,
2600 4201 2854 4270 imposito
2882 4205 3080 4259 cervici
3112 4206 3328 4262 vinculo
3350 4250 3362 4274 ,
3397 4221 3586 4266 sancto
3630 4230 3686 4267 se
3725 4230 3789 4269 ex
3833 4216 4001 4273 libero

2425 4289 2478 4342 in
2512 4304 2727 4343 servum
2761 4291 3006 4357 dedicat,
3044 4302 3099 4348 et
3125 4304 3306 4350 votum
3341 4300 3591 4354 ccnsuale
3621 4303 3705 4354 die
3733 4313 3879 4359 certo
3908 4306 4002 4361 de-

2424 4388 2600 4433 vovet.
2634 4378 2836 4449 Sicquc
2868 4391 3026 4437 nocte
3058 4383 3144 4437 illa
3194 4396 3320 4440 ante
3362 4404 3510 4442 aram
3552 4393 3863 4459 provolutus
3900 4412 3997 4451 ex-

2426 4469 2618 4535 cubat,
2673 4480 2837 4541 atque
2885 4474 2938 4526 in
2986 4476 3287 4530 crastinum
3334 4480 3475 4533 inter
3518 4498 3669 4537 sacra
3714 4486 3997 4543 missarum

2424 4561 2716 4626 solemnia,
2764 4563 2928 4617 livido
2963 4565 3076 4634 jam
3124 4564 3305 4622 furore
3349 4579 3567 4635 erutus,
3624 4574 3838 4630 domum
3889 4594 3996 4647 qua

2426 4660 2612 4705 vectus
2645 4650 2851 4716 fuerat,
2888 4653 3025 4708 liber
3054 4658 3343 4711 revertitur
3371 4670 3423 4714 et
3455 4676 3657 4729 sanus;
3706 4681 3811 4719 non
3852 4669 3982 4723 obli-

2425 4752 2509 4797 tus
2538 4753 2661 4811 post
2691 4744 2805 4798 lucc
2834 4747 3104 4815 ereptoris
3134 4748 3214 4803 sui
3252 4749 3536 4816 beneficii,
3570 4770 3678 4823 quo
3727 4768 3832 4812 tam
3879 4763 3995 4815 evi-

2422 4834 2612 4888 denter
2640 4834 2709 4887 ab
2740 4834 2846 4889 illis
2877 4837 3203 4893 stridoribus
3232 4852 3503 4896 meruerat
3536 4844 3759 4901 absolvi.

2491 4924 2761 4979 Prmterea
2813 4925 3232 4982 indumerabiles
3280 4946 3376 4985 nos
3408 4933 3605 4988 vidisse
3648 4940 3992 4998 meminimus

2420 5014 2725 5084 bujusmodi
2758 5016 3141 5072 vexationibus
3169 5019 3395 5075 detritos
3415 5062 3429 5086 ,
3460 5023 3551 5091 qui
3596 5023 3826 5082 flammis
3866 5031 3992 5083 stri-

2418 5108 2671 5161 dentibus
2712 5109 2840 5163 totis
2879 5108 3031 5163 effusi
3074 5128 3361 5181 corporum
3407 5114 3640 5183 viribus,
3693 5119 3862 5174 solum
3896 5138 3992 5175 ex-

2414 5202 2546 5254 itum
2578 5202 2927 5265 meditantes,
2962 5202 3119 5270 hujus
3161 5204 3367 5258 meritis
3398 5215 3453 5260 et
3490 5210 3730 5276 potentia
3779 5214 3985 5278 sancti,

2412 5291 2673 5344 redierint
2706 5292 2771 5345 ad
2803 5293 3020 5361 propria
3061 5293 3176 5347 sani
3223 5304 3276 5348 et
3323 5294 3617 5352 incolumes
3658 5297 3808 5355 facti.
3857 5302 3987 5369 Qua:

2409 5384 2588 5437 omnia
2640 5383 2682 5438 si
2731 5384 2955 5437 velimus
3009 5385 3164 5448 plene
3211 5389 3494 5448 prosequi,
3546 5400 3673 5445 ante
3723 5391 3976 5448 deficient
