4482 5524
421 451 520 503 637

1260 446 1344 499 DE
1386 444 1541 498 VITA
1584 443 1640 498 S.
1685 444 2028 497 MANSL’ETI
2070 446 2243 499 LIBRI
2287 447 2443 502 DUO.
2484 477 2551 485 —
2587 447 2707 500 LIB.
2753 445 2810 498 Il.

3549 452 3648 506 638

422 555 523 608 bus
567 562 620 606 et
661 554 934 622 obsequiis
978 569 1079 606 non
1123 556 1367 607 convenit
1416 564 1658 607 exsortes
1700 552 1979 620 deputari:
2012 556 2057 614 Α
2086 556 2292 608 stabulo
2311 556 2544 623 proprio,
2577 557 2771 609 virtute
2803 556 2861 609 Β.
2891 554 3159 624 pontiﬁcis
3189 556 3468 614 celerrime
3498 574 3650 615 revo-

423 642 562 709 quod
594 643 646 696 in
678 658 782 696 uno
812 643 926 698 solo
958 644 1111 697 facile
1152 655 1235 697 est
1274 643 1627 713 deprehendi,
1669 642 1809 711 quod
1851 657 1980 696 con-

424 748 616 801 gruum
649 733 900 787 duximus
926 734 1162 802 adjnngi.

495 822 734 888 Quodam
779 834 1049 893 tempore,
1078 834 1135 877 ut
1163 824 1329 879 moris
1356 834 1435 879 est
1481 826 1836 887 rusticorum,
1868 827 1985 893 qui-

427 912 547 966 dam
578 912 921 967 Barrensium
953 915 1185 984 partium
1219 930 1324 970 non
1354 930 1519 985 parvo
1545 930 1769 970 numero
1796 916 1983 971 rustici

425 1014 588 1069 grege
629 1001 802 1062 facto.
847 1006 1073 1072 sumptis
1119 1005 1375 1059 vehiculis
1403 1046 1417 1066 ,
1461 1014 1513 1058 et
1558 1021 1734 1059 rerum
1781 1007 1984 1075 copiis,

422 1090 568 1144 vicos
598 1094 930 1160 eXpetierant
957 1094 1258 1149 Salinarum
1292 1095 1817 1165 (l'ic—aux-Sulines)
1846 1114 1859 1158 ;
1894 1097 1985 1149 da-

427 1182 599 1252 tisque
631 1185 683 1237 in
729 1189 1119 1255 coemptionem
1166 1204 1344 1243 rerum
1388 1189 1656 1242 venalium
1703 1198 1987 1243 convecta-

429 1276 660 1329 tionibus
680 1318 694 1340 ,
736 1278 800 1330 ad
828 1295 921 1331 sua
966 1280 1144 1333 redire
1171 1282 1480 1348 cupientes,
1510 1280 1637 1332 salis
1664 1280 1984 1332 commercia

426 1365 729 1420 referebant
750 1409 763 1431 ,
790 1379 841 1421 et
865 1370 973 1437 jam
1003 1385 1063 1422 ex
1097 1372 1326 1423 maxima
1358 1379 1511 1436 parte
1536 1369 1747 1437 expleto
1774 1369 1981 1427 itinere,

424 1454 670 1510 Gundulﬁ
702 1457 878 1510 villam
908 1458 1279 1526 (Caudi-critic)
1310 1461 1625 1529 min-gressi
1645 1500 1659 1521 ,
1688 1459 1751 1511 ad
1780 1459 1983 1512 alveum

425 1544 655 1601 Mosellze
682 1564 803 1601 cum
830 1548 916 1601 illa
944 1565 1036 1602 sua
1071 1550 1231 1602 rheda
1260 1550 1566 1617 squalentes
1594 1549 1773 1601 labore
1804 1547 1985 1602 rustici

422 1651 812 1707 pervenerunt.
860 1642 955 1695 L'bi
986 1642 1196 1709 objcetu
1231 1644 1591 1697 transmeandi
1622 1642 1853 1695 llnminis
1890 1643 1988 1695 ali-

423 1730 740 1798 quantulum
772 1734 1004 1786 intricati
1029 1775 1041 1795 ,
1066 1750 1093 1786 a
1125 1735 1225 1787 loci
1256 1734 1395 1787 illius
1424 1735 1613 1787 incolis
1635 1735 1839 1787 duriter
1864 1743 1986 1787 sunt

424 1822 649 1884 invecti.
678 1839 775 1877 cur
799 1840 863 1878 eo
889 1826 974 1879 die
1019 1826 1273 1880 rotalibus
1318 1827 1526 1880 actibus
1569 1826 1883 1879 insudantcs
1930 1826 1979 1877 in

2084 654 2279 700 catum.

2154 735 2411 792 Gloriosm
2464 754 2592 792 vero
2638 749 2691 793 ct
2745 738 2913 794 felicis
2954 740 3005 793 in
3066 750 3324 796 mtcrnum
3379 744 3648 799 memorie

2086 827 2313 881 donnms
2342 826 2596 883 Gozlinus
2626 844 2767 898 sche
2789 829 2962 884 dictus
2986 830 3286 900 episcopus,
3315 832 3417 901 piis
3441 848 3503 888 ac
3528 848 3652 888 san-

2086 916 2337 972 ctissimis
2391 920 2641 987 Operibus
2693 920 3037 989 approbatus,
3086 920 3276 989 plenus
3329 922 3534 976 dierum
3597 932 3653 976 et

2086 1014 2345 1068 bonarum
2398 1014 2654 1068 virtutum
2713 1015 3030 1085 insignibus,
3080 1030 3190 1069 sua:
3221 1017 3493 1085 complens
3522 1025 3652 1069 tem-

2086 1118 2212 1173 pora
2245 1105 2384 1168 vitae,
2407 1119 2599 1173 magno
2627 1119 2854 1159 mmrore
2876 1114 2929 1159 et
2950 1103 3094 1159 luctu
3126 1106 3387 1169 omnium,
3420 1106 3652 1175 quadra-

2086 1196 2287 1264 gesimo
2316 1204 2506 1263 quarto
2529 1196 2882 1250 ordinationis
2913 1211 3021 1251 sum
3053 1212 3192 1252 anno
3222 1196 3429 1251 delatus
3454 1213 3481 1249 a
3505 1196 3651 1251 clero

2084 1294 2136 1340 et
2171 1285 2362 1353 populo
2413 1286 2462 1337 in
2500 1285 2817 1339 Buxuricnsi
2865 1286 3131 1350 emnohio,
3163 1285 3301 1355 quod
3331 1287 3442 1355 ipse
3472 1302 3499 1337 a
3534 1284 3650 1337 fun-

2086 1374 2350 1428 damentis
2375 1374 2529 1443 longe.
2556 1384 2676 1427 ante
2704 1382 3093 1438 construxerat,
3123 1374 3485 1443 dignissimam
3512 1373 3649 1427 sicut

2086 1465 2270 1517 vivens
2292 1462 2544 1526 iusserat,
2578 1464 2770 1532 accipit
2800 1464 3126 1531 sepulturam
3165 1464 3302 1516 inter
3328 1465 3521 1517 choros
3545 1463 3653 1516 vir-

2086 1556 2286 1625 ginum,
2334 1571 2468 1625 quas
2513 1555 2616 1608 illic
2662 1556 2841 1624 plures
2882 1570 3108 1608 numero
3151 1554 3273 1607 vita!
3312 1553 3650 1607 districtioris

2085 1653 2485 1711 aggregaverat,
2528 1644 2698 1713 longis
2736 1643 2945 1697 smcnlis
2990 1644 3040 1695 in
3070 1630 3159 1696 Dei
3209 1641 3455 1695 laudibus
3486 1655 3649 1694 exco-

2085 1732 2314 1785 lendam.
2346 1733 2508 1801 Cujus
2553 1734 2665 1787 dies
2696 1734 3043 1801 depositionis
3071 1748 3137 1785 vit
3168 1731 3289 1785 Idus
3318 1729 3651 1798 Septembris

2085 1823 2278 1889 agitur,
2307 1824 2404 1876 sub
2444 1823 2664 1876 obtentu
2711 1823 2802 1876 Dei
2850 1822 3123 1890 genitricis
3166 1830 3219 1875 ct
3253 1829 3520 1891 perpetuae
3546 1820 3648 1873 vir-

425 1914 555 1965 tanti
587 1913 761 1967 Patris
785 1930 902 1982 quae
926 1930 983 1968 ea
1010 1916 1097 1968 die
1126 1931 1299 1969 annua
1325 1915 1598 1969 colebatur
1624 1914 1979 1977 solemnitate,
2013 1889 2059 1950 Β
2085 1914 2222 1983 ginis
2253 1912 2433 1967 Mariae
2466 1914 2517 1967 in
2548 1912 2798 1967 smculum
2825 1912 3209 1981 permanentis.

423 2009 675 2069 tauquam
702 2003 1004 2072 agrestibus
1030 2004 1224 2057 animis
1248 2004 1546 2057 communis
1575 2000 1775 2055 laetitiae
1805 2017 1862 2055 se
1892 2018 1985 2069 pa-

422 2098 666 2143 terentur
706 2107 807 2145 non
834 2107 954 2147 esse
980 2104 1275 2147 consortes.
1329 2094 1531 2147 Rustici
1564 2094 1679 2146 hmc
1724 2109 1753 2147 e
1796 2102 1983 2147 contra

418 2178 665 2235 ludibriis
692 2195 1105 2252 prosequuntur,
1134 2185 1405 2246 dicentes.
1436 2186 1549 2239 hzec
1576 2201 1729 2239 sacra
1761 2185 1826 2237 ad
1861 2184 1982 2238 illos

420 2285 525 2323 non
567 2272 859 2339 pertinere,
892 2289 987 2328 nec
1029 2276 1319 2344 quidquam
1364 2290 1484 2329 cum
1530 2276 1627 2328 hac
1671 2274 1985 2328 celebritate

418 2359 616 2414 habere
670 2377 983 2427 commune,
1024 2380 1185 2432 quam
1232 2365 1359 2419 solis
1401 2364 1736 2418 Leuchornm
1777 2363 1986 2434 populis

420 2459 637 2503 nossent
666 2450 898 2505 debitam
927 2462 980 2506 et
1007 2454 1143 2507 votis
1189 2454 1434 2507 civilibus
1478 2454 1846 2507 excolendam.
1892 2453 1986 2507 llis

421 2538 490 2589 ita
516 2541 905 2594 contumaciter
952 2542 1365 2609 persistentibus
1411 2542 1543 2595 ultio
1586 2542 1760 2596 divina
1803 2557 1985 2609 prose-

419 2628 623 2694 quitur,
653 2629 784 2682 mira
823 2630 1064 2685 dicturus
1093 2647 1229 2685 sum.
1262 2631 1430 2685 Tanta
1459 2633 1635 2686 subito
1665 2632 1839 2685 rabies
1880 2632 1981 2685 mi-

420 2719 555 2772 seris
595 2719 699 2773 illis
741 2720 1059 2775 animalibus
1099 2722 1372 2787 incubuit,
1419 2733 1477 2775 ut
1518 2738 1574 2776 se
1604 2723 1827 2775 invicem
1858 2738 1983 2776 con-

422 2810 584 2862 certis
638 2811 894 2865 cornibus
940 2822 1284 2881 appeterent,
1334 2823 1388 2867 et
1431 2814 1638 2867 cunctis
1678 2813 1983 2867 videntibus

420 2903 711 2955 maximum
748 2912 1011 2959 terrorem
1042 2906 1365 2960 incuterent.

486 2990 726 3045 Infelices
760 3007 884 3046 vero
936 2996 1119 3048 rustici
1163 3010 1297 3063 pene
1342 2996 1408 3048 ab
1452 2994 1701 3049 humanis
1736 2995 1981 3049 sensibus

417 3079 752 3143 excedentes,
780 3081 1201 3151 circumquaque
1246 3084 1543 3151 vagabundi
1591 3083 1855 3148 feruntur,
1888 3085 1980 3139 b0-

416 3184 613 3237 vesque
642 3171 781 3225 versi
836 3176 889 3224 t’n
939 3173 1230 3226 amentiam
1274 3187 1462 3241 poenas
1503 3188 1718 3227 suorum
1770 3174 1979 3227 luerunt

420 3261 775 3315 dominorum.
821 3263 889 3316 At
946 3264 1017 3317 illi
1062 3264 1113 3318 in
1152 3265 1345 3331 quibus
1375 3264 1569 3333 vigoris
1596 3265 1758 3317 animi
1786 3264 1983 3333 aliquid

421 3354 710 3417 resederat,
741 3354 1019 3408 ecclesiam
1064 3356 1211 3409 Beati
1242 3355 1507 3424 pontificis
1535 3356 1762 3409 celerius
1794 3358 1985 3409 irrum-

418 3454 623 3514 pentes,
651 3454 855 3499 reatum
882 3461 1036 3500 suum
1066 3446 1276 3515 publice
1309 3446 1651 3514 profitentur,
1684 3448 1819 3501 votis
1847 3462 1904 3502 se
1931 3455 1985 3501 et

418 3535 893 3605 supplicationibus
912 3536 1240 3604 astringunt;
1268 3536 1329 3589 dc
1346 3544 1541 3589 czctero
1566 3535 1677 3590 fore
1693 3535 1983 3601 cautiores,

417 3626 459 3681 si
489 3627 663 3696 pmnis
685 3627 1035 3696 praesentibus
1063 3628 1253 3695 erepti,
1282 3626 1436 3681 liberi
1466 3626 1640 3681 redire
1665 3628 1981 3695 potuissent.

419 3713 526 3770 Nec
557 3716 762 3770 distulit
811 3726 1029 3771 sanctus
1071 3733 1233 3771 voces
1276 3718 1464 3772 audire
1493 3716 1843 3785 gementium,
1870 3718 1987 3786 qui-

417 3806 516 3861 bus
542 3802 594 3860 et
624 3807 817 3860 misera
845 3817 1089 3862 armenta
1118 3808 1373 3873 restituit,
1405 3816 1457 3863 et
1488 3809 1714 3863 abeundi
1761 3808 1985 3864 faculta-

420 3905 521 3951 tem
561 3897 795 3951 donavit.

487 3987 701 4042 Praefati
760 3989 938 4043 domni
992 3990 1197 4044 Gozlini
1250 3989 1519 4058 pontiﬁcis
1569 3990 1809 4053 obtentu,
1866 3988 1987 4043 Gri-

421 4077 664 4132 mauldus
692 4078 907 4147 quidam
939 4081 1021 4133 vir
1055 4081 1176 4134 vita:
1221 4079 1561 4142 venerabilis,
1591 4079 1821 4148 quodam
1856 4088 1987 4133 tem-

419 4179 547 4233 pore
594 4182 660 4219 ex
708 4170 1091 4223 monachorum
1127 4169 1299 4223 sancti
1329 4168 1458 4235 Apri
1490 4167 1738 4237 religioso
1765 4167 1989 4237 collegio

419 4267 744 4327 assumptus,
768 4259 1003 4327 ejusdem
1026 4260 1149 4323 loci,
1182 4260 1261 4313 sui
1296 4258 1503 4313 abbatis
1532 4259 1782 4328 imperio,
1811 4269 1990 4314 rector

418 4356 475 4403 et
504 4351 822 4417 praepositus
866 4349 1041 4404 fuerat
1084 4350 1429 4414 constitutus,
1476 4350 1565 4418 qui
1611 4349 1863 4404 videlicet
1892 4365 1989 4419 pro

419 4438 611 4492 merito
636 4437 833 4493 charus
859 4440 1107 4493 omnibus
1133 4439 1447 4508 principalis
1475 4438 1794 4494 obedientia:
1821 4439 1989 4494 titulis

2677 2021 2903 2077 CAPUT
2956 2019 3075 2075 XX.

2085 2114 2161 2168 De
2184 2114 2263 2166 his
2286 2128 2401 2183 qua:
2424 2122 2540 2166 acta
2580 2124 2699 2166 sunt
2722 2113 2870 2183 petiti
2898 2110 3156 2183 Mansueti
3182 2110 3401 2177 meritis,
3431 2118 3654 2180 tempore

2082 2208 2086 2211 Α
2297 2179 2307 2183 ⁷
2506 2182 2683 2236 domui
2707 2179 2925 2234 Cerardi
2952 2181 3230 2248 pontiﬁcis.

2155 2276 2225 2332 Ut
2275 2291 2402 2331 vero
2446 2277 2621 2332 adhuc
2670 2284 2979 2339 competens
3027 2275 3264 2328 histori:e
3324 2282 3522 2328 nostrae
3574 2288 3653 2329 ret

2084 2369 2283 2423 veritas
2312 2377 2366 2421 et
2409 2369 2543 2422 ordo
2572 2376 2955 2432 consequatur,
3003 2364 3160 2433 hujus
3210 2365 3560 2419 sanctissima:
3600 2375 3657 2419 et

2085 2459 2413 2511 intemerata:
2457 2455 2677 2526 virginis
2721 2454 2899 2506 Mai-im
2927 2462 3195 2523 przccunte
3231 2454 3399 2522 gratia
3451 2463 3506 2506 et
3544 2453 3650 2506 vir-

2085 2557 2198 2602 tute
2222 2587 2239 2614 ,
2271 2561 2476 2601 necnon
2515 2554 2569 2599 et
2599 2546 2735 2598 beati
2770 2544 3179 2613 protomartyris
3222 2544 3480 2613 Stephani
3526 2558 3655 2596 san-

2083 2638 2243 2706 guiue
2275 2647 2611 2700 coruscante,
2658 2636 2740 2689 cui
2775 2635 2902 2688 urbs
2932 2642 3041 2687 tota
3080 2635 3342 2696 innititur,
3377 2636 3655 2689 universus

2083 2726 2307 2795 p0pnlus
2336 2727 2543 2779 meritis
2569 2727 2935 2779 sanctiﬁcatur
2971 2733 3025 2779 et
3054 2726 3274 2793 regitur.
3311 2725 3432 2780 llzec
3463 2727 3650 2779 eadem

2084 2816 2417 2870 Leuchorum
2448 2815 2636 2868 civitas
2663 2830 2779 2877 suo,
2812 2824 2869 2867 ut
2899 2814 3098 2867 dictum
3127 2823 3232 2877 est,
3261 2823 3469 2868 rectore
3498 2815 3652 2869 desti-

2084 2914 2218 2969 tuta,
2255 2918 2590 2973 nequaquam
2618 2903 2816 2957 diutius
2870 2914 2973 2964 est,
3017 2903 3127 2957 Deo
3156 2901 3495 2972 disponente,
3527 2917 3649 2971 pes-

2082 2996 2318 3051 sumdari
2369 2996 2649 3065 permissa.
2708 2992 2841 3047 Nam
2889 2994 3027 3047 votis
3084 2994 3363 3062 utriusque
3419 2995 3650 3047 ﬁdelium

2082 3085 2286 3140 ordinis
2312 3086 2586 3154 aspiraute
2610 3083 2779 3151 gratia
2803 3084 2997 3137 divinae
3018 3082 3331 3150 majestatis,
3363 3084 3655 3153 triumpha-

2089 3174 2219 3228 toris
2246 3173 2425 3227 invicti
2457 3172 2638 3227 domni
2669 3171 2919 3226 videlicet
2956 3171 3169 3227 Ottonis
3191 3172 3412 3242 Augusti
3439 3174 3654 3227 decreto

2087 3270 2379 3325 statuente,
2414 3271 2601 3329 agente
2624 3276 2836 3330 quoque
2865 3276 3119 3329 germano
3145 3262 3260 3331 ejus
3296 3262 3489 3316 domno
3522 3262 3653 3315 Bru-

2086 3367 2224 3407 none
2272 3353 2540 3422 pontiﬁce,
2588 3342 2858 3407 Gerardus
2904 3351 3138 3407 Coloniae
3183 3353 3419 3407 civitatis
3470 3354 3654 3407 oriun-

2085 3443 2204 3508 dus,
2236 3444 2287 3497 in
2313 3443 2456 3499 clero
2483 3458 2679 3513 genere
2704 3451 2759 3498 et
2780 3442 3037 3513 religione
3065 3442 3657 3511 praeclarus,destituta:

2085 3534 2422 3590 Leuchorum
2452 3534 2571 3589 urbi
2622 3533 2832 3587 futurus
2860 3532 3169 3600 designatur
3206 3531 3507 3601 episcopus.
3556 3531 3654 3598 Qui

2085 3628 2128 3683 si
2156 3627 2367 3696 quidem
2397 3641 2516 3679 cum
2551 3633 2693 3680 esset
2720 3623 3103 3679 ecclesiasticis
3131 3623 3390 3676 institutis
3416 3622 3657 3690 apprime

2086 3715 2348 3779 eruditus,
2378 3726 2636 3784 regnante
2666 3714 2716 3767 in
2743 3724 3057 3782 perpetuum
3086 3712 3314 3767 Domino
3356 3710 3655 3776 Salvatore,

2086 3804 2211 3858 dum
2229 3802 2659 3872 nougentesimus
2682 3800 3047 3870 sexagesimus
3068 3799 3257 3854 tertius
3280 3797 3513 3867 ejusdem
3538 3813 3660 3852 san-

2086 3902 2188 3949 cla:
2228 3892 2617 3947 incarnationis
2668 3900 2918 3961 ageretur
2950 3901 3250 3960 temporum
3301 3905 3510 3954 cursus,
3542 3904 3659 3945 om-

2069 3984 2234 4039 nium
2257 3984 2607 4038 unanimitate
2633 3981 2960 4036 acclamante
2987 3980 3244 4045 ﬁdelium,
3267 3980 3320 4034 in
3348 3981 3449 4035 hac
3468 3981 3654 4035 eadem

2088 4076 2214 4131 sede
2260 4076 2613 4133 introoizatus
2654 4074 2855 4146 pariter
2899 4084 2954 4129 et
2980 4082 3306 4143 assumptus.
3337 4072 3434 4128 llic
3478 4074 3659 4142 itaque

2089 4165 2352 4235 imprimis
2380 4166 2504 4217 dum
2536 4165 2633 4219 sibi
2663 4166 3003 4219 commissam
3033 4163 3221 4217 urbem
3270 4170 3574 4232 expeteret,
3604 4164 3659 4217 in

2088 4256 2364 4327 praefatum
2388 4256 2526 4310 beati
2560 4256 2818 4310 Mansueti
2861 4255 3179 4318 oratorium,
3209 4255 3350 4322 quod
3378 4254 3515 4308 forte
3562 4256 3659 4309 ob-

2090 4349 2233 4401 vium
2269 4347 2549 4410 habuerat,
2578 4346 2751 4415 primo
2785 4347 3028 4416 ingressu
3080 4344 3353 4408 divinitus,
3391 4352 3450 4397 ut
3478 4344 3655 4398 credi-

2090 4445 2197 4501 tur,
2238 4435 2400 4490 menti
2448 4435 2654 4500 incidit,
2686 4435 2826 4503 quod
2876 4434 2985 4487 illic
3031 4433 3271 4502 requiem
3314 4434 3366 4487 in
3403 4433 3656 4488 sarculum

392 4516 594 4581 'fuerat
642 4527 945 4596 insignitus,
988 4528 1284 4599 disciplinis
1326 4528 1661 4598 regularlbns
1699 4528 1982 4597 pretiosus.
2021 4563 2066 4620 Β
2092 4526 2367 4591 smeuli,et
2390 4526 2775 4581 habitationem
2800 4524 3027 4579 electam
3058 4524 3348 4580 secundum
3378 4524 3658 4594 Propheta:

420 4614 517 4671 Hic
543 4617 721 4685 itaque
751 4617 804 4671 in
835 4618 1019 4673 usibus
1059 4619 1376 4673 necessariis
1405 4620 1564 4673 unius
1602 4634 1779 4674 vacca:
1814 4619 1988 4675 subsi-

420 4709 507 4764 dio
533 4708 830 4775 fruebatur,
859 4710 1000 4778 quod
1032 4711 1278 4766 videlicet
1308 4710 1508 4764 animal
1549 4712 1865 4767 condiendis
1888 4727 1954 4780 po

419 4803 681 4858 tissimum
729 4802 963 4857 oleribus
1007 4803 1267 4857 familiare
1314 4804 1603 4873 praestabat
1650 4804 1983 4873 obsequium.

420 4891 523 4948 Sed
545 4894 772 4961 quadam
808 4892 893 4947 die
921 4894 1043 4947 dum
1072 4894 1203 4947 hora
1250 4893 1571 4962 competenti
1621 4903 1985 4963 exspectatur,

418 4984 554 5052 quod
586 5000 691 5038 non
724 4983 933 5044 aderat,
976 4984 1285 5039 diversitate
1324 4984 1581 5052 quaeritur
1606 4984 1843 5039 locorum
1871 4995 1984 5040 stu-

418 5073 504 5127 dio
531 5072 924 5128 famulantium.
958 5071 1061 5127 Res
1084 5082 1165 5127 est
1196 5072 1396 5126 incerta
1419 5070 1570 5139 cujus
1610 5073 1745 5127 idem
1790 5072 1990 5129 animal

417 5166 751 5223 fraudulenta
794 5166 957 5222 fuerit
982 5166 1215 5223 factione
1245 5166 1569 5221 lraducmm.
1602 5164 1751 5221 Tunc
1779 5184 1989 5240 prepo-

418 5259 549 5315 situs
575 5260 752 5331 inquit
807 5258 876 5312 ad
930 5259 1259 5321 ministrum,
1297 5257 1387 5328 qui
1438 5264 1563 5311 tunc
1604 5258 1741 5312 forte
1804 5260 1981 5317 damni

1655 5369 1665 5381 .
1698 5350 1845 5382 17...)-
1892 5354 1963 5382 1...:

417 5348 695 5382 familia-:0
736 5348 1011 5382 nlsnlinlnn
1053 5360 1273 5382 mmelno
1332 5350 1618 5382 αλιθυαντο-και

2090 4618 2401 4672 vaticinium
2427 4618 2611 4673 eodem
2636 4627 2887 4672 currente
2902 4616 3166 4671 versiculo
3190 4616 3287 4670 sibi
3311 4618 3656 4687 prmsignavit

2091 4704 2263 4776 (Psal.
2299 4722 2478 4770 cum,
2513 4706 2621 4776 14),
2668 4714 2723 4760 ει
2770 4705 2900 4766 haec,
2951 4712 3007 4757 ut
3057 4712 3204 4774 patet
3245 4704 3469 4774 liquido,
3512 4705 3655 4760 circa

2089 4796 2333 4851 eumdem
2365 4795 2537 4851 locum
2568 4795 2792 4867 potioris
2813 4795 3111 4848 devotionis
3137 4809 3297 4849 causa
3325 4793 3425 4849 fuit
3458 4796 3660 4866 pariter

2090 4887 2348 4959 etisalutis
2372 4885 2883 4958 augincntum.Nam
2908 4901 3083 4940 rerum
3105 4886 3519 4953 competentiam
3542 4887 3654 4942 dis-

2090 4980 2401 5048 pensatione
2431 4980 2744 5047 composita,
2791 4993 2896 5030 non
2926 4978 3082 5044 longo
3099 4977 3354 5045 temporis
3376 4976 3655 5045 interjcctu

2094 5072 2370 5129 laudabilis
2401 5073 2671 5127 memoriae
2698 5072 2910 5128 abbatis
2953 5073 3243 5129 llnncberti
3289 5071 3531 5135 consilio,
3566 5074 3656 5141 qui

2094 5176 2219 5221 tunc
2245 5163 2713 5235 tcinporisB.Apri
2736 5164 2966 5235 gloriose
2994 5168 3216 5235 regebat.
3242 5165 3659 5231 monasterium;

2096 5256 2247 5327 cujus
2284 5272 2499 5316 nomen,
2530 5264 2588 5310 ut
2618 5271 2905 5327 speramus
2942 5266 2997 5313 et
3034 5260 3306 5329 cupimus,
3335 5256 3471 5309 libro
3495 5254 3668 5309 beatae

2094 5353 2217 5382 mium
2252 5358 2463 5382 Innnlnn
2503 5348 2666 5382 “vum
2736 5348 2970 5382 Qun-num
3019 5351 3182 5382 an...
3227 5361 3485 5382 annuntiat!
3536 5345 3670 5382 ηεξα-
