4482 5524
790 374 891 430 639

1908 372 2199 428 ADSONIS
2238 371 2617 427 DERV’ENSIS
2655 370 2941 427 ABBATIS

3916 370 4020 426 650

788 488 1080 541 secundum
1135 484 1391 555 regularis
1444 485 1565 539 vita:
1615 484 1949 553 disciplinam
1999 484 2226 538 ﬁdeliter
2270 485 2349 536 in-
2384 488 2428 543 Α
2527 482 2620 537 IIis
2656 493 2830 537 autem
2885 485 2954 537 ita
2985 486 3310 554 compositis,
3358 485 3497 541 beati
3531 484 3627 540 viri
3668 500 3860 555 corpus
3904 484 4018 538 sedi

788 576 1004 629 struxit.
1038 576 1129 628 llis
1154 574 1366 629 tandem
1398 576 1469 628 ita
1506 576 1692 644 gestis,
1737 577 1862 644 quia
1909 576 1989 627 hze
2032 592 2114 629 res
2155 577 2205 627 in
2236 592 2357 643 pro-

787 666 971 736 patulo
1022 673 1307 727 constant,
1356 673 1409 717 et
1462 665 1602 718 solit.
1644 705 1657 717 .
1702 704 1715 718 .
1761 706 1773 718 .
1819 706 1830 718 .
1891 675 2079 733 empta:
2120 666 2356 719 historia:

788 755 983 809 seriem
1019 760 1424 821 prosequentes,
1451 767 1512 806 ea
1539 755 1717 806 omnia
1748 769 1906 821 opera
1931 769 2049 822 qua}
2078 754 2357 821 prmsentis

786 845 970 899 domni
1033 842 1256 899 Gerardi
1324 844 1592 912 pontiﬁcis
1636 857 1898 912 tempore,
1958 846 2099 899 beati
2158 846 2355 901 virtute

789 932 1049 988 Mansueti
1081 943 1229 1004 gesta
1259 942 1403 997 sunt,
1429 935 1665 988 breviter
1693 935 2043 1003 explicemus.

859 1022 1147 1093 Suspensis
1182 1024 1317 1078 caelo
1346 1024 1624 1085 imbribus,
1655 1024 1867 1077 inimica
1897 1024 2136 1093 frugibus
2165 1041 2353 1095 magna

786 1120 841 1165 et
862 1112 1003 1167 illius
1027 1114 1281 1181 temporis
1304 1113 1557 1167 inusitata
1595 1114 1852 1168 sterilitas
1881 1115 2025 1169 arvis
2063 1116 2355 1183 squalenti-

786 1201 885 1255 bus
915 1202 1259 1267 incubuerat;
1291 1202 1480 1257 deinde
1519 1202 1704 1257 tellure
1741 1203 2044 1268 fatiscente,
2078 1205 2352 1259 laboribus

786 1292 1062 1345 hominum
1099 1301 1233 1347 aestu
1282 1293 1507 1347 nimium
1548 1295 1785 1350 irruente
1813 1311 1947 1364 pene
1974 1298 2350 1361 concrematis,

783 1393 987 1435 exnsue
1014 1391 1169 1435 terra:
1193 1382 1359 1451 (dictu
1390 1384 1773 1453 horrendum!)
1806 1386 2013 1440 cultura
2047 1387 2351 1454 deperibat,

783 1480 929 1524 etut
977 1470 1032 1524 in
1080 1471 1332 1524 ultionem
1379 1472 1608 1527 inﬁdelis
1655 1474 1831 1543 populi
1884 1476 2183 1529 invectione
2244 1476 2350 1529 Do—

785 1560 914 1612 mini
950 1559 1105 1628 longe
1162 1570 1289 1613 ante
1339 1562 1621 1629 probatum
1654 1562 1851 1627 fuerat,
1892 1565 2085 1619 malum
2125 1566 2353 1634 desuper

782 1651 1015 1718 speciem
1047 1651 1351 1705 minabatur
1370 1667 1597 1718 aeream;
1625 1652 1874 1707 deorsum
1907 1669 2036 1707 vero
2069 1662 2208 1707 terra
2234 1670 2354 1709 eru-

783 1741 917 1795 delis
940 1743 1303 1809 prwtendebat
1332 1742 1579 1797 ferream.
1643 1744 1755 1798 Iloc
1795 1754 1972 1799 autem
2024 1746 2073 1799 in
2106 1747 2221 1801 dies
2264 1748 2357 1801 irae

2457 576 2687 642 propria:
2712 574 2899 627 referri
2928 576 3223 643 cupientes,
3251 576 3463 629 obvium
3497 576 3780 644 quemdam
3816 574 4019 627 habent

2458 663 2712 717 rusticunm
2744 663 3037 732 magnificis
3063 665 3283 717 vocibus
3302 664 3606 731 ejulantem.
3638 661 3733 718 llic
3758 663 3897 716 ulnis
3923 666 4021 715 im-

2456 752 2682 819 positum
2706 753 2785 806 sui
2810 754 3053 807 mceroris
3080 755 3331 807 miserum
3358 755 3540 807 decem
3569 770 3825 807 annorum
3852 754 4017 805 ﬁlium

2457 841 2738 903 attulerat,
2794 843 2878 895 cui
2937 860 3222 898 nervorum
3278 845 3526 914 implexio
3576 848 3741 915 spinae
3785 846 4019 899 dorsuali

2457 930 2678 999 vestigia
2718 930 2821 985 ﬁxa
2870 932 3163 997 retinebat;
3188 934 3279 1003 qui
3312 950 3432 987 cum
3464 936 3631 989 sancti
3672 936 3771 989 viri
3812 937 4019 1005 glebam

2457 1022 2521 1073 ad
2553 1020 2803 1090 templum
2833 1020 3077 1077 lamentis
3117 1026 3477 1094 prosequitur,
3517 1023 3731 1078 Iudaeus
3766 1024 3982 1093 quidam
4004 1064 4016 1084 ,

2457 1111 2544 1177 qui
2577 1120 2685 1163 tum
2716 1111 2850 1165 forte
2888 1126 2944 1165 se
2974 1113 3144 1167 turbis
3179 1116 3486 1179 miscuerat,
3517 1125 3733 1168 centum
3767 1114 4017 1182 blasphe-

2456 1202 2590 1255 mias
2633 1202 2873 1256 ludibriis
2910 1204 3193 1259 rabidioris
3236 1220 3512 1270 evomens,
3548 1222 3735 1275 preces
3786 1206 4021 1277 rogantis

2456 1291 2746 1346 invehitur.
2782 1292 2943 1359 lleus,
2979 1298 3071 1348 tu!
3122 1296 3385 1364 inquiens,
3427 1298 3553 1366 quid
3583 1305 3846 1349 mortuum
3883 1298 4021 1350 inse-

2454 1384 2679 1451 qneris?
2707 1384 2841 1448 Quid
2873 1384 3198 1439 clamoribus
3245 1402 3370 1440 aera
3420 1386 3735 1439 confundis?
3769 1386 3906 1452 Quid
3946 1387 4015 1439 ab

2455 1473 2675 1526 inunoto
2704 1472 2945 1526 beneﬁcii
2976 1476 3241 1543 petiturus
3272 1477 3501 1539 accedis,
3544 1492 3662 1530 cum
3704 1490 3821 1545 ego,
3866 1475 4018 1543 equi-

2455 1562 2573 1617 dem
2595 1563 2705 1629 ipse
2723 1564 2903 1617 vivens
2945 1565 3107 1617 multo
3138 1565 3385 1619 defuncto
3417 1566 3774 1635 prmstantius,
3801 1566 4020 1633 prosim,

2456 1655 2499 1707 si
2526 1664 2645 1707 vota
2689 1655 3013 1708 contuleris?
3040 1656 3133 1709 llis
3179 1658 3374 1710 auditis
3406 1657 3554 1710 valde
3591 1656 3892 1723 indignatus
3933 1656 4021 1721 qui

2459 1759 2698 1812 prmsens
2729 1745 2910 1797 aderat
2944 1746 3203 1811 pontifex,
3239 1747 3539 1799 astantibus
3583 1746 3834 1798 fratribus
3866 1764 3876 1797 :
3913 1743 4023 1795 IIeu

785 1831 1025 1885 C(BIeslis
1052 1831 1404 1902 elI‘ulgurante
1445 1833 1673 1901 judicio,
1704 1834 1856 1903 jussu
1910 1838 2177 1905 pontiﬁcis
2216 1840 2351 1908 plebi
2391 1842 2428 1898 Β
2461 1834 2578 1885 me!
2641 1834 2829 1901 inquit,
2859 1834 2983 1901 quid
3034 1849 3373 1899 veneramur,
3434 1836 3560 1902 quid
3609 1836 3867 1887 colimus?
3922 1835 4026 1885 Aut

782 1924 1029 1976 mstuanti
1059 1925 1321 1995 agendum
1348 1925 1803 1994 triduojejuniutn
1841 1928 2120 1992 indicitur;
2148 1940 2200 1983 et
2225 1931 2348 1997 quia

782 2015 940 2071 facile
982 2033 1085 2072 non
1117 2017 1260 2071 valet
1304 2019 1559 2072 contrairi
1604 2020 1795 2073 divime
1826 2020 2035 2083 ultioni,
2070 2023 2351 2091 prmsulem

782 2115 1043 2175 expetunt
1069 2106 1208 2160 beati
1250 2108 1352 2161 viri
1393 2124 1589 2179 corpus
1618 2111 1885 2165 arentium
1930 2127 2182 2181 agrorum
2232 2114 2352 2165 lini-

780 2197 881 2250 bus
895 2197 1263 2261 deferendum,
1279 2209 1461 2267 utpote
1482 2203 1852 2255 arescentibus
1868 2203 1994 2256 hisze
2009 2204 2177 2257 stibus
2197 2205 2349 2258 mise-

781 2287 1067 2342 ricorditcr
1090 2291 1485 2358 opponendum.
1518 2291 1653 2357 Quid
1683 2292 1871 2360 plura?
1910 2293 2131 2347 Astante
2160 2295 2354 2348 domno

780 2379 1056 2445 pontilice,
1112 2390 1165 2434 et
1215 2381 1366 2450 plebe
1399 2384 1673 2445 universa,
1708 2384 1995 2453 exponitur
2022 2388 2086 2438 de
2132 2386 2248 2440 loco
2302 2388 2351 2439 in

777 2484 887 2536 quo
917 2472 1122 2539 pridem
1154 2471 1421 2538 jacuerat.
1471 2476 1605 2527 Dant
1644 2489 1804 2528 voces
1835 2476 1885 2527 in
1917 2477 2165 2540 excelsis,
2194 2478 2355 2531 cmic-

776 2559 949 2616 stibus
979 2571 1269 2631 personant
1303 2562 1514 2634 hymnis
1554 2565 1717 2619 Deum
1752 2566 2047 2630 laudantes,
2078 2577 2129 2620 et
2161 2566 2353 2620 flebili-

778 2653 881 2704 bus
912 2650 970 2705 Β.
1002 2651 1266 2707 Mansueti
1296 2655 1472 2708 medio
1499 2656 1932 2724 procedentibus,
1968 2667 2025 2710 ut
2046 2659 2356 2711 ostendere-

777 2751 866 2794 tur
894 2741 1147 2796 divinitas
1173 2742 1325 2811 cujus
1356 2744 1408 2797 in
1440 2753 1581 2799 terra
1613 2745 1886 2799 ferebatur
1925 2761 2138 2814 corpus,
2176 2756 2354 2801 tantus

777 2832 845 2885 de
873 2832 1184 2887 caelestibus
1208 2832 1392 2902 fragor
1422 2846 1641 2904 repente
1670 2836 1753 2890 bis
1790 2837 2076 2900 inhorruit,
2111 2849 2167 2889 ut
2196 2854 2353 2892 voces

779 2932 1052 2991 rumperet
1080 2924 1446 2993 psallentium,
1496 2937 1548 2980 et
1591 2928 1754 2981 corda
1806 2928 2075 2995 stupentia
2107 2928 2355 2983 redderet

775 3012 1125 3081 singulorum.
1183 3008 1259 3067 Ita
1305 3016 1528 3069 attonita
1574 3017 1916 3071 multitudine
1973 3033 2091 3086 qua:
2136 3021 2202 3072 ad
2248 3020 2353 3073 duo

774 3102 941 3156 millia
979 3104 1278 3165 hominum.
1304 3106 1385 3160 vel
1413 3122 1477 3161 eo
1520 3106 1749 3175 amplius
1788 3108 2142 3178 undecunque
2174 3126 2237 3164 eo
2267 3113 2351 3164 die

2456 1926 2597 1979 enim
2642 1925 2782 1978 nulla
2814 1927 2984 1979 sancti
3035 1928 3226 1993 virtus,
3279 1943 3383 1995 qua
3430 1926 3728 1980 laetiﬁcetur
3762 1926 4021 1989 Ecclesia,

2456 2030 2559 2083 qua
2611 2014 2778 2068 Juda-i
2830 2015 3191 2069 confundatur
3227 2018 3475 2077 vesania;
3507 2025 3599 2069 aut
3646 2024 3791 2069 certe
3825 2030 3919 2084 pro
3961 2031 4026 2069 eo

2458 2106 2593 2158 alter
2624 2105 2837 2168 colitur,
2863 2106 2953 2173 qui
2977 2107 3102 2159 dum
3142 2116 3378 2173 putatur,
3411 2107 3495 2159 hic
3519 2106 3661 2158 nullo
3694 2105 3849 2158 modo
3893 2106 4020 2157 reti-

2457 2205 2635 2247 netur.
2700 2194 2908 2248 Interea
2960 2194 3170 2264 populis
3200 2195 3301 2248 alia
3346 2195 3757 2262 procul-antibus
3798 2196 4024 2262 expositi

2456 2287 2762 2353 pavimento
2813 2288 2962 2354 pueri
3013 2304 3297 2341 nervorum
3329 2288 3504 2341 subito
3554 2296 3706 2355 rupta
3743 2290 4021 2347 connexio,

2455 2376 2709 2445 sanguine
2759 2378 2922 2445 etepit
2958 2377 3223 2433 defluente
3269 2379 3520 2441 dissolvi;
3557 2387 3610 2431 et
3659 2378 3784 2432 dum
3838 2380 4026 2430 nititur

2455 2481 2611 2518 manu
2635 2468 2803 2519 sancti
2835 2468 3042 2535 glebam
3084 2469 3339 2536 irrepere,
3385 2469 3436 2520 in
3486 2468 3648 2537 pedes
3673 2468 3938 2524 constitit.
3973 2478 4029 2520 et

2457 2559 2558 2612 iter
2588 2560 2725 2628 quod
2756 2576 3029 2628 nunquam
3079 2570 3322 2624 noverat,
3357 2562 3587 2630 propriis
3624 2562 3796 2613 nitens
3825 2562 4024 2628 gressi-

2457 2650 2575 2713 bus,
2610 2651 2779 2704 turbis
2811 2652 3149 2714 mirantibus,
3188 2654 3513 2722 recognovit.
3549 2652 3637 2705 Sic
3667 2662 3883 2706 sanctus
3922 2653 4027 2713 vir,

2457 2754 2515 2797 ιιι
2540 2744 2725 2806 voluit,
2758 2745 2986 2813 gratiam
3021 2746 3240 2800 virtutis
3267 2747 3528 2806 exhibuit,
3560 2756 3611 2798 et
3646 2761 3742 2798 ora
3789 2744 4027 2797 flentium

2457 2835 2508 2887 in
2541 2834 2734 2903 gaudia
2762 2836 3134 2888 commutavit.
3166 2835 3306 2888 Puer
3337 2847 3515 2888 autem
3565 2836 3615 2888 in
3666 2836 4026 2889 testimonium

2455 2922 2578 2975 facti
2612 2936 2779 2991 usque
2833 2922 2883 2975 in
2922 2938 3157 2990 praesens
3214 2934 3420 2992 tempus
3466 2924 3747 2992 stipendiis
3790 2924 4030 2977 ecclesia:

2454 3015 2794 3070 confovetur.

2524 3106 2669 3160 Inter
2715 3117 2907 3160 caztera
2964 3116 3139 3159 autem
3194 3107 3350 3175 hujus
3403 3106 3700 3161 beatissimi
3750 3107 3849 3159 viri
3904 3108 4027 3159 huic

774 3192 1127 3260 conﬂuxerat,
1153 3196 1219 3249 ad
1253 3196 1429 3251 locum
1462 3197 1634 3251 sancti
1669 3198 1794 3267 Apri
1826 3214 1931 3267 quo
1976 3201 2052 3254 ire
2098 3202 2350 3255 decrevc-
2379 3186 2423 3246 C
2455 3196 2692 3264 pontiﬁci
2725 3198 2979 3249 virtutum
3004 3204 3223 3265 experta
3255 3196 3535 3258 beneﬁcia,
3578 3196 3705 3249 illud
3743 3198 3902 3247 etiam
3936 3195 4028 3247 ad-

776 3292 921 3349 rant,
953 3285 1341 3354 perducuntur.
1375 3287 1464 3339 Illa
1496 3302 1620 3341 vero
1646 3298 1875 3343 testnosa
1921 3290 2042 3343 eueli
2089 3292 2352 3345 serenitas

774 3392 895 3445 qua:
934 3378 1158 3431 ardente
1198 3378 1358 3447 Syrio
1389 3386 1559 3433 terras
1586 3380 1870 3434 videbatur
1892 3397 2138 3446 exurere,
2170 3383 2219 3435 in
2257 3399 2352 3435 nu-

774 3466 869 3520 bes
900 3481 1019 3519 mox
1054 3468 1216 3534 erepit
1257 3467 1596 3533 densescere,
1629 3478 1683 3523 et
1720 3470 1856 3524 datis
1884 3471 2045 3540 largis
2071 3472 2350 3536 imbribus,

775 3554 1043 3623 impetrati
1090 3556 1228 3610 roris
1282 3558 1510 3627 gratiam
1562 3558 1793 3629 pleniter
1838 3562 2164 3615 ministrare.
2214 3562 2351 3628 Quid

772 3661 902 3703 vero
930 3648 1142 3702 interim
1174 3651 1476 3719 contigerit,
1507 3667 1608 3705 non
1634 3662 1717 3705 est
1744 3653 1955 3707 silentio
1982 3655 2276 3721 prieterire.

844 3740 899 3794 In
924 3741 1025 3795 hac
1047 3743 1267 3811 copiosa
1307 3744 1647 3798 multitudine
1677 3760 1795 3812 qua:
1825 3755 2028 3798 tantum
2072 3754 2352 3814 spectacu-

774 3827 883 3882 lum
916 3829 1247 3899 impleverat,
1291 3830 1449 3901 hujus
1498 3842 1622 3887 tunc
1652 3834 1799 3887 urbis
1827 3849 2007 3887 comes
2044 3834 2352 3887 Sindebaul-

772 3920 871 3975 dus
885 3936 1071 3976 eorum
1101 3938 1238 3977 unus
1254 3933 1392 3978 erat.
1428 3924 1476 3979 Is
1505 3940 1625 3978 cum
1654 3924 1890 3979 Immone
1912 3927 2142 3994 quodam
2170 3926 2348 3978 domui

767 4013 1014 4081 prmsulis
1059 4029 1165 4068 non
1215 4016 1430 4083 ignobili
1488 4016 1678 4080 milite,
1730 4018 1899 4069 sancti
1932 4018 2027 4069 viri
2078 4032 2135 4070 se
2183 4018 2351 4084 gleba:

769 4102 924 4170 petiit
957 4105 1182 4171 supponi
1212 4103 1531 4158 deferendae.
1587 4106 1753 4171 Quem
1805 4107 2013 4160 scilicet
2058 4122 2167 4175 prae
2197 4107 2345 4159 dolo-

772 4192 922 4247 ribus
949 4193 1095 4247 omui
1125 4195 1359 4249 humano
1384 4193 1557 4250 olIicio
1587 4197 1837 4250 destituta
1868 4213 2056 4251 manus
2092 4198 2245 4251 valde
2274 4198 2349 4250 fa-

772 4280 995 4352 tigabat.
1042 4283 1195 4339 Hanc
1241 4284 1465 4355 jamjam
1496 4285 1808 4340 salvandam
1839 4288 1995 4340 aliter
2022 4289 2344 4356 desperave-

770 4382 878 4439 rat,
909 4390 1070 4443 qttam
1123 4376 1189 4440 si,
1248 4384 1305 4429 ut
1350 4378 1567 4440 assolet,
1613 4378 1823 4431 ustione
1866 4378 2153 4445 depelleret
2209 4380 2349 4446 quod

771 4466 1009 4535 graviter
1035 4466 1269 4522 dolebat.
1303 4468 1550 4536 Deposito
1579 4484 1705 4521 vero
1734 4469 1872 4521 beati
1905 4468 2163 4523 Mansueti
2208 4470 2347 4538 quod

769 4553 975 4610 ferebat
1014 4570 1261 4625 corpore,
1302 4558 1635 4627 expletisque
1672 4559 1957 4612 missarum
1998 4559 2343 4624 solemnibus,

770 4645 841 4699 ita
882 4662 1099 4700 manum
1149 4648 1337 4701 morbo
1388 4648 1613 4701 liberam
1663 4650 1875 4702 eunetis
1905 4649 2208 4702 videntibus
2243 4666 2339 4703 ex-

770 4736 910 4803 tulit,
939 4753 1003 4793 ac
1032 4739 1075 4792 si
1109 4754 1343 4807 unquam
1376 4740 1525 4807 prius
1554 4740 1753 4794 doloris
1787 4740 1916 4793 nihil
1947 4741 2193 4793 senserit.
2240 4739 2348 4793 Cu-

759 4830 851 4899 jus
882 4832 957 4886 rei
1006 4832 1181 4887 adhuc
1218 4842 1302 4887 est
1347 4834 1461 4903 ipse
1510 4834 1663 4888 testis
1708 4842 1905 4896 certus,
1959 4832 2064 4887 sia
2109 4832 2343 4902 quolibet

768 4922 931 4975 fuerit
959 4922 1268 4991 requisitus.

840 5013 976 5067 IIine
1007 5028 1133 5067 vero
1160 5016 1419 5068 abeuntes
1445 5030 1568 5068 cum
1600 5014 1689 5069 illo
1718 5029 1814 5068 suo
1838 5014 2046 5069 caelesti
2091 5014 2346 5070 thesauro

765 5104 952 5158 urbem
984 5104 1377 5173 ingrediuntur,
1404 5120 1597 5175 magno
1636 5106 1961 5160 resultantes
1990 5106 2182 5159 divina:
2226 5120 2343 5160 mo-

766 5196 1055 5250 dulationis
1080 5197 1333 5266 tripudio.
1361 5197 1543 5252 Sacris
1565 5198 1753 5251 deinde
1780 5198 1917 5252 illius
1946 5198 2120 5252 noctis
2151 5197 2344 5268 vigiliis

767 5286 1076 5328 insistente:
1130 5287 1380 5328 nrmepnli
1409 5286 1505 5328 viri
1524 5301 1746 5328 nm-nnrn
1769 5286 2016 5328 dmiinant
2042 5284 2316 5328 basilicam

2454 3287 2645 3344 (limus.
2671 3288 2813 3355 quod
2841 3288 2956 3356 ejus
2995 3288 3253 3340 relatione
3282 3304 3378 3341 nos
3403 3297 3579 3340 certos
3612 3287 3772 3340 fuiSse
3797 3302 3899 3339 nun
3927 3288 4025 3339 du-

2455 3375 2711 3428 bitamus.
2738 3374 2871 3428 Cum
2898 3375 3070 3429 adhuc
3096 3376 3145 3428 in
3176 3377 3363 3429 eodem
3393 3375 3638 3429 emnobio
3677 3377 3844 3429 sancti
3895 3392 4028 3443 pra:-

2454 3479 2577 3517 sens
2622 3464 2978 3517 contubernio
3026 3474 3199 3528 esset;
3247 3465 3478 3519 abeunte
3521 3465 3607 3517 die
3652 3465 3871 3519 Sabbati
3921 3482 4027 3518 nox

2454 3554 2714 3620 funditur,
2743 3555 2869 3623 quia
2898 3556 3146 3609 Videlicet
3187 3557 3459 3608 Duminiea
3484 3556 3792 3609 solemnitas
3821 3555 3870 3607 in
3902 3570 4025 3607 cra-

2454 3648 2651 3700 stinum
2680 3648 3017 3715 sperabatur.
3064 3646 3118 3700 In
3145 3663 3245 3715 qua
3280 3663 3401 3701 eum
3432 3646 3693 3700 maturius
3718 3645 3910 3698 fratres
3960 3647 4026 3698 ad

2453 3739 2646 3792 divinae
2693 3738 2969 3792 servitutis
3013 3740 3339 3807 prateonium
3382 3748 3693 3807 surgerent;
3743 3738 4028 3805 episcopus

2453 3831 2847 3899 prmterilorum
2902 3830 3083 3883 labore
3131 3830 3402 3893 defessus,
3459 3831 3596 3882 lecto
3640 3828 4024 3893 decumbehat,

2452 3922 2601 3990 gravi
2632 3935 2824 3989 sopore
2855 3920 3159 3988 depressus.
3210 3921 3426 3973 Interim
3456 3920 3559 3973 illis
3588 3928 3844 3973 consueto
3876 3906 4027 3973 more

2453 4012 2637 4063 .audes
2671 4011 2951 4082 agentibus
2973 4050 2985 4073 ,
3012 4019 3265 4079 soporato
3306 4010 3545 4079 pontiﬁci
3574 4025 3692 4061 eum
3720 4011 3831 4079 jam
3870 4011 4028 4063 daret

2452 4102 2693 4156 albentes
2725 4102 2929 4171 pallens
2960 4117 3150 4155 aurora
3176 4117 3450 4165 recursus,
3488 4100 3659 4154 astitit
3689 4102 3769 4153 vir
3807 4101 4024 4168 quidam

2452 4199 2669 4259 aspectu
2723 4190 3076 4253 venerandus,
3106 4190 3237 4243 stola
3290 4190 3674 4245 candidiSSIma
3712 4198 4024 4258 coopertus,

2453 4280 2635 4333 habitu
2660 4279 2979 4347 prreeipnus,
2997 4287 3215 4331 statura:
3238 4279 3541 4347 quantitate
3562 4276 3833 4346 profusus,
3865 4285 3919 4328 ut
3949 4276 4026 4329 nil

2451 4369 2593 4423 aliud
2628 4369 2901 4422 videretur
2939 4383 3098 4436 quam
3144 4376 3364 4421 sanctus
3400 4366 3727 4420 Mansuetus.
3772 4365 3873 4429 Qui
3900 4380 4055 4443 eum.

2452 4459 2664 4513 divinus
2719 4458 2966 4512 visitator
3016 4458 3319 4512 cubiculum
3375 4458 3703 4526 quiescentis
3748 4457 4020 4519 intraret,

2452 4553 2680 4621 quadam
2732 4550 3038 4619 impellente
3069 4551 3288 4613 virtute,
3341 4550 3479 4604 ostia
3529 4549 3797 4615 contiguae
3842 4548 4021 4602 subito

2454 4650 2672 4711 patuere
2705 4639 2974 4703 fenestrae,
3004 4653 3066 4692 ac
3096 4639 3245 4693 radio
3278 4638 3525 4692 vibrante
3561 4638 3752 4692 domus
3785 4635 4024 4704 reSplen-

2453 4734 2568 4787 duit
2596 4734 2787 4787 omnis.
2821 4732 2955 4785 Tum
2980 4732 3068 4787 ille
3097 4734 3177 4786 vir
3203 4732 3381 4787 clarus
3411 4733 3477 4786 ad
3508 4740 3734 4786 stratum
3769 4730 4016 4800 prmsulis

2452 4826 2687 4894 soporati
2719 4825 2966 4887 accessit,
2999 4839 3267 4893 manuque
3296 4824 3508 4892 corpori
3533 4823 3889 4892 superposita,
3918 4823 4019 4875 levi

2453 4916 2689 4984 agitante
2716 4925 2884 4977 motu,
2916 4930 3036 4967 nam
3065 4915 3244 4968 cancri
3265 4913 3506 4981 jacentes
3533 4911 3842 4968 eiremnfusi
3874 4920 4023 4965 tanto

2453 5022 2643 5076 sopore
2687 5008 3009 5061 tenebantur
3044 5007 3247 5069 innexi,
3279 5016 3335 5059 ut
3370 5008 3455 5060 vix
3492 5006 3635 5060 facto
3674 5007 3905 5075 strepitu
3950 5006 4022 5057 ir-

2454 5104 2640 5150 ruente
2661 5098 2841 5166 quiete
2869 5098 3034 5150 laxari
3066 5097 3379 5165 potuissent,
3406 5114 3527 5151 eum
3550 5098 3770 5159 excitat,
3801 5098 4016 5150 dicens:

2452 5186 2587 5252 Quid
2622 5188 2858 5241 dormis?
2885 5188 3020 5253 Quid
3048 5188 3168 5241 aliis
3190 5202 3371 5241 sacras
3395 5188 3601 5256 vigilias
3632 5188 3933 5256 agentibus,
3964 5195 4017 5238 tu

2453 5287 2603 5326 tanto
2630 5294 2821 5326 sonore.
2856 5279 3207 5326 denrimeris?
3238 5278 3431 5326 Atnun.
3473 5288 3530 5326 ut
3565 5280 3681 5326 eius
3718 5280 3876 5324 verba
3905 5278 4017 5324 insa
