4482 5524
413 365 504 419 6H
1253 366 1339 419 DE
1383 365 1537 420 VITA
1579 365 1635 420 S.
1680 361 2027 418 MANSIJETI
2072 363 2247 417 LIBRI
2294 365 2450 422 DUO.
2511 398 2560 408 -—
2600 369 2723 422 LIB.
2768 368 2829 423 II.

3545 371 3647 426 6ιὲ

412 484 702 533 videretur.
724 478 888 547 Cujus
905 480 978 533 rei
1010 478 1162 533 testis
1193 493 1293 530 non
1313 479 1427 531 sine
1457 479 1536 530 sui
1571 478 1770 547 pudore
1788 475 1970 539 refert,
2003 480 2049 538 Α
2079 474 2346 541 conjubilo
2369 477 2658 545 gressibus,
2686 477 2934 530 vallatam
2957 477 3190 547 undique
3218 480 3447 534 catervis
3473 483 3648 536 sancti

411 572 536 640 quid
571 573 621 624 in
652 571 740 625 illo
776 572 847 623 sit
884 585 1073 639 passus
1098 576 1305 623 secreto
1326 569 1577 633 cubiculi,
1613 569 1807 622 virtute
1840 584 1974 637 pra:-

410 663 569 716 slanti
605 662 742 715 beati
774 660 1031 714 Mansueti

482 753 584 808 Sed
617 769 740 821 quia
769 753 934 822 gloria
971 752 1115 820 regis
1154 759 1236 804 est
1280 750 1454 805 celare
1483 751 1726 813 verbum,
1760 749 1970 804 Domini

408 854 583 898 autem
621 846 943 913 investigare
971 857 1306 905 sermonem;
1340 844 1546 896 veniam
1573 845 1636 894 ad
1685 843 1811 895 illud
1843 857 1974 908 quo-

407 950 511 1002 que
551 935 687 1002 quod
715 949 775 987 ea
804 936 900 987 sub
927 941 1263 1001 tempestate,
1286 932 1444 999 hujus
1471 933 1609 986 beati
1638 933 1733 984 viri
1768 933 1974 985 meritis

409 1023 573 1075 fuisse
603 1024 855 1089 probatur
875 1033 1165 1075 ostensum.
1222 1018 1334 1073 Non
1382 1019 1550 1072 multo
1578 1029 1696 1088 post
1731 1029 1972 1082 tempore

407 1111 727 1166 ulciscendis
756 1110 984 1165 obnoxia
1017 1107 1341 1163 facinoribus
1362 1109 1600 1162 omnium
1631 1108 1821 1160 divinae
1851 1108 1938 1159 aui
1959 1137 1972 1146 -

410 1201 796 1253 madversiouis
829 1201 1084 1253 severitas
1111 1208 1326 1266 peccata
1378 1198 1769 1266 perstrinxerat
1812 1213 1976 1266 popu-

406 1291 600 1345 lorum.
638 1290 895 1344 Morbosa:
930 1289 1249 1343 calamitatis
1277 1288 1454 1342 clades
1494 1297 1610 1340 acta
1654 1288 1744 1340 Dei
1774 1286 1974 1355 judicio

404 1397 500 1450 per
548 1381 768 1450 populos
821 1380 1192 1434 incanduerat.
1247 1378 1380 1432 Nam
1433 1379 1604 1430 instar
1663 1377 1972 1446 inguinarize

405 1474 593 1541 pestis,
616 1488 732 1541 qua:
750 1471 1016 1538 quondam
1049 1469 1269 1538 populos
1288 1468 1448 1521 Italia:
1470 1469 1826 1534 corripuerat.
1850 1468 1972 1535 qui-

404 1563 524 1615 dam
569 1561 812 1613 litteralis
859 1559 922 1630 [f.
971 1559 1228 1628 Iateralis]
1276 1558 1425 1611 dolor
1467 1557 1662 1623 ubique
1734 1557 1971 1609 redivivo

408 1649 648 1718 germine
676 1649 967 1718 spargitur,
1013 1663 1074 1701 ac
1105 1646 1367 1701 Iethiferis
1399 1648 1731 1701 invalescens
1760 1663 1974 1702 succes-

403 1740 569 1802 sibus,
601 1742 874 1804 regionum
897 1740 1088 1793 tinibus
1114 1739 1222 1793 late
1251 1750 1604 1810 pervagatur;
1633 1742 1814 1809 sicque
1842 1756 1970 1810 quo-

2078 567 2177 620 viri
2209 567 2418 636 glebam
2468 569 2531 622 ad
2567 569 2838 638 pr0priam
2870 571 3071 633 sedem,
3121 588 3222 625 non
3263 575 3377 627 sine
3423 574 3528 627 voti
3561 576 3644 630 sui

2078 673 2320 720 munere,
2353 661 2609 713 referunt.
2655 660 2785 714 Nam
2818 663 3020 716 coactis
3055 664 3195 717 inter
3224 680 3349 718 aera
3393 665 3648 731 nubibus,

2080 758 2261 803 tantus
2313 751 2460 818 prius
2528 752 2843 820 impleratus
2893 753 3064 808 imber
3113 755 3250 809 C0:I0
3303 755 3649 825 proﬂuxerat,

2075 849 2308 907 quantus
2337 841 2504 894 arenti
2539 849 2692 894 terra:
2724 842 2964 896 sufficere
3003 844 3156 912 plene
3187 846 3469 913 potuisset.
3510 847 3651 900 Tan-

2077 931 2193 982 dem
2230 930 2389 999 igitur
2417 931 2594 999 templi
2618 930 2839 997 januam
2867 948 2986 986 cum
3010 934 3255 990 laudibus
3279 938 3649 1007 propinquan-

2076 1017 2237 1082 tibus,
2280 1035 2399 1072 mox
2449 1029 2609 1074 tanta:
2652 1022 2915 1076 claritatis
2965 1023 3124 1093 jubar
3170 1024 3297 1078 illud
3342 1029 3652 1084 venerabile

2075 1124 2269 1178 corpus
2300 1113 2472 1166 visum
2504 1122 2582 1166 est
2609 1115 2973 1182 pr:ecessisse,
3007 1123 3065 1167 ut
3093 1124 3198 1169 tota
3224 1116 3467 1171 ecclesia:
3491 1118 3652 1173 domo

2074 1194 2400 1266 effulgurans
2439 1201 2721 1254 manifeste
2745 1203 2896 1256 daret
2939 1202 3160 1272 intelligi
3210 1219 3369 1272 quam
3405 1206 3646 1260 divinum

2078 1299 2222 1342 esset
2271 1293 2412 1359 quod
2462 1293 2658 1360 templo
2708 1303 2895 1347 sancto
2945 1295 3228 1349 videbatur
3257 1296 3464 1351 inferri.
3501 1297 3652 1353 Tunc

2077 1380 2250 1433 sonitu
2312 1381 2545 1435 confusa:
2604 1383 2959 1438 multitudinis
3019 1381 3282 1453 rumpitur
3350 1397 3648 1443 concentus

2076 1482 2264 1539 empta:
2315 1474 2724 1535 modulationis;
2756 1475 3032 1543 versisque
3078 1475 3129 1528 in
3163 1479 3430 1531 contraria
3487 1479 3650 1544 votis,

2075 1572 2354 1629 coeperunt
2389 1563 2564 1631 plures
2601 1562 2726 1616 flere
2774 1579 2882 1632 prre
2946 1565 3158 1633 gaudio,
3209 1566 3331 1619 dum
3382 1568 3652 1623 nescirent

2075 1665 2172 1702 cur
2197 1649 2321 1704 ﬂere
2345 1652 2675 1714 debuissent,
2706 1652 2806 1705 nisi
2837 1653 2978 1720 quod
3012 1655 3180 1707 sancti
3212 1655 3379 1721 pietas
3403 1671 3648 1724 supernae

2078 1737 2360 1792 infnsionis
2383 1737 2629 1792 affectum
2659 1754 2875 1793 suorum
2900 1741 3266 1795 concitaverat
3291 1743 3341 1796 in
3375 1747 3646 1800 mentibus

405 1827 526 1881 dam
551 1828 690 1881 man
712 1830 975 1897 auspicio,
993 1830 1133 1882 serie
1156 1829 1425 1882 cumulata
1447 1831 1975 1898 morborum,plebes
2008 1825 2051 1882 B
2082 1826 2330 1880 filiorum.
2381 1826 2489 1880 Nec
2529 1844 2656 1880 vero
2690 1843 2922 1895 prresens
2959 1830 3180 1884 antistes
3222 1830 3476 1902 Iacrymis
3507 1843 3646 1887 tem-

403 1928 656 1986 pereunt,
689 1919 865 1987 populi
900 1919 1212 1983 concidunt,
1235 1919 1350 1972 sine
1369 1919 1668 1973 differentia
1693 1921 1971 1990 utriusque

402 2023 564 2062 sexus
595 2019 648 2063 et
669 2010 896 2072 ordinis,
923 2009 1209 2062 volvuntur
1236 2009 1449 2078 agmina
1483 2020 1838 2063 mortuorum.
1865 2010 1972 2065 Nec

406 2100 451 2152 is
473 2100 562 2167 qui
590 2100 682 2152 tali
709 2101 890 2154 dolore
917 2101 1208 2168 corripitur
1235 2101 1370 2152 ultra
1402 2101 1633 2154 triduum
1670 2104 1754 2154 vix
1788 2118 1973 2171 super-

405 2204 525 2242 esse
565 2189 670 2242 ullo
715 2191 870 2242 modo
919 2189 1268 2258 permittitur.
1323 2190 1388 2242 Et
1434 2192 1557 2260 quid
1589 2193 1639 2243 iu
1675 2193 1794 2245 aliis
1823 2193 1973 2246 fieret

404 2291 670 2334 terrarum
703 2281 944 2348 partibus
973 2281 1256 2334 incertum.
1293 2280 1442 2336 Hanc
1478 2283 1665 2336 urbem
1697 2286 1876 2339 clades
1899 2287 1969 2338 ita

403 2371 784 2438 superveniens
816 2371 1104 2439 irruperat,
1137 2381 1193 2424 ut
1226 2373 1290 2425 ad
1324 2389 1485 2426 unum
1519 2375 1828 2442 quemlibet,
1874 2391 1967 2429 ex-

402 2464 572 2530 ceptis
623 2461 741 2515 aliis
793 2463 1128 2516 diversarum
1179 2462 1553 2524 ecclesiarum,
1603 2463 1796 2528 locum,
1831 2467 1971 2519 sicut

402 2553 541 2605 idem
564 2551 803 2619 pontifex
829 2567 933 2605 non
966 2552 1081 2605 sine
1102 2553 1300 2620 gemitu
1326 2554 1672 2612 memorabat,
1697 2557 1863 2608 denos
1888 2555 1969 2608 vel

402 2650 651 2709 septenos
681 2652 1012 2695 mortuorum
1043 2642 1241 2695 loculos
1270 2644 1366 2696 sub
1397 2643 1567 2697 oeulis
1601 2645 1866 2712 aspiceret
1890 2646 1969 2698 in-

401 2731 527 2786 ferri
563 2732 920 2786 tumulandos.
960 2732 1211 2785 Arctatur
1238 2731 1474 2800 pontifex
1501 2732 1848 2800 plurimorum
1873 2750 1967 2802 pe-

399 2823 566 2876 ricqu
589 2824 948 2877 morientium.
983 2823 1285 2877 Tandemid
1313 2825 1517 2878 consilii
1536 2825 1699 2878 menti
1728 2825 1964 2879 infundi-

401 2926 504 2980 tur,
537 2926 592 2968 ut
626 2916 872 2970 videlicet
920 2915 1056 2967 idem
1106 2925 1378 2982 protector
1413 2917 1601 2970 beatus
1637 2917 1962 2979 Mansuetus.

398 3019 462 3058 ex
495 3021 600 3074 quo
631 3003 804 3058 fuerat
845 3005 1049 3074 positus
1094 3005 1212 3058 loco
1251 3004 1441 3058 iterum
1470 3016 1795 3075 assumptus,
1851 3017 1965 3061 tan-

397 3113 555 3165 quam
586 3098 722 3150 inter
752 3098 993 3150 viventes
1044 3107 1098 3150 et
1139 3105 1379 3149 mortuos
1411 3097 1616 3150 medius
1643 3106 1962 3166 opponatur.

2077 1926 2247 1985 perat,
2274 1916 2362 1984 qui
2396 1916 2536 1971 illius
2577 1915 2873 1970 dulcedinis
2915 1933 3253 1972 communem
3285 1936 3405 1974 cum
3450 1923 3649 1991 popqu

2077 2007 2374 2060 ubertatem
2403 2008 2537 2061 mire
2565 2007 2850 2060 sentiebat.
2894 2008 2958 2060 Et
2987 2022 3112 2063 ecce
3147 2009 3326 2064 clades
3363 2010 3451 2063 illa
3485 2027 3646 2080 quam

2079 2136 2091 2149 .
2137 2135 2150 2148 .
2193 2136 2206 2150 .
2247 2133 2262 2148 .
2307 2136 2320 2148 .
2366 2136 2380 2150 .
2425 2097 2700 2150 hominum
2738 2097 2961 2151 effusam
2993 2114 3111 2152 esse
3135 2101 3389 2166 diximus,
3423 2102 3640 2159 favente

2078 2189 2233 2242 istius
2263 2190 2431 2242 nostri
2466 2190 2791 2256 protectoris
2829 2191 3036 2244 meritis
3087 2193 3261 2261 gratia
3296 2195 3502 2249 Domini
3545 2195 3651 2251 Re-

2075 2279 2393 2347 demptoris,
2437 2280 2514 2333 sic
2556 2280 2666 2332 suis
2712 2279 2953 2333 desuevit
2985 2284 3353 2352 processibus,
3381 2294 3438 2338 ut
3466 2286 3640 2355 palam

2074 2379 2420 2440 cognosceret
2445 2371 2726 2424 universus
2757 2371 2982 2440 populus
3001 2375 3142 2441 quod
3172 2391 3268 2444 pro
3294 2377 3451 2431 domo
3479 2379 3650 2434 Israel

2077 2461 2127 2512 in
2156 2461 2239 2513 die
2272 2461 2479 2513 Domini
2526 2469 2691 2514 staret
2736 2475 2800 2514 ex
2852 2461 3078 2516 adverso
3123 2463 3175 2516 in
3226 2467 3399 2532 pretio
3432 2478 3652 2524 sanctus

2075 2549 2380 2604 Mansuetus
2404 2565 2621 2604 suarum
2651 2551 2892 2604 omnium
2921 2551 3098 2605 ovium
3142 2553 3354 2622 adjutor
3382 2566 3643 2624 praestau-

2076 2642 2315 2695 tissimus
2344 2642 2537 2696 factus.

2142 2732 2294 2785 Libet
2317 2748 2527 2801 quoque
2552 2731 2679 2785 illud
2718 2732 2840 2786 huic
2875 2742 3071 2788 nostra:
3104 2735 3396 2788 narrationi
3444 2737 3645 2794 insere-

2073 2838 2150 2885 re,
2182 2822 2320 2891 quod
2352 2838 2485 2891 pene
2517 2822 2715 2876 nostris
2754 2825 3003 2877 omnibus
3035 2826 3353 2894 praecedenti
3386 2835 3644 2895 tempore,

2071 2912 2135 2964 ad
2164 2912 2369 2965 laudem
2401 2927 2611 2980 quoque
2639 2913 2791 2966 istius
2838 2915 2974 2968 beati
3027 2915 3123 2967 viri
3166 2926 3348 2969 notum
3401 2927 3483 2970 est
3513 2933 3645 2971 con-

2071 3005 2274 3072 tigisse.
2320 3005 2382 3058 Et
2441 3006 2561 3072 quia
2615 3005 2896 3073 prtedictus
2944 3008 3226 3075 episcopus
3270 3019 3351 3062 est
3381 3009 3430 3061 in
3457 3024 3639 3073 causa,

2071 3111 2175 3147 non
2217 3095 2439 3164 derogat
2492 3109 2730 3162 persona:
2769 3095 3086 3163 prtecellenti
3140 3098 3412 3152 Divinitati
3466 3100 3645 3155 debita

398 3164 580 3254 Itaque
629 3184 874 3238 triduano
904 3184 1425 3254 prmmissojejunio,
1467 3164 1724 3239 consultu
1755 3186 1962 3248 habito,
1994 3164 2036 3223 (ἶ
2071 3184 2350 3238 clementia
2385 3193 2628 3253 porrecta
2669 3185 2956 3254 peccatori.
3012 3185 3310 3242 Severitate
3358 3189 3519 3259 igitur
3547 3189 3645 3244 ﬂa-

398 3277 609 3329 videtur
637 3277 888 3343 episcopo
916 3291 1227 3343 congruum,
1257 3288 1310 3327 ut
1337 3276 1572 3329 collectis
1601 3277 1773 3330 denuo
1802 3292 1967 3345 popu-

397 3364 568 3417 lorum
600 3366 835 3432 undique
867 3365 1116 3424 catervis,
1150 3365 1288 3417 beati
1337 3366 1431 3417 viri
1461 3380 1654 3432 corpus
1685 3365 1751 3417 ad
1796 3365 1967 3419 cccle-

396 3454 529 3506 siam
557 3454 712 3507 sitam
761 3452 1021 3522 scropulis
1067 3451 1348 3522 [Ecrouvcs
1383 3454 1496 3520 prés
1538 3454 1599 3506 de
1643 3452 1817 3522 Toul],
1849 3469 1966 3522 qua:

398 3545 568 3597 beatae
610 3542 702 3596 Dei
739 3543 1014 3612 genitricis
1058 3543 1238 3596 Mariae
1289 3543 1483 3612 sa’pius
1533 3544 1667 3597 solet
1707 3544 1964 3597 illustrari

397 3634 696 3697 miraculis,
731 3635 922 3688 debeat
954 3635 1233 3696 destinari,
1265 3644 1519 3702 tanquam
1554 3635 1692 3702 apud
1730 3633 1968 3688 caelestis

393 3729 738 3799 Imperatoris
754 3743 1017 3782 summam
1045 3726 1467 3796 lmperatricem,
1486 3736 1708 3780 matrem
1723 3729 1962 3782 omnium

397 3833 525 3872 sane
574 3835 792 3873 suarum
823 3819 1026 3881 ovium,
1069 3820 1356 3873 conuuissa
1390 3819 1652 3887 legatione
1693 3818 1958 3889 perfringi.

397 3913 593 3980 Sicque
641 3913 742 3965 hoc
772 3910 914 3964 facto
943 3911 1053 3964 visa
1085 3919 1168 3966 est
1194 3912 1375 3966 clades
1406 3913 1490 3965 illa
1525 3928 1622 3966 suo
1655 3913 1961 3982 aliquantu-

396 4004 505 4056 lum
539 4003 718 4055 furore.
747 4003 1049 4056 mitescere.
1087 4002 1194 4057 Sed
1224 4018 1322 4056 nec
1348 4003 1426 4056 sic
1453 4004 1760 4073 paventium
1788 4019 1962 4074 popu-

396 4095 570 4150 lorum
623 4106 796 4148 terror
842 4096 1221 4151 abscinditur:
1260 4111 1381 4149 nam
1412 4096 1604 4149 iterum
1651 4096 1794 4150 beati
1852 4096 1956 4149 viri

401 4187 877 4260 glebamjtumeris
900 4189 1258 4255 imponentes,
1287 4185 1582 4254 principale
1607 4186 1845 4254 ejusdem
1872 4186 1964 4239 Dei

396 4281 672 4351 genitricis
717 4280 1070 4333 Buxeriarum
1107 4277 1800 4349 lBouxiéres-aux-Damec]
1840 4293 1963 4331 cum

398 4373 576 4426 choris
602 4371 891 4440 permiscui
925 4370 1132 4425 ordinis
1157 4369 1519 4439 psallentium,
1549 4368 1744 4423 erectis
1777 4368 1828 4421 in
1862 4369 1963 4422 Do-

397 4461 598 4515 minum
628 4460 878 4515 cordibus
901 4468 1161 4530 expetunt
1181 4460 1508 4523 cmuobium,
1535 4458 1712 4527 ibique
1733 4471 1962 4526 prasen-

399 4561 450 4606 te
488 4553 684 4606 domno
709 4550 950 4606 Gerardo
989 4549 1242 4619 pontifice
1272 4555 1461 4603 exacta
1507 4555 1664 4602 nocte
1694 4546 1803 4611 illa,
1836 4546 1962 4600 dum

397 4641 628 4696 reditum
670 4640 925 4712 gestiunt,
981 4640 1086 4694 dici
1111 4636 1222 4705 jam
1269 4637 1376 4691 ullo
1432 4637 1591 4692 modo
1640 4651 1745 4691 non
1788 4645 1964 4706 potest

396 4748 554 4803 quam
607 4731 908 4790 incredibili
980 4730 1322 4783 multitudine
1386 4729 1598 4798 stipata
1645 4728 1963 4798 populorum

395 4828 645 4882 cohortes
672 4824 894 4880 confuso
917 4824 1104 4878 ordine
1128 4821 1310 4875 turbas
1335 4820 1684 4883 miscuerunt,
1715 4835 1778 4874 ex
1805 4820 1960 4884 vicis,

397 4933 460 4972 ex
488 4920 649 4988 agris,
666 4931 732 4971 ex
755 4915 981 4972 diversis
1000 4913 1242 4984 partibus
1267 4913 1318 4965 in
1340 4926 1504 4965 unum
1528 4919 1744 4980 repente
1767 4925 1966 4966 coeun-

401 5013 550 5064 tium.
611 5009 746 5064 Hinc
800 5021 968 5063 sacrae
1023 5005 1284 5075 virgines,
1342 5002 1490 5056 illinc
1547 5001 1968 5057 innumerabiles

397 5102 719 5157 Christiana:
740 5099 860 5154 fidei
891 5111 1094 5168 greges,
1123 5097 1191 5149 ad
1219 5095 1370 5149 littus
1409 5093 1697 5149 Murtensis
1728 5092 1967 5148 fluminis

399 5207 564 5260 usque
593 5197 966 5260 properantes,
997 5188 1084 5241 ubi
1124 5185 1195 5240 ab
1238 5185 1427 5240 incolis
1473 5184 1574 5239 loci
1618 5185 1758 5239 illius
1788 5185 1966 5240 votive

398 5282 727 5352 petentibus,
756 5289 1028 5347 acceptum
1076 5287 1162 5333 est
1205 5276 1344 5332 beati
1377 5275 1476 5329 viri
1508 5275 1819 5331 venerabile
1849 5290 1968 5330 cor-

398 5387 510 5440 pus.
557 5371 627 5426 Et
656 5384 776 5423 cum
821 5367 932 5437 jam
979 5369 1109 5424 satis
1168 5367 1277 5421 visa
1311 5367 1410 5420 illis
1441 5363 1607 5421 fuerit
1654 5365 1968 5422 excrevisse

398 5479 658 5524 aquarum
683 5462 1031 5524 immensitas,
1063 5460 1248 5516 liberis
1277 5461 1416 5514 inter
1438 5461 1609 5516 undas
1638 5463 1878 5518 vestibus
1902 5459 1967 5512 ad

2070 3273 2189 3342 gelli
2222 3274 2490 3342 percussis
2514 3272 2777 3341 plebibus,
2818 3282 3128 3328 sanctorum
3158 3278 3363 3330 meritis
3389 3279 3644 3349 exempti,

2070 3363 2272 3417 cmlesti
2319 3362 2610 3432 disciplina:
2657 3362 2908 3431 praefatus
2946 3381 3159 3434 quoque
3205 3367 3442 3435 pontifex
3467 3370 3646 3423 subdi-

2072 3462 2179 3514 tur,
2207 3464 2265 3507 ut
2294 3464 2468 3508 tactus
2495 3468 2560 3508 ex
2582 3455 2807 3508 verbere
2831 3454 3060 3508 celerius
3086 3465 3342 3525 agnoscat
3365 3458 3490 3527 quia
3509 3475 3648 3514 unus

2069 3556 2150 3599 est
2179 3545 2433 3599 Dominus
2453 3554 2754 3613 prtepotens
2781 3545 2869 3612 qui
2896 3548 3127 3614 percutit
3152 3557 3204 3602 et
3229 3559 3404 3603 sanat.
3424 3549 3564 3619 Ergo
3585 3561 3642 3605 ut

2068 3637 2221 3706 plura
2250 3635 2522 3699 reticeam,
2556 3636 2646 3704 qui
2691 3635 2871 3689 multis
2915 3635 3036 3690 aliis
3081 3639 3384 3693 orationum
3435 3637 3644 3695 fomen-

2071 3734 2126 3780 ta
2152 3735 2483 3796 porrexerat,
2513 3727 2661 3796 gravi
2692 3741 2912 3796 pressus
2943 3727 3280 3784 incommodo
3306 3729 3563 3800 valdeque
3587 3747 3646 3786 se

2073 3819 2276 3872 habens
2313 3833 2474 3888 aegre,
2517 3817 2761 3872 infirmus
2785 3819 3159 3874 decumbebat.

2139 3909 2291 3963 Nulla
2326 3910 2448 3964 huic
2474 3909 2664 3974 virtus,
2697 3909 2874 3963 nullus
2904 3909 3057 3981 vigor
3110 3921 3498 3979 permanserat,
3537 3921 3647 3968 toto

2069 4017 2294 4072 corpore
2315 4003 2722 4064 contabescens,
2759 4016 2856 4054 nec
2877 4016 3123 4055 somnum
3161 4017 3258 4056 nec
3283 4004 3458 4058 cibum
3487 4021 3647 4074 cape-

2069 4112 2128 4150 re
2148 4094 2299 4148 valde
2340 4092 2647 4148 debilitatus
2697 4100 2926 4159 poterat,
2972 4093 3137 4144 vitam
3188 4108 3408 4146 exosam
3442 4094 3648 4148 ducens

2069 4187 2209 4238 inter
2267 4183 2580 4253 angustias,
2621 4182 2684 4236 de
2727 4181 3021 4235 imminenti
3076 4181 3261 4236 funere
3311 4183 3645 4239 solummodo

2067 4276 2356 4346 cogitabat.
2386 4272 2522 4340 Quid
2551 4272 2777 4335 faceret,
2809 4286 2916 4340 quo
2967 4287 3024 4326 se
3052 4281 3285 4325 verteret
3337 4274 3527 4326 anxius
3552 4289 3642 4327 ne-

2066 4367 2299 4428 sciebat;
2333 4364 2512 4433 plebes
2545 4360 2850 4426 absolvens,
2877 4361 2990 4428 ipse
3021 4375 3048 4413 a
3078 4360 3322 4429 plebibus
3349 4362 3643 4427 absolutus,

2067 4456 2239 4512 solum
2271 4455 2476 4509 exitum
2507 4459 2733 4507 mmstus
2761 4450 3123 4519 exspectabat.
3143 4449 3305 4517 Cujus
3325 4451 3539 4519 quidem
3565 4453 3646 4505 in-

2070 4546 2340 4601 firmitatis
2379 4545 2447 4598 ita
2506 4543 2857 4612 exprimimus
2898 4540 3256 4604 incommoda,
3298 4549 3356 4593 ut
3400 4541 3646 4595 videlicet

2069 4636 2414 4693 ostendamus
2446 4641 2643 4703 quanta
2669 4645 2763 4700 per
2785 4631 3000 4686 beatum
3043 4629 3376 4683 Mansuetum
3405 4630 3543 4684 hanc
3575 4633 3646 4686 sit

2068 4729 2295 4800 gratiam
2326 4726 2634 4781 subsecuta.
2661 4722 2793 4777 Nam
2820 4721 2922 4776 hac
2971 4719 3336 4774 invalescente
3376 4720 3642 4786 moleStia,

2068 4837 2188 4877 cum
2217 4819 2479 4892 penejam
2500 4817 2722 4888 jamque
2757 4815 2808 4868 in
2833 4813 3091 4867 extremis
3120 4823 3331 4880 ageret,
3359 4821 3646 4882 ternasque

2068 4913 2320 4967 continue
2371 4907 2735 4963 hebdomadas
2788 4905 3067 4958 insomnes
3105 4902 3374 4956 lethaliter
3400 4903 3645 4965 duceret,

2071 5001 2136 5056 ad
2161 5010 2344 5057 notum
2389 4997 2561 5053 sancti
2602 4995 2871 5051 Mansueti
2923 4993 3184 5063 refugium
3214 5000 3432 5061 urgente
3462 4995 3651 5047 morbo

2070 5105 2355 5148 recurrere
2399 5098 2633 5158 :egrotus
2683 5085 2985 5144 deliberat.
3041 5083 3280 5139 Obstate
3305 5089 3487 5134 contra
3519 5081 3658 5133 mili-

2071 5191 2181 5237 tum
2214 5178 2477 5238 familiare
2519 5176 2873 5248 obsequium,
2939 5189 3011 5234 ne
3051 5171 3292 5227 videlicet
3318 5167 3451 5221 sicut
3480 5181 3662 5221 rumor

2071 5273 2266 5339 fuerat,
2318 5270 2362 5325 si
2409 5268 2712 5338 contigeret
2761 5264 3081 5328 Dominum
3123 5262 3178 5316 in
3216 5255 3451 5312 ordinem
3485 5269 3672 5308 mona-

2070 5365 2265 5418 sticum
2290 5357 2553 5420 converti,
2581 5371 2678 5414 eos
2727 5368 2996 5428 quoque
3030 5351 3227 5424 pariter
3251 5343 3405 5398 rebus
3428 5341 3679 5396 domesti—

2069 5457 2144 5510 cis
2198 5470 2321 5511 cum
2377 5448 2598 5504 Domino
2647 5446 2896 5518 privari.
2959 5449 3089 5516 Quae
3132 5436 3331 5497 scilicet
3373 5446 3458 5485 res
3499 5442 3683 5524 eorum
