4482 5524
930 417 1033 473 643

2038 418 2328 474 ΑΒΞΟΜΞ
2370 421 2749 478 DEIIVENSIS
2787 426 3073 483 ABBATIS

4065 438 4167 489 δα

926 544 984 585 se
1012 528 1127 598 ejus
1148 528 1285 596 apud
1310 527 1478 582 Deum
1512 528 1884 582 interventioui
1921 531 2224 593 committit,
2252 540 2357 583 tam
2385 532 2493 584 suis
2526 540 2565 595 Α
2598 550 2757 603 quam
2785 541 2985 605 potenti
3018 540 3319 595 interventu
3336 545 3506 597 sancti
3530 544 3800 598 exstiterit
3828 544 4028 598 cmlcsti
4060 558 4169 600 περ’

1112 616 1339 671 fratrum
1368 618 1703 673 orationibus
1743 620 2009 673 studiosus
2039 621 2312 680 incumbit,
2346 632 2489 673 vota-

922 724 1024 775 que
1050 723 1144 762 sua
1191 709 1296 761 Deo
1343 723 1406 762 ac
1429 718 1618 763 sancto
1664 709 1939 763 Mansuete
1998 710 2102 762 imo
2149 723 2363 777 pectore
2399 711 2489 763 de-

922 797 1119 860 ferens,
1162 812 1266 849 non
1308 798 1456 866 prius
1502 798 1709 851 abstitit
1752 814 1910 868 quam
1961 799 2233 852 redeuntis
2276 800 2482 865 salutis,

922 884 1145 939 Domino
1169 886 1477 951 miserante,
1537 888 1813 956 sanctique
1840 887 2101 941 Mansueti
2138 888 2331 941 tirtute
2353 904 2482 942 con-

918 976 1144 1041 ferente,
1168 987 1380 1045 sperata
1407 979 1665 1034 beneficia
1693 980 1975 1047 persensit.
2007 978 2157 1044 Quod
2187 994 2351 1047 usque
2389 982 2483 1033 bo:

916 1065 1000 1118 die
1030 1066 1167 1120 idem
1202 1068 1435 1135 pontifex
1468 1083 1568 1123 non
1594 1070 1711 1124 sine
1726 1068 1971 1136 suspiriis
1998 1068 2183 1121 solitus
2204 1077 2286 1120 est
2313 1067 2479 1119 refer-

918 1170 1000 1221 re,
1021 1166 1223 1226 quanto
1251 1171 1315 1213 eo
1345 1167 1583 1229 tempore
1606 1158 1767 1214 fuerit
1795 1159 2133 1212 incommodo
2170 1160 2476 1227 depressus,

918 1359 1328 1385 ~—

2593 627 2768 678 diciua
2793 627 3047 682 salvatus.
3076 629 3139 682 Et
3158 631 3283 699 quia
3312 632 3488 700 aliqua
3511 634 3575 687 de
3613 635 3782 688 sancti
3818 635 3974 703 hujus
3999 636 4166 688 virtu-

2597 716 2738 770 tibus
2769 720 3049 786 prmsentis
3109 721 3159 773 in
3198 736 3362 775 carne
3404 723 3669 791 pontilicis
3725 734 3963 791 tempore
4012 734 4161 793 gesta

2609 808 2756 863 brevi
2790 810 3015 871 calamo.
3057 821 3116 865 ut
3167 812 3239 865 ita
3270 813 3720 876 dicam,sodalem
3771 814 3868 867 sibi
3917 814 4151 867 libellum

2589 899 2702 966 ejus
2725 900 2949 970 imperio
2990 903 3352 967 exsoluturus,
3384 919 3522 957 nunc
3569 905 3619 957 in
3651 905 3733 958 his
3760 919 3971 973 quoque
4001 903 4158 958 linem

2585 990 2849 1046 faciamus
2894 994 3060 1063 adjuti
3112 992 3225 1061 ejus
3264 995 3616 1060 orationibus,
3666 997 3939 1064 aspirante
3988 995 4160 1064 gratia

2586 1080 2795 1136 Domini
2827 1082 3221 1153 Redemptoris.

1757 1539 2104 1656 VlTA
2190 1540 2701 1655 SANCTI
2789 1545 3282 1660 BASOLI

2277 1762 2745 1819 CONFESSORIS

1993 1920 2488 2027 Auctore
2562 1920 3059 2027 .fldsone.

1164 2151 1337 2221 (Apud
1363 2149 1583 2213 Mabill.,
1618 2148 1746 2201 Acta
1780 2142 1882 2201 SS.
1917 2146 2030 2197 0rd.
2065 2142 2120 2197 S.
2149 2143 2364 2205 Bencd.,
2402 2141 2535 2196 Suec.
2568 2141 2628 2205 Il,
2660 2160 2709 2211 p.
2743 2142 2829 2207 66,
2864 2160 2926 2197 ex
2955 2144 3265 2200 membranis
3288 2153 3589 2206 monasterii
3618 2152 3677 2209 S.
3710 2153 3939 2226 Basoli.)

1952 2452 2343 2542 l’l.OLOG
2360 2462 2482 2540 US
2538 2468 3074 2548 AUCTOBIS.

958 2669 1009 2722 1.
1052 2666 1312 2733 Quoniam
1362 2668 1712 2722 describenda
1759 2666 2087 2720 sanctissimi
2129 2662 2460 2719 confessoris
2490 2662 2535 2721 B
2565 2665 2813 2720 ariditate
2862 2670 3137 2723 constricti
3191 2686 3399 2736 sumus.
3456 2685 3604 2731 tanto
3649 2680 4024 2740 vehementius
4068 2688 4132 2741 ad

892 2757 1089 2812 Christi
1120 2758 1293 2812 Basoli
1322 2760 1443 2811 vita:
1468 2771 1789 2824 acutumque
1818 2755 2043 2825 insignia
2071 2770 2179 2823 prae
2210 2752 2457 2806 manibus

889 2850 1172 2911 habemus,
1211 2864 1273 2901 os
1316 2859 1365 2901 et
1417 2864 1508 2902 cor
1553 2857 1793 2900 nostrum
1828 2847 1878 2898 in
1924 2846 2118 2899 caalum
2156 2845 2455 2910 dirigimus,

884 2939 1031 3008 quia,
1076 2947 1306 2991 testante
1338 2937 1641 3006 Scriptura,
1672 2934 1843 2989 Omne
1886 2935 2065 2988 datum
2112 2933 2371 3001 optimum
2402 2940 2456 2984 et

883 3040 1043 3081 omne
1094 3027 1291 3080 donum
1320 3025 1616 3094 perfectum
1664 3025 1943 3077 desursum
1970 3037 2091 3075 esse
2121 3020 2259 3091 (Jac.
2300 3037 2335 3083 I,
2368 3019 2453 3089 l7)

883 3118 1277 3187 cognoscimus.
1326 3117 1405 3168 Ad
1452 3115 1553 3169 hoc
1602 3123 1783 3167 autem
1831 3128 1964 3181 opus
2013 3112 2201 3181 trepidi
2233 3111 2453 3164 omnino

882 3223 1100 3263 manum
1129 3208 1498 3269 extendimus,
1536 3206 1659 3274 quia
1691 3214 1850 3259 tanta:
1879 3204 2119 3257 materia:
2150 3202 2355 3256 meritis
2399 3210 2453 3255 et

879 3300 1094 3368 ingenio
1123 3300 1355 3366 impares
1397 3299 1599 3350 viribus
1647 3296 1801 3349 fracti
1828 3295 2249 3355 succumbimus,
2288 3308 2449 3361 quam

877 3389 968 3442 uni
996 3402 1062 3441 ex
1090 3389 1292 3455 antiqui
1327 3388 1585 3454 temporis
1611 3385 1937 3455 primoribus
1967 3386 2099 3438 satis
2127 3384 2445 3453 condignam

873 3492 992 3532 esse
1056 3478 1457 3547 perpendimus.
1527 3477 1622 3531 (lui
1702 3476 1956 3539 etiamsi,
2034 3486 2093 3529 ut
2169 3474 2446 3543 gentilium

873 3569 1127 3638 figmenta
1160 3568 1423 3630 referunt,
1455 3567 1719 3622 llomerus
1747 3575 1839 3620 aut
1874 3566 2078 3620 Tullius
2124 3564 2314 3620 Cicero
2360 3579 2445 3618 re-

870 3660 1011 3715 diret
1040 3661 1106 3714 ab
1144 3660 1360 3723 inferis,
1400 3675 1503 3713 non
1532 3667 1717 3728 posset
1744 3658 1921 3712 verbis
1958 3657 2237 3710 includere
2264 3670 2442 3718 omne,

871 3762 931 3805 ut
957 3762 1165 3822 gestum
1212 3762 1317 3817 est,
1364 3765 1499 3821 opus
1525 3751 1719 3803 divina:
1762 3749 2006 3811 virtutis;
2037 3756 2240 3816 quanto
2269 3746 2444 3799 minus

868 3856 968 3911 ego
994 3840 1139 3895 solus
1168 3840 1476 3904 homuncio,
1506 3839 1591 3893 cui
1624 3852 1721 3891 nec
1750 3837 1973 3891 scientia
1998 3844 2193 3905 praesto
2216 3844 2318 3898 est,
2345 3849 2444 3887 nec

868 3930 1181 3984 meritorum
1211 3928 1312 3982 ulla
1339 3929 1558 3983 decusat
1586 3927 1721 3980 ratio
1743 3966 1756 3990 ,
1789 3940 1889 3979 nec
1914 3942 1973 3979 ea
1993 3964 2007 3989 ,
2038 3940 2158 3992 qua:
2192 3924 2242 3975 in
2280 3922 2438 3976 rebus

2560 2756 2762 2811 fontem
2818 2774 3074 2828 aquarum
3127 2765 3416 2819 viventium
3467 2770 3712 2825 sitientes
3769 2778 4129 2842 recurrimus,

2559 2856 2763 2913 quanto
2804 2848 3175 2906 inardescente
3224 2856 3312 2907 siti
3367 2857 3507 2912 intus
3552 2861 3949 2926 mstuamusﬁin
3984 2868 4130 2922 illum

2559 2935 2926 3003 suspirantes,
2979 2940 3029 2991 in
3080 2940 3224 2994 illum
3268 2955 3448 2999 nostra
3498 2952 3787 3013 praecordia
3845 2968 4125 3022 ponentes,

2556 3024 2623 3077 de
2665 3041 2773 3093 quo
2822 3030 3084 3082 veraciter
3130 3033 3388 3101 scriptum
3438 3046 3698 3101 tenemus,
3731 3042 3853 3110 quia
3896 3044 3948 3096 in
3993 3045 4128 3098 coelo

2558 3114 2720 3167 habet
2766 3118 3072 3171 cathedram
3106 3122 3193 3189 qui
3245 3124 3397 3178 docet
3450 3130 3611 3181 corda
3665 3130 3937 3187 hominum
3969 3135 4123 3203 (Ave.

2560 3210 2713 3254 tract.
2740 3203 2772 3255 5
2800 3205 2853 3255 in
2884 3221 2920 3257 ι.
2950 3206 3116 3273 Epist.
3151 3208 3309 3263 Joan.
3341 3215 3479 3267 circa
3511 3217 3711 3286 finem).

2628 3292 2827 3358 Quibus
2854 3300 3153 3353 auctoribus
3180 3304 3400 3371 scriptor
3421 3308 3553 3359 lianc
3577 3311 3732 3363 vitam
3760 3326 4051 3381 componat.

2621 3383 2673 3435 2.
2723 3383 2848 3439 lude
2897 3388 3074 3455 itaque
3125 3391 3366 3459 accipere
3395 3394 3667 3470 volumus,
3708 3401 3845 3454 unde
3874 3402 4121 3457 innume-

2552 3475 2801 3528 rabilium
2829 3478 3022 3531 lluenta
3056 3480 3369 3548 paginarum
3398 3500 3680 3542 emanasse
3724 3492 4120 3560 cognoscimus,

2550 3563 2701 3632 cujus
2731 3566 2918 3634 gratia:
2962 3576 3129 3621 totum
3177 3572 3418 3638 profecto
3468 3577 3788 3650 ascribimus
3815 3621 3828 3642 ,
3879 3598 3985 3649 quo
4029 3584 4121 3638 do-

2548 3662 2703 3707 cente
2749 3657 3027 3723 egreditur
3068 3660 3322 3728 quidquid
3353 3664 3642 3730 profertur.
3673 3667 3777 3721 Sed
3817 3680 3869 3723 et
3917 3672 3959 3725 si
4000 3683 4120 3740 post

2549 3757 2647 3795 nos
2676 3742 2852 3797 subito
2879 3748 3145 3815 prosiliat,
3178 3751 3266 3818 qui
3300 3768 3433 3820 opus
3462 3755 3561 3809 hoc
3592 3768 3830 3812 nostrum
3859 3764 4116 3834 evostigio

2547 3833 2885 3899 remordeat,
2932 3847 2987 3889 ut
3020 3846 3074 3890 et
3128 3839 3240 3908 ipse
3290 3842 3373 3896 his
3408 3848 3682 3901 venustius
3729 3833 4114 3918 componendis

2544 3923 2738 3992 eloquii
2767 3927 2846 3979 sui
2886 3935 3152 3983 torrentes
3184 3930 3387 3997 influat,
3416 3949 3535 4003 qua:
3574 3951 3671 3991 nos
3703 3940 3878 3993 minus
3926 3942 4113 3997 idonee

867 4018 1256 4073 excellentibus
1304 4026 1387 4072 est
1434 4018 1587 4071 valde
1628 4016 1954 4075 necessaria,
1987 4016 2127 4068 docti
2174 4014 2437 4069 sermonis
2465 3997 2513 4060 (ἕ
2544 4012 2623 4064 vel
2663 4021 2867 4069 temere
2891 4020 3257 4086 composuisse
3288 4023 3603 4092 redarguat;
3645 4028 3865 4082 reducat
3904 4030 3968 4082 ad
4002 4047 4114 4084 me-

864 4108 1086 4164 oratio?
1117 4107 1255 4174 Quid
1285 4108 1450 4178 ergo?
1494 4108 1593 4162 etsi
1617 4108 1819 4177 indigni
1856 4122 2063 4169 sumus,
2093 4107 2312 4160 omnino
2359 4114 2437 4157 ta-

862 4200 1148 4257 cebimus?
1171 4200 1418 4254 Forsitan
1444 4200 1585 4254 enim
1617 4198 1825 4269 culpam
1855 4197 2197 4259 incurrimus,
2224 4196 2266 4249 si
2299 4194 2433 4261 ejus,

861 4292 929 4348 de
960 4308 1066 4362 quo
1109 4307 1323 4361 semper
1365 4292 1523 4361 digne
1571 4291 1712 4359 loqui
1764 4303 2083 4359 possumus,
2129 4286 2353 4339 virtutes
2382 4293 2436 4337 et

860 4400 1023 4455 opera
1053 4385 1290 4440 silemus.
1316 4385 1467 4452 Quod
1492 4384 1535 4438 si
1561 4398 1623 4438 ex
1654 4383 1805 4436 nobis
1836 4382 2036 4435 tmllam
2064 4376 2432 4431 sufﬁcientiam

859 4476 1140 4537 habemus.
1181 4475 1451 4529 credimus
1498 4482 1697 4535 tamen,
1750 4480 1807 4525 ut
1858 4468 2149 4539 Gregorius
2182 4467 2434 4519 Romana“:

860 4580 955 4619 rex
984 4564 1305 4635 eloquentiae
1356 4563 1561 4619 scribit.
1600 4563 1723 4630 quia
1774 4561 1935 4624 vires,
1982 4574 2116 4628 quas
2163 4556 2432 4623 imperitia

856 4654 1109 4722 denegat,
1142 4653 1381 4707 cbaritas
1423 4650 1716 4705 ministrat.
1765 4649 1831 4701 Et
1881 4649 2111 4702 fortasse
2147 4660 2211 4699 eo
2246 4644 2430 4698 facun-

858 4744 1040 4799 diores
1065 4744 1287 4807 erimus,
1317 4757 1423 4812 quo
1452 4739 1670 4811 propria
1696 4739 1892 4793 virtute
1924 4737 1995 4791 nil
2026 4737 2269 4798 fidimus;
2303 4733 2429 4802 quia

855 4844 1061 4905 quanto
1087 4836 1207 4904 quis
1233 4833 1512 4888 humiliter
1541 4833 1682 4885 intra
1722 4845 1873 4884 suam
1913 4844 1969 4883 se
1998 4827 2250 4897 deprimit
2278 4826 2430 4893 igno-

862 4927 1117 4988 rantiam,
1158 4934 1305 4978 tanto
1334 4924 1645 4978 sublevatur
1688 4921 1915 4975 interius
1942 4935 2039 4989 per
2068 4918 2327 4987 Spiritum
2365 4913 2427 4968 il-

853 5016 1206 5071 luminantem
1232 5056 1247 5080 ,
1279 5024 1333 5069 et
1361 5012 1695 5068 auditoribus
1727 5012 1906 5065 animo
1932 5009 2116 5063 utilius
2142 5007 2276 5061 solet
2304 5020 2429 5076 pro-

854 5109 1013 5165 desse
1041 5108 1182 5177 quod
1212 5105 1453 5176 procedit
1475 5104 1712 5158 exterius
1738 5118 1803 5156 ex
1835 5117 1961 5156 vera
2003 5099 2321 5155 humilitate.
2354 5098 2426 5151 At

852 5216 982 5255 vero
1028 5200 1204 5253 oratio
1231 5212 1351 5267 qua:
1390 5211 1456 5251 ex
1488 5195 1626 5250 fastu
1657 5195 1919 5264 superbia:
1957 5193 2151 5261 prodit,
2202 5191 2425 5244 audien-

853 5300 959 5347 tem
999 5306 1105 5346 non
1157 5290 1397 5361 adjuvat,
1448 5288 1540 5343 sed
1584 5286 1808 5341 fastidit.
1868 5286 2005 5356 Ergo
2053 5284 2179 5353 quia
2227 5282 2423 5337 mentis

852 5425 1032 5524 51?.)
1061 5413 1497 5524 Eumaeus?
1520 5424 1982 5524 .9'E2'1'.i‘.“..?.“a
1997 5421 2421 5524 sacres:

2539 4103 2789 4168 moriam,
2818 4108 2958 4174 quod
3004 4124 3106 4162 non
3144 4110 3244 4163 hoc
3286 4116 3534 4181 proprius
3574 4117 3835 4183 quidlibet
3882 4120 4108 4175 faciendi

2539 4193 2791 4263 impetus,
2818 4199 2907 4251 sed
2957 4211 3279 4269 przcceptum
3330 4206 3715 4260 venerabilium
3747 4208 3967 4264 Patrum
4015 4228 4109 4267 nos

2537 4283 2773 4351 duxerit,
2806 4290 2904 4341 sub
2930 4304 3154 4357 quorum
3188 4293 3413 4361 imperio
3446 4297 3772 4362 militamus;
3817 4302 4013 4369 quibus
4062 4306 4106 4357 si

2536 4378 3062 4444 contradiceremus,
3106 4384 3324 4452 majoris
3362 4388 3643 4442 dementiae
3689 4391 3840 4446 nefas
3868 4407 3987 4447 esse
4012 4410 4107 4463 pu-

2538 4467 2788 4522 tavimus.
2838 4470 3075 4537 Ipsorum
3110 4487 3239 4541 ergo
3265 4484 3450 4528 contra
3482 4479 3663 4532 omnia
3697 4481 3984 4549 inopinave
4009 4485 4105 4538 ob-

2530 4556 2779 4625 jectionis
2815 4557 2992 4626 jacula
3029 4560 3341 4618 defensione
3365 4565 3707 4633 confidimus,
3737 4570 3932 4638 quibus
3975 4573 4103 4626 obe-

2534 4647 2750 4701 dientia:
2794 4638 2932 4703 ortos
2979 4654 3289 4707 auctoribus
3337 4655 3671 4711 tolerandum
3719 4674 3838 4714 esse
3868 4677 4105 4731 suscept-

2535 4754 2676 4801 mus,
2705 4740 2796 4809 qui
2827 4750 2950 4809 post
2976 4742 3191 4813 longam
3219 4749 3529 4802 monastica:
3559 4750 3914 4807 institutionis
3939 4754 4106 4807 aboli-

2535 4839 2641 4885 tam
2694 4834 3028 4890 honestatem
3080 4838 3178 4891 hac
3205 4849 3385 4892 nostra
3416 4849 3574 4895 aetate
3615 4842 3872 4911 regularis
3899 4844 4103 4899 militize

2531 4932 2657 4976 sunt
2710 4934 3051 4993 reparatores
3100 4935 3260 4995 atque
3320 4939 3653 4984 recreatores
3706 4932 3837 5001 (i3).
3899 4933 4102 5000 Quibus

2531 5029 2651 5068 cum
2683 5014 2979 5079 obedimus,
3004 5018 3127 5072 vitae
3160 5026 3361 5073 nostra:
3398 5021 3641 5075 ordinem
3672 5023 4003 5079 honoramus
4040 5041 4102 5078 ac

2530 5117 2726 5160 nostrae
2761 5109 3035 5161 servitutis
3063 5110 3394 5178 propositum
3438 5112 3657 5167 illmsum
3696 5129 4098 5170 conservemus.

2528 5197 2661 5251 Cum
2692 5212 2819 5250 vero
2851 5198 2919 5251 ab
2959 5213 3145 5252 eorum
3176 5197 3482 5253 obedientia
3514 5209 3715 5256 temere
3748 5202 4094 5264 declinamus.

2530 5290 2698 5342 Deum
2718 5287 3059 5354 oﬂ‘endimus,
3087 5290 3294 5344 animas
3322 5300 3534 5345 nostras
3554 5292 3813 5358 laadimus,
3840 5308 3939 5363 pro
3960 5310 4097 5348 mer—

2524 5424 2791 5524 restiAtgtis
2807 5424 3210 5524 lprmif'tcientllgm
3233 5433 3492 5479 curarunt
3532 5425 3787 5506 Qdoleum
3822 5419 4094 5489 abbatem,

2526 5494 2607 5524 η.ιῖ
2722 5509 2781 5524 οη
2856 5510 2911 5524 η..
2936 5503 3069 5524 tamn
3162 5509 3401 5524 ηηιη-ηηη
3452 5506 3675 5524 nnln.~l-II
3722 5510 3936 5524 nnmI-IIG
3970 5513 4062 5524 -..η

2856 5494 3069 5524 ηι-ιιΔΙῑΙΛ
3112 5494 3401 5524 ηηηιηιιηηη
3452 5496 3675 5524 ῆηΙῖθΙῖΙῖ
3722 5510 3936 5524 ΛΑΜ-’.ιο
3970 5513 3991 5524 η
