4482 5524
362 387 466 442 643
1632 395 1716 449 ΒΕ
1759 395 1909 449 \'lT.\

1955 399 2011 454 S.
2058 402 2313 457 BASOLI.

3476 421 3580 480 6&6

360 502 490 557 cede
516 502 888 559 inobedienu'a:
917 507 1546 576 damnationisjndicitun
1568 515 1909 568 sustinemus.
1944 522 1991 579 Α
2020 518 2218 571 domini
2258 520 2535 575 Confessor
2585 523 2635 576 in
2678 526 2868 593 populo
2897 528 3105 594 lateret,
3135 533 3336 600 effecit;
3369 539 3456 607 qui
3503 543 3587 595 his

360 591 500 662 Ergo
549 592 603 645 in
632 592 732 646 hac
773 604 923 661 parte
951 610 1107 650 nemo
1142 598 1375 651 mordaci
1405 600 1712 667 pra-judicio
1744 605 1793 655 in
1823 620 1919 656 nos

350 680 527 749 jacula
551 690 925 751 contorqueat,
962 686 1083 753 quia
1115 688 1404 755 vituperari
1436 704 1541 743 nou
1573 691 1828 745 debemus
1872 694 1915 747 si

357 772 616 827 instituta:
641 775 915 828 servitutis
944 776 1218 829 humiliter
1247 777 1479 833 cilicium
1513 781 1811 850 implentus.

859 865 1097 917 Auctoris
1131 867 1401 920 modestia.

422 948 475 1003 3.
512 949 615 1005 Sed
647 966 821 1021 neque
852 963 1071 1008 econtra
1115 955 1439 1012 laudationis
1469 958 1724 1030 cujusque
1761 961 1917 1018 funes

354 1040 678 1095 innectimus
699 1083 713 1106 ,
741 1043 867 1110 quia
909 1044 1128 1097 omnino
1159 1044 1364 1100 laudari
1396 1062 1423 1100 a
1456 1064 1722 1118 quoquam
1759 1067 1911 1105 ret-u-

351 1147 553 1196 samus,
582 1135 670 1203 qui
700 1135 1018 1190 laudandum
1050 1153 1323 1207 nunquam
1352 1142 1549 1211 aliquid
1597 1160 1693 1199 nos
1739 1147 1913 1215 egisse

351 1225 712 1279 meminimus.
746 1226 801 1280 In
849 1228 952 1283 hoc
981 1244 1207 1298 namque
1258 1232 1346 1286 tali
1398 1237 1608 1302 negotio
1645 1252 1746 1291 non
1774 1247 1853 1292 est
1883 1253 1911 1291 a

348 1313 587 1368 dictante
614 1318 899 1384 qumrenda
940 1318 1175 1372 laudatio
1200 1361 1213 1383 ,
1248 1322 1337 1375 sed
1370 1325 1623 1377 virtutum
1658 1326 1912 1381 imitanda

345 1408 654 1473 proportio,
689 1416 742 1460 et
784 1424 960 1461 rerum
994 1421 1266 1478 gestarum
1313 1428 1432 1467 cum
1484 1416 1706 1468 veritate
1741 1417 1912 1486 profe-

344 1496 511 1548 renda
571 1498 815 1550 assertio.
878 1497 932 1552 Si
983 1498 1145 1567 igitur
1191 1502 1349 1555 debet
1392 1505 1512 1571 quis
1562 1504 1784 1566 laudari,
1825 1507 1912 1561 ille

341 1583 589 1638 laudetur
614 1587 677 1641 de
712 1602 819 1655 quo
872 1603 969 1641 nos
1012 1587 1196 1641 famuli
1228 1590 1513 1658 loquimur,
1549 1593 1633 1646 ille
1668 1593 1911 1648 laudetur

337 1674 429 1741 qui
482 1675 709 1729 virtutes
760 1686 1034 1744 operatur,
1090 1678 1177 1731 ille
1226 1662 1315 1747 qui
1357 1678 1468 1745 jam
1519 1683 1911 1751 triumphaliter

335 1765 583 1829 pervenit
625 1767 692 1820 ad
737 1777 947 1833 portum
968 1807 982 1831 ,
1015 1784 1120 1823 non
1152 1770 1239 1824 ille
1266 1772 1356 1840 qui
1387 1773 1561 1827 adhuc
1591 1774 1641 1827 in
1680 1776 1906 1841 incerto,

2025 604 2263 660 Francim
2288 611 2532 677 partibus
2561 622 2611 665 et
2650 617 3031 671 monachorum
3080 622 3314 679 imitator
3338 604 3585 700 egregius

2020 696 2245 755 exstitit.
2277 699 2436 751 totius
2457 702 2631 770 populi
2658 704 2737 757 sui
2764 707 2899 776 apud
2926 707 3204 767 Dominum
3227 696 3437 785 semper
3454 696 3583 787 piis-

2021 785 2189 839 simus
2229 788 2490 842 mediator
2515 792 2637 844 erit.

2021 871 2179 929 Fides
2231 878 2388 946 hujus
2436 880 2668 934 ltistoriw
2741 886 2934 939 Auctor
2983 907 3155 944 rerum
3205 896 3436 950 ordinem
3476 916 3579 953 non

2707 967 2894 1009 servat.

2088 1036 2139 1090 4.
2181 1038 2431 1104 Qumdam
2476 1042 2635 1109 igitur
2675 1048 2869 1101 tradita
2898 1066 2963 1105 ex
3004 1054 3342 1125 antiquorum
3375 1074 3580 1114 memo-

2018 1129 2092 1179 ria
2127 1132 2392 1199 copiosius
2440 1136 2739 1200 retulimus,
2786 1142 3028 1207 quaedam
3078 1161 3204 1198 vero
3228 1147 3295 1202 ab
3320 1164 3412 1204 ore
3452 1151 3584 1207 ﬁde-

2016 1216 2143 1270 lium
2172 1220 2335 1273 relata
2368 1223 2489 1275 stilo
2520 1226 2736 1294 proprio
2776 1232 3295 1296 commcndavimus,
3325 1240 3580 1293 nonnulla

2017 1323 2231 1377 quoque
2258 1312 2453 1366 addere
2484 1314 2634 1368 libuit
2665 1318 2855 1385 quibus
2884 1330 2935 1373 et
2974 1322 3068 1389 ipsi
3102 1326 3457 1392 interfuimus,
3486 1332 3580 1386 sed

2014 1409 2066 1450 et
2100 1400 2183 1452 illa
2233 1402 2463 1457 breviter
2489 1409 2728 1461 exsecuti
2760 1428 2945 1467 sumus
2984 1430 3099 1485 qum
3142 1419 3300 1472 rebus
3332 1424 3577 1476 testimo-

2015 1490 2103 1541 nio
2151 1495 2488 1558 prccscntiutu
2538 1499 2860 1565 astipulante
2914 1503 3214 1559 didicimus.
3272 1508 3326 1561 lu
3375 1511 3577 1565 descri—

2013 1580 2191 1646 ptione
2220 1591 2397 1635 autent
2430 1596 2608 1638 nostra
2640 1588 2879 1641 ordinem
2907 1605 3123 1646 servare
3153 1600 3575 1665 supersedimus;

2015 1669 2305 1725 dummodo
2338 1674 2387 1725 id
2432 1692 2729 1743 ageremus,
2766 1691 2823 1731 ut
2855 1697 2973 1748 qua:
3001 1698 3059 1738 sc
3093 1694 3288 1738 nostra?
3319 1688 3579 1745 inferrent

2011 1759 2230 1821 notitiae,
2262 1763 2423 1815 surda
2473 1778 2567 1817 ore
2613 1782 2716 1818 non
2758 1774 3137 1824 transeundum
3168 1775 3578 1842 essejudicarc-

335 1853 478 1906 inter
501 1852 693 1909 ﬂuctus
715 1856 892 1926 dirigi!
931 1872 1159 1913 remum.
1192 1859 1343 1916 Unus
1370 1870 1453 1915 εει
1478 1863 1642 1932 igitur
1666 1879 1727 1917 ex
1758 1866 1904 1935 prin,
1938 1874 1982 1933 Β
2010 1862 2157 1912 mus;
2212 1854 2460 1917 quamvis
2504 1870 2714 1923 quoque
2744 1876 2770 1908 a
2824 1860 3063 1926 pluribus
3103 1862 3353 1918 aﬂirmari
3385 1869 3572 1934 soleat,

330 1942 541 2010 cipibus
584 1947 969 1999 monachorum
1008 1948 1340 2011 sublimium,
1373 1966 1533 2020 quem
1570 1968 1666 2008 nos
1694 1954 1902 2009 Monas-

330 2032 452 2085 ticae
487 2034 607 2087 vitae
656 2034 986 2104 professores
1034 2038 1433 2109 indignissimos
1470 2042 1560 2109 qui
1595 2058 1695 2097 nec
1749 2045 1904 2100 mini-

327 2136 473 2174 mam
503 2125 817 2179 meritorum
855 2127 1171 2195 particulam
1200 2130 1499 2199 attigimus,
1540 2142 1751 2201 Oportet
1790 2133 1903 2187 lau-

326 2212 457 2266 dare
495 2225 550 2267 et
584 2215 819 2271 recolere
850 2218 1057 2272 devotis
1097 2222 1421 2288 pectoribus.
1459 2222 1667 2277 Justum
1708 2226 1903 2293 quippe

324 2312 427 2366 est,
461 2313 521 2357 ut
545 2319 702 2371 quem
732 2306 992 2363 habemus
1014 2324 1122 2377 pra:
1147 2309 1314 2363 oculis
1354 2312 1521 2364 nostri
1550 2313 1753 2365 ordinis
1797 2314 1895 2367 du-

322 2407 437 2447 cem
471 2397 953 2467 pra:cipuum,quo
983 2409 1221 2468 regente,
1273 2415 1370 2468 per
1410 2402 1591 2455 varios
1635 2417 1793 2456 casus
1847 2413 1901 2457 et

322 2492 401 2536 tot
440 2484 752 2540 discrimina
806 2503 987 2542 rerum
1018 2493 1287 2544 tendimus
1334 2492 1400 2545 ad
1432 2494 1678 2561 patriam,
1727 2497 1895 2548 nostri

318 2573 659 2629 devotionem
690 2579 1039 2634 exhibeamus
1076 2582 1322 2651 obsequii
1367 2584 1635 2652 ritumque
1665 2584 1895 2651 colendi,

322 2670 379 2714 ιιι
407 2672 536 2718 tunc
583 2680 710 2720 suos
749 2683 866 2722 esse
915 2682 1284 2739 recOgnoscat,
1319 2687 1440 2726 cum
1485 2674 1535 2726 in
1566 2673 1769 2741 judicio
1804 2691 1896 2729 ve-

318 2748 472 2803 niens
497 2766 524 2803 a
550 2754 805 2807 servitute
830 2771 921 2809 sua
953 2772 1056 2810 non
1081 2756 1245 2813 fuisse
1266 2770 1548 2815 extraneos
1569 2764 1891 2819 considerat.

320 2837 420 2904 Qui
466 2840 582 2894 bmc
611 2853 786 2898 autem
820 2844 1028 2915 legerit,
1066 2848 1350 2919 intelligat,
1381 2851 1521 2919 quod
1574 2861 1753 2906 nostra
1795 2868 1890 2906 ex-

315 2928 455 2982 actio
480 2931 548 2985 ad
584 2932 861 3002 legendum
887 2951 1008 2990 eum
1040 2954 1143 2991 non
1172 2940 1729 3010 couipellat,sciatque
1756 2944 1881 3011 quia

315 3020 414 3073 alia
467 3038 567 3091 pro
614 3026 733 3081 aliis
787 3044 890 3081 non
954 3030 1296 3086 introducere
1341 3032 1622 3093 voluimus,
1674 3035 1766 3087 sed
1810 3035 1886 3088 rei

313 3120 478 3179 gesta:
523 3114 766 3169 ordinem
814 3117 1223 3187 diligentissime
1267 3122 1666 3193 investigantes,
1712 3139 1887 3191 quau-

2009 1942 2148 2007 quod
2184 1942 2353 1997 solers
2398 1947 2691 2015 antiquitas
2718 1963 2780 2002 ex
2819 1951 2957 2005 beati
2992 1954 3089 2006 viri
3139 1958 3344 2011 actibus
3392 1970 3573 2027 postc-

2009 2044 2187 2083 rerum
2222 2035 2494 2088 memoria:
2526 2052 2628 2089 non
2672 2040 2893 2093 modica:
2921 2044 3238 2111 qUantitatis
3266 2046 3457 2103 librum
3492 2068 3576 2105 rc-

2005 2120 2237 2190 liquerit,
2265 2126 2353 2193 qui
2379 2134 2555 2180 tamen
2580 2130 2753 2183 adhuc
2780 2135 2975 2186 nostris
3003 2138 3379 2204 conspectibus
3403 2157 3573 2209 usque

2004 2211 2055 2263 in
2086 2227 2323 2278 prtesens
2349 2215 2672 2284 deprehendi
2702 2236 2805 2274 non
2830 2225 3019 2290 potuit.
3057 2225 3158 2280 Sed
3178 2229 3288 2282 sive
3316 2231 3439 2284 illud
3463 2246 3565 2297 est,

2001 2300 2134 2364 sive,
2167 2312 2222 2355 ut
2254 2314 2407 2371 poeta
2437 2308 2599 2371 canit,
2640 2308 2924 2377 Audieras,
2959 2316 3051 2367 sed
3096 2314 3234 2370 fama
3268 2317 3397 2384 fuit;
3439 2338 3562 2389 spe-

2000 2394 2151 2448 cialis
2176 2398 2408 2464 pastoris
2438 2401 2605 2454 nostri
2634 2403 2861 2457 virtutes
2888 2414 2941 2460 et
2965 2422 3126 2475 opera
3154 2426 3251 2465 nos
3279 2412 3437 2467 silere
3464 2416 3563 2467 nii-

1999 2488 2143 2541 nime
2186 2492 2456 2555 convenit,
2502 2495 2591 2561 qui
2640 2504 2693 2549 et
2743 2507 2866 2552 ante
2912 2514 3108 2569 corpus
3150 2501 3266 2569 ejus
3314 2506 3569 2559 excubias

1998 2579 2206 2646 agimus
2237 2579 2369 2651 (Μ),
2412 2593 2465 2636 et
2512 2585 2792 2651 patrocinii
2837 2589 3203 2659 singularitate
3250 2594 3563 2663 gaudemus.

1995 2664 2105 2720 Nec
2134 2666 2287 2721 nobis
2311 2670 2413 2723 erit
2444 2673 2592 2725 oneri
2646 2685 3116 2747 quantumcunque
3160 2680 3328 2749 ipsius
3354 2697 3561 2751 praeco-

1994 2757 2083 2810 nia
2109 2760 2307 2816 scimus
2335 2763 2401 2817 ab
2433 2764 2551 2819 aliis
2580 2766 2789 2821 dilatari
2818 2788 2827 2821 :
2867 2771 2972 2823 imo
3018 2772 3194 2841 potius
3222 2783 3445 2843 surgent
3480 2775 3560 2828 in-

1995 2860 2271 2905 crementa
2294 2855 2494 2924 gaudii,
2524 2856 2565 2909 si
2600 2856 2685 2910 ubi
2713 2874 2809 2912 nos
2836 2859 3133 2925 deficimus,
3158 2864 3443 2932 contigerit
3469 2878 3564 2932 per

1991 2938 2153 2992 alium
2184 2942 2490 3013 adimpleri;
2522 2947 2645 3014 quia
2686 2948 2913 3004 virtutes
2949 2949 3065 3019 ejus
3091 2967 3227 3020 quas
3258 2952 3394 3006 cmlo
3426 2962 3561 3006 teste

1992 3038 2073 3083 est
2094 3042 2347 3098 operatus
2371 3074 2386 3099 ,
2418 3036 2556 3090 sicut
2582 3037 2758 3092 nullus
2794 3041 3101 3095 mortalium
3133 3043 3305 3112 potuit
3328 3042 3561 3110 pleniter

1993 3136 2302 3191 agnoscere,
2329 3124 2401 3179 ita
2427 3140 2604 3183 sermo
2624 3127 2977 3198 plurimorum
3004 3147 3111 3187 non
3138 3132 3276 3188 valet
3296 3132 3559 3187 omnimo-

315 3205 423 3252 tum
470 3202 706 3257 studiqu
750 3214 995 3260 nostrum
1026 3210 1333 3278 pertingere
1359 3212 1560 3280 potuit,
1603 3227 1669 3265 ne
1705 3222 1887 3266 tantus
1914 3216 1958 3278 C
1990 3212 2072 3265 dis
2102 3212 2389 3281 explicare.

1632 3551 2191 3634 PBEFATIO.

307 3761 563 3835 Exempla
593 3772 894 3819 sanctorum
916 3780 1073 3833 quam
1096 3764 1265 3845 utilia.
1298 3764 1495 3821 Auctor
1517 3782 1700 3822 nomen
1720 3785 1873 3822 suum

984 3844 1189 3905 premit.

371 3946 423 4000 5.
462 3946 546 4000 Ex
578 3944 739 4017 longo
776 3944 933 4014 hujus
963 3949 1411 4017 peregrinationis
1461 3951 1616 4007 taedio
1666 3951 1875 4008 felicem

303 4036 367 4090 ad
392 4038 624 4106 patriam
654 4046 1005 4104 revertentes,
1045 4037 1303 4093 habemus
1325 4042 1625 4095 necessaria
1654 4040 1751 4097 SS.
1777 4042 1871 4096 Pa-

303 4136 438 4182 trum
468 4129 745 4199 exempla,
771 4145 906 4199 quos
926 4130 1175 4185 novimus
1202 4136 1562 4202 promeruisse
1587 4138 1874 4193 virtutibus

302 4215 591 4284 gloriosum
620 4218 687 4271 ad
720 4218 887 4272 ccelos
917 4234 1221 4275 ascensum.
1256 4221 1352 4276 llic
1378 4239 1629 4292 namque,
1663 4236 1720 4278 ut
1742 4227 1872 4281 dici-

1982 3773 2126 3828 dium
2163 3773 2256 3829 fiat
2284 3773 2626 3846 Redemptori
2667 3777 2900 3848 placens.
2946 3780 3094 3837 Bono
3137 3785 3334 3839 etenim
3379 3785 3554 3842 fructu

1982 3872 2288 3918 sanctorum
2339 3866 2653 3920 memoriam
2703 3868 3011 3936 recolimus,
3055 3872 3099 3925 si
3134 3871 3407 3928 fastidium
3447 3892 3553 3931 non

1982 3952 2054 4005 sit
2079 3954 2280 4008 imitari
2312 3955 2450 4023 quod
2480 3957 2700 4012 auribus
2729 3959 2991 4014 audimus.
3038 3960 3185 4016 Bono
3222 3964 3397 4019 fructu
3425 3981 3553 4020 san-

1984 4052 2192 4098 ctorum
2221 4045 2558 4101 celebramus
2580 4047 2739 4114 festa,
2779 4051 2822 4104 si
2868 4054 3267 4108 condimentum
3301 4057 3555 4111 innocen-

1982 4135 2069 4188 tia:
2116 4136 2311 4205 accipit
2359 4137 2443 4203 his
2491 4138 2672 4193 infelix
2714 4141 3038 4196 conscientia
3088 4156 3291 4198 nostra.
3342 4146 3551 4201 Festiva

1982 4241 2211 4295 namque
2233 4227 2425 4297 gaudia
2467 4243 2573 4282 non
2602 4230 2847 4284 ciborum
2873 4233 3092 4301 vinique
3120 4235 3421 4298 :dilucntire,
3458 4239 3552 4292 sed

304 4314 403 4370 tur,
423 4307 566 4361 inter
586 4305 913 4378 Charybdim
941 4308 1247 4380 Syllamque
1272 4314 1609 4383 navigantes,
1632 4332 1734 4369 non
1758 4317 1874 4372 sine
1910 4303 1950 4360 Β
1979 4324 2209 4367 mentem
2264 4315 2558 4384 purificans
2609 4317 2933 4374 desiderium
2988 4324 3053 4376 de
3108 4322 3306 4393 Spiritu
3362 4337 3551 4381 sancto

302 4412 492 4469 magno
520 4399 766 4469 periculo
789 4400 890 4455 iter
919 4403 1151 4456 medium
1186 4405 1452 4471 ducimus,
1489 4417 1545 4461 et
1583 4409 1735 4463 valde
1766 4410 1873 4464 for-

300 4490 609 4544 midandum
637 4504 705 4545 ne
732 4490 784 4544 in
837 4492 1113 4547 dexteram
1142 4495 1257 4547 sive
1285 4497 1335 4550 in
1364 4507 1567 4566 partem
1596 4499 1867 4555 sinistram

298 4577 411 4633 vela
442 4579 767 4635 relaxemus.
803 4579 1008 4636 Praesto
1042 4591 1169 4635 sunt
1198 4584 1339 4638 enim
1380 4586 1650 4656 utrimque
1683 4595 1867 4643 trucu-

269 4655 448 4724 dentze
472 4669 686 4735 bestiae,
720 4684 839 4740 qua:
878 4670 924 4725 si
964 4686 1062 4726 nos
1094 4672 1159 4725 ad
1188 4688 1245 4727 se
1275 4655 1609 4730 declinantes
1641 4692 1867 4747 aspexe-

300 4758 440 4825 rint,
493 4760 703 4831 patenti
748 4761 1005 4815 barathro
1051 4761 1341 4828 sorbeant,
1390 4773 1551 4835 atque
1590 4766 1869 4836 profundis

299 4849 590 4920 gurgitibus
622 4850 967 4920 immergant.
1011 4850 1144 4918 Quia
1188 4852 1352 4920 igitur
1386 4855 1499 4908 haec
1541 4856 1867 4912 mortislati-

300 4936 417 4992 buta
444 4955 539 5008 per
575 4954 678 4995 nos
708 4948 862 4994 caute
888 4941 1091 4996 evitare
1130 4957 1233 4996 non
1267 4958 1570 5011 possumus,
1618 4946 1737 5001 ideo
1777 4962 1867 5001 cu-

302 5028 436 5085 riose
479 5030 683 5088 lumine
726 5040 1036 5087 sanctorum
1068 5034 1485 5103 praecedentium
1521 5038 1740 5093 semitas
1775 5053 1867 5093 ex-

301 5116 577 5185 ploremus,
605 5130 667 5176 ut
695 5123 799 5176 iter
825 5128 997 5176 tutum
1025 5123 1164 5177 inter
1195 5131 1273 5177 tot
1318 5124 1633 5179 discrimina
1683 5134 1866 5182 tenea-

301 5220 429 5264 mus.
484 5210 637 5278 Quod
690 5220 821 5267 tunc
863 5213 1244 5269 convenienter
1292 5216 1528 5286 agimus,
1584 5216 1627 5271 si
1675 5229 1863 5274 eorum

302 5296 511 5328 ’ἵκοι-θέει-
539 5310 588 5328 Α.
616 5315 777 5328 nun-4s
814 5302 1209 5328 ΑΑσιΑξιιΑαΑ-ιι-ιι
1266 5305 1527 5328 ..ιιι-ἷκεν..-
1574 5320 1633 5328 Α..
1678 5318 1859 5328 Δια-,ΑΔΑ

1975 4402 2249 4469 componit
2275 4403 2481 4457 latitia.

2043 4488 2093 4540 6.
2136 4489 2259 4543 Ideo
2288 4505 2417 4559 ergo
2455 4506 2550 4545 nos
2579 4492 2718 4547 beati
2747 4496 2978 4564 pastoris
3013 4500 3175 4552 nostri
3209 4516 3271 4555 ac
3299 4502 3543 4569 prmelari

1972 4578 2298 4634 confessoris
2323 4580 2521 4635 Christi
2556 4582 2732 4637 Basoli
2777 4586 2941 4638 vitam
2992 4596 3253 4658 actusque
3282 4591 3544 4646 describi-

1971 4681 2112 4731 mus,
2148 4675 2206 4720 ut
2228 4682 2322 4736 per
2345 4670 2486 4737 quod
2510 4670 2612 4724 iter
2657 4671 2724 4726 ad
2764 4672 2986 4743 gloriam
3019 4679 3323 4743 pervenerit
3345 4679 3396 4733 in
3428 4695 3542 4734 rne-

1970 4760 2192 4812 moriam
2227 4759 2565 4815 reducamus.
2601 4762 2739 4818 Ecce
2777 4766 2977 4819 etenim
3018 4768 3061 4822 si
3105 4779 3303 4839 quanta
3332 4772 3399 4825 sit
3431 4771 3547 4838 ejus

1969 4848 2134 4917 gloria
2166 4850 2217 4903 in
2246 4850 2385 4904 ctelo
2415 4852 2839 4919 consideremus,
2870 4858 2935 4911 ad
2965 4872 3026 4912 ea
3060 4865 3235 4914 tamen
3263 4874 3381 4929 qua:
3423 4872 3547 4915 ante

1967 4942 2187 5009 pertulit
2213 4942 2383 4997 visum
2416 4942 2787 5013 reﬂectamus;
2825 4950 2946 5017 quia
2980 4950 3110 5004 nihil
3140 4954 3269 5007 mihi
3307 4954 3546 5023 prodest,

1966 5048 2088 5087 cum
2119 5034 2182 5089 de
2216 5032 2523 5089 coelestibus
2551 5038 2732 5102 audio,
2764 5038 2809 5093 si
2835 5039 2949 5095 haec
2973 5041 3165 5109 quibus
3199 5044 3265 5097 ad
3305 5042 3548 5096 coelestia

1968 5124 2225 5188 tenditur,
2271 5123 2337 5179 ad
2385 5140 2577 5180 manus
2612 5143 2719 5183 non
2760 5132 2970 5186 evolvo.
3022 5130 3172 5187 Unde
3218 5132 3547 5187 sanctissimi

1966 5213 2124 5283 hujus
2149 5212 2326 5267 Patris
2366 5215 2527 5268 vitam
2572 5215 2822 5273 ﬁdelibus
2851 5219 3095 5274 ducimus
3140 5221 3190 5274 in
3221 5219 3548 5288 exemplum,

1972 5304 2054 5328 -.-ε
2084 5306 2218 5328 ....-.I
2250 5303 2442 5328 Ᾱῖλιςοῖἷ
2476 5313 2804 5328 o-..n-_--..n-
2852 5308 2877 5328 ι·
2911 5309 3063 5328 ηιξ.--
3094 5324 3108 5328 -
3156 5313 3164 5322 -
3188 5312 3239 5328 .θ.
