  <div class='ocr_page' id='page_1' title='image "/cluster/home/n/w/nwhite01/storage/ocr_20150623/137/hvd.32044021286828/329.png"; bbox 0 0 4482 5524; ppageno 0'>
   <div class='ocr_carea' id='block_1_1' title="bbox 839 382 940 436">
    <p class='ocr_par' dir='ltr' id='par_1_1' title="bbox 839 382 940 436">
     <span class='ocr_line' id='line_1_1' title="bbox 839 382 940 436; baseline 0 0"><span class='ocrx_word' id='word_1_1' title='bbox 839 382 940 436; x_wconf 71' lang='grc' dir='ltr'><strong>6ι7</strong></span> 
     </span>
    </p>
   </div>
   <div class='ocr_carea' id='block_1_2' title="bbox 1922 378 2969 438">
    <p class='ocr_par' dir='ltr' id='par_1_2' title="bbox 1922 378 2969 438">
     <span class='ocr_line' id='line_1_2' title="bbox 1922 378 2969 438; baseline -0.001 -2"><span class='ocrx_word' id='word_1_2' title='bbox 1922 382 2214 438; x_wconf 76' lang='lat' dir='ltr'><strong>ADSONIS</strong></span> <span class='ocrx_word' id='word_1_3' title='bbox 2261 379 2645 436; x_wconf 77' lang='lat' dir='ltr'><strong>DERVENSIS</strong></span> <span class='ocrx_word' id='word_1_4' title='bbox 2683 378 2969 435; x_wconf 75' lang='lat' dir='ltr'><strong>ABBATIS</strong></span> 
     </span>
    </p>
   </div>
   <div class='ocr_carea' id='block_1_3' title="bbox 3976 377 4079 431">
    <p class='ocr_par' dir='ltr' id='par_1_3' title="bbox 3976 377 4079 431">
     <span class='ocr_line' id='line_1_3' title="bbox 3976 377 4079 431; baseline 0 0"><span class='ocrx_word' id='word_1_5' title='bbox 3976 377 4079 431; x_wconf 71' lang='grc'><strong>648</strong></span> 
     </span>
    </p>
   </div>
   <div class='ocr_carea' id='block_1_4' title="bbox 836 490 4078 566">
    <p class='ocr_par' dir='ltr' id='par_1_4' title="bbox 836 490 4078 566">
     <span class='ocr_line' id='line_1_4' title="bbox 836 490 4078 566; baseline -0.004 -13"><span class='ocrx_word' id='word_1_6' title='bbox 836 497 1092 553; x_wconf 87' lang='lat' dir='ltr'><strong>mandare</strong></span> <span class='ocrx_word' id='word_1_7' title='bbox 1118 496 1363 566; x_wconf 84' lang='lat' dir='ltr'><strong>perenni,</strong></span> <span class='ocrx_word' id='word_1_8' title='bbox 1410 503 1468 549; x_wconf 94' lang='lat' dir='ltr'><strong>ut</strong></span> <span class='ocrx_word' id='word_1_9' title='bbox 1515 495 1566 550; x_wconf 91' lang='lat' dir='ltr'><strong>in</strong></span> <span class='ocrx_word' id='word_1_10' title='bbox 1620 502 1712 550; x_wconf 80' lang='lat' dir='ltr'><strong>ore</strong></span> <span class='ocrx_word' id='word_1_11' title='bbox 1742 496 2012 549; x_wconf 83' lang='lat' dir='ltr'><strong>hominum</strong></span> <span class='ocrx_word' id='word_1_12' title='bbox 2050 496 2290 548; x_wconf 86' lang='lat' dir='ltr'><strong>viverent</strong></span> <span class='ocrx_word' id='word_1_13' title='bbox 2317 495 2406 561; x_wconf 85' lang='lat' dir='ltr'><strong>qui</strong></span> <span class='ocrx_word' id='word_1_14' title='bbox 2436 502 2483 555; x_wconf 77' lang='grc' dir='ltr'>Α</span> <span class='ocrx_word' id='word_1_15' title='bbox 2512 494 2713 561; x_wconf 87' lang='lat' dir='ltr'><strong>itaque,</strong></span> <span class='ocrx_word' id='word_1_16' title='bbox 2744 494 2867 547; x_wconf 91' lang='lat' dir='ltr'><strong>dum</strong></span> <span class='ocrx_word' id='word_1_17' title='bbox 2903 493 2982 547; x_wconf 92' lang='lat' dir='ltr'><strong>sol</strong></span> <span class='ocrx_word' id='word_1_18' title='bbox 3021 494 3272 547; x_wconf 89' lang='lat' dir='ltr'><strong>mundum</strong></span> <span class='ocrx_word' id='word_1_19' title='bbox 3304 508 3402 549; x_wconf 84' lang='lat' dir='ltr'><strong>suo</strong></span> <span class='ocrx_word' id='word_1_20' title='bbox 3428 494 3625 548; x_wconf 91' lang='lat' dir='ltr'><strong>lumine</strong></span> <span class='ocrx_word' id='word_1_21' title='bbox 3661 491 3906 553; x_wconf 72' lang='lat' dir='ltr'><strong>cinxerit,</strong></span> <span class='ocrx_word' id='word_1_22' title='bbox 3940 490 4078 555; x_wconf 88' lang='lat' dir='ltr'><strong>apud</strong></span> 
     </span>
    </p>
   </div>
   <div class='ocr_carea' id='block_1_5' title="bbox 833 586 2409 656">
    <p class='ocr_par' dir='ltr' id='par_1_5' title="bbox 833 586 2409 656">
     <span class='ocr_line' id='line_1_5' title="bbox 833 586 2409 656; baseline -0.003 -16"><span class='ocrx_word' id='word_1_23' title='bbox 833 589 1015 642; x_wconf 89' lang='lat' dir='ltr'><strong>anima</strong></span> <span class='ocrx_word' id='word_1_24' title='bbox 1051 596 1104 640; x_wconf 90' lang='lat' dir='ltr'><strong>et</strong></span> <span class='ocrx_word' id='word_1_25' title='bbox 1148 601 1374 656; x_wconf 90' lang='lat' dir='ltr'><strong>corpore</strong></span> <span class='ocrx_word' id='word_1_26' title='bbox 1415 586 1619 654; x_wconf 90' lang='lat' dir='ltr'><strong>pariter</strong></span> <span class='ocrx_word' id='word_1_27' title='bbox 1667 586 2055 639; x_wconf 79' lang='lat' dir='ltr'><strong>decessissent:</strong></span> <span class='ocrx_word' id='word_1_28' title='bbox 2084 593 2283 652; x_wconf 88' lang='lat' dir='ltr'><strong>quanto</strong></span> <span class='ocrx_word' id='word_1_29' title='bbox 2313 598 2409 635; x_wconf 92' lang='lat' dir='ltr'><strong>nos</strong></span> 
     </span>
    </p>
   </div>
   <div class='ocr_carea' id='block_1_6' title="bbox 834 670 2405 746">
    <p class='ocr_par' dir='ltr' id='par_1_6' title="bbox 834 670 2405 746">
     <span class='ocr_line' id='line_1_6' title="bbox 834 670 2405 746; baseline -0.003 -17"><span class='ocrx_word' id='word_1_30' title='bbox 834 677 1097 746; x_wconf 91' lang='lat' dir='ltr'><strong>gloriosos</strong></span> <span class='ocrx_word' id='word_1_31' title='bbox 1139 684 1447 730; x_wconf 88' lang='lat' dir='ltr'><strong>sanctorum</strong></span> <span class='ocrx_word' id='word_1_32' title='bbox 1493 675 1791 744; x_wconf 90' lang='lat' dir='ltr'><strong>triumphos</strong></span> <span class='ocrx_word' id='word_1_33' title='bbox 1836 674 2047 743; x_wconf 80' lang='lat' dir='ltr'><strong>dignius</strong></span> <span class='ocrx_word' id='word_1_34' title='bbox 2097 670 2405 731; x_wconf 91' lang='lat' dir='ltr'><strong>attollimus,</strong></span> 
     </span>
    </p>
   </div>
   <div class='ocr_carea' id='block_1_7' title="bbox 833 759 2411 833">
    <p class='ocr_par' dir='ltr' id='par_1_7' title="bbox 833 759 2411 833">
     <span class='ocr_line' id='line_1_7' title="bbox 833 759 2411 833; baseline -0.005 -15"><span class='ocrx_word' id='word_1_35' title='bbox 833 778 970 833; x_wconf 87' lang='lat' dir='ltr'><strong>quos</strong></span> <span class='ocrx_word' id='word_1_36' title='bbox 996 765 1046 816; x_wconf 91' lang='lat' dir='ltr'><strong>in</strong></span> <span class='ocrx_word' id='word_1_37' title='bbox 1069 763 1370 817; x_wconf 67' lang='lat' dir='ltr'><strong>aeternitate</strong></span> <span class='ocrx_word' id='word_1_38' title='bbox 1395 778 1516 818; x_wconf 89' lang='lat' dir='ltr'><strong>cum</strong></span> <span class='ocrx_word' id='word_1_39' title='bbox 1546 763 1655 816; x_wconf 90' lang='lat' dir='ltr'><strong>Deo</strong></span> <span class='ocrx_word' id='word_1_40' title='bbox 1678 776 1907 828; x_wconf 84' lang='lat' dir='ltr'><strong>regnare</strong></span> <span class='ocrx_word' id='word_1_41' title='bbox 1935 776 2037 813; x_wconf 89' lang='lat' dir='ltr'><strong>non</strong></span> <span class='ocrx_word' id='word_1_42' title='bbox 2066 759 2411 813; x_wconf 71' lang='lat' dir='ltr'><strong>dubitamus?</strong></span> 
     </span>
    </p>
   </div>
   <div class='ocr_carea' id='block_1_8' title="bbox 832 851 2407 923">
    <p class='ocr_par' dir='ltr' id='par_1_8' title="bbox 832 851 2407 923">
     <span class='ocr_line' id='line_1_8' title="bbox 832 851 2407 923; baseline -0.003 -15"><span class='ocrx_word' id='word_1_43' title='bbox 832 854 897 908; x_wconf 84' lang='lat' dir='ltr'><strong>Hi</strong></span> <span class='ocrx_word' id='word_1_44' title='bbox 938 870 1167 923; x_wconf 84' lang='lat' dir='ltr'><strong>namque</strong></span> <span class='ocrx_word' id='word_1_45' title='bbox 1196 864 1315 923; x_wconf 89' lang='lat' dir='ltr'><strong>post</strong></span> <span class='ocrx_word' id='word_1_46' title='bbox 1345 863 1572 908; x_wconf 88' lang='lat' dir='ltr'><strong>mortem</strong></span> <span class='ocrx_word' id='word_1_47' title='bbox 1603 854 1793 907; x_wconf 90' lang='lat' dir='ltr'><strong>melius</strong></span> <span class='ocrx_word' id='word_1_48' title='bbox 1816 853 2023 915; x_wconf 92' lang='lat' dir='ltr'><strong>vivunt,</strong></span> <span class='ocrx_word' id='word_1_49' title='bbox 2062 852 2168 905; x_wconf 92' lang='lat' dir='ltr'><strong>illic</strong></span> <span class='ocrx_word' id='word_1_50' title='bbox 2200 852 2288 905; x_wconf 92' lang='lat' dir='ltr'><strong>ubi</strong></span> <span class='ocrx_word' id='word_1_51' title='bbox 2326 851 2407 903; x_wconf 85' lang='lat' dir='ltr'><strong>vi-</strong></span> 
     </span>
    </p>
   </div>
   <div class='ocr_carea' id='block_1_9' title="bbox 831 940 2417 1011">
    <p class='ocr_par' dir='ltr' id='par_1_9' title="bbox 831 940 2417 1011">
     <span class='ocr_line' id='line_1_9' title="bbox 831 940 2417 1011; baseline -0.003 -14"><span class='ocrx_word' id='word_1_52' title='bbox 831 952 1000 1009; x_wconf 87' lang='lat' dir='ltr'><strong>vunt;</strong></span> <span class='ocrx_word' id='word_1_53' title='bbox 1044 959 1165 998; x_wconf 89' lang='lat' dir='ltr'><strong>cum</strong></span> <span class='ocrx_word' id='word_1_54' title='bbox 1209 944 1473 997; x_wconf 87' lang='lat' dir='ltr'><strong>exstincta</strong></span> <span class='ocrx_word' id='word_1_55' title='bbox 1504 956 1718 1011; x_wconf 91' lang='lat' dir='ltr'><strong>quoque</strong></span> <span class='ocrx_word' id='word_1_56' title='bbox 1757 955 1942 994; x_wconf 92' lang='lat' dir='ltr'><strong>eorum</strong></span> <span class='ocrx_word' id='word_1_57' title='bbox 1985 954 2210 1007; x_wconf 92' lang='lat' dir='ltr'><strong>corpora</strong></span> <span class='ocrx_word' id='word_1_58' title='bbox 2253 940 2417 992; x_wconf 89' lang='lat' dir='ltr'><strong>tantis</strong></span> 
     </span>
    </p>
   </div>
   <div class='ocr_carea' id='block_1_10' title="bbox 831 1030 2415 1101">
    <p class='ocr_par' dir='ltr' id='par_1_10' title="bbox 831 1030 2415 1101">
     <span class='ocr_line' id='line_1_10' title="bbox 831 1030 2415 1101; baseline -0.003 -15"><span class='ocrx_word' id='word_1_59' title='bbox 831 1032 1070 1101; x_wconf 91' lang='lat' dir='ltr'><strong>quotidie</strong></span> <span class='ocrx_word' id='word_1_60' title='bbox 1096 1032 1370 1087; x_wconf 89' lang='lat' dir='ltr'><strong>miraculis</strong></span> <span class='ocrx_word' id='word_1_61' title='bbox 1393 1041 1697 1096; x_wconf 83' lang='lat' dir='ltr'><strong>coruscant,</strong></span> <span class='ocrx_word' id='word_1_62' title='bbox 1724 1030 1827 1084; x_wconf 91' lang='lat' dir='ltr'><strong>illic</strong></span> <span class='ocrx_word' id='word_1_63' title='bbox 1849 1032 2008 1085; x_wconf 88' lang='lat' dir='ltr'><strong>etiam</strong></span> <span class='ocrx_word' id='word_1_64' title='bbox 2034 1030 2119 1082; x_wconf 91' lang='lat' dir='ltr'><strong>ubi</strong></span> <span class='ocrx_word' id='word_1_65' title='bbox 2148 1038 2415 1097; x_wconf 89' lang='lat' dir='ltr'><strong>tempora-</strong></span> 
     </span>
    </p>
   </div>
   <div class='ocr_carea' id='block_1_11' title="bbox 831 1121 2402 1185">
    <p class='ocr_par' dir='ltr' id='par_1_11' title="bbox 831 1121 2402 1185">
     <span class='ocr_line' id='line_1_11' title="bbox 831 1121 2402 1185; baseline -0.003 -8"><span class='ocrx_word' id='word_1_66' title='bbox 831 1123 955 1179; x_wconf 90' lang='lat' dir='ltr'><strong>liter</strong></span> <span class='ocrx_word' id='word_1_67' title='bbox 982 1139 1086 1178; x_wconf 92' lang='lat' dir='ltr'><strong>non</strong></span> <span class='ocrx_word' id='word_1_68' title='bbox 1115 1125 1317 1178; x_wconf 91' lang='lat' dir='ltr'><strong>vivunt.</strong></span> <span class='ocrx_word' id='word_1_69' title='bbox 1366 1124 1663 1178; x_wconf 84' lang='lat' dir='ltr'><strong>Patientius</strong></span> <span class='ocrx_word' id='word_1_70' title='bbox 1710 1123 1849 1176; x_wconf 90' lang='lat' dir='ltr'><strong>enim</strong></span> <span class='ocrx_word' id='word_1_71' title='bbox 1905 1121 2169 1175; x_wconf 86' lang='lat' dir='ltr'><strong>actionem</strong></span> <span class='ocrx_word' id='word_1_72' title='bbox 2216 1121 2402 1185; x_wconf 90' lang='lat' dir='ltr'><strong>recito,</strong></span> 
     </span>
    </p>
   </div>
   <div class='ocr_carea' id='block_1_12' title="bbox 831 1214 2406 1284">
    <p class='ocr_par' dir='ltr' id='par_1_12' title="bbox 831 1214 2406 1284">
     <span class='ocr_line' id='line_1_12' title="bbox 831 1214 2406 1284; baseline -0.001 -17"><span class='ocrx_word' id='word_1_73' title='bbox 831 1230 951 1284; x_wconf 73' lang='lat' dir='ltr'><strong>qua:</strong></span> <span class='ocrx_word' id='word_1_74' title='bbox 964 1215 1323 1270; x_wconf 77' lang='lat' dir='ltr'><strong>confessorem</strong></span> <span class='ocrx_word' id='word_1_75' title='bbox 1348 1231 1523 1269; x_wconf 89' lang='lat' dir='ltr'><strong>meum</strong></span> <span class='ocrx_word' id='word_1_76' title='bbox 1540 1215 1905 1269; x_wconf 46' lang='lat' dir='ltr'><strong>beatissimum</strong></span> <span class='ocrx_word' id='word_1_77' title='bbox 1931 1214 2406 1267; x_wconf 69' lang='lat' dir='ltr'><strong>Basolum&#39;azternze</strong></span> 
     </span>
    </p>
   </div>
   <div class='ocr_carea' id='block_1_13' title="bbox 824 1303 2405 1375">
    <p class='ocr_par' dir='ltr' id='par_1_13' title="bbox 824 1303 2405 1375">
     <span class='ocr_line' id='line_1_13' title="bbox 824 1303 2405 1375; baseline -0.004 -16"><span class='ocrx_word' id='word_1_78' title='bbox 824 1303 1147 1374; x_wconf 76' lang='lat' dir='ltr'><strong>iucunditati</strong></span> <span class='ocrx_word' id='word_1_79' title='bbox 1174 1308 1464 1375; x_wconf 91' lang='lat' dir='ltr'><strong>ascriptum</strong></span> <span class='ocrx_word' id='word_1_80' title='bbox 1494 1321 1614 1358; x_wconf 91' lang='lat' dir='ltr'><strong>cum</strong></span> <span class='ocrx_word' id='word_1_81' title='bbox 1645 1305 1850 1359; x_wconf 83' lang='lat' dir='ltr'><strong>civibus</strong></span> <span class='ocrx_word' id='word_1_82' title='bbox 1872 1312 2074 1367; x_wconf 89' lang='lat' dir='ltr'><strong>narrat,</strong></span> <span class='ocrx_word' id='word_1_83' title='bbox 2103 1318 2262 1371; x_wconf 90' lang='lat' dir='ltr'><strong>quam</strong></span> <span class='ocrx_word' id='word_1_84' title='bbox 2287 1317 2405 1356; x_wconf 88' lang='lat' dir='ltr'><strong>eam</strong></span> 
     </span>
    </p>
   </div>
   <div class='ocr_carea' id='block_1_14' title="bbox 829 1391 2405 1465">
    <p class='ocr_par' dir='ltr' id='par_1_14' title="bbox 829 1391 2405 1465">
     <span class='ocr_line' id='line_1_14' title="bbox 829 1391 2405 1465; baseline -0.003 -18"><span class='ocrx_word' id='word_1_85' title='bbox 829 1408 950 1462; x_wconf 66' lang='lat' dir='ltr'><strong>quae</strong></span> <span class='ocrx_word' id='word_1_86' title='bbox 973 1394 1251 1449; x_wconf 89' lang='lat' dir='ltr'><strong>Herculem</strong></span> <span class='ocrx_word' id='word_1_87' title='bbox 1279 1396 1527 1465; x_wconf 88' lang='lat' dir='ltr'><strong>gigantea</strong></span> <span class='ocrx_word' id='word_1_88' title='bbox 1552 1392 1677 1447; x_wconf 91' lang='lat' dir='ltr'><strong>olim</strong></span> <span class='ocrx_word' id='word_1_89' title='bbox 1705 1394 2022 1447; x_wconf 88' lang='lat' dir='ltr'><strong>enormitate</strong></span> <span class='ocrx_word' id='word_1_90' title='bbox 2045 1391 2320 1461; x_wconf 82' lang='lat' dir='ltr'><strong>praeditum</strong></span> <span class='ocrx_word' id='word_1_91' title='bbox 2354 1392 2405 1443; x_wconf 91' lang='lat' dir='ltr'><strong>in</strong></span> 
     </span>
    </p>
   </div>
   <div class='ocr_carea' id='block_1_15' title="bbox 829 1477 2407 1539">
    <p class='ocr_par' dir='ltr' id='par_1_15' title="bbox 829 1477 2407 1539">
     <span class='ocr_line' id='line_1_15' title="bbox 829 1477 2407 1539; baseline -0.004 -2"><span class='ocrx_word' id='word_1_92' title='bbox 829 1482 1023 1537; x_wconf 67' lang='lat' dir='ltr'><strong>caelum</strong></span> <span class='ocrx_word' id='word_1_93' title='bbox 1084 1484 1400 1539; x_wconf 89' lang='lat' dir='ltr'><strong>translatum</strong></span> <span class='ocrx_word' id='word_1_94' title='bbox 1451 1497 1569 1537; x_wconf 92' lang='lat' dir='ltr'><strong>esse</strong></span> <span class='ocrx_word' id='word_1_95' title='bbox 1625 1481 1959 1535; x_wconf 87' lang='lat' dir='ltr'><strong>mendaciter</strong></span> <span class='ocrx_word' id='word_1_96' title='bbox 2002 1479 2251 1534; x_wconf 75' lang='lat' dir='ltr'><strong>allii-mat.</strong></span> <span class='ocrx_word' id='word_1_97' title='bbox 2304 1477 2407 1531; x_wconf 87' lang='lat' dir='ltr'><strong>lste</strong></span> 
     </span>
    </p>
   </div>
   <div class='ocr_carea' id='block_1_16' title="bbox 2514 577 4075 650">
    <p class='ocr_par' dir='ltr' id='par_1_16' title="bbox 2514 577 4075 650">
     <span class='ocr_line' id='line_1_16' title="bbox 2514 577 4075 650; baseline -0.004 -15"><span class='ocrx_word' id='word_1_98' title='bbox 2514 582 2759 635; x_wconf 81' lang='lat' dir='ltr'><strong>homines</strong></span> <span class='ocrx_word' id='word_1_99' title='bbox 2791 582 3012 649; x_wconf 90' lang='lat' dir='ltr'><strong>perenni</strong></span> <span class='ocrx_word' id='word_1_100' title='bbox 3038 581 3179 634; x_wconf 92' lang='lat' dir='ltr'><strong>vivct</strong></span> <span class='ocrx_word' id='word_1_101' title='bbox 3208 582 3261 633; x_wconf 92' lang='lat' dir='ltr'><strong>in</strong></span> <span class='ocrx_word' id='word_1_102' title='bbox 3295 582 3496 650; x_wconf 81' lang='lat' dir='ltr'><strong>gloria;</strong></span> <span class='ocrx_word' id='word_1_103' title='bbox 3529 582 3673 635; x_wconf 91' lang='lat' dir='ltr'><strong>illum</strong></span> <span class='ocrx_word' id='word_1_104' title='bbox 3702 594 3849 645; x_wconf 90' lang='lat' dir='ltr'><strong>vero,</strong></span> <span class='ocrx_word' id='word_1_105' title='bbox 3880 586 3937 631; x_wconf 93' lang='lat' dir='ltr'><strong>ut</strong></span> <span class='ocrx_word' id='word_1_106' title='bbox 3967 577 4075 629; x_wconf 86' lang='lat' dir='ltr'><strong>fer-</strong></span> 
     </span>
    </p>
   </div>
   <div class='ocr_carea' id='block_1_17' title="bbox 2514 667 4081 740">
    <p class='ocr_par' dir='ltr' id='par_1_17' title="bbox 2514 667 4081 740">
     <span class='ocr_line' id='line_1_17' title="bbox 2514 667 4081 740; baseline -0.004 -16"><span class='ocrx_word' id='word_1_107' title='bbox 2514 679 2617 735; x_wconf 91' lang='lat' dir='ltr'><strong>tur,</strong></span> <span class='ocrx_word' id='word_1_108' title='bbox 2662 681 2877 725; x_wconf 77' lang='lat' dir='ltr'><strong>teternze</strong></span> <span class='ocrx_word' id='word_1_109' title='bbox 2916 672 3072 725; x_wconf 89' lang='lat' dir='ltr'><strong>morti</strong></span> <span class='ocrx_word' id='word_1_110' title='bbox 3120 686 3332 740; x_wconf 89' lang='lat' dir='ltr'><strong>semper</strong></span> <span class='ocrx_word' id='word_1_111' title='bbox 3379 672 3515 740; x_wconf 88' lang='lat' dir='ltr'><strong>apud</strong></span> <span class='ocrx_word' id='word_1_112' title='bbox 3565 673 3766 724; x_wconf 91' lang='lat' dir='ltr'><strong>interos</strong></span> <span class='ocrx_word' id='word_1_113' title='bbox 3813 667 4081 736; x_wconf 70' lang='lat' dir='ltr'><strong>torquebit</strong></span> 
     </span>
    </p>
   </div>
   <div class='ocr_carea' id='block_1_18' title="bbox 2512 758 4077 829">
    <p class='ocr_par' dir='ltr' id='par_1_18' title="bbox 2512 758 4077 829">
     <span class='ocr_line' id='line_1_18' title="bbox 2512 758 4077 829; baseline -0.003 -17"><span class='ocrx_word' id='word_1_114' title='bbox 2512 758 2723 812; x_wconf 90' lang='lat' dir='ltr'><strong>lxionea</strong></span> <span class='ocrx_word' id='word_1_115' title='bbox 2767 769 2903 813; x_wconf 89' lang='lat' dir='ltr'><strong>rota.</strong></span> <span class='ocrx_word' id='word_1_116' title='bbox 2938 759 3108 827; x_wconf 89' lang='lat' dir='ltr'><strong>lpsius</strong></span> <span class='ocrx_word' id='word_1_117' title='bbox 3127 774 3256 829; x_wconf 89' lang='lat' dir='ltr'><strong>ergo</strong></span> <span class='ocrx_word' id='word_1_118' title='bbox 3283 770 3428 829; x_wconf 89' lang='lat' dir='ltr'><strong>gesta</strong></span> <span class='ocrx_word' id='word_1_119' title='bbox 3462 761 3696 814; x_wconf 75' lang='lat' dir='ltr'><strong>breviter</strong></span> <span class='ocrx_word' id='word_1_120' title='bbox 3739 759 3792 812; x_wconf 93' lang='lat' dir='ltr'><strong>in</strong></span> <span class='ocrx_word' id='word_1_121' title='bbox 3834 758 4077 811; x_wconf 73' lang='lat' dir='ltr'><strong>notitiam</strong></span> 
     </span>
    </p>
   </div>
   <div class='ocr_carea' id='block_1_19' title="bbox 2512 850 4077 918">
    <p class='ocr_par' dir='ltr' id='par_1_19' title="bbox 2512 850 4077 918">
     <span class='ocr_line' id='line_1_19' title="bbox 2512 850 4077 918; baseline -0.004 -15"><span class='ocrx_word' id='word_1_122' title='bbox 2512 850 3145 914; x_wconf 82' lang='lat' dir='ltr'><strong>deducimushoutinum,</strong></span> <span class='ocrx_word' id='word_1_123' title='bbox 3182 852 3271 918; x_wconf 84' lang='lat' dir='ltr'><strong>qui</strong></span> <span class='ocrx_word' id='word_1_124' title='bbox 3306 850 3548 903; x_wconf 85' lang='lat' dir='ltr'><strong>laudibus</strong></span> <span class='ocrx_word' id='word_1_125' title='bbox 3595 850 3885 901; x_wconf 84' lang='lat' dir='ltr'><strong>honoratur</strong></span> <span class='ocrx_word' id='word_1_126' title='bbox 3912 860 4077 911; x_wconf 83' lang='lat' dir='ltr'><strong>ange-</strong></span> 
     </span>
    </p>
   </div>
   <div class='ocr_carea' id='block_1_20' title="bbox 2513 936 4080 1004">
    <p class='ocr_par' dir='ltr' id='par_1_20' title="bbox 2513 936 4080 1004">
     <span class='ocr_line' id='line_1_20' title="bbox 2513 936 4080 1004; baseline -0.004 -10"><span class='ocrx_word' id='word_1_127' title='bbox 2513 942 2705 995; x_wconf 88' lang='lat' dir='ltr'><strong>lorum.</strong></span> <span class='ocrx_word' id='word_1_128' title='bbox 2734 939 3053 1004; x_wconf 66' lang='lat' dir='ltr'><strong>Przestabit,</strong></span> <span class='ocrx_word' id='word_1_129' title='bbox 3083 951 3138 993; x_wconf 94' lang='lat' dir='ltr'><strong>ut</strong></span> <span class='ocrx_word' id='word_1_130' title='bbox 3169 941 3466 1003; x_wconf 81' lang='lat' dir='ltr'><strong>credimus,</strong></span> <span class='ocrx_word' id='word_1_131' title='bbox 3500 939 3681 991; x_wconf 80' lang='lat' dir='ltr'><strong>lectori</strong></span> <span class='ocrx_word' id='word_1_132' title='bbox 3711 954 3808 991; x_wconf 91' lang='lat' dir='ltr'><strong>suo</strong></span> <span class='ocrx_word' id='word_1_133' title='bbox 3840 952 3942 989; x_wconf 91' lang='lat' dir='ltr'><strong>non</strong></span> <span class='ocrx_word' id='word_1_134' title='bbox 3974 936 4080 988; x_wconf 90' lang='lat' dir='ltr'><strong>mi-</strong></span> 
     </span>
    </p>
   </div>
   <div class='ocr_carea' id='block_1_21' title="bbox 2513 1024 4082 1099">
    <p class='ocr_par' dir='ltr' id='par_1_21' title="bbox 2513 1024 4082 1099">
     <span class='ocr_line' id='line_1_21' title="bbox 2513 1024 4082 1099; baseline -0.003 -14"><span class='ocrx_word' id='word_1_135' title='bbox 2513 1033 2712 1085; x_wconf 85' lang='lat' dir='ltr'><strong>nimam</strong></span> <span class='ocrx_word' id='word_1_136' title='bbox 2758 1032 2810 1084; x_wconf 92' lang='lat' dir='ltr'><strong>in</strong></span> <span class='ocrx_word' id='word_1_137' title='bbox 2850 1031 3159 1084; x_wconf 69' lang='lat' dir='ltr'><strong>emlestibus</strong></span> <span class='ocrx_word' id='word_1_138' title='bbox 3184 1028 3406 1099; x_wconf 76' lang='lat' dir='ltr'><strong>gloriam</strong></span> <span class='ocrx_word' id='word_1_139' title='bbox 3428 1070 3442 1091; x_wconf 95' lang='lat'><strong>,</strong></span> <span class='ocrx_word' id='word_1_140' title='bbox 3471 1029 3774 1097; x_wconf 88' lang='lat' dir='ltr'><strong>quicunque</strong></span> <span class='ocrx_word' id='word_1_141' title='bbox 3801 1040 3922 1080; x_wconf 90' lang='lat' dir='ltr'><strong>cum</strong></span> <span class='ocrx_word' id='word_1_142' title='bbox 3948 1024 4082 1080; x_wconf 81' lang='lat' dir='ltr'><strong>dile-</strong></span> 
     </span>
    </p>
   </div>
   <div class='ocr_carea' id='block_1_22' title="bbox 2514 1113 4083 1185">
    <p class='ocr_par' dir='ltr' id='par_1_22' title="bbox 2514 1113 4083 1185">
     <span class='ocr_line' id='line_1_22' title="bbox 2514 1113 4083 1185; baseline -0.004 -9"><span class='ocrx_word' id='word_1_143' title='bbox 2514 1123 2689 1176; x_wconf 85' lang='lat' dir='ltr'><strong>ctione</strong></span> <span class='ocrx_word' id='word_1_144' title='bbox 2713 1137 2862 1176; x_wconf 89' lang='lat' dir='ltr'><strong>suam</strong></span> <span class='ocrx_word' id='word_1_145' title='bbox 2891 1121 3193 1175; x_wconf 85' lang='lat' dir='ltr'><strong>recitaverit</strong></span> <span class='ocrx_word' id='word_1_146' title='bbox 3225 1120 3524 1173; x_wconf 87' lang='lat' dir='ltr'><strong>lectionem.</strong></span> <span class='ocrx_word' id='word_1_147' title='bbox 3550 1115 3654 1170; x_wconf 90' lang='lat' dir='ltr'><strong>Sed</strong></span> <span class='ocrx_word' id='word_1_148' title='bbox 3678 1131 3743 1169; x_wconf 92' lang='lat' dir='ltr'><strong>ne</strong></span> <span class='ocrx_word' id='word_1_149' title='bbox 3770 1115 3891 1185; x_wconf 83' lang='lat' dir='ltr'><strong>styli</strong></span> <span class='ocrx_word' id='word_1_150' title='bbox 3919 1113 4083 1169; x_wconf 85' lang='lat' dir='ltr'><strong>rusti-</strong></span> 
     </span>
    </p>
   </div>
   <div class='ocr_carea' id='block_1_23' title="bbox 2513 1204 4081 1275">
    <p class='ocr_par' dir='ltr' id='par_1_23' title="bbox 2513 1204 4081 1275">
     <span class='ocr_line' id='line_1_23' title="bbox 2513 1204 4081 1275; baseline -0.006 -9"><span class='ocrx_word' id='word_1_151' title='bbox 2513 1213 2674 1267; x_wconf 89' lang='lat' dir='ltr'><strong>citate</strong></span> <span class='ocrx_word' id='word_1_152' title='bbox 2697 1212 2865 1265; x_wconf 91' lang='lat' dir='ltr'><strong>sancti</strong></span> <span class='ocrx_word' id='word_1_153' title='bbox 2898 1212 2995 1264; x_wconf 92' lang='lat' dir='ltr'><strong>viri</strong></span> <span class='ocrx_word' id='word_1_154' title='bbox 3041 1210 3247 1263; x_wconf 91' lang='lat' dir='ltr'><strong>aetihns</strong></span> <span class='ocrx_word' id='word_1_155' title='bbox 3286 1208 3506 1261; x_wconf 86' lang='lat' dir='ltr'><strong>vilitatis</strong></span> <span class='ocrx_word' id='word_1_156' title='bbox 3544 1207 3789 1275; x_wconf 88' lang='lat' dir='ltr'><strong>injuriam</strong></span> <span class='ocrx_word' id='word_1_157' title='bbox 3818 1204 4081 1259; x_wconf 88' lang='lat' dir='ltr'><strong>submini-</strong></span> 
     </span>
    </p>
   </div>
   <div class='ocr_carea' id='block_1_24' title="bbox 2513 1296 4080 1368">
    <p class='ocr_par' dir='ltr' id='par_1_24' title="bbox 2513 1296 4080 1368">
     <span class='ocr_line' id='line_1_24' title="bbox 2513 1296 4080 1368; baseline -0.005 -12"><span class='ocrx_word' id='word_1_158' title='bbox 2513 1313 2664 1365; x_wconf 90' lang='lat' dir='ltr'><strong>stret,</strong></span> <span class='ocrx_word' id='word_1_159' title='bbox 2707 1302 2872 1355; x_wconf 85' lang='lat' dir='ltr'><strong>solam</strong></span> <span class='ocrx_word' id='word_1_160' title='bbox 2919 1310 3122 1353; x_wconf 70' lang='lat' dir='ltr'><strong>lanatum</strong></span> <span class='ocrx_word' id='word_1_161' title='bbox 3153 1298 3401 1368; x_wconf 69' lang='lat' dir='ltr'><strong>prreferat</strong></span> <span class='ocrx_word' id='word_1_162' title='bbox 3437 1300 3736 1362; x_wconf 81' lang='lat' dir='ltr'><strong>materiam,</strong></span> <span class='ocrx_word' id='word_1_163' title='bbox 3780 1296 3871 1352; x_wconf 86' lang='lat' dir='ltr'><strong>sed</strong></span> <span class='ocrx_word' id='word_1_164' title='bbox 3900 1304 4080 1351; x_wconf 84' lang='lat' dir='ltr'><strong>tamen</strong></span> 
     </span>
    </p>
   </div>
   <div class='ocr_carea' id='block_1_25' title="bbox 2514 1394 3460 1463">
    <p class='ocr_par' dir='ltr' id='par_1_25' title="bbox 2514 1394 3460 1463">
     <span class='ocr_line' id='line_1_25' title="bbox 2514 1394 3460 1463; baseline -0.003 -16"><span class='ocrx_word' id='word_1_165' title='bbox 2514 1395 2748 1449; x_wconf 79' lang='lat' dir='ltr'><strong>auctoris</strong></span> <span class='ocrx_word' id='word_1_166' title='bbox 2777 1394 3008 1448; x_wconf 72' lang='lat' dir='ltr'><strong>occultct</strong></span> <span class='ocrx_word' id='word_1_167' title='bbox 3031 1396 3219 1463; x_wconf 84' lang='lat' dir='ltr'><strong>pagina</strong></span> <span class='ocrx_word' id='word_1_168' title='bbox 3245 1407 3460 1446; x_wconf 87' lang='lat' dir='ltr'><strong>nomen.</strong></span> 
     </span>
    </p>
   </div>
   <div class='ocr_carea' id='block_1_26' title="bbox 1926 1782 2943 1903">
    <p class='ocr_par' dir='ltr' id='par_1_26' title="bbox 1926 1782 2943 1903">
     <span class='ocr_line' id='line_1_26' title="bbox 1926 1782 2943 1903; baseline -0.006 -2"><span class='ocrx_word' id='word_1_169' title='bbox 1926 1788 2465 1901; x_wconf 83' lang='lat' dir='ltr'><strong>INCIPIT</strong></span> <span class='ocrx_word' id='word_1_170' title='bbox 2550 1782 2943 1903; x_wconf 82' lang='lat' dir='ltr'><strong>VITA.</strong></span> 
     </span>
    </p>
   </div>
   <div class='ocr_carea' id='block_1_27' title="bbox 829 2016 4075 2103">
    <p class='ocr_par' dir='ltr' id='par_1_27' title="bbox 829 2016 4075 2103">
     <span class='ocr_line' id='line_1_27' title="bbox 829 2016 4075 2103; baseline 0.004 -30"><span class='ocrx_word' id='word_1_171' title='bbox 829 2026 1333 2103; x_wconf 67' lang='grc' dir='ltr'><strong>δ,·“·Βαεοη“ραινία</strong></span> <span class='ocrx_word' id='word_1_172' title='bbox 1383 2042 1428 2086; x_wconf 77' lang='grc' dir='ltr'><strong>ει</strong></span> <span class='ocrx_word' id='word_1_173' title='bbox 1475 2032 1738 2087; x_wconf 71' lang='grc' dir='ltr'><em>ηοοὶΙὶιαδ,</em></span> <span class='ocrx_word' id='word_1_174' title='bbox 1801 2028 2023 2083; x_wconf 75' lang='lat' dir='ltr'><strong>Virtutes</strong></span> <span class='ocrx_word' id='word_1_175' title='bbox 2075 2029 2187 2097; x_wconf 87' lang='lat' dir='ltr'><strong>ejus</strong></span> <span class='ocrx_word' id='word_1_176' title='bbox 2233 2028 2405 2081; x_wconf 84' lang='lat' dir='ltr'><strong>adhuc</strong></span> <span class='ocrx_word' id='word_1_177' title='bbox 2440 2025 2481 2083; x_wconf 88' lang='grc' dir='ltr'>Β</span> <span class='ocrx_word' id='word_1_178' title='bbox 2510 2024 2762 2093; x_wconf 90' lang='lat' dir='ltr'><strong>niumque</strong></span> <span class='ocrx_word' id='word_1_179' title='bbox 2821 2027 2872 2079; x_wconf 93' lang='lat' dir='ltr'><strong>in</strong></span> <span class='ocrx_word' id='word_1_180' title='bbox 2932 2041 2995 2081; x_wconf 92' lang='lat' dir='ltr'><strong>eo</strong></span> <span class='ocrx_word' id='word_1_181' title='bbox 3041 2016 3325 2082; x_wconf 24' lang='lat' dir='ltr'><strong>bonorum.</strong></span> <span class='ocrx_word' id='word_1_182' title='bbox 3362 2028 3736 2084; x_wconf 87' lang='lat' dir='ltr'><strong>decentissima</strong></span> <span class='ocrx_word' id='word_1_183' title='bbox 3790 2030 4075 2087; x_wconf 85' lang='lat' dir='ltr'><strong>claritudo.</strong></span> 
     </span>
    </p>
   </div>
   <div class='ocr_carea' id='block_1_28' title="bbox 1546 2102 1689 2155">
    <p class='ocr_par' dir='ltr' id='par_1_28' title="bbox 1546 2102 1689 2155">
     <span class='ocr_line' id='line_1_28' title="bbox 1546 2102 1689 2155; baseline 0.007 -1"><span class='ocrx_word' id='word_1_184' title='bbox 1546 2102 1689 2155; x_wconf 84' lang='lat' dir='ltr'><strong>laici.</strong></span> 
     </span>
    </p>
   </div>
   <div class='ocr_carea' id='block_1_29' title="bbox 895 2212 2406 2283">
    <p class='ocr_par' dir='ltr' id='par_1_29' title="bbox 895 2212 2406 2283">
     <span class='ocr_line' id='line_1_29' title="bbox 895 2212 2406 2283; baseline -0.001 -16"><span class='ocrx_word' id='word_1_185' title='bbox 895 2216 949 2267; x_wconf 88' lang='lat'><strong>7.</strong></span> <span class='ocrx_word' id='word_1_186' title='bbox 992 2214 1159 2283; x_wconf 91' lang='lat' dir='ltr'><strong>Igitur</strong></span> <span class='ocrx_word' id='word_1_187' title='bbox 1185 2213 1533 2269; x_wconf 86' lang='lat' dir='ltr'><strong>beatissimus</strong></span> <span class='ocrx_word' id='word_1_188' title='bbox 1560 2213 1781 2268; x_wconf 87' lang='lat' dir='ltr'><strong>Basolus</strong></span> <span class='ocrx_word' id='word_1_189' title='bbox 1818 2212 2103 2281; x_wconf 85' lang='lat' dir='ltr'><strong>Aquitania</strong></span> <span class='ocrx_word' id='word_1_190' title='bbox 2130 2212 2406 2281; x_wconf 83' lang='lat' dir='ltr'><strong>provincia</strong></span> 
     </span>
    </p>
   </div>
   <div class='ocr_carea' id='block_1_30' title="bbox 827 2301 2407 2375">
    <p class='ocr_par' dir='ltr' id='par_1_30' title="bbox 827 2301 2407 2375">
     <span class='ocr_line' id='line_1_30' title="bbox 827 2301 2407 2375; baseline -0.003 -16"><span class='ocrx_word' id='word_1_191' title='bbox 827 2304 1029 2375; x_wconf 79' lang='lat' dir='ltr'><strong>inclyte</strong></span> <span class='ocrx_word' id='word_1_192' title='bbox 1080 2312 1363 2373; x_wconf 87' lang='lat' dir='ltr'><strong>parentum</strong></span> <span class='ocrx_word' id='word_1_193' title='bbox 1388 2303 1628 2371; x_wconf 81' lang='lat' dir='ltr'><strong>germine</strong></span> <span class='ocrx_word' id='word_1_194' title='bbox 1669 2312 1905 2366; x_wconf 77' lang='lat' dir='ltr'><strong>exortus,</strong></span> <span class='ocrx_word' id='word_1_195' title='bbox 1937 2302 2210 2356; x_wconf 89' lang='lat' dir='ltr'><strong>territorio</strong></span> <span class='ocrx_word' id='word_1_196' title='bbox 2258 2301 2407 2355; x_wconf 88' lang='lat' dir='ltr'><strong>urbis</strong></span> 
     </span>
    </p>
   </div>
   <div class='ocr_carea' id='block_1_31' title="bbox 825 2388 2405 2462">
    <p class='ocr_par' dir='ltr' id='par_1_31' title="bbox 825 2388 2405 2462">
     <span class='ocr_line' id='line_1_31' title="bbox 825 2388 2405 2462; baseline -0.003 -15"><span class='ocrx_word' id='word_1_197' title='bbox 825 2393 1210 2456; x_wconf 65' lang='lat' dir='ltr'><strong>Lemovicinaa,</strong></span> <span class='ocrx_word' id='word_1_198' title='bbox 1242 2401 1369 2446; x_wconf 90' lang='lat' dir='ltr'><strong>natu</strong></span> <span class='ocrx_word' id='word_1_199' title='bbox 1412 2401 1466 2447; x_wconf 91' lang='lat' dir='ltr'><strong>et</strong></span> <span class='ocrx_word' id='word_1_200' title='bbox 1509 2407 1703 2462; x_wconf 83' lang='lat' dir='ltr'><strong>genere</strong></span> <span class='ocrx_word' id='word_1_201' title='bbox 1748 2392 1847 2445; x_wconf 87' lang='lat' dir='ltr'><strong>fuit</strong></span> <span class='ocrx_word' id='word_1_202' title='bbox 1890 2391 2271 2447; x_wconf 87' lang='lat' dir='ltr'><strong>nobilissimus.</strong></span> <span class='ocrx_word' id='word_1_203' title='bbox 2303 2388 2405 2455; x_wconf 87' lang='lat' dir='ltr'><strong>Qui</strong></span> 
     </span>
    </p>
   </div>
   <div class='ocr_carea' id='block_1_32' title="bbox 826 2481 2405 2551">
    <p class='ocr_par' dir='ltr' id='par_1_32' title="bbox 826 2481 2405 2551">
     <span class='ocr_line' id='line_1_32' title="bbox 826 2481 2405 2551; baseline -0.001 -15"><span class='ocrx_word' id='word_1_204' title='bbox 826 2482 969 2537; x_wconf 79' lang='lat' dir='ltr'><strong>felici</strong></span> <span class='ocrx_word' id='word_1_205' title='bbox 1014 2482 1257 2551; x_wconf 88' lang='lat' dir='ltr'><strong>auspicio</strong></span> <span class='ocrx_word' id='word_1_206' title='bbox 1313 2490 1484 2536; x_wconf 90' lang='lat' dir='ltr'><strong>metas</strong></span> <span class='ocrx_word' id='word_1_207' title='bbox 1534 2481 1775 2536; x_wconf 74' lang='lat' dir='ltr'><strong>infantiae</strong></span> <span class='ocrx_word' id='word_1_208' title='bbox 1829 2497 2229 2551; x_wconf 82' lang='lat' dir='ltr'><strong>supergressus,</strong></span> <span class='ocrx_word' id='word_1_209' title='bbox 2281 2495 2405 2535; x_wconf 90' lang='lat' dir='ltr'><strong>cum</strong></span> 
     </span>
    </p>
   </div>
   <div class='ocr_carea' id='block_1_33' title="bbox 828 2572 2405 2642">
    <p class='ocr_par' dir='ltr' id='par_1_33' title="bbox 828 2572 2405 2642">
     <span class='ocr_line' id='line_1_33' title="bbox 828 2572 2405 2642; baseline 0.001 -17"><span class='ocrx_word' id='word_1_210' title='bbox 828 2582 1071 2642; x_wconf 89' lang='lat' dir='ltr'><strong>tempora</strong></span> <span class='ocrx_word' id='word_1_211' title='bbox 1103 2572 1475 2627; x_wconf 57' lang='lat' dir='ltr'><strong>adolescentia</strong></span> <span class='ocrx_word' id='word_1_212' title='bbox 1497 2573 1634 2627; x_wconf 89' lang='lat' dir='ltr'><strong>sacri</strong></span> <span class='ocrx_word' id='word_1_213' title='bbox 1670 2573 1898 2628; x_wconf 89' lang='lat' dir='ltr'><strong>tirocinii</strong></span> <span class='ocrx_word' id='word_1_214' title='bbox 1926 2574 2257 2628; x_wconf 88' lang='lat' dir='ltr'><strong>incremento</strong></span> <span class='ocrx_word' id='word_1_215' title='bbox 2278 2588 2405 2627; x_wconf 88' lang='lat' dir='ltr'><strong>con-</strong></span> 
     </span>
    </p>
   </div>
   <div class='ocr_carea' id='block_1_34' title="bbox 824 2660 2399 2733">
    <p class='ocr_par' dir='ltr' id='par_1_34' title="bbox 824 2660 2399 2733">
     <span class='ocr_line' id='line_1_34' title="bbox 824 2660 2399 2733; baseline 0.001 -19"><span class='ocrx_word' id='word_1_216' title='bbox 824 2660 1051 2730; x_wconf 87' lang='lat' dir='ltr'><strong>tigisset,</strong></span> <span class='ocrx_word' id='word_1_217' title='bbox 1080 2662 1143 2715; x_wconf 89' lang='lat' dir='ltr'><strong>ad</strong></span> <span class='ocrx_word' id='word_1_218' title='bbox 1168 2662 1361 2716; x_wconf 66' lang='lat' dir='ltr'><strong>divinae</strong></span> <span class='ocrx_word' id='word_1_219' title='bbox 1382 2664 1656 2717; x_wconf 90' lang='lat' dir='ltr'><strong>servitutis</strong></span> <span class='ocrx_word' id='word_1_220' title='bbox 1680 2680 1814 2733; x_wconf 89' lang='lat' dir='ltr'><strong>opus</strong></span> <span class='ocrx_word' id='word_1_221' title='bbox 1839 2673 2008 2717; x_wconf 90' lang='lat' dir='ltr'><strong>totum</strong></span> <span class='ocrx_word' id='word_1_222' title='bbox 2039 2679 2095 2718; x_wconf 93' lang='lat' dir='ltr'><strong>se</strong></span> <span class='ocrx_word' id='word_1_223' title='bbox 2116 2663 2399 2718; x_wconf 85' lang='lat' dir='ltr'><strong>convertit.</strong></span> 
     </span>
    </p>
   </div>
   <div class='ocr_carea' id='block_1_35' title="bbox 823 2749 2403 2823">
    <p class='ocr_par' dir='ltr' id='par_1_35' title="bbox 823 2749 2403 2823">
     <span class='ocr_line' id='line_1_35' title="bbox 823 2749 2403 2823; baseline 0.002 -19"><span class='ocrx_word' id='word_1_224' title='bbox 823 2749 903 2805; x_wconf 84' lang='lat' dir='ltr'><strong>Ac</strong></span> <span class='ocrx_word' id='word_1_225' title='bbox 942 2753 1173 2822; x_wconf 90' lang='lat' dir='ltr'><strong>primum</strong></span> <span class='ocrx_word' id='word_1_226' title='bbox 1224 2762 1451 2807; x_wconf 65' lang='lat' dir='ltr'><strong>terrente</strong></span> <span class='ocrx_word' id='word_1_227' title='bbox 1499 2755 1703 2809; x_wconf 76' lang='lat' dir='ltr'><strong>militia:</strong></span> <span class='ocrx_word' id='word_1_228' title='bbox 1742 2756 1919 2823; x_wconf 77' lang='lat' dir='ltr'><strong>Specie</strong></span> <span class='ocrx_word' id='word_1_229' title='bbox 1968 2755 2239 2819; x_wconf 89' lang='lat' dir='ltr'><strong>detentus,</strong></span> <span class='ocrx_word' id='word_1_230' title='bbox 2286 2754 2403 2808; x_wconf 91' lang='lat' dir='ltr'><strong>illos</strong></span> 
     </span>
    </p>
   </div>
   <div class='ocr_carea' id='block_1_36' title="bbox 821 2841 2401 2915">
    <p class='ocr_par' dir='ltr' id='par_1_36' title="bbox 821 2841 2401 2915">
     <span class='ocr_line' id='line_1_36' title="bbox 821 2841 2401 2915; baseline 0.003 -20"><span class='ocrx_word' id='word_1_231' title='bbox 821 2841 1091 2911; x_wconf 64' lang='lat' dir='ltr'><strong>primaevae</strong></span> <span class='ocrx_word' id='word_1_232' title='bbox 1127 2844 1302 2898; x_wconf 78' lang='lat' dir='ltr'><strong>:etatis</strong></span> <span class='ocrx_word' id='word_1_233' title='bbox 1346 2860 1515 2898; x_wconf 88' lang='lat' dir='ltr'><strong>annos</strong></span> <span class='ocrx_word' id='word_1_234' title='bbox 1559 2846 1699 2899; x_wconf 90' lang='lat' dir='ltr'><strong>inter</strong></span> <span class='ocrx_word' id='word_1_235' title='bbox 1744 2846 2030 2915; x_wconf 88' lang='lat' dir='ltr'><strong>populares</strong></span> <span class='ocrx_word' id='word_1_236' title='bbox 2062 2854 2266 2900; x_wconf 92' lang='lat' dir='ltr'><strong>turmas</strong></span> <span class='ocrx_word' id='word_1_237' title='bbox 2303 2846 2401 2900; x_wconf 86' lang='lat' dir='ltr'><strong>sub</strong></span> 
     </span>
    </p>
   </div>
   <div class='ocr_carea' id='block_1_37' title="bbox 823 2931 2399 2999">
    <p class='ocr_par' dir='ltr' id='par_1_37' title="bbox 823 2931 2399 2999">
     <span class='ocr_line' id='line_1_37' title="bbox 823 2931 2399 2999; baseline 0.001 -14"><span class='ocrx_word' id='word_1_238' title='bbox 823 2931 1002 2985; x_wconf 82' lang='lat' dir='ltr'><strong>Studio</strong></span> <span class='ocrx_word' id='word_1_239' title='bbox 1033 2932 1249 2999; x_wconf 84' lang='lat' dir='ltr'><strong>pietatis</strong></span> <span class='ocrx_word' id='word_1_240' title='bbox 1279 2932 1601 2987; x_wconf 80' lang='lat' dir='ltr'><strong>exsolverat.</strong></span> <span class='ocrx_word' id='word_1_241' title='bbox 1645 2934 1746 2999; x_wconf 80' lang='lat' dir='ltr'><strong>Qui</strong></span> <span class='ocrx_word' id='word_1_242' title='bbox 1794 2934 1921 2988; x_wconf 88' lang='lat' dir='ltr'><strong>licet</strong></span> <span class='ocrx_word' id='word_1_243' title='bbox 1966 2934 2325 2989; x_wconf 89' lang='lat' dir='ltr'><strong>communiter</strong></span> <span class='ocrx_word' id='word_1_244' title='bbox 2348 2933 2399 2987; x_wconf 92' lang='lat' dir='ltr'><strong>in</strong></span> 
     </span>
    </p>
   </div>
   <div class='ocr_carea' id='block_1_38' title="bbox 825 3021 2398 3091">
    <p class='ocr_par' dir='ltr' id='par_1_38' title="bbox 825 3021 2398 3091">
     <span class='ocr_line' id='line_1_38' title="bbox 825 3021 2398 3091; baseline 0.001 -16"><span class='ocrx_word' id='word_1_245' title='bbox 825 3022 1025 3077; x_wconf 70' lang='lat' dir='ltr'><strong>sarculo</strong></span> <span class='ocrx_word' id='word_1_246' title='bbox 1052 3021 1359 3091; x_wconf 87' lang='lat' dir='ltr'><strong>aliquandiu</strong></span> <span class='ocrx_word' id='word_1_247' title='bbox 1393 3034 1762 3089; x_wconf 90' lang='lat' dir='ltr'><strong>conversatus,</strong></span> <span class='ocrx_word' id='word_1_248' title='bbox 1806 3040 1909 3079; x_wconf 85' lang='lat' dir='ltr'><strong>non</strong></span> <span class='ocrx_word' id='word_1_249' title='bbox 1960 3035 2139 3080; x_wconf 91' lang='lat' dir='ltr'><strong>tamen</strong></span> <span class='ocrx_word' id='word_1_250' title='bbox 2188 3040 2398 3080; x_wconf 87' lang='lat' dir='ltr'><strong>sacram</strong></span> 
     </span>
    </p>
   </div>
   <div class='ocr_carea' id='block_1_39' title="bbox 820 3111 2398 3186">
    <p class='ocr_par' dir='ltr' id='par_1_39' title="bbox 820 3111 2398 3186">
     <span class='ocr_line' id='line_1_39' title="bbox 820 3111 2398 3186; baseline 0.004 -24"><span class='ocrx_word' id='word_1_251' title='bbox 820 3111 1241 3166; x_wconf 85' lang='lat' dir='ltr'><strong>adolescentiam</strong></span> <span class='ocrx_word' id='word_1_252' title='bbox 1274 3115 1417 3169; x_wconf 89' lang='lat' dir='ltr'><strong>vitiis</strong></span> <span class='ocrx_word' id='word_1_253' title='bbox 1448 3115 1795 3181; x_wconf 89' lang='lat' dir='ltr'><strong>subdiderat,</strong></span> <span class='ocrx_word' id='word_1_254' title='bbox 1823 3117 2014 3186; x_wconf 88' lang='lat' dir='ltr'><strong>quibus</strong></span> <span class='ocrx_word' id='word_1_255' title='bbox 2038 3117 2123 3171; x_wconf 90' lang='lat' dir='ltr'><strong>illa</strong></span> <span class='ocrx_word' id='word_1_256' title='bbox 2156 3127 2285 3173; x_wconf 67' lang='lat' dir='ltr'><strong>aetas</strong></span> <span class='ocrx_word' id='word_1_257' title='bbox 2315 3116 2398 3170; x_wconf 86' lang='lat' dir='ltr'><strong>ni-</strong></span> 
     </span>
    </p>
   </div>
   <div class='ocr_carea' id='block_1_40' title="bbox 820 3201 2401 3275">
    <p class='ocr_par' dir='ltr' id='par_1_40' title="bbox 820 3201 2401 3275">
     <span class='ocr_line' id='line_1_40' title="bbox 820 3201 2401 3275; baseline 0.004 -16"><span class='ocrx_word' id='word_1_258' title='bbox 820 3205 987 3259; x_wconf 91' lang='lat' dir='ltr'><strong>mium</strong></span> <span class='ocrx_word' id='word_1_259' title='bbox 1040 3201 1305 3271; x_wconf 89' lang='lat' dir='ltr'><strong>implicari</strong></span> <span class='ocrx_word' id='word_1_260' title='bbox 1368 3204 1520 3258; x_wconf 90' lang='lat' dir='ltr'><strong>solet.</strong></span> <span class='ocrx_word' id='word_1_261' title='bbox 1577 3204 1695 3259; x_wconf 86' lang='lat' dir='ltr'><strong>Jam</strong></span> <span class='ocrx_word' id='word_1_262' title='bbox 1738 3213 1848 3259; x_wconf 92' lang='lat' dir='ltr'><strong>tum</strong></span> <span class='ocrx_word' id='word_1_263' title='bbox 1898 3208 2111 3275; x_wconf 89' lang='lat' dir='ltr'><strong>quidem</strong></span> <span class='ocrx_word' id='word_1_264' title='bbox 2166 3220 2401 3269; x_wconf 76' lang='lat' dir='ltr'><strong>:estuans</strong></span> 
     </span>
    </p>
   </div>
   <div class='ocr_carea' id='block_1_41' title="bbox 819 3294 2397 3371">
    <p class='ocr_par' dir='ltr' id='par_1_41' title="bbox 819 3294 2397 3371">
     <span class='ocr_line' id='line_1_41' title="bbox 819 3294 2397 3371; baseline 0.006 -24"><span class='ocrx_word' id='word_1_265' title='bbox 819 3310 1005 3348; x_wconf 90' lang='lat' dir='ltr'><strong>amore</strong></span> <span class='ocrx_word' id='word_1_266' title='bbox 1042 3294 1368 3360; x_wconf 65' lang='lat' dir='ltr'><strong>caelestium,</strong></span> <span class='ocrx_word' id='word_1_267' title='bbox 1410 3311 1729 3365; x_wconf 89' lang='lat' dir='ltr'><strong>semperque</strong></span> <span class='ocrx_word' id='word_1_268' title='bbox 1777 3300 2001 3352; x_wconf 87' lang='lat' dir='ltr'><strong>tendens</strong></span> <span class='ocrx_word' id='word_1_269' title='bbox 2035 3301 2085 3352; x_wconf 90' lang='lat' dir='ltr'><strong>in</strong></span> <span class='ocrx_word' id='word_1_270' title='bbox 2112 3312 2397 3371; x_wconf 90' lang='lat' dir='ltr'><strong>augmenta</strong></span> 
     </span>
    </p>
   </div>
   <div class='ocr_carea' id='block_1_42' title="bbox 2510 2110 4077 2181">
    <p class='ocr_par' dir='ltr' id='par_1_42' title="bbox 2510 2110 4077 2181">
     <span class='ocr_line' id='line_1_42' title="bbox 2510 2110 4077 2181; baseline 0.009 -18"><span class='ocrx_word' id='word_1_271' title='bbox 2510 2110 2679 2166; x_wconf 86' lang='lat' dir='ltr'><strong>Tanta</strong></span> <span class='ocrx_word' id='word_1_272' title='bbox 2705 2114 2865 2167; x_wconf 89' lang='lat' dir='ltr'><strong>etiam</strong></span> <span class='ocrx_word' id='word_1_273' title='bbox 2911 2130 2968 2169; x_wconf 92' lang='lat' dir='ltr'><strong>se</strong></span> <span class='ocrx_word' id='word_1_274' title='bbox 3013 2116 3060 2169; x_wconf 91' lang='lat' dir='ltr'><strong>vi</strong></span> <span class='ocrx_word' id='word_1_275' title='bbox 3088 2126 3478 2181; x_wconf 88' lang='lat' dir='ltr'><strong>coarctaverat,</strong></span> <span class='ocrx_word' id='word_1_276' title='bbox 3513 2134 3567 2173; x_wconf 91' lang='lat' dir='ltr'><strong>ut</strong></span> <span class='ocrx_word' id='word_1_277' title='bbox 3595 2120 3974 2176; x_wconf 84' lang='lat' dir='ltr'><strong>ecclesiasticae</strong></span> <span class='ocrx_word' id='word_1_278' title='bbox 3996 2124 4077 2177; x_wconf 86' lang='lat' dir='ltr'><strong>di-</strong></span> 
     </span>
    </p>
   </div>
   <div class='ocr_carea' id='block_1_43' title="bbox 2507 2202 4075 2277">
    <p class='ocr_par' dir='ltr' id='par_1_43' title="bbox 2507 2202 4075 2277">
     <span class='ocr_line' id='line_1_43' title="bbox 2507 2202 4075 2277; baseline 0.008 -23"><span class='ocrx_word' id='word_1_279' title='bbox 2507 2202 2745 2269; x_wconf 67' lang='lat' dir='ltr'><strong>sciplinae</strong></span> <span class='ocrx_word' id='word_1_280' title='bbox 2786 2204 3071 2259; x_wconf 89' lang='lat' dir='ltr'><strong>nonnullos</strong></span> <span class='ocrx_word' id='word_1_281' title='bbox 3101 2207 3357 2261; x_wconf 78' lang='lat' dir='ltr'><strong>exercitio</strong></span> <span class='ocrx_word' id='word_1_282' title='bbox 3386 2209 3636 2277; x_wconf 71' lang='lat' dir='ltr'><strong>pneditos</strong></span> <span class='ocrx_word' id='word_1_283' title='bbox 3660 2212 3822 2264; x_wconf 90' lang='lat' dir='ltr'><strong>animi</strong></span> <span class='ocrx_word' id='word_1_284' title='bbox 3860 2214 4075 2267; x_wconf 90' lang='lat' dir='ltr'><strong>virtuti-</strong></span> 
     </span>
    </p>
   </div>
   <div class='ocr_carea' id='block_1_44' title="bbox 2512 2291 3763 2363">
    <p class='ocr_par' dir='ltr' id='par_1_44' title="bbox 2512 2291 3763 2363">
     <span class='ocr_line' id='line_1_44' title="bbox 2512 2291 3763 2363; baseline 0.006 -18"><span class='ocrx_word' id='word_1_285' title='bbox 2512 2291 2610 2345; x_wconf 89' lang='lat' dir='ltr'><strong>bus</strong></span> <span class='ocrx_word' id='word_1_286' title='bbox 2638 2294 2734 2345; x_wconf 93' lang='lat' dir='ltr'><strong>sub</strong></span> <span class='ocrx_word' id='word_1_287' title='bbox 2763 2293 2851 2347; x_wconf 96' lang='lat' dir='ltr'><strong>illo</strong></span> <span class='ocrx_word' id='word_1_288' title='bbox 2875 2310 3087 2363; x_wconf 89' lang='lat' dir='ltr'><strong>quoque</strong></span> <span class='ocrx_word' id='word_1_289' title='bbox 3117 2297 3298 2351; x_wconf 85' lang='lat' dir='ltr'><strong>habitu</strong></span> <span class='ocrx_word' id='word_1_290' title='bbox 3338 2301 3763 2356; x_wconf 83' lang='lat' dir='ltr'><strong>transcenderet.</strong></span> 
     </span>
    </p>
   </div>
   <div class='ocr_carea' id='block_1_45' title="bbox 2680 2382 3899 2453">
    <p class='ocr_par' dir='ltr' id='par_1_45' title="bbox 2680 2382 3899 2453">
     <span class='ocr_line' id='line_1_45' title="bbox 2680 2382 3899 2453; baseline 0.008 -18"><span class='ocrx_word' id='word_1_291' title='bbox 2680 2382 2760 2435; x_wconf 80' lang='lat' dir='ltr'><strong>Ad</strong></span> <span class='ocrx_word' id='word_1_292' title='bbox 2789 2382 2845 2437; x_wconf 89' lang='lat' dir='ltr'><strong>S.</strong></span> <span class='ocrx_word' id='word_1_293' title='bbox 2874 2383 3096 2453; x_wconf 78' lang='lat' dir='ltr'><strong>Remigii</strong></span> <span class='ocrx_word' id='word_1_294' title='bbox 3124 2387 3414 2453; x_wconf 74' lang='lat' dir='ltr'><strong>sepulcrum</strong></span> <span class='ocrx_word' id='word_1_295' title='bbox 3452 2389 3660 2443; x_wconf 77' lang='lat' dir='ltr'><strong>devotus</strong></span> <span class='ocrx_word' id='word_1_296' title='bbox 3682 2393 3899 2445; x_wconf 78' lang='lat' dir='ltr'><strong>accedit.</strong></span> 
     </span>
    </p>
   </div>
   <div class='ocr_carea' id='block_1_46' title="bbox 2574 2472 4076 2547">
    <p class='ocr_par' dir='ltr' id='par_1_46' title="bbox 2574 2472 4076 2547">
     <span class='ocr_line' id='line_1_46' title="bbox 2574 2472 4076 2547; baseline 0.01 -22"><span class='ocrx_word' id='word_1_297' title='bbox 2574 2472 2627 2526; x_wconf 91' lang='lat'><strong>8.</strong></span> <span class='ocrx_word' id='word_1_298' title='bbox 2669 2474 2802 2528; x_wconf 88' lang='lat' dir='ltr'><strong>Cum</strong></span> <span class='ocrx_word' id='word_1_299' title='bbox 2834 2476 3062 2545; x_wconf 90' lang='lat' dir='ltr'><strong>denique</strong></span> <span class='ocrx_word' id='word_1_300' title='bbox 3114 2480 3394 2547; x_wconf 70' lang='lat' dir='ltr'><strong>prtedietos</strong></span> <span class='ocrx_word' id='word_1_301' title='bbox 3436 2480 3532 2533; x_wconf 90' lang='lat' dir='ltr'><strong>hos</strong></span> <span class='ocrx_word' id='word_1_302' title='bbox 3579 2498 3765 2538; x_wconf 89' lang='lat' dir='ltr'><strong>omnes</strong></span> <span class='ocrx_word' id='word_1_303' title='bbox 3814 2486 4076 2540; x_wconf 89' lang='lat' dir='ltr'><strong>bonorum</strong></span> 
     </span>
    </p>
   </div>
   <div class='ocr_carea' id='block_1_47' title="bbox 2504 2566 4074 2645">
    <p class='ocr_par' dir='ltr' id='par_1_47' title="bbox 2504 2566 4074 2645">
     <span class='ocr_line' id='line_1_47' title="bbox 2504 2566 4074 2645; baseline 0.008 -27"><span class='ocrx_word' id='word_1_304' title='bbox 2504 2566 2698 2636; x_wconf 91' lang='lat' dir='ltr'><strong>gradus</strong></span> <span class='ocrx_word' id='word_1_305' title='bbox 2726 2570 3081 2635; x_wconf 89' lang='lat' dir='ltr'><strong>pertransiret</strong></span> <span class='ocrx_word' id='word_1_306' title='bbox 3126 2568 3311 2624; x_wconf 88' lang='lat' dir='ltr'><strong>florida</strong></span> <span class='ocrx_word' id='word_1_307' title='bbox 3356 2572 3645 2627; x_wconf 77' lang='lat' dir='ltr'><strong>beatissimi</strong></span> <span class='ocrx_word' id='word_1_308' title='bbox 3678 2575 3849 2630; x_wconf 85' lang='lat' dir='ltr'><strong>Basoli</strong></span> <span class='ocrx_word' id='word_1_309' title='bbox 3878 2576 4074 2645; x_wconf 88' lang='lat' dir='ltr'><strong>juven-</strong></span> 
     </span>
    </p>
   </div>
   <div class='ocr_carea' id='block_1_48' title="bbox 2506 2655 4076 2733">
    <p class='ocr_par' dir='ltr' id='par_1_48' title="bbox 2506 2655 4076 2733">
     <span class='ocr_line' id='line_1_48' title="bbox 2506 2655 4076 2733; baseline 0.007 -25"><span class='ocrx_word' id='word_1_310' title='bbox 2506 2664 2613 2719; x_wconf 90' lang='lat' dir='ltr'><strong>tus,</strong></span> <span class='ocrx_word' id='word_1_311' title='bbox 2647 2655 2738 2710; x_wconf 91' lang='lat' dir='ltr'><strong>Dei</strong></span> <span class='ocrx_word' id='word_1_312' title='bbox 2763 2668 3065 2725; x_wconf 76' lang='lat' dir='ltr'><strong>przcventus</strong></span> <span class='ocrx_word' id='word_1_313' title='bbox 3088 2660 3225 2713; x_wconf 89' lang='lat' dir='ltr'><strong>dono</strong></span> <span class='ocrx_word' id='word_1_314' title='bbox 3253 2663 3569 2716; x_wconf 87' lang='lat' dir='ltr'><strong>accenditur</strong></span> <span class='ocrx_word' id='word_1_315' title='bbox 3594 2664 3710 2733; x_wconf 88' lang='lat' dir='ltr'><strong>ejus</strong></span> <span class='ocrx_word' id='word_1_316' title='bbox 3740 2666 3982 2730; x_wconf 90' lang='lat' dir='ltr'><strong>animus,</strong></span> <span class='ocrx_word' id='word_1_317' title='bbox 4017 2676 4076 2719; x_wconf 92' lang='lat' dir='ltr'><strong>nt</strong></span> 
     </span>
    </p>
   </div>
   <div class='ocr_carea' id='block_1_49' title="bbox 2496 2744 4073 2819">
    <p class='ocr_par' dir='ltr' id='par_1_49' title="bbox 2496 2744 4073 2819">
     <span class='ocr_line' id='line_1_49' title="bbox 2496 2744 4073 2819; baseline 0.009 -22"><span class='ocrx_word' id='word_1_318' title='bbox 2496 2744 2610 2814; x_wconf 87' lang='lat' dir='ltr'><strong>jam</strong></span> <span class='ocrx_word' id='word_1_319' title='bbox 2641 2745 2849 2815; x_wconf 90' lang='lat' dir='ltr'><strong>plenius</strong></span> <span class='ocrx_word' id='word_1_320' title='bbox 2881 2750 3187 2804; x_wconf 90' lang='lat' dir='ltr'><strong>renuntiare</strong></span> <span class='ocrx_word' id='word_1_321' title='bbox 3214 2750 3485 2806; x_wconf 84' lang='lat' dir='ltr'><strong>debuisset</strong></span> <span class='ocrx_word' id='word_1_322' title='bbox 3522 2757 3735 2819; x_wconf 91' lang='lat' dir='ltr'><strong>mundo,</strong></span> <span class='ocrx_word' id='word_1_323' title='bbox 3770 2771 3862 2810; x_wconf 88' lang='lat' dir='ltr'><strong>sua</strong></span> <span class='ocrx_word' id='word_1_324' title='bbox 3892 2759 4073 2811; x_wconf 87' lang='lat' dir='ltr'><strong>omnia</strong></span> 
     </span>
    </p>
   </div>
   <div class='ocr_carea' id='block_1_50' title="bbox 2503 2839 4075 2915">
    <p class='ocr_par' dir='ltr' id='par_1_50' title="bbox 2503 2839 4075 2915">
     <span class='ocr_line' id='line_1_50' title="bbox 2503 2839 4075 2915; baseline 0.007 -23"><span class='ocrx_word' id='word_1_325' title='bbox 2503 2839 2797 2905; x_wconf 90' lang='lat' dir='ltr'><strong>desereret,</strong></span> <span class='ocrx_word' id='word_1_326' title='bbox 2844 2840 2908 2894; x_wconf 90' lang='lat' dir='ltr'><strong>de</strong></span> <span class='ocrx_word' id='word_1_327' title='bbox 2952 2840 3148 2895; x_wconf 87' lang='lat' dir='ltr'><strong>finibus</strong></span> <span class='ocrx_word' id='word_1_328' title='bbox 3195 2844 3305 2897; x_wconf 90' lang='lat' dir='ltr'><strong>suis</strong></span> <span class='ocrx_word' id='word_1_329' title='bbox 3352 2844 3541 2907; x_wconf 82' lang='lat' dir='ltr'><strong>exiret,</strong></span> <span class='ocrx_word' id='word_1_330' title='bbox 3579 2862 3799 2915; x_wconf 82' lang='lat' dir='ltr'><strong>regnum</strong></span> <span class='ocrx_word' id='word_1_331' title='bbox 3831 2848 4075 2903; x_wconf 67' lang='lat' dir='ltr'><strong>Francia:</strong></span> 
     </span>
    </p>
   </div>
   <div class='ocr_carea' id='block_1_51' title="bbox 2500 2931 4070 3009">
    <p class='ocr_par' dir='ltr' id='par_1_51' title="bbox 2500 2931 4070 3009">
     <span class='ocr_line' id='line_1_51' title="bbox 2500 2931 4070 3009; baseline 0.009 -27"><span class='ocrx_word' id='word_1_332' title='bbox 2500 2940 2828 2999; x_wconf 88' lang='lat' dir='ltr'><strong>penetraret,</strong></span> <span class='ocrx_word' id='word_1_333' title='bbox 2873 2931 3190 2987; x_wconf 81' lang='lat' dir='ltr'><strong>Remeusem</strong></span> <span class='ocrx_word' id='word_1_334' title='bbox 3230 2935 3414 2988; x_wconf 90' lang='lat' dir='ltr'><strong>urbem</strong></span> <span class='ocrx_word' id='word_1_335' title='bbox 3445 2937 3750 3005; x_wconf 86' lang='lat' dir='ltr'><strong>specialiter</strong></span> <span class='ocrx_word' id='word_1_336' title='bbox 3774 2949 4070 3009; x_wconf 81' lang='lat' dir='ltr'><strong>expeteret,</strong></span> 
     </span>
    </p>
   </div>
   <div class='ocr_carea' id='block_1_52' title="bbox 2502 3020 4074 3092">
    <p class='ocr_par' dir='ltr' id='par_1_52' title="bbox 2502 3020 4074 3092">
     <span class='ocr_line' id='line_1_52' title="bbox 2502 3020 4074 3092; baseline 0.007 -19"><span class='ocrx_word' id='word_1_337' title='bbox 2502 3036 2567 3075; x_wconf 91' lang='lat' dir='ltr'><strong>ac</strong></span> <span class='ocrx_word' id='word_1_338' title='bbox 2602 3022 2741 3075; x_wconf 86' lang='lat' dir='ltr'><strong>beati</strong></span> <span class='ocrx_word' id='word_1_339' title='bbox 2774 3020 3022 3090; x_wconf 80' lang='lat' dir='ltr'><strong>Remigii,</strong></span> <span class='ocrx_word' id='word_1_340' title='bbox 3056 3022 3122 3077; x_wconf 89' lang='lat' dir='ltr'><strong>de</strong></span> <span class='ocrx_word' id='word_1_341' title='bbox 3150 3023 3301 3092; x_wconf 90' lang='lat' dir='ltr'><strong>cujus</strong></span> <span class='ocrx_word' id='word_1_342' title='bbox 3344 3027 3545 3080; x_wconf 90' lang='lat' dir='ltr'><strong>sanctis</strong></span> <span class='ocrx_word' id='word_1_343' title='bbox 3576 3029 3785 3083; x_wconf 90' lang='lat' dir='ltr'><strong>actibus</strong></span> <span class='ocrx_word' id='word_1_344' title='bbox 3828 3030 3962 3083; x_wconf 88' lang='lat' dir='ltr'><strong>mira</strong></span> <span class='ocrx_word' id='word_1_345' title='bbox 4018 3040 4074 3084; x_wconf 90' lang='lat' dir='ltr'><strong>et</strong></span> 
     </span>
    </p>
   </div>
   <div class='ocr_carea' id='block_1_53' title="bbox 2502 3112 4073 3186">
    <p class='ocr_par' dir='ltr' id='par_1_53' title="bbox 2502 3112 4073 3186">
     <span class='ocr_line' id='line_1_53' title="bbox 2502 3112 4073 3186; baseline 0.006 -22"><span class='ocrx_word' id='word_1_346' title='bbox 2502 3112 2716 3181; x_wconf 88' lang='lat' dir='ltr'><strong>egregia</strong></span> <span class='ocrx_word' id='word_1_347' title='bbox 2749 3127 2859 3179; x_wconf 81' lang='lat' dir='ltr'><strong>jam</strong></span> <span class='ocrx_word' id='word_1_348' title='bbox 2891 3113 3015 3167; x_wconf 92' lang='lat' dir='ltr'><strong>olim</strong></span> <span class='ocrx_word' id='word_1_349' title='bbox 3057 3115 3217 3167; x_wconf 88' lang='lat' dir='ltr'><strong>multa</strong></span> <span class='ocrx_word' id='word_1_350' title='bbox 3251 3118 3610 3186; x_wconf 85' lang='lat' dir='ltr'><strong>cognovisset,</strong></span> <span class='ocrx_word' id='word_1_351' title='bbox 3664 3119 3921 3173; x_wconf 88' lang='lat' dir='ltr'><strong>ltunulum</strong></span> <span class='ocrx_word' id='word_1_352' title='bbox 3954 3137 4073 3176; x_wconf 88' lang='lat' dir='ltr'><strong>cor-</strong></span> 
     </span>
    </p>
   </div>
   <div class='ocr_carea' id='block_1_54' title="bbox 2502 3203 4073 3279">
    <p class='ocr_par' dir='ltr' id='par_1_54' title="bbox 2502 3203 4073 3279">
     <span class='ocr_line' id='line_1_54' title="bbox 2502 3203 4073 3279; baseline 0.006 -23"><span class='ocrx_word' id='word_1_353' title='bbox 2502 3203 2758 3271; x_wconf 90' lang='lat' dir='ltr'><strong>poraliter</strong></span> <span class='ocrx_word' id='word_1_354' title='bbox 2782 3203 3067 3269; x_wconf 88' lang='lat' dir='ltr'><strong>inviseret,</strong></span> <span class='ocrx_word' id='word_1_355' title='bbox 3101 3204 3281 3274; x_wconf 90' lang='lat' dir='ltr'><strong>ibique</strong></span> <span class='ocrx_word' id='word_1_356' title='bbox 3309 3209 3478 3261; x_wconf 87' lang='lat' dir='ltr'><strong>sacris</strong></span> <span class='ocrx_word' id='word_1_357' title='bbox 3515 3210 3709 3279; x_wconf 87' lang='lat' dir='ltr'><strong>vigiliis</strong></span> <span class='ocrx_word' id='word_1_358' title='bbox 3734 3220 3788 3264; x_wconf 90' lang='lat' dir='ltr'><strong>et</strong></span> <span class='ocrx_word' id='word_1_359' title='bbox 3814 3213 4073 3266; x_wconf 87' lang='lat' dir='ltr'><strong>orationi-</strong></span> 
     </span>
    </p>
   </div>
   <div class='ocr_carea' id='block_1_55' title="bbox 2502 3293 4073 3369">
    <p class='ocr_par' dir='ltr' id='par_1_55' title="bbox 2502 3293 4073 3369">
     <span class='ocr_line' id='line_1_55' title="bbox 2502 3293 4073 3369; baseline 0.008 -24"><span class='ocrx_word' id='word_1_360' title='bbox 2502 3293 2602 3346; x_wconf 92' lang='lat' dir='ltr'><strong>bus</strong></span> <span class='ocrx_word' id='word_1_361' title='bbox 2627 3294 2931 3347; x_wconf 82' lang='lat' dir='ltr'><strong>excubaret.</strong></span> <span class='ocrx_word' id='word_1_362' title='bbox 2962 3294 3025 3347; x_wconf 85' lang='lat' dir='ltr'><strong>Et</strong></span> <span class='ocrx_word' id='word_1_363' title='bbox 3048 3297 3285 3364; x_wconf 89' lang='lat' dir='ltr'><strong>quotidie</strong></span> <span class='ocrx_word' id='word_1_364' title='bbox 3318 3308 3519 3366; x_wconf 84' lang='lat' dir='ltr'><strong>quanto</strong></span> <span class='ocrx_word' id='word_1_365' title='bbox 3542 3303 3711 3369; x_wconf 84' lang='lat' dir='ltr'><strong>gratia</strong></span> <span class='ocrx_word' id='word_1_366' title='bbox 3742 3300 3908 3369; x_wconf 86' lang='lat' dir='ltr'><strong>major</strong></span> <span class='ocrx_word' id='word_1_367' title='bbox 3935 3304 3986 3356; x_wconf 91' lang='lat' dir='ltr'><strong>in</strong></span> <span class='ocrx_word' id='word_1_368' title='bbox 4006 3316 4073 3358; x_wconf 87' lang='lat' dir='ltr'><strong>eo</strong></span> 
     </span>
    </p>
   </div>
   <div class='ocr_carea' id='block_1_56' title="bbox 817 3385 2587 3463">
    <p class='ocr_par' dir='ltr' id='par_1_56' title="bbox 817 3385 2587 3463">
     <span class='ocr_line' id='line_1_56' title="bbox 817 3385 2587 3463; baseline 0.007 -26"><span class='ocrx_word' id='word_1_369' title='bbox 817 3385 1096 3439; x_wconf 90' lang='lat' dir='ltr'><strong>virtutum.</strong></span> <span class='ocrx_word' id='word_1_370' title='bbox 1126 3385 1192 3439; x_wconf 90' lang='lat' dir='ltr'><strong>Et</strong></span> <span class='ocrx_word' id='word_1_371' title='bbox 1220 3387 1466 3455; x_wconf 88' lang='lat' dir='ltr'><strong>quamvis</strong></span> <span class='ocrx_word' id='word_1_372' title='bbox 1488 3386 1759 3441; x_wconf 66' lang='lat' dir='ltr'><strong>srecularis</strong></span> <span class='ocrx_word' id='word_1_373' title='bbox 1782 3387 1857 3442; x_wconf 88' lang='lat' dir='ltr'><strong>rei</strong></span> <span class='ocrx_word' id='word_1_374' title='bbox 1880 3390 2196 3457; x_wconf 86' lang='lat' dir='ltr'><strong>superducta</strong></span> <span class='ocrx_word' id='word_1_375' title='bbox 2222 3394 2397 3461; x_wconf 89' lang='lat' dir='ltr'><strong>specie</strong></span> <span class='ocrx_word' id='word_1_376' title='bbox 2426 3401 2470 3463; x_wconf 85' lang='lat' dir='ltr'>C</span> <span class='ocrx_word' id='word_1_377' title='bbox 2502 3397 2587 3436; x_wconf 71' lang='grc' dir='ltr'><strong>ει(</strong></span> 
     </span>
    </p>
   </div>
   <div class='ocr_carea' id='block_1_57' title="bbox 2300 3385 4070 3463">
    <p class='ocr_par' dir='ltr' id='par_1_57' title="bbox 2300 3386 4070 3463">
     <span class='ocr_line' id='line_1_57' title="bbox 2300 3386 4070 3463; baseline 0.008 -29"><span class='ocrx_word' id='word_1_378' title='bbox 2300 3394 2397 3449; x_wconf 61' lang='grc' dir='ltr'><strong>κίε</strong></span> <span class='ocrx_word' id='word_1_379' title='bbox 2426 3401 2470 3463; x_wconf 80' lang='lat' dir='ltr'>C</span> <span class='ocrx_word' id='word_1_380' title='bbox 2502 3392 2833 3448; x_wconf 84' lang='lat' dir='ltr'><strong>excrevcrat,</strong></span> <span class='ocrx_word' id='word_1_381' title='bbox 2877 3393 3024 3438; x_wconf 89' lang='lat' dir='ltr'><strong>tanto</strong></span> <span class='ocrx_word' id='word_1_382' title='bbox 3070 3386 3227 3440; x_wconf 90' lang='lat' dir='ltr'><strong>altius</strong></span> <span class='ocrx_word' id='word_1_383' title='bbox 3272 3389 3450 3442; x_wconf 88' lang='lat' dir='ltr'><strong>animo</strong></span> <span class='ocrx_word' id='word_1_384' title='bbox 3492 3391 3819 3456; x_wconf 86' lang='lat' dir='ltr'><strong>revolvebat,</strong></span> <span class='ocrx_word' id='word_1_385' title='bbox 3849 3394 3972 3462; x_wconf 89' lang='lat' dir='ltr'><strong>quia</strong></span> <span class='ocrx_word' id='word_1_386' title='bbox 4002 3396 4070 3449; x_wconf 88' lang='lat' dir='ltr'><strong>ad</strong></span> 
     </span>
    </p>
   </div>
   <div class='ocr_carea' id='block_1_58' title="bbox 820 3478 2401 3547">
    <p class='ocr_par' dir='ltr' id='par_1_58' title="bbox 820 3478 2401 3547">
     <span class='ocr_line' id='line_1_58' title="bbox 820 3478 2401 3547; baseline 0.007 -17"><span class='ocrx_word' id='word_1_387' title='bbox 820 3485 1111 3541; x_wconf 88' lang='lat' dir='ltr'><strong>teneretur,</strong></span> <span class='ocrx_word' id='word_1_388' title='bbox 1152 3478 1448 3547; x_wconf 87' lang='lat' dir='ltr'><strong>disciplinis</strong></span> <span class='ocrx_word' id='word_1_389' title='bbox 1493 3489 1670 3534; x_wconf 91' lang='lat' dir='ltr'><strong>tamen</strong></span> <span class='ocrx_word' id='word_1_390' title='bbox 1701 3480 2009 3537; x_wconf 86' lang='lat' dir='ltr'><strong>coelestibus</strong></span> <span class='ocrx_word' id='word_1_391' title='bbox 2052 3485 2289 3540; x_wconf 85' lang='lat' dir='ltr'><strong>animum</strong></span> <span class='ocrx_word' id='word_1_392' title='bbox 2318 3488 2401 3541; x_wconf 88' lang='lat' dir='ltr'><strong>in-</strong></span> 
     </span>
    </p>
   </div>
   <div class='ocr_carea' id='block_1_59' title="bbox 816 3567 2399 3638">
    <p class='ocr_par' dir='ltr' id='par_1_59' title="bbox 816 3567 2399 3638">
     <span class='ocr_line' id='line_1_59' title="bbox 816 3567 2399 3638; baseline 0.008 -19"><span class='ocrx_word' id='word_1_393' title='bbox 816 3567 1050 3632; x_wconf 85' lang='lat' dir='ltr'><strong>serebat,</strong></span> <span class='ocrx_word' id='word_1_394' title='bbox 1081 3568 1443 3638; x_wconf 85' lang='lat' dir='ltr'><strong>evangelieam</strong></span> <span class='ocrx_word' id='word_1_395' title='bbox 1462 3568 1845 3638; x_wconf 82' lang='lat' dir='ltr'><strong>perfectionem</strong></span> <span class='ocrx_word' id='word_1_396' title='bbox 1875 3572 1926 3625; x_wconf 92' lang='lat' dir='ltr'><strong>in</strong></span> <span class='ocrx_word' id='word_1_397' title='bbox 1952 3572 2038 3627; x_wconf 90' lang='lat' dir='ltr'><strong>illa</strong></span> <span class='ocrx_word' id='word_1_398' title='bbox 2065 3576 2226 3629; x_wconf 85' lang='lat' dir='ltr'><strong>etiam</strong></span> <span class='ocrx_word' id='word_1_399' title='bbox 2252 3577 2399 3631; x_wconf 88' lang='lat' dir='ltr'><strong>infir-</strong></span> 
     </span>
    </p>
   </div>
   <div class='ocr_carea' id='block_1_60' title="bbox 818 3655 2399 3735">
    <p class='ocr_par' dir='ltr' id='par_1_60' title="bbox 818 3655 2399 3735">
     <span class='ocr_line' id='line_1_60' title="bbox 818 3655 2399 3735; baseline 0.009 -28"><span class='ocrx_word' id='word_1_400' title='bbox 818 3655 1005 3709; x_wconf 92' lang='lat' dir='ltr'><strong>mitate</strong></span> <span class='ocrx_word' id='word_1_401' title='bbox 1033 3656 1147 3710; x_wconf 87' lang='lat' dir='ltr'><strong>sibi&#39;</strong></span> <span class='ocrx_word' id='word_1_402' title='bbox 1168 3671 1277 3725; x_wconf 76' lang='lat' dir='ltr'><strong>pra:</strong></span> <span class='ocrx_word' id='word_1_403' title='bbox 1300 3657 1470 3711; x_wconf 82' lang='lat' dir='ltr'><strong>&#39;oculis</strong></span> <span class='ocrx_word' id='word_1_404' title='bbox 1515 3657 1776 3723; x_wconf 81' lang='lat' dir='ltr'><strong>inferens,</strong></span> <span class='ocrx_word' id='word_1_405' title='bbox 1808 3669 2015 3728; x_wconf 89' lang='lat' dir='ltr'><strong>patrem</strong></span> <span class='ocrx_word' id='word_1_406' title='bbox 2062 3673 2399 3735; x_wconf 89' lang='lat' dir='ltr'><strong>matremque</strong></span> 
     </span>
    </p>
   </div>
   <div class='ocr_carea' id='block_1_61' title="bbox 823 3745 2399 3827">
    <p class='ocr_par' dir='ltr' id='par_1_61' title="bbox 823 3745 2399 3827">
     <span class='ocr_line' id='line_1_61' title="bbox 823 3745 2399 3827; baseline 0.008 -29"><span class='ocrx_word' id='word_1_407' title='bbox 823 3745 1006 3800; x_wconf 87' lang='lat' dir='ltr'><strong>minus</strong></span> <span class='ocrx_word' id='word_1_408' title='bbox 1045 3746 1325 3812; x_wconf 84' lang='lat' dir='ltr'><strong>dilexerat,</strong></span> <span class='ocrx_word' id='word_1_409' title='bbox 1364 3756 1422 3802; x_wconf 87' lang='lat' dir='ltr'><strong>ut</strong></span> <span class='ocrx_word' id='word_1_410' title='bbox 1452 3749 1559 3803; x_wconf 89' lang='lat' dir='ltr'><strong>Deo</strong></span> <span class='ocrx_word' id='word_1_411' title='bbox 1598 3763 1656 3803; x_wconf 92' lang='lat' dir='ltr'><strong>se</strong></span> <span class='ocrx_word' id='word_1_412' title='bbox 1690 3752 2020 3819; x_wconf 86' lang='lat' dir='ltr'><strong>approbante</strong></span> <span class='ocrx_word' id='word_1_413' title='bbox 2049 3755 2161 3809; x_wconf 81' lang='lat' dir='ltr'><strong>fieri</strong></span> <span class='ocrx_word' id='word_1_414' title='bbox 2190 3757 2399 3827; x_wconf 89' lang='lat' dir='ltr'><strong>dignior</strong></span> 
     </span>
    </p>
   </div>
   <div class='ocr_carea' id='block_1_62' title="bbox 822 3836 2397 3918">
    <p class='ocr_par' dir='ltr' id='par_1_62' title="bbox 822 3836 2397 3918">
     <span class='ocr_line' id='line_1_62' title="bbox 822 3836 2397 3918; baseline 0.008 -28"><span class='ocrx_word' id='word_1_415' title='bbox 822 3836 1111 3905; x_wconf 80' lang='lat' dir='ltr'><strong>patuisset.</strong></span> <span class='ocrx_word' id='word_1_416' title='bbox 1143 3837 1400 3893; x_wconf 87' lang='lat' dir='ltr'><strong>Ecclesiis</strong></span> <span class='ocrx_word' id='word_1_417' title='bbox 1431 3839 1522 3894; x_wconf 92' lang='lat' dir='ltr'><strong>Dei</strong></span> <span class='ocrx_word' id='word_1_418' title='bbox 1545 3850 1637 3894; x_wconf 89' lang='lat' dir='ltr'><strong>aut</strong></span> <span class='ocrx_word' id='word_1_419' title='bbox 1664 3843 2008 3897; x_wconf 80' lang='lat' dir='ltr'><strong>monasteriis</strong></span> <span class='ocrx_word' id='word_1_420' title='bbox 2040 3846 2248 3901; x_wconf 88' lang='lat' dir='ltr'><strong>animus</strong></span> <span class='ocrx_word' id='word_1_421' title='bbox 2279 3863 2397 3918; x_wconf 91' lang='lat' dir='ltr'><strong>per-</strong></span> 
     </span>
    </p>
   </div>
   <div class='ocr_carea' id='block_1_63' title="bbox 814 3926 2396 4007">
    <p class='ocr_par' dir='ltr' id='par_1_63' title="bbox 814 3926 2396 4007">
     <span class='ocr_line' id='line_1_63' title="bbox 814 3926 2396 4007; baseline 0.009 -29"><span class='ocrx_word' id='word_1_422' title='bbox 814 3926 1046 3998; x_wconf 87' lang='lat' dir='ltr'><strong>vigilans</strong></span> <span class='ocrx_word' id='word_1_423' title='bbox 1092 3930 1141 3982; x_wconf 85' lang='lat' dir='ltr'><strong>in</strong></span> <span class='ocrx_word' id='word_1_424' title='bbox 1185 3930 1547 3984; x_wconf 84' lang='lat' dir='ltr'><strong>adolescentia</strong></span> <span class='ocrx_word' id='word_1_425' title='bbox 1578 3933 1958 3999; x_wconf 86' lang='lat' dir='ltr'><strong>meditabatur,</strong></span> <span class='ocrx_word' id='word_1_426' title='bbox 1993 3937 2133 4003; x_wconf 89' lang='lat' dir='ltr'><strong>quod</strong></span> <span class='ocrx_word' id='word_1_427' title='bbox 2158 3947 2396 4007; x_wconf 88' lang='lat' dir='ltr'><strong>postmo-</strong></span> 
     </span>
    </p>
   </div>
   <div class='ocr_carea' id='block_1_64' title="bbox 813 4019 2393 4098">
    <p class='ocr_par' dir='ltr' id='par_1_64' title="bbox 813 4019 2393 4098">
     <span class='ocr_line' id='line_1_64' title="bbox 813 4019 2393 4098; baseline 0.008 -26"><span class='ocrx_word' id='word_1_428' title='bbox 813 4019 939 4072; x_wconf 93' lang='lat' dir='ltr'><strong>dum</strong></span> <span class='ocrx_word' id='word_1_429' title='bbox 967 4019 1127 4074; x_wconf 87' lang='lat' dir='ltr'><strong>altius</strong></span> <span class='ocrx_word' id='word_1_430' title='bbox 1155 4019 1484 4089; x_wconf 89' lang='lat' dir='ltr'><strong>impleretur.</strong></span> <span class='ocrx_word' id='word_1_431' title='bbox 1511 4020 1671 4077; x_wconf 88' lang='lat' dir='ltr'><strong>Fides</strong></span> <span class='ocrx_word' id='word_1_432' title='bbox 1693 4023 1746 4076; x_wconf 91' lang='lat' dir='ltr'><strong>in</strong></span> <span class='ocrx_word' id='word_1_433' title='bbox 1772 4022 1887 4091; x_wconf 86' lang='lat' dir='ltr'><strong>ejus</strong></span> <span class='ocrx_word' id='word_1_434' title='bbox 1916 4037 2130 4095; x_wconf 85' lang='lat' dir='ltr'><strong>pectore</strong></span> <span class='ocrx_word' id='word_1_435' title='bbox 2158 4030 2393 4098; x_wconf 91' lang='lat' dir='ltr'><strong>amplum</strong></span> 
     </span>
    </p>
   </div>
   <div class='ocr_carea' id='block_1_65' title="bbox 811 4108 2391 4187">
    <p class='ocr_par' dir='ltr' id='par_1_65' title="bbox 811 4108 2391 4187">
     <span class='ocr_line' id='line_1_65' title="bbox 811 4108 2391 4187; baseline 0.009 -27"><span class='ocrx_word' id='word_1_436' title='bbox 811 4108 1033 4177; x_wconf 87' lang='lat' dir='ltr'><strong>regebat</strong></span> <span class='ocrx_word' id='word_1_437' title='bbox 1070 4108 1373 4177; x_wconf 87' lang='lat' dir='ltr'><strong>imperium,</strong></span> <span class='ocrx_word' id='word_1_438' title='bbox 1399 4111 1640 4166; x_wconf 90' lang='lat' dir='ltr'><strong>charitas</strong></span> <span class='ocrx_word' id='word_1_439' title='bbox 1667 4121 1828 4182; x_wconf 89' lang='lat' dir='ltr'><strong>atque</strong></span> <span class='ocrx_word' id='word_1_440' title='bbox 1853 4116 2067 4170; x_wconf 89' lang='lat' dir='ltr'><strong>dilectio</strong></span> <span class='ocrx_word' id='word_1_441' title='bbox 2092 4120 2230 4187; x_wconf 87' lang='lat' dir='ltr'><strong>apud</strong></span> <span class='ocrx_word' id='word_1_442' title='bbox 2270 4136 2391 4175; x_wconf 92' lang='lat' dir='ltr'><strong>eum</strong></span> 
     </span>
    </p>
   </div>
   <div class='ocr_carea' id='block_1_66' title="bbox 808 4198 2391 4270">
    <p class='ocr_par' dir='ltr' id='par_1_66' title="bbox 808 4198 2391 4270">
     <span class='ocr_line' id='line_1_66' title="bbox 808 4198 2391 4270; baseline 0.008 -20"><span class='ocrx_word' id='word_1_443' title='bbox 808 4198 1049 4268; x_wconf 88' lang='lat' dir='ltr'><strong>perpetui</strong></span> <span class='ocrx_word' id='word_1_444' title='bbox 1100 4198 1303 4253; x_wconf 90' lang='lat' dir='ltr'><strong>fomitis</strong></span> <span class='ocrx_word' id='word_1_445' title='bbox 1347 4202 1670 4270; x_wconf 81' lang='lat' dir='ltr'><strong>perurgebat</strong></span> <span class='ocrx_word' id='word_1_446' title='bbox 1719 4202 2057 4270; x_wconf 90' lang='lat' dir='ltr'><strong>incendium;</strong></span> <span class='ocrx_word' id='word_1_447' title='bbox 2123 4210 2391 4264; x_wconf 87' lang='lat' dir='ltr'><strong>castitatis</strong></span> 
     </span>
    </p>
   </div>
   <div class='ocr_carea' id='block_1_67' title="bbox 809 4288 2389 4365">
    <p class='ocr_par' dir='ltr' id='par_1_67' title="bbox 809 4288 2389 4365">
     <span class='ocr_line' id='line_1_67' title="bbox 809 4288 2389 4365; baseline 0.009 -25"><span class='ocrx_word' id='word_1_448' title='bbox 809 4295 989 4340; x_wconf 91' lang='lat' dir='ltr'><strong>autem</strong></span> <span class='ocrx_word' id='word_1_449' title='bbox 1020 4288 1256 4341; x_wconf 90' lang='lat' dir='ltr'><strong>candore</strong></span> <span class='ocrx_word' id='word_1_450' title='bbox 1307 4288 1358 4341; x_wconf 91' lang='lat' dir='ltr'><strong>in</strong></span> <span class='ocrx_word' id='word_1_451' title='bbox 1413 4303 1471 4343; x_wconf 90' lang='lat' dir='ltr'><strong>se</strong></span> <span class='ocrx_word' id='word_1_452' title='bbox 1511 4290 1812 4355; x_wconf 90' lang='lat' dir='ltr'><strong>eminente,</strong></span> <span class='ocrx_word' id='word_1_453' title='bbox 1846 4308 1949 4346; x_wconf 91' lang='lat' dir='ltr'><strong>non</strong></span> <span class='ocrx_word' id='word_1_454' title='bbox 1984 4294 2098 4348; x_wconf 82' lang='lat' dir='ltr'><strong>fixit</strong></span> <span class='ocrx_word' id='word_1_455' title='bbox 2123 4298 2309 4365; x_wconf 64' lang='lat' dir='ltr'><strong>pedem</strong></span> <span class='ocrx_word' id='word_1_456' title='bbox 2338 4300 2389 4353; x_wconf 92' lang='lat' dir='ltr'><strong>in</strong></span> 
     </span>
    </p>
   </div>
   <div class='ocr_carea' id='block_1_68' title="bbox 806 4375 2389 4454">
    <p class='ocr_par' dir='ltr' id='par_1_68' title="bbox 806 4375 2389 4454">
     <span class='ocr_line' id='line_1_68' title="bbox 806 4375 2389 4454; baseline 0.011 -26"><span class='ocrx_word' id='word_1_457' title='bbox 806 4375 1013 4431; x_wconf 90' lang='lat' dir='ltr'><strong>lubrico</strong></span> <span class='ocrx_word' id='word_1_458' title='bbox 1042 4392 1108 4430; x_wconf 91' lang='lat' dir='ltr'><strong>ne</strong></span> <span class='ocrx_word' id='word_1_459' title='bbox 1147 4377 1409 4431; x_wconf 87' lang='lat' dir='ltr'><strong>maculam</strong></span> <span class='ocrx_word' id='word_1_460' title='bbox 1454 4381 1692 4434; x_wconf 90' lang='lat' dir='ltr'><strong>traheret</strong></span> <span class='ocrx_word' id='word_1_461' title='bbox 1721 4382 1788 4436; x_wconf 85' lang='lat' dir='ltr'><strong>al)</strong></span> <span class='ocrx_word' id='word_1_462' title='bbox 1819 4384 2049 4437; x_wconf 91' lang='lat' dir='ltr'><strong>occulto.</strong></span> <span class='ocrx_word' id='word_1_463' title='bbox 2085 4386 2303 4454; x_wconf 79' lang='lat' dir='ltr'><strong>Vigilias</strong></span> <span class='ocrx_word' id='word_1_464' title='bbox 2326 4405 2389 4444; x_wconf 90' lang='lat' dir='ltr'><strong>ac</strong></span> 
     </span>
    </p>
   </div>
   <div class='ocr_carea' id='block_1_69' title="bbox 805 4468 2387 4541">
    <p class='ocr_par' dir='ltr' id='par_1_69' title="bbox 805 4468 2387 4541">
     <span class='ocr_line' id='line_1_69' title="bbox 805 4468 2387 4541; baseline 0.008 -21"><span class='ocrx_word' id='word_1_465' title='bbox 805 4481 989 4521; x_wconf 89' lang='lat' dir='ltr'><strong>sacras</strong></span> <span class='ocrx_word' id='word_1_466' title='bbox 1030 4468 1305 4521; x_wconf 89' lang='lat' dir='ltr'><strong>orationes</strong></span> <span class='ocrx_word' id='word_1_467' title='bbox 1342 4468 1445 4522; x_wconf 93' lang='lat' dir='ltr'><strong>sibi</strong></span> <span class='ocrx_word' id='word_1_468' title='bbox 1492 4480 1842 4538; x_wconf 86' lang='lat' dir='ltr'><strong>perpetuans,</strong></span> <span class='ocrx_word' id='word_1_469' title='bbox 1884 4484 2144 4541; x_wconf 89' lang='lat' dir='ltr'><strong>quantum</strong></span> <span class='ocrx_word' id='word_1_470' title='bbox 2189 4478 2387 4533; x_wconf 89' lang='lat' dir='ltr'><strong>intelli-</strong></span> 
     </span>
    </p>
   </div>
   <div class='ocr_carea' id='block_1_70' title="bbox 802 4558 2382 4629">
    <p class='ocr_par' dir='ltr' id='par_1_70' title="bbox 802 4558 2382 4629">
     <span class='ocr_line' id='line_1_70' title="bbox 802 4558 2382 4629; baseline 0.01 -21"><span class='ocrx_word' id='word_1_471' title='bbox 802 4570 929 4624; x_wconf 88' lang='lat' dir='ltr'><strong>gere</strong></span> <span class='ocrx_word' id='word_1_472' title='bbox 951 4564 1184 4624; x_wconf 88' lang='lat' dir='ltr'><strong>poterat,</strong></span> <span class='ocrx_word' id='word_1_473' title='bbox 1211 4572 1315 4610; x_wconf 92' lang='lat' dir='ltr'><strong>non</strong></span> <span class='ocrx_word' id='word_1_474' title='bbox 1338 4558 1578 4628; x_wconf 91' lang='lat' dir='ltr'><strong>segniter</strong></span> <span class='ocrx_word' id='word_1_475' title='bbox 1592 4561 1817 4629; x_wconf 85' lang='lat' dir='ltr'><strong>agebat;</strong></span> <span class='ocrx_word' id='word_1_476' title='bbox 1845 4562 2183 4620; x_wconf 86' lang='lat' dir='ltr'><strong>abstinentiae</strong></span> <span class='ocrx_word' id='word_1_477' title='bbox 2203 4577 2382 4624; x_wconf 90' lang='lat' dir='ltr'><strong>autem</strong></span> 
     </span>
    </p>
   </div>
   <div class='ocr_carea' id='block_1_71' title="bbox 805 4636 2384 4727">
    <p class='ocr_par' dir='ltr' id='par_1_71' title="bbox 805 4636 2384 4727">
     <span class='ocr_line' id='line_1_71' title="bbox 805 4636 2384 4727; baseline 0.009 -29"><span class='ocrx_word' id='word_1_478' title='bbox 805 4645 1243 4700; x_wconf 90' lang='lat' dir='ltr'><strong>districtionibus</strong></span> <span class='ocrx_word' id='word_1_479' title='bbox 1269 4647 1501 4713; x_wconf 90' lang='lat' dir='ltr'><strong>deditus,</strong></span> <span class='ocrx_word' id='word_1_480' title='bbox 1534 4636 1916 4721; x_wconf 41' lang='lat' dir='ltr'><strong>eibe‘potuque</strong></span> <span class='ocrx_word' id='word_1_481' title='bbox 1947 4662 2269 4723; x_wconf 89' lang='lat' dir='ltr'><strong>temperans,</strong></span> <span class='ocrx_word' id='word_1_482' title='bbox 2298 4658 2384 4727; x_wconf 87' lang='lat' dir='ltr'><strong>ju-</strong></span> 
     </span>
    </p>
   </div>
   <div class='ocr_carea' id='block_1_72' title="bbox 2500 3472 4068 3555">
    <p class='ocr_par' dir='ltr' id='par_1_72' title="bbox 2500 3472 4068 3555">
     <span class='ocr_line' id='line_1_72' title="bbox 2500 3472 4068 3555; baseline 0.008 -29"><span class='ocrx_word' id='word_1_483' title='bbox 2500 3472 2799 3527; x_wconf 89' lang='lat' dir='ltr'><strong>claritatem</strong></span> <span class='ocrx_word' id='word_1_484' title='bbox 2843 3475 3066 3530; x_wconf 89' lang='lat' dir='ltr'><strong>visionis</strong></span> <span class='ocrx_word' id='word_1_485' title='bbox 3094 3478 3186 3531; x_wconf 91' lang='lat' dir='ltr'><strong>Dei</strong></span> <span class='ocrx_word' id='word_1_486' title='bbox 3216 3479 3370 3534; x_wconf 90' lang='lat' dir='ltr'><strong>aliter</strong></span> <span class='ocrx_word' id='word_1_487' title='bbox 3398 3482 3689 3538; x_wconf 86' lang='lat' dir='ltr'><strong>ascendere</strong></span> <span class='ocrx_word' id='word_1_488' title='bbox 3717 3500 3821 3538; x_wconf 91' lang='lat' dir='ltr'><strong>non</strong></span> <span class='ocrx_word' id='word_1_489' title='bbox 3865 3499 4068 3555; x_wconf 84' lang='lat' dir='ltr'><strong>posset,</strong></span> 
     </span>
    </p>
   </div>
   <div class='ocr_carea' id='block_1_73' title="bbox 2500 3566 4069 3648">
    <p class='ocr_par' dir='ltr' id='par_1_73' title="bbox 2500 3566 4069 3648">
     <span class='ocr_line' id='line_1_73' title="bbox 2500 3566 4069 3648; baseline 0.011 -30"><span class='ocrx_word' id='word_1_490' title='bbox 2500 3566 2600 3619; x_wconf 89' lang='lat' dir='ltr'><strong>nisi</strong></span> <span class='ocrx_word' id='word_1_491' title='bbox 2636 3566 2767 3621; x_wconf 88' lang='lat' dir='ltr'><strong>liber</strong></span> <span class='ocrx_word' id='word_1_492' title='bbox 2799 3569 3048 3624; x_wconf 88' lang='lat' dir='ltr'><strong>omnibus</strong></span> <span class='ocrx_word' id='word_1_493' title='bbox 3078 3572 3253 3625; x_wconf 64' lang='lat' dir='ltr'><strong>smculi</strong></span> <span class='ocrx_word' id='word_1_494' title='bbox 3288 3573 3681 3642; x_wconf 73' lang='lat' dir='ltr'><strong>impedimentis</strong></span> <span class='ocrx_word' id='word_1_495' title='bbox 3702 3618 3715 3641; x_wconf 96' lang='lat'><strong>,</strong></span> <span class='ocrx_word' id='word_1_496' title='bbox 3748 3579 4069 3648; x_wconf 75' lang='lat' dir='ltr'><strong>discipulum</strong></span> 
     </span>
    </p>
   </div>
   <div class='ocr_carea' id='block_1_74' title="bbox 2499 3654 4070 3738">
    <p class='ocr_par' dir='ltr' id='par_1_74' title="bbox 2499 3654 4070 3738">
     <span class='ocr_line' id='line_1_74' title="bbox 2499 3654 4070 3738; baseline 0.011 -30"><span class='ocrx_word' id='word_1_497' title='bbox 2499 3670 2556 3709; x_wconf 90' lang='lat' dir='ltr'><strong>se</strong></span> <span class='ocrx_word' id='word_1_498' title='bbox 2584 3654 2744 3710; x_wconf 88' lang='lat' dir='ltr'><strong>faciat</strong></span> <span class='ocrx_word' id='word_1_499' title='bbox 2784 3656 3098 3725; x_wconf 88' lang='lat' dir='ltr'><strong>Salvatoris,</strong></span> <span class='ocrx_word' id='word_1_500' title='bbox 3132 3661 3221 3729; x_wconf 86' lang='lat' dir='ltr'><strong>qui</strong></span> <span class='ocrx_word' id='word_1_501' title='bbox 3255 3664 3463 3717; x_wconf 84' lang='lat' dir='ltr'><strong>cunctis</strong></span> <span class='ocrx_word' id='word_1_502' title='bbox 3493 3665 3604 3720; x_wconf 90' lang='lat' dir='ltr'><strong>suis</strong></span> <span class='ocrx_word' id='word_1_503' title='bbox 3645 3668 3787 3721; x_wconf 86' lang='lat' dir='ltr'><strong>veris</strong></span> <span class='ocrx_word' id='word_1_504' title='bbox 3824 3672 4070 3738; x_wconf 85' lang='lat' dir='ltr'><strong>sequaci-</strong></span> 
     </span>
    </p>
   </div>
   <div class='ocr_carea' id='block_1_75' title="bbox 2498 3748 4069 3825">
    <p class='ocr_par' dir='ltr' id='par_1_75' title="bbox 2498 3748 4069 3825">
     <span class='ocr_line' id='line_1_75' title="bbox 2498 3748 4069 3825; baseline 0.01 -24"><span class='ocrx_word' id='word_1_505' title='bbox 2498 3748 2598 3803; x_wconf 92' lang='lat' dir='ltr'><strong>bus</strong></span> <span class='ocrx_word' id='word_1_506' title='bbox 2646 3750 2773 3803; x_wconf 81' lang='lat' dir='ltr'><strong>dirit</strong></span> <span class='ocrx_word' id='word_1_507' title='bbox 2811 3769 2821 3802; x_wconf 96' lang='lat'>:</span> <span class='ocrx_word' id='word_1_508' title='bbox 2857 3750 3050 3805; x_wconf 78' lang='lat' dir='ltr'><strong>Discite</strong></span> <span class='ocrx_word' id='word_1_509' title='bbox 3099 3770 3129 3806; x_wconf 86' lang='grc' dir='ltr'><em>α</em></span> <span class='ocrx_word' id='word_1_510' title='bbox 3180 3771 3259 3807; x_wconf 82' lang='lat' dir='ltr'><strong>me</strong></span> <span class='ocrx_word' id='word_1_511' title='bbox 3298 3758 3420 3825; x_wconf 80' lang='lat' dir='ltr'><strong>quia</strong></span> <span class='ocrx_word' id='word_1_512' title='bbox 3448 3758 3584 3811; x_wconf 80' lang='lat' dir='ltr'><strong>milis</strong></span> <span class='ocrx_word' id='word_1_513' title='bbox 3613 3776 3727 3814; x_wconf 89' lang='lat' dir='ltr'><strong>sum</strong></span> <span class='ocrx_word' id='word_1_514' title='bbox 3771 3773 3817 3814; x_wconf 83' lang='lat' dir='ltr'><strong>et</strong></span> <span class='ocrx_word' id='word_1_515' title='bbox 3857 3764 4069 3818; x_wconf 80' lang='lat' dir='ltr'><strong>humilis</strong></span> 
     </span>
    </p>
   </div>
   <div class='ocr_carea' id='block_1_76' title="bbox 2496 3841 4064 3920">
    <p class='ocr_par' dir='ltr' id='par_1_76' title="bbox 2496 3841 4064 3920">
     <span class='ocr_line' id='line_1_76' title="bbox 2496 3841 4064 3920; baseline 0.01 -27"><span class='ocrx_word' id='word_1_516' title='bbox 2496 3841 2667 3904; x_wconf 86' lang='lat' dir='ltr'><strong>corde,</strong></span> <span class='ocrx_word' id='word_1_517' title='bbox 2710 3851 2756 3894; x_wconf 83' lang='lat' dir='ltr'><strong>et</strong></span> <span class='ocrx_word' id='word_1_518' title='bbox 2796 3843 3059 3897; x_wconf 80' lang='lat' dir='ltr'><strong>invenietis</strong></span> <span class='ocrx_word' id='word_1_519' title='bbox 3088 3846 3313 3914; x_wconf 81' lang='lat' dir='ltr'><strong>requiem</strong></span> <span class='ocrx_word' id='word_1_520' title='bbox 3346 3849 3618 3902; x_wconf 82' lang='lat' dir='ltr'><strong>animabus</strong></span> <span class='ocrx_word' id='word_1_521' title='bbox 3644 3854 3820 3905; x_wconf 79' lang='lat' dir='ltr'><strong>vestris</strong></span> <span class='ocrx_word' id='word_1_522' title='bbox 3849 3852 4064 3920; x_wconf 73' lang='lat' dir='ltr'><strong>(Matt/1.</strong></span> 
     </span>
    </p>
   </div>
   <div class='ocr_carea' id='block_1_77' title="bbox 2497 3934 4070 4015">
    <p class='ocr_par' dir='ltr' id='par_1_77' title="bbox 2497 3934 4070 4015">
     <span class='ocr_line' id='line_1_77' title="bbox 2497 3934 4070 4015; baseline 0.01 -27"><span class='ocrx_word' id='word_1_523' title='bbox 2497 3951 2534 4001; x_wconf 85' lang='grc' dir='ltr'><strong>ι,</strong></span> <span class='ocrx_word' id='word_1_524' title='bbox 2557 3936 2666 4006; x_wconf 76' lang='lat'><strong>9.9).</strong></span> <span class='ocrx_word' id='word_1_525' title='bbox 2688 3934 2850 4006; x_wconf 89' lang='lat' dir='ltr'><strong>Cujus</strong></span> <span class='ocrx_word' id='word_1_526' title='bbox 2872 3952 3055 3992; x_wconf 90' lang='lat' dir='ltr'><strong>vocem</strong></span> <span class='ocrx_word' id='word_1_527' title='bbox 3072 3940 3409 3995; x_wconf 86' lang='lat' dir='ltr'><strong>beatissimus</strong></span> <span class='ocrx_word' id='word_1_528' title='bbox 3436 3943 3518 3995; x_wconf 90' lang='lat' dir='ltr'><strong>vir</strong></span> <span class='ocrx_word' id='word_1_529' title='bbox 3543 3943 3761 3999; x_wconf 89' lang='lat' dir='ltr'><strong>Basolus</strong></span> <span class='ocrx_word' id='word_1_530' title='bbox 3784 3946 4070 4015; x_wconf 69' lang='lat' dir='ltr'><strong>diligenter</strong></span> 
     </span>
    </p>
   </div>
   <div class='ocr_carea' id='block_1_78' title="bbox 2496 4022 4066 4101">
    <p class='ocr_par' dir='ltr' id='par_1_78' title="bbox 2496 4022 4066 4101">
     <span class='ocr_line' id='line_1_78' title="bbox 2496 4022 4066 4101; baseline 0.008 -26"><span class='ocrx_word' id='word_1_531' title='bbox 2496 4022 2845 4092; x_wconf 90' lang='lat' dir='ltr'><strong>amplectens,</strong></span> <span class='ocrx_word' id='word_1_532' title='bbox 2867 4026 3203 4080; x_wconf 87' lang='lat' dir='ltr'><strong>metuebatse</strong></span> <span class='ocrx_word' id='word_1_533' title='bbox 3221 4029 3356 4082; x_wconf 90' lang='lat' dir='ltr'><strong>inter</strong></span> <span class='ocrx_word' id='word_1_534' title='bbox 3380 4030 3617 4085; x_wconf 84' lang='lat' dir='ltr'><strong>turbines</strong></span> <span class='ocrx_word' id='word_1_535' title='bbox 3631 4032 3807 4086; x_wconf 74' lang='lat' dir='ltr'><strong>szcculi</strong></span> <span class='ocrx_word' id='word_1_536' title='bbox 3832 4036 4066 4101; x_wconf 90' lang='lat' dir='ltr'><strong>positum</strong></span> 
     </span>
    </p>
   </div>
   <div class='ocr_carea' id='block_1_79' title="bbox 2494 4113 4064 4187">
    <p class='ocr_par' dir='ltr' id='par_1_79' title="bbox 2494 4113 4064 4187">
     <span class='ocr_line' id='line_1_79' title="bbox 2494 4113 4064 4187; baseline 0.011 -23"><span class='ocrx_word' id='word_1_537' title='bbox 2494 4113 2684 4166; x_wconf 78' lang='lat' dir='ltr'><strong>anima:</strong></span> <span class='ocrx_word' id='word_1_538' title='bbox 2714 4128 2822 4166; x_wconf 63' lang='lat' dir='ltr'><strong>suae</strong></span> <span class='ocrx_word' id='word_1_539' title='bbox 2851 4114 3005 4167; x_wconf 88' lang='lat' dir='ltr'><strong>facile</strong></span> <span class='ocrx_word' id='word_1_540' title='bbox 3039 4116 3633 4187; x_wconf 82' lang='lat' dir='ltr'><strong>ineurrissejacturam.</strong></span> <span class='ocrx_word' id='word_1_541' title='bbox 3668 4122 4064 4181; x_wconf 78' lang='lat' dir='ltr'><strong>Felicissimum</strong></span> 
     </span>
    </p>
   </div>
   <div class='ocr_carea' id='block_1_80' title="bbox 2493 4202 4065 4272">
    <p class='ocr_par' dir='ltr' id='par_1_80' title="bbox 2493 4202 4065 4272">
     <span class='ocr_line' id='line_1_80' title="bbox 2493 4202 4065 4272; baseline 0.011 -17"><span class='ocrx_word' id='word_1_542' title='bbox 2493 4202 2739 4256; x_wconf 86' lang='lat' dir='ltr'><strong>vincendi</strong></span> <span class='ocrx_word' id='word_1_543' title='bbox 2764 4218 2931 4272; x_wconf 87' lang='lat' dir='ltr'><strong>genus</strong></span> <span class='ocrx_word' id='word_1_544' title='bbox 2960 4220 3098 4267; x_wconf 89' lang='lat' dir='ltr'><strong>esse,</strong></span> <span class='ocrx_word' id='word_1_545' title='bbox 3132 4205 3346 4262; x_wconf 85' lang='lat' dir='ltr'><strong>fallaces</strong></span> <span class='ocrx_word' id='word_1_546' title='bbox 3377 4212 3557 4264; x_wconf 88' lang='lat' dir='ltr'><strong>mundi</strong></span> <span class='ocrx_word' id='word_1_547' title='bbox 3585 4213 3794 4268; x_wconf 86' lang='lat' dir='ltr'><strong>divitias</strong></span> <span class='ocrx_word' id='word_1_548' title='bbox 3823 4227 4065 4271; x_wconf 86' lang='lat' dir='ltr'><strong>contem-</strong></span> 
     </span>
    </p>
   </div>
   <div class='ocr_carea' id='block_1_81' title="bbox 2491 4303 4065 4379">
    <p class='ocr_par' dir='ltr' id='par_1_81' title="bbox 2491 4303 4065 4379">
     <span class='ocr_line' id='line_1_81' title="bbox 2491 4303 4065 4379; baseline 0.011 -32"><span class='ocrx_word' id='word_1_549' title='bbox 2491 4308 2641 4358; x_wconf 88' lang='lat' dir='ltr'><strong>nere,</strong></span> <span class='ocrx_word' id='word_1_550' title='bbox 2675 4311 2861 4348; x_wconf 90' lang='lat' dir='ltr'><strong>aurum</strong></span> <span class='ocrx_word' id='word_1_551' title='bbox 2893 4307 3055 4365; x_wconf 88' lang='lat' dir='ltr'><strong>atque</strong></span> <span class='ocrx_word' id='word_1_552' title='bbox 3086 4309 3362 4367; x_wconf 86' lang='lat' dir='ltr'><strong>argentum</strong></span> <span class='ocrx_word' id='word_1_553' title='bbox 3397 4318 3495 4357; x_wconf 89' lang='lat' dir='ltr'><strong>nec</strong></span> <span class='ocrx_word' id='word_1_554' title='bbox 3535 4303 3733 4359; x_wconf 88' lang='lat' dir='ltr'><strong>habere</strong></span> <span class='ocrx_word' id='word_1_555' title='bbox 3780 4324 3876 4363; x_wconf 91' lang='lat' dir='ltr'><strong>nec</strong></span> <span class='ocrx_word' id='word_1_556' title='bbox 3916 4326 4065 4379; x_wconf 72' lang='lat' dir='ltr'><strong>qua:-</strong></span> 
     </span>
    </p>
   </div>
   <div class='ocr_carea' id='block_1_82' title="bbox 2490 4394 4062 4464">
    <p class='ocr_par' dir='ltr' id='par_1_82' title="bbox 2490 4394 4062 4464">
     <span class='ocr_line' id='line_1_82' title="bbox 2490 4394 4062 4464; baseline 0.01 -24"><span class='ocrx_word' id='word_1_557' title='bbox 2490 4401 2630 4452; x_wconf 91' lang='lat' dir='ltr'><strong>rere,</strong></span> <span class='ocrx_word' id='word_1_558' title='bbox 2658 4402 2841 4443; x_wconf 90' lang='lat' dir='ltr'><strong>veram</strong></span> <span class='ocrx_word' id='word_1_559' title='bbox 2872 4399 3243 4458; x_wconf 88' lang='lat' dir='ltr'><strong>paupertatem</strong></span> <span class='ocrx_word' id='word_1_560' title='bbox 3280 4394 3505 4457; x_wconf 87' lang='lat' dir='ltr'><strong>ambire,</strong></span> <span class='ocrx_word' id='word_1_561' title='bbox 3532 4412 3649 4464; x_wconf 70' lang='lat' dir='ltr'><strong>qua:</strong></span> <span class='ocrx_word' id='word_1_562' title='bbox 3679 4399 3935 4453; x_wconf 80' lang='lat' dir='ltr'><strong>caelorum</strong></span> <span class='ocrx_word' id='word_1_563' title='bbox 3967 4404 4062 4455; x_wconf 89' lang='lat' dir='ltr'><strong>tri-</strong></span> 
     </span>
    </p>
   </div>
   <div class='ocr_carea' id='block_1_83' title="bbox 2486 4477 4057 4559">
    <p class='ocr_par' dir='ltr' id='par_1_83' title="bbox 2486 4477 4057 4559">
     <span class='ocr_line' id='line_1_83' title="bbox 2486 4477 4057 4559; baseline 0.011 -28"><span class='ocrx_word' id='word_1_564' title='bbox 2486 4477 2617 4535; x_wconf 88' lang='lat' dir='ltr'><strong>buat</strong></span> <span class='ocrx_word' id='word_1_565' title='bbox 2656 4481 2831 4550; x_wconf 88' lang='lat' dir='ltr'><strong>ampla</strong></span> <span class='ocrx_word' id='word_1_566' title='bbox 2882 4482 3077 4551; x_wconf 87' lang='lat' dir='ltr'><strong>palatia</strong></span> <span class='ocrx_word' id='word_1_567' title='bbox 3136 4485 3429 4553; x_wconf 87' lang='lat' dir='ltr'><strong>possidere.</strong></span> <span class='ocrx_word' id='word_1_568' title='bbox 3488 4488 3612 4543; x_wconf 81' lang='lat' dir='ltr'><strong>llaec</strong></span> <span class='ocrx_word' id='word_1_569' title='bbox 3670 4492 3832 4559; x_wconf 81' lang='lat' dir='ltr'><strong>igitur</strong></span> <span class='ocrx_word' id='word_1_570' title='bbox 3875 4508 4057 4549; x_wconf 88' lang='lat' dir='ltr'><strong>secum</strong></span> 
     </span>
    </p>
   </div>
   <div class='ocr_carea' id='block_1_84' title="bbox 2486 4576 4058 4647">
    <p class='ocr_par' dir='ltr' id='par_1_84' title="bbox 2486 4576 4058 4647">
     <span class='ocr_line' id='line_1_84' title="bbox 2486 4576 4058 4647; baseline 0.01 -21"><span class='ocrx_word' id='word_1_571' title='bbox 2486 4587 2709 4628; x_wconf 92' lang='lat' dir='ltr'><strong>versans</strong></span> <span class='ocrx_word' id='word_1_572' title='bbox 2737 4576 2787 4627; x_wconf 93' lang='lat' dir='ltr'><strong>in</strong></span> <span class='ocrx_word' id='word_1_573' title='bbox 2813 4584 3049 4644; x_wconf 90' lang='lat' dir='ltr'><strong>pectore,</strong></span> <span class='ocrx_word' id='word_1_574' title='bbox 3074 4576 3231 4632; x_wconf 85' lang='lat' dir='ltr'><strong>ﬁdem</strong></span> <span class='ocrx_word' id='word_1_575' title='bbox 3257 4590 3415 4647; x_wconf 90' lang='lat' dir='ltr'><strong>atque</strong></span> <span class='ocrx_word' id='word_1_576' title='bbox 3448 4586 3802 4639; x_wconf 85' lang='lat' dir='ltr'><strong>constantiam</strong></span> <span class='ocrx_word' id='word_1_577' title='bbox 3826 4586 4058 4642; x_wconf 63' lang='lat' dir='ltr'><strong>Abrahae</strong></span> 
     </span>
    </p>
   </div>
   <div class='ocr_carea' id='block_1_85' title="bbox 2485 4662 4054 4743">
    <p class='ocr_par' dir='ltr' id='par_1_85' title="bbox 2485 4662 4054 4743">
     <span class='ocr_line' id='line_1_85' title="bbox 2485 4662 4054 4743; baseline 0.01 -29"><span class='ocrx_word' id='word_1_578' title='bbox 2485 4662 2691 4730; x_wconf 91' lang='lat' dir='ltr'><strong>antiqui</strong></span> <span class='ocrx_word' id='word_1_579' title='bbox 2746 4677 2809 4718; x_wconf 88' lang='lat' dir='ltr'><strong>ac</strong></span> <span class='ocrx_word' id='word_1_580' title='bbox 2862 4664 3055 4719; x_wconf 90' lang='lat' dir='ltr'><strong>nobilis</strong></span> <span class='ocrx_word' id='word_1_581' title='bbox 3090 4667 3410 4735; x_wconf 64' lang='lat' dir='ltr'><strong>patriarchm</strong></span> <span class='ocrx_word' id='word_1_582' title='bbox 3450 4684 3558 4739; x_wconf 62' lang='lat' dir='ltr'><strong>prae</strong></span> <span class='ocrx_word' id='word_1_583' title='bbox 3602 4673 3772 4728; x_wconf 91' lang='lat' dir='ltr'><strong>oculis</strong></span> <span class='ocrx_word' id='word_1_584' title='bbox 3814 4688 4054 4743; x_wconf 86' lang='lat' dir='ltr'><strong>revocat,</strong></span> 
     </span>
    </p>
   </div>
   <div class='ocr_carea' id='block_1_86' title="bbox 801 4739 4057 4838">
    <p class='ocr_par' dir='ltr' id='par_1_86' title="bbox 801 4739 4057 4838">
     <span class='ocr_line' id='line_1_86' title="bbox 801 4739 4057 4838; baseline 0.011 -49"><span class='ocrx_word' id='word_1_585' title='bbox 801 4739 1034 4838; x_wconf 76' lang='lat' dir='ltr'><strong>ventntis</strong></span> <span class='ocrx_word' id='word_1_586' title='bbox 1066 4739 1401 4838; x_wconf 76' lang='lat' dir='ltr'><strong>insolentiam</strong></span> <span class='ocrx_word' id='word_1_587' title='bbox 1436 4742 1583 4838; x_wconf 77' lang='lat' dir='ltr'><strong>duris</strong></span> <span class='ocrx_word' id='word_1_588' title='bbox 1609 4744 1834 4799; x_wconf 88' lang='lat' dir='ltr'><strong>nexibus</strong></span> <span class='ocrx_word' id='word_1_589' title='bbox 1866 4745 2248 4805; x_wconf 88' lang='lat' dir='ltr'><strong>inl&#39;renaverat.</strong></span> <span class='ocrx_word' id='word_1_590' title='bbox 2276 4751 2377 4805; x_wconf 89' lang='lat' dir='ltr'><strong>Pa-</strong></span> <span class='ocrx_word' id='word_1_591' title='bbox 2405 4759 2456 4818; x_wconf 87' lang='lat' dir='ltr'><strong>D</strong></span> <span class='ocrx_word' id='word_1_592' title='bbox 2483 4754 2862 4823; x_wconf 86' lang='lat' dir='ltr'><strong>qui,derelicto</strong></span> <span class='ocrx_word' id='word_1_593' title='bbox 2889 4757 3185 4813; x_wconf 90' lang='lat' dir='ltr'><strong>nativitatis</strong></span> <span class='ocrx_word' id='word_1_594' title='bbox 3209 4760 3321 4814; x_wconf 90' lang='lat' dir='ltr'><strong>solo</strong></span> <span class='ocrx_word' id='word_1_595' title='bbox 3340 4769 3500 4832; x_wconf 89' lang='lat' dir='ltr'><strong>atque</strong></span> <span class='ocrx_word' id='word_1_596' title='bbox 3528 4774 3761 4831; x_wconf 54' lang='lat' dir='ltr'><strong>paterna</strong></span> <span class='ocrx_word' id='word_1_597' title='bbox 3787 4739 4057 4838; x_wconf 52' lang='lat' dir='ltr'><strong>cognatio;</strong></span> 
     </span>
    </p>
   </div>
   <div class='ocr_carea' id='block_1_87' title="bbox 801 4828 2381 4910">
    <p class='ocr_par' dir='ltr' id='par_1_87' title="bbox 801 4828 2381 4910">
     <span class='ocr_line' id='line_1_87' title="bbox 801 4828 2381 4910; baseline 0.01 -29"><span class='ocrx_word' id='word_1_598' title='bbox 801 4828 1043 4882; x_wconf 90' lang='lat' dir='ltr'><strong>tientiam</strong></span> <span class='ocrx_word' id='word_1_599' title='bbox 1068 4844 1281 4899; x_wconf 91' lang='lat' dir='ltr'><strong>quoque</strong></span> <span class='ocrx_word' id='word_1_600' title='bbox 1302 4831 1354 4884; x_wconf 91' lang='lat' dir='ltr'><strong>in</strong></span> <span class='ocrx_word' id='word_1_601' title='bbox 1390 4832 1627 4887; x_wconf 87' lang='lat' dir='ltr'><strong>adversis</strong></span> <span class='ocrx_word' id='word_1_602' title='bbox 1656 4835 1794 4888; x_wconf 90' lang='lat' dir='ltr'><strong>inter</strong></span> <span class='ocrx_word' id='word_1_603' title='bbox 1816 4839 2101 4893; x_wconf 66' lang='lat' dir='ltr'><strong>sazcnlares</strong></span> <span class='ocrx_word' id='word_1_604' title='bbox 2121 4853 2381 4910; x_wconf 90' lang='lat' dir='ltr'><strong>quantum</strong></span> 
     </span>
    </p>
   </div>
   <div class='ocr_carea' id='block_1_88' title="bbox 801 4920 2382 5003">
    <p class='ocr_par' dir='ltr' id='par_1_88' title="bbox 801 4920 2382 5003">
     <span class='ocr_line' id='line_1_88' title="bbox 801 4920 2382 5003; baseline 0.01 -29"><span class='ocrx_word' id='word_1_605' title='bbox 801 4920 1065 4983; x_wconf 82' lang='lat' dir='ltr'><strong>excoluit,</strong></span> <span class='ocrx_word' id='word_1_606' title='bbox 1123 4938 1394 4992; x_wconf 83' lang='lat' dir='ltr'><strong>exponere</strong></span> <span class='ocrx_word' id='word_1_607' title='bbox 1454 4940 1612 4979; x_wconf 87' lang='lat' dir='ltr'><strong>nemo</strong></span> <span class='ocrx_word' id='word_1_608' title='bbox 1662 4926 1870 4982; x_wconf 68' lang='lat' dir='ltr'><strong>sitﬂicit.</strong></span> <span class='ocrx_word' id='word_1_609' title='bbox 1920 4930 2073 4984; x_wconf 82' lang='lat' dir='ltr'><strong>Circa</strong></span> <span class='ocrx_word' id='word_1_610' title='bbox 2123 4948 2382 5003; x_wconf 87' lang='lat' dir='ltr'><strong>pauperes</strong></span> 
     </span>
    </p>
   </div>
   <div class='ocr_carea' id='block_1_89' title="bbox 802 5012 2381 5085">
    <p class='ocr_par' dir='ltr' id='par_1_89' title="bbox 802 5012 2381 5085">
     <span class='ocr_line' id='line_1_89' title="bbox 802 5012 2381 5085; baseline 0.008 -21"><span class='ocrx_word' id='word_1_611' title='bbox 802 5019 949 5065; x_wconf 89' lang='lat' dir='ltr'><strong>tanta</strong></span> <span class='ocrx_word' id='word_1_612' title='bbox 975 5013 1021 5066; x_wconf 91' lang='lat' dir='ltr'><strong>ei</strong></span> <span class='ocrx_word' id='word_1_613' title='bbox 1053 5012 1349 5068; x_wconf 87' lang='lat' dir='ltr'><strong>liberalitas</strong></span> <span class='ocrx_word' id='word_1_614' title='bbox 1370 5025 1509 5078; x_wconf 87' lang='lat' dir='ltr'><strong>erat,</strong></span> <span class='ocrx_word' id='word_1_615' title='bbox 1555 5025 1611 5068; x_wconf 91' lang='lat' dir='ltr'><strong>nt</strong></span> <span class='ocrx_word' id='word_1_616' title='bbox 1638 5017 1895 5085; x_wconf 89' lang='lat' dir='ltr'><strong>quidquid</strong></span> <span class='ocrx_word' id='word_1_617' title='bbox 1922 5035 2190 5076; x_wconf 74' lang='lat' dir='ltr'><strong>concessa:</strong></span> <span class='ocrx_word' id='word_1_618' title='bbox 2217 5024 2381 5079; x_wconf 88' lang='lat' dir='ltr'><strong>facul-</strong></span> 
     </span>
    </p>
   </div>
   <div class='ocr_carea' id='block_1_90' title="bbox 802 5102 2377 5179">
    <p class='ocr_par' dir='ltr' id='par_1_90' title="bbox 802 5102 2377 5179">
     <span class='ocr_line' id='line_1_90' title="bbox 802 5102 2377 5179; baseline 0.008 -24"><span class='ocrx_word' id='word_1_619' title='bbox 802 5103 929 5156; x_wconf 87' lang='lat' dir='ltr'><strong>tatis</strong></span> <span class='ocrx_word' id='word_1_620' title='bbox 962 5102 1155 5165; x_wconf 83' lang='lat' dir='ltr'><strong>fuerat,</strong></span> <span class='ocrx_word' id='word_1_621' title='bbox 1198 5104 1249 5157; x_wconf 84' lang='lat' dir='ltr'><strong>id</strong></span> <span class='ocrx_word' id='word_1_622' title='bbox 1278 5114 1445 5158; x_wconf 89' lang='lat' dir='ltr'><strong>totum</strong></span> <span class='ocrx_word' id='word_1_623' title='bbox 1502 5115 1696 5175; x_wconf 69' lang='lat' dir='ltr'><strong>praeter</strong></span> <span class='ocrx_word' id='word_1_624' title='bbox 1740 5110 2109 5177; x_wconf 90' lang='lat' dir='ltr'><strong>quotidianum</strong></span> <span class='ocrx_word' id='word_1_625' title='bbox 2159 5114 2377 5179; x_wconf 89' lang='lat' dir='ltr'><strong>victum,</strong></span> 
     </span>
    </p>
   </div>
   <div class='ocr_carea' id='block_1_91' title="bbox 799 5191 2380 5262">
    <p class='ocr_par' dir='ltr' id='par_1_91' title="bbox 799 5191 2380 5262">
     <span class='ocr_line' id='line_1_91' title="bbox 799 5191 2380 5262; baseline 0.008 -16"><span class='ocrx_word' id='word_1_626' title='bbox 799 5192 1079 5262; x_wconf 86' lang='lat' dir='ltr'><strong>stipendiis</strong></span> <span class='ocrx_word' id='word_1_627' title='bbox 1126 5191 1425 5248; x_wconf 76' lang='lat' dir='ltr'><strong>effunderet</strong></span> <span class='ocrx_word' id='word_1_628' title='bbox 1477 5197 1814 5250; x_wconf 89' lang='lat' dir='ltr'><strong>miserorum.</strong></span> <span class='ocrx_word' id='word_1_629' title='bbox 1867 5198 1997 5252; x_wconf 84' lang='lat' dir='ltr'><strong>Erat</strong></span> <span class='ocrx_word' id='word_1_630' title='bbox 2030 5213 2208 5256; x_wconf 85' lang='lat' dir='ltr'><strong>autem</strong></span> <span class='ocrx_word' id='word_1_631' title='bbox 2240 5204 2380 5258; x_wconf 89' lang='lat' dir='ltr'><strong>inter</strong></span> 
     </span>
    </p>
   </div>
   <div class='ocr_carea' id='block_1_92' title="bbox 800 5284 2372 5334">
    <p class='ocr_par' dir='ltr' id='par_1_92' title="bbox 800 5284 2372 5334">
     <span class='ocr_line' id='line_1_92' title="bbox 800 5284 2372 5334; baseline 0 0"><span class='ocrx_word' id='word_1_632' title='bbox 800 5284 915 5334; x_wconf 62' lang='lat' dir='ltr'><strong>hare</strong></span> <span class='ocrx_word' id='word_1_633' title='bbox 936 5285 1114 5334; x_wconf 90' lang='lat' dir='ltr'><strong>animo</strong></span> <span class='ocrx_word' id='word_1_634' title='bbox 1145 5285 1438 5334; x_wconf 78' lang='lat' dir='ltr'><strong>piissimus.</strong></span> <span class='ocrx_word' id='word_1_635' title='bbox 1466 5302 1712 5334; x_wconf 76' lang='lat' dir='ltr'><strong>snrmmm</strong></span> <span class='ocrx_word' id='word_1_636' title='bbox 1747 5292 2120 5334; x_wconf 66' lang='lat' dir='ltr'><strong>t&#39;prstnieciinnc</strong></span> <span class='ocrx_word' id='word_1_637' title='bbox 2173 5294 2372 5334; x_wconf 72' lang='lat' dir='ltr'><strong>inclitia</strong></span> 
     </span>
    </p>
   </div>
   <div class='ocr_carea' id='block_1_93' title="bbox 2487 4844 4056 4931">
    <p class='ocr_par' dir='ltr' id='par_1_93' title="bbox 2487 4844 4056 4931">
     <span class='ocr_line' id='line_1_93' title="bbox 2487 4844 4056 4931; baseline 0.013 -34"><span class='ocrx_word' id='word_1_638' title='bbox 2487 4845 2568 4898; x_wconf 89' lang='lat' dir='ltr'><strong>nis</strong></span> <span class='ocrx_word' id='word_1_639' title='bbox 2596 4844 2774 4909; x_wconf 91' lang='lat' dir='ltr'><strong>domo,</strong></span> <span class='ocrx_word' id='word_1_640' title='bbox 2810 4845 2987 4916; x_wconf 81' lang='lat' dir='ltr'><strong>ignota</strong></span> <span class='ocrx_word' id='word_1_641' title='bbox 3008 4846 3107 4901; x_wconf 89' lang='lat' dir='ltr'><strong>sibi</strong></span> <span class='ocrx_word' id='word_1_642' title='bbox 3128 4847 3352 4906; x_wconf 84' lang='lat' dir='ltr'><strong>fidenter</strong></span> <span class='ocrx_word' id='word_1_643' title='bbox 3372 4854 3613 4921; x_wconf 84' lang='lat' dir='ltr'><strong>expetiit,</strong></span> <span class='ocrx_word' id='word_1_644' title='bbox 3640 4866 3693 4911; x_wconf 92' lang='lat' dir='ltr'><strong>et</strong></span> <span class='ocrx_word' id='word_1_645' title='bbox 3717 4871 3824 4927; x_wconf 89' lang='lat' dir='ltr'><strong>quo</strong></span> <span class='ocrx_word' id='word_1_646' title='bbox 3845 4872 3923 4915; x_wconf 88' lang='lat' dir='ltr'><strong>est</strong></span> <span class='ocrx_word' id='word_1_647' title='bbox 3942 4863 4056 4931; x_wconf 81' lang='lat' dir='ltr'><strong>jus-</strong></span> 
     </span>
    </p>
   </div>
   <div class='ocr_carea' id='block_1_94' title="bbox 2486 4938 2788 4992">
    <p class='ocr_par' dir='ltr' id='par_1_94' title="bbox 2486 4938 2788 4992">
     <span class='ocr_line' id='line_1_94' title="bbox 2486 4938 2788 4992; baseline -0.01 -1"><span class='ocrx_word' id='word_1_648' title='bbox 2486 4953 2576 4992; x_wconf 89' lang='lat' dir='ltr'><strong>sus</strong></span> <span class='ocrx_word' id='word_1_649' title='bbox 2605 4938 2788 4991; x_wconf 88' lang='lat' dir='ltr'><strong>exivit.</strong></span> 
     </span>
    </p>
   </div>
   <div class='ocr_carea' id='block_1_95' title="bbox 2902 5029 3636 5102">
    <p class='ocr_par' dir='ltr' id='par_1_95' title="bbox 2902 5029 3636 5102">
     <span class='ocr_line' id='line_1_95' title="bbox 2902 5029 3636 5102; baseline 0.014 -20"><span class='ocrx_word' id='word_1_650' title='bbox 2902 5029 3089 5083; x_wconf 83' lang='lat' dir='ltr'><strong>Omnia</strong></span> <span class='ocrx_word' id='word_1_651' title='bbox 3129 5033 3414 5102; x_wconf 80' lang='lat' dir='ltr'><strong>relinquere</strong></span> <span class='ocrx_word' id='word_1_652' title='bbox 3437 5039 3636 5093; x_wconf 73' lang='lat' dir='ltr'><strong>ualuit.</strong></span> 
     </span>
    </p>
   </div>
   <div class='ocr_carea' id='block_1_96' title="bbox 2553 5118 4053 5207">
    <p class='ocr_par' dir='ltr' id='par_1_96' title="bbox 2553 5118 4053 5207">
     <span class='ocr_line' id='line_1_96' title="bbox 2553 5118 4053 5207; baseline 0.011 -32"><span class='ocrx_word' id='word_1_653' title='bbox 2553 5118 2604 5175; x_wconf 90' lang='lat'><strong>9.</strong></span> <span class='ocrx_word' id='word_1_654' title='bbox 2645 5118 2778 5175; x_wconf 81' lang='lat' dir='ltr'><strong>Hinc</strong></span> <span class='ocrx_word' id='word_1_655' title='bbox 2812 5122 2989 5190; x_wconf 90' lang='lat' dir='ltr'><strong>itaque</strong></span> <span class='ocrx_word' id='word_1_656' title='bbox 3035 5124 3115 5176; x_wconf 87' lang='lat' dir='ltr'><strong>vir</strong></span> <span class='ocrx_word' id='word_1_657' title='bbox 3157 5135 3375 5180; x_wconf 86' lang='lat' dir='ltr'><strong>sanctus</strong></span> <span class='ocrx_word' id='word_1_658' title='bbox 3414 5128 3573 5184; x_wconf 91' lang='lat' dir='ltr'><strong>altius</strong></span> <span class='ocrx_word' id='word_1_659' title='bbox 3619 5134 3778 5202; x_wconf 62' lang='lat' dir='ltr'><strong>carpit</strong></span> <span class='ocrx_word' id='word_1_660' title='bbox 3828 5136 4053 5207; x_wconf 79' lang='lat' dir='ltr'><strong>ingemi-</strong></span> 
     </span>
    </p>
   </div>
   <div class='ocr_carea' id='block_1_97' title="bbox 2483 5212 4054 5287">
    <p class='ocr_par' dir='ltr' id='par_1_97' title="bbox 2483 5212 4054 5287">
     <span class='ocr_line' id='line_1_97' title="bbox 2483 5212 4054 5287; baseline 0.012 -25"><span class='ocrx_word' id='word_1_661' title='bbox 2483 5223 2652 5272; x_wconf 91' lang='lat' dir='ltr'><strong>scere,</strong></span> <span class='ocrx_word' id='word_1_662' title='bbox 2683 5212 2823 5279; x_wconf 91' lang='lat' dir='ltr'><strong>quod</strong></span> <span class='ocrx_word' id='word_1_663' title='bbox 2853 5214 2952 5266; x_wconf 92' lang='lat' dir='ltr'><strong>hoc</strong></span> <span class='ocrx_word' id='word_1_664' title='bbox 2982 5216 3230 5283; x_wconf 70' lang='lat' dir='ltr'><strong>praecepti</strong></span> <span class='ocrx_word' id='word_1_665' title='bbox 3263 5234 3432 5287; x_wconf 88' lang='lat' dir='ltr'><strong>genus</strong></span> <span class='ocrx_word' id='word_1_666' title='bbox 3462 5221 3685 5275; x_wconf 91' lang='lat' dir='ltr'><strong>necdum</strong></span> <span class='ocrx_word' id='word_1_667' title='bbox 3729 5223 3906 5279; x_wconf 89' lang='lat' dir='ltr'><strong>fuerat</strong></span> <span class='ocrx_word' id='word_1_668' title='bbox 3960 5242 4054 5281; x_wconf 80' lang='lat' dir='ltr'><strong>ex-</strong></span> 
     </span>
    </p>
   </div>
   <div class='ocr_carea' id='block_1_98' title="bbox 2483 5302 3527 5334">
    <p class='ocr_par' dir='ltr' id='par_1_98' title="bbox 2483 5302 3527 5334">
     <span class='ocr_line' id='line_1_98' title="bbox 2483 5302 3527 5334; baseline 0 0"><span class='ocrx_word' id='word_1_669' title='bbox 2483 5309 2664 5334; x_wconf 63' lang='lat' dir='ltr'><strong>nnuiuc</strong></span> <span class='ocrx_word' id='word_1_670' title='bbox 2711 5302 2809 5334; x_wconf 69' lang='lat' dir='ltr'><strong>nn:</strong></span> <span class='ocrx_word' id='word_1_671' title='bbox 2835 5303 2875 5334; x_wconf 64' lang='grc' dir='ltr'><strong>οἱ</strong></span> <span class='ocrx_word' id='word_1_672' title='bbox 2896 5314 3072 5334; x_wconf 67' lang='lat' dir='ltr'><strong>mania</strong></span> <span class='ocrx_word' id='word_1_673' title='bbox 3093 5306 3327 5334; x_wconf 61' lang='grc' dir='ltr'><strong>,ωηιξη-...ει</strong></span> <span class='ocrx_word' id='word_1_674' title='bbox 3347 5306 3447 5334; x_wconf 50' lang='lat' dir='ltr'><strong>in.»</strong></span> <span class='ocrx_word' id='word_1_675' title='bbox 3474 5326 3527 5334; x_wconf 62' lang='grc' dir='ltr'><strong>..Α</strong></span> 
     </span>
    </p>
   </div>
  </div>
