4482 5524
381 334 485 389 640

1678 333 1765 387 DIC
1809 332 1961 384 \‘lT.\
2005 332 2058 384 S.
2104 331 2365 385 B.‘\S‘)lal.

3542 338 3648 394 €50

382 448 629 508 vestitus,
662 445 815 500 iretus
850 443 961 512 jam
992 458 1149 497 suam
1185 444 1673 514 peregrinationem
1725 446 1967 515 aggredi-
1995 454 2040 509 Α
2077 461 2236 513 quam
2268 447 2485 514 quidam
2516 445 2751 501 codestis
2778 449 3014 503 crrculus
3051 449 3326 504 stellarum
3361 452 3653 507 adornatrrr

383 545 498 598 tur;
528 546 686 605 atque
736 537 805 589 ita
851 536 941 603 qui
992 543 1121 589 ante
1148 550 1366 588 suorrrm
1393 534 1556 588 fultus
1590 535 1970 589 blandimentis

382 630 581 687 fuerat,
621 626 789 696 longte
833 626 1294 694 peregrinationis
1330 625 1525 694 hospes
1573 623 1770 687 factrrs,
1815 638 1970 693 egre-

382 720 525 787 gium
569 716 796 771 habendi
840 731 1012 786 genus
1056 716 1312 784 elegerat,
1362 725 1419 768 ut
1470 714 1656 768 saltem
1693 714 1778 767 rrbi
1807 722 1973 781 eaput

383 807 671 860 reclinaret
698 821 819 859 cum
844 805 1064 859 Christo
1087 806 1306 858 onrnino
1333 820 1437 857 non
1462 804 1686 857 haberet
1710 803 1861 873 (Luc.
1893 820 1967 867 ις,

383 898 494 965 58).
527 898 655 951 Nam
681 906 738 949 ut
773 912 879 950 non
922 897 1206 950 arbitreris
1240 898 1378 951 hanc
1403 896 1498 949 viri
1532 897 1849 949 laudabilmn
1877 912 1969 965 pc-

385 989 805 1058 regrinationem
860 1004 1109 1059 superum
1144 988 1411 1041 mercedis
1459 988 1625 1056 gloria
1666 998 1971 1050 vacuatam,

383 1082 598 1135 attende
650 1081 945 1150 paululum,
1000 1091 1053 1135 et
1102 1080 1355 1149 quiddam
1403 1081 1495 1133 tibi
1540 1080 1590 1132 in
1628 1096 1689 1132 ea
1733 1080 1972 1133 invenies

385 1174 539 1227 valde
565 1174 966 1227 admirandum.

698 1265 949 1333 Angelnm
989 1263 1185 1316 itineris
1215 1262 1393 1313 durem
1424 1269 1666 1313 meretur.

458 1355 542 1408 10.
585 1353 721 1409 Cum
778 1355 920 1406 enim
990 1352 1361 1407 sanctissimus
1429 1350 1629 1403 Christi
1696 1349 1973 1405 confessor

385 1456 539 1498 extra
570 1445 717 1515 regni
750 1445 829 1498 sui
878 1444 1013 1496 lines
1044 1444 1229 1512 pedem
1257 1441 1696 1511 peregrinaturus
1718 1442 1972 1494 extende-

383 1546 490 1599 ret,
515 1545 574 1589 ut
602 1545 833 1605 quantus
873 1545 1013 1587 esset
1047 1535 1097 1586 in
1131 1534 1266 1587 cudo
1298 1534 1389 1600 qui
1425 1533 1870 1602 peregrinabatur
1920 1534 1971 1584 in

383 1636 531 1681 terra
565 1629 746 1681 divina
789 1626 958 1678 virtus
986 1625 1313 1684 ostenderet,
1346 1624 1485 1676 sictrt
1513 1633 1565 1675 et
1592 1624 1659 1675 ab
1684 1624 1835 1675 initio
1870 1638 1973 1675 δωο

385 1718 493 1771 cnli
548 1717 797 1771 omnibus
838 1715 1040 1768 sanctis
1070 1716 1181 1766 suis
1207 1727 1431 1781 peregre
1472 1711 1966 1781 proficiscentibus,

2075 537 2393 591 micantium
2418 538 2735 605 compositis
2774 539 3071 593 ordinibus.
3101 541 3338 607 Quorum
3387 551 3512 595 tunc
3537 552 3659 596 erat

2075 629 2157 681 vir
2178 628 2507 680 admiranda:
2540 629 2842 683 sanctitatis
2880 636 3123 685 Summus
3169 643 3352 699 pastor
3381 631 3649 701 Aigidius,

2074 716 2163 785 qni
2191 716 2378 768 eodem
2422 714 2710 768 Remorum
2743 718 3021 786 pontificio
3050 720 3390 783 srrhlinratus,
3420 731 3540 789 post
3569 723 3651 775 di-

2074 822 2189 877 gna:
2214 815 2267 857 et
2301 804 2583 860 laudabilis
2612 807 2731 861 vita:
2754 810 3049 863 antistitem
3074 810 3400 882 Remigium,
3428 830 3489 866 ea
3525 815 3652 867 sede

2074 896 2267 950 claruit
2295 906 2519 963 quartus
2546 898 2678 965 (15).
2707 898 2806 964 Qui
2838 900 3039 955 scilicet
3064 903 3383 955 venerabilis
3406 904 3646 973 pontifex

2074 989 2277 1041 viribus
2306 988 2418 1041 suis
2446 997 2502 1041 et
2527 988 2741 1057 ingenio
2765 990 2990 1058 plurima
3019 992 3219 1045 addidit
3239 994 3413 1047 eidem
3441 996 3654 1062 episeo-

2074 1078 2180 1146 pio.
2215 1076 2448 1130 Moribus
2474 1086 2527 1129 et
2574 1078 2681 1129 vita
2720 1079 2986 1147 pontificis
3028 1080 3340 1149 dignitatem
3371 1084 3647 1151 implebat,

2075 1167 2234 1218 rebus
2265 1166 2594 1233 episcopium
2632 1167 3039 1231 sublimaverat,
3092 1171 3349 1223 terminos
3391 1171 3650 1225 dilatave-

2078 1264 2180 1316 rat,
2213 1255 2592 1308 ecclesiasticm
2624 1254 2839 1311 familiae
2878 1260 3029 1328 copia
3064 1270 3320 1327 qnanturn
3352 1261 3445 1315 fuit
3478 1264 3650 1331 possi-

2073 1346 2177 1399 bile
2205 1346 2489 1406 ditaverat,
2534 1346 2715 1399 multis
2750 1363 2807 1401 se
2838 1348 3107 1403 laboribus
3138 1352 3357 1404 tradens
3382 1362 3544 1421 atque
3570 1356 3654 1407 vi-

2074 1436 2233 1505 giliis,
2264 1452 2329 1489 ne
2359 1436 2441 1489 sui
2478 1436 2704 1489 sentiret
2741 1438 3019 1505 dispendia
3067 1441 3272 1509 gregis;
3308 1442 3397 1510 qui
3432 1446 3651 1512 quantis

2074 1528 2254 1579 tlorrrit
2283 1527 2547 1579 bonorum
2577 1528 2870 1590 exercitiis,
2898 1527 3225 1582 Fortunatus
3247 1532 3527 1601 presbyter
3558 1534 3649 1587 do-

2075 1626 2190 1669 ctor
2212 1617 2459 1685 egregius
2488 1632 2550 1668 ac
2574 1627 2728 1683 poeta
2758 1617 3173 1673 l'ar-rnrdissimus
3197 1621 3264 1672 ab
3296 1620 3411 1688 ipso
3436 1619 3653 1691 {Egidio

2077 1707 2342 1774 partibrrs,
2376 1716 2433 1759 ut
2462 1706 2675 1775 legitur,
2709 1706 2872 1759 Italia:
2898 1709 2948 1761 in
2976 1708 3175 1762 Gallias
3202 1720 3547 1778 provocatus,
3576 1715 3652 1764 vi-

386 1807 461 1859 ita
496 1816 548 1859 et
580 1806 665 1859 isti
694 1805 884 1857 merito
916 1802 1117 1872 aptavit
1144 1802 1457 1863 ductorem,
1503 1812 1561 1853 ut
1587 1816 1691 1868 quo
1722 1802 1973 1853 tendebat
2004 1803 2047 1860 B
2080 1810 2207 1861 tam,
2255 1815 2452 1862 mores,
2490 1800 2921 1867 prredicationern
2951 1818 3014 1855 ac
3037 1806 3361 1873 pastoralem
3403 1806 3520 1873 ejus
3551 1810 3655 1863 sol-

384 1900 520 1967 pede
546 1898 625 1951 vel
661 1907 837 1950 mente
865 1898 1158 1949 a'tlrcrcum
1196 1910 1377 1947 secum
1410 1895 1635 1947 haberet
1667 1895 1971 1956 custodem,

384 2004 545 2057 quem
578 2000 629 2040 et
662 1996 933 2040 meruerat
962 1986 1171 2037 interna
1198 1986 1495 2037 intcrrtioue
1524 1996 1828 2039 Consortcm
1855 2027 1867 2049 ,
1901 1987 1971 2039 ita

383 2090 444 2131 ut
470 2080 535 2131 de
563 2093 626 2130 eo
650 2079 907 2143 scriptum
941 2092 1057 2128 esse
1092 2074 1335 2127 vitleatur
1366 2092 1376 2126 :
1415 2072 1549 2126 Ecce
1577 2091 1669 2142 ego
1700 2076 1847 2126 mitto
1879 2092 1973 2125 an-

382 2170 554 2238 ger'urn
611 2185 781 2220 meum
832 2167 920 2235 qui
970 2164 1230 2233 prwcedat
1284 2175 1331 2216 te
1381 2173 1427 2217 et
1479 2166 1739 2216 custodiat
1775 2180 1973 2231 semper

386 2260 585 2329 (Exod.
622 2274 777 2321 xxiii,
802 2257 915 2325 :20).
948 2256 1210 2324 Apparuit
1248 2254 1512 2323 siquidem
1538 2255 1587 2307 ei
1616 2254 1837 2323 angelus
1871 2255 1972 2305 bo-

385 2351 518 2404 nrini
550 2352 729 2403 socius
773 2349 1003 2411 itineris,
1048 2347 1139 2415 qui
1172 2346 1419 2412 eratjam
1452 2346 1717 2413 particeps
1751 2344 1973 2397 elfectus

386 2458 513 2495 vero
539 2443 684 2494 cultu
714 2440 907 2493 divina:
947 2437 1267 2503 majestatis,
1298 2436 1439 2489 sicut
1482 2436 1740 2504 scripturn
1780 2445 1862 2487 est
1906 2434 1972 2487 de

385 2533 530 2586 veris
558 2531 650 2583 Dei
671 2529 998 2591 cultoribus;
1032 2527 1157 2596 quia
1188 2542 1308 2580 cum
1342 2525 1665 2579 inhan'emus
1691 2524 1832 2588 Deo,
1864 2540 1967 2577 non

383 2633 467 2675 est
496 2621 715 2690 angelus
758 2630 941 2673 nostra
984 2626 1165 2671 mente
1201 2616 1489 2686 potentior,
1529 2613 1760 2669 Domino
1806 2616 1967 2668 etiam

386 2714 513 2767 alibi
540 2722 770 2767 testante
794 2714 857 2765 de
878 2711 1241 2765 innocentium
1269 2724 1372 2762 non
1400 2717 1558 2762 :etate
1582 2708 1674 2762 sed
1698 2709 1930 2778 puritate
1955 2727 1965 2760 :

386 2805 590 2874 Angeli,
623 2804 813 2871 inquit,
833 2818 1010 2854 eorum
1034 2816 1233 2868 semper
1262 2800 1432 2851 rident
1452 2798 1639 2865 faciem
1669 2796 1846 2850 Patris
1872 2798 1969 2849 mei

385 2894 547 2962 quiin
578 2892 715 2945 caelis
746 2902 818 2944 est
850 2890 1066 2960 (Matth.
1102 2904 1255 2949 .u‘nr,
1286 2888 1390 2953 l0).
1430 2888 1643 2940 Etenim
1674 2887 1765 2957 qui
1794 2903 1967 2956 quon-

384 2982 508 3036 dam
552 2981 845 3036 lsraelitico
885 2979 1095 3049 populo,
1145 2978 1441 3030 Pharaonis
1484 2976 1767 3046 imperium
1806 2977 1970 3030 decli-

386 3076 557 3139 nanti,
590 3074 706 3126 vias
738 3072 905 3125 maris
936 3070 1101 3122 Rrrbri
1130 3069 1371 3137 aperuit,
1403 3077 1565 3135 atque
1589 3083 1709 3121 curn
1735 3082 1830 3136 per
1861 3076 1969 3121 ter-

2078 1892 2411 1945 lrcitudirrern
2438 1895 2662 1948 nretrica
2698 1898 2908 1951 ratione
2937 1897 3191 1960 breviter,
3223 1902 3315 1953 sed
3338 1901 3659 1971 eloquenter

2075 1982 2389 2050 corripimus
2429 1992 2531 2035 est.
2568 1982 2717 2038 llrrnc
2749 2001 2877 2053 ergo
2909 1987 3061 2041 valde
3102 1990 3393 2059 diligebant
3420 1993 3655 2049 Franco-

2081 2091 2197 2127 rrrrn
2231 2092 2506 2143 proceres.
2542 2077 2652 2132 Rex
2678 2080 2839 2132 etiam
2870 2081 3222 2150 Clrilpericns,
3251 2087 3339 2153 qui
3370 2096 3494 2142 tunc
3520 2098 3657 2144 tern-

2074 2166 2221 2233 poris
2255 2166 2585 2220 Francorum
2612 2168 2913 2234 potiebatur
2938 2172 3180 2240 imperio,
3201 2177 3399 2245 quique
3424 2180 3655 2232 adurinio

2075 2256 2389 2309 strationem
2440 2257 2588 2325 regni
2638 2267 2757 2325 post
2801 2260 2969 2319 patris
3018 2264 3221 2317 obitrrm
3265 2267 3467 2321 viribus
3517 2268 3653 2322 obti-

2075 2356 2283 2407 nner..t,
2314 2346 2567 2417 quoniam
2594 2356 2649 2400 et
2674 2347 2787 2414 ejrrs
2811 2351 3051 2417 partibrrs
3078 2352 3299 2419 faveret,
3324 2368 3377 2410 et
3401 2360 3654 2428 mysterio

2076 2436 2268 2503 regalis
2304 2436 2513 2489 consilii
2547 2436 2850 2492 interesset.
2885 2439 2939 2492 ln
2970 2456 3030 2492 ea
3060 2458 3272 2511 quoque
3302 2446 3653 2503 altercatione

2073 2540 2190 2593 qua:
2234 2527 2373 2579 inter
2414 2526 2776 2595 Chilpericum
2832 2545 2893 2583 ac
2940 2530 3342 2589 Clnlrlebertum
3388 2552 3541 2609 reges
3589 2542 3654 2594 de

2072 2617 2371 2686 principatu
2410 2618 2555 2687 regni
2600 2618 2760 2673 fuerit
2799 2620 3010 2685 oborta,
3074 2625 3160 2677 hic
3202 2625 3337 2679 idem
3379 2630 3573 2697 prmsul
3618 2648 3645 2683 a

2071 2709 2359 2777 Clrilperici
2418 2711 2556 2780 regis
2606 2712 2806 2765 auxilio
2837 2730 2939 2766 non
2972 2715 3167 2770 defecit
3202 2726 3255 2771 et
3284 2721 3461 2789 c0pia,
3508 2724 3650 2776 unde

2075 2799 2236 2851 multa
2268 2810 2451 2868 postea
2477 2800 2671 2870 legitur
2698 2804 3015 2859 sustinuisse
3044 2807 3290 2861 adversa.

2074 2885 2321 2953 ,ίιῖῃὲιιὶηε
2350 2906 2379 2939 (ι
2425 2890 2725 2955 parentibus
2764 2891 2821 2943 S.
2875 2891 3056 2945 Basoli
3102 2896 3325 2963 Ιιοεμίιίο
3372 2912 3639 2968 exceptus.

2145 2978 2228 3030 η.
2265 2977 2470 3030 Interea
2501 2980 2625 3031 rlnrn
2661 2979 3034 3047 frequentibus
3086 2986 3245 3053 regiis
3292 2989 3647 3056 expeditioni-

2072 3064 2171 3119 bus
2209 3081 2313 3119 rron
2358 3067 2567 3120 deesset
2618 3065 2904 3136 IEg'dins,
2954 3070 3260 3140 Chilperico
3318 3074 3650 3133 Francorum

386 3164 570 3217 ribiles
598 3161 912 3215 solitudines
942 3158 1274 3227 gradientem
1305 3156 1609 3210 columnam
1637 3157 1773 3225 ignis
1797 3157 1849 3209 in
1876 3173 1967 3210 no-
1997 3165 2039 3224 (ζ
2075 3173 2197 3227 rege
2244 3158 2544 3226 Aquit-mire
2578 3169 2756 3225 partes
2788 3176 2928 3228 s;epc
2969 3173 3258 3229 expetente
3286 3206 3299 3228 ,
3353 3182 3475 3221 cum
3526 3170 3648 3224 aliis

385 3268 494 3319 etc,
523 3264 577 3308 et
602 3254 904 3307 columnam
932 3250 1089 3302 nobis
1120 3250 1170 3301 in
1201 3250 1287 3302 die
1332 3249 1834 3318 prtecederejussit,
1869 3263 1965 3302 nec

385 3361 491 3397 non
519 3358 548 3396 a
574 3342 688 3395 loco
722 3340 1022 3393 nativitatis
1048 3353 1217 3407 usque
1261 3337 1310 3389 in
1360 3338 1735 3405 promissionis
1766 3346 1964 3391 terram

387 3433 726 3488 festinantem
762 3429 968 3498 magnis
1012 3428 1077 3481 de
1110 3426 1247 3481 caelo
1275 3427 1442 3495 signis
1476 3426 1860 3480 comitantibus
1894 3427 1967 3477 irr-

387 3523 653 3585 trodnxit;
705 3520 818 3589 ipse
866 3533 1006 3571 nunc
1055 3534 1158 3572 non
1189 3516 1541 3571 dissimilibus
1575 3516 1959 3570 miraculorrrrn

384 3613 565 3666 causis
590 3612 746 3665 beato
770 3610 882 3662 viro
911 3608 1102 3661 Basolo
1134 3607 1321 3661 ducem
1346 3606 1643 3676 angelicum
1673 3622 1767 3675 per
1796 3615 1962 3659 totum

388 3705 515 3759 illud
561 3704 666 3771 piae
720 3700 1171 3771 peregrinationis
1221 3699 1485 3768 delegavit
1531 3699 1799 3753 exsilium.
1850 3700 1966 3765 Quo

387 3794 556 3849 fretus
584 3795 803 3848 ductore
831 3793 947 3857 vite,
995 3792 1060 3844 ad
1102 3790 1422 3843 Remensem
1471 3790 1715 3858 pervenit
1755 3790 1965 3853 urbem,

386 3888 544 3958 longo
588 3888 685 3938 via:
714 3885 881 3939 labori
932 3884 1091 3937 linem
1126 3883 1369 3935 daturus.
1416 3880 1681 3936 Divinitus
1726 3897 1875 3951 ergo,
1907 3892 1967 3959 ut

385 3981 649 4043 creditur,
676 3980 868 4032 beatus
890 3976 1112 4029 Basolns
1138 3989 1165 4027 a
1192 3974 1408 4044 regione
1434 3973 1784 4028 Armoricana
1808 3982 1969 4040 atque

386 4089 453 4127 ex
494 4072 769 4127 territorio
807 4068 1154 4123 Lemovicino
1182 4077 1525 4137 provocatus,
1560 4066 1655 4119 has
1683 4076 1764 4119 est
1790 4077 1970 4134 partes

388 4164 697 4233 ingressus;
742 4161 831 4229 qui
893 4158 1097 4214 relictis
1163 4158 1371 4226 magnis
1418 4157 1584 4227 copiis
1634 4157 1965 4227 Aquitaniae,

386 4264 633 4309 sanctam
676 4252 777 4307 sibi
821 4260 1192 4321 paupertatem
1238 4251 1399 4320 elegit
1436 4249 1715 4303 Rernensis
1744 4249 1973 4317 Campa-

390 4345 523 4407 niae;
554 4341 748 4397 nobilis
785 4342 1050 4410 terrigena
1079 4338 1429 4403 sublimitate,
1474 4338 1565 4393 scd
1599 4338 1827 4391 nobilior
1863 4351 1969 4390 ca:-

390 4437 507 4491 lesti
539 4435 800 4504 dignitate
820 4472 834 4496 ,
858 4446 1152 4503 generosus
1184 4432 1419 4485 humana
1446 4429 1696 4499 prosapia
1717 4468 1731 4492 ,
1764 4428 1854 4481 sed
1876 4442 1969 4496 ge-

2073 3250 2212 3303 illirrs
2240 3252 2384 3319 regii
2412 3252 2654 3313 urbibus,
2682 3261 2790 3305 trrrn
2827 3254 2990 3307 etiam
3037 3254 3326 3312 Lcmovico
3372 3263 3649 3317 territorio

2071 3338 2249 3391 clarrrs
2298 3348 2351 3391 et
2397 3348 2554 3393 notus
2602 3350 2720 3393 erat
2764 3343 3047 3412 episcopus
3093 3361 3188 3414 pro
3236 3363 3345 3402 sua:
3392 3349 3649 3405 bonitatis

2072 3430 2263 3483 merito
2292 3432 2542 3485 omnilurs
2573 3436 2910 3489 vcnerandrrs
2964 3437 3026 3489 Et
3073 3454 3195 3491 cum
3231 3457 3323 3508 per
3364 3444 3527 3498 multa
3557 3448 3652 3501 b0-

2072 3537 2261 3574 norrrm
2310 3524 2566 3576 exercitia
2616 3535 2899 3590 euri-cret,
2946 3530 3141 3596 quibus
3188 3532 3329 3586 harnl
3381 3536 3651 3591 immerito

2066 3612 2332 3681 justornm
2358 3615 2562 3683 judicio
2589 3616 2795 3669 laudari
2832 3619 3120 3681 debuisset,
3156 3624 3207 3675 in
3244 3626 3343 3679 hoc
3374 3630 3642 3699 praecipue

2071 3704 2231 3755 e'iam
2263 3718 2290 3755 a
2334 3704 2441 3756 Deo
2472 3705 2748 3758 srrblimari
2780 3708 2997 3768 merrrit,
3033 3712 3249 3777 quando
3280 3728 3379 3769 suo
3404 3724 3648 3785 tempore

2073 3790 2359 3844 Remorum
2392 3794 2578 3846 urbem
2622 3794 2853 3848 adventrr
2899 3796 3195 3853 beatissimi
3245 3801 3419 3857 Basoli
3465 3806 3647 3861 divina

2071 3882 2240 3949 gratia
2271 3883 2580 3937 illustravit.
2632 3884 2733 3951 Qui
2786 3887 2995 3942 scilicet
3036 3892 3119 3944 vir
3164 3892 3215 3945 in
3258 3897 3509 3952 onmibus
3544 3899 3654 3955 Deo

2070 3972 2497 4040 acceptissimus,
2525 3974 2652 4027 licet
2677 3990 2927 4045 egressus
2956 3979 3020 4032 de
3046 3990 3186 4034 terra
3239 4000 3331 4037 sua
3366 3987 3449 4041 bis
3481 3988 3650 4043 Fran-

2072 4061 2169 4114 cia:
2200 4070 2396 4115 nostra:
2426 4076 2483 4115 se
2511 4062 2750 4117 intulerit
2779 4066 3045 4133 partibus,
3079 4077 3258 4125 tamen
3304 4074 3444 4128 sicut
3469 4092 3531 4131 ex
3563 4078 3649 4133 his

2071 4161 2250 4221 potest
2279 4151 2448 4207 lector
2482 4168 2809 4223 cognoscere
2832 4194 2847 4218 ,
2879 4159 3167 4224 praedictus
3208 4164 3403 4231 prmsul
3454 4166 3504 4219 in
3552 4167 3651 4222 bas

2071 4256 2196 4295 oras
2231 4242 2388 4294 beato
2417 4241 2531 4294 viro
2557 4244 2819 4297 adventus
2862 4260 3020 4299 causa
3057 4246 3156 4301 fuit
3180 4290 3193 4308 ,
3242 4252 3366 4319 quia
3401 4254 3653 4312 videlicet

2073 4333 2139 4385 ab
2164 4332 2330 4401 ipsius
2353 4333 2702 4388 nobilissimis
2725 4336 3056 4403 parentibus,
3087 4340 3293 4407 regium
3324 4345 3641 4401 comitatum

2074 4432 2333 4487 secutus,
2400 4434 2459 4477 ut
2500 4424 2753 4489 traditur,
2806 4425 3040 4481 oﬂieiosa
3104 4430 3427 4486 lileralitate
3488 4436 3655 4491 fuerit

390 4530 634 4585 nerosior
681 4528 940 4583 societate
983 4524 1253 4596 angelica;
1316 4538 1476 4593 quem
1526 4524 1605 4576 sic
1665 4520 1782 4574 ideo
1831 4519 1971 4573 Deus
2001 4546 2048 4603 υ
2076 4515 2376 4569 Lcrnovicis
2401 4527 2706 4585 susceptus,
2734 4526 2894 4586 atque
2939 4522 3079 4588 aprrd
3118 4538 3213 4574 eos
3263 4523 3651 4581 familiaritatis

389 4622 663 4685 exaltavit,
697 4619 823 4688 quia
858 4618 969 4686 ipse
1008 4617 1061 4669 in
1117 4622 1407 4684 conspectu
1442 4612 1634 4666 divinae
1669 4609 1972 4679 majestalis

391 4713 624 4781 seipsum
654 4723 870 4777 semper
901 4706 1187 4760 hnmiliare
1216 4703 1439 4758 studuit.

392 4826 546 4879 Multi
581 4824 855 4879 sanctitate
884 4820 1106 4874 illustres
1153 4821 1340 4887 ﬂorent
1388 4815 1579 4868 Remis.
1612 4814 1795 4887 fngitis
1822 4812 1975 4883 digi-

460 4898 577 4950 dius
626 4894 905 4947 Remorum
953 4885 1239 4960 episcopus.
1279 4885 1608 4939 Fortunatus
1640 4885 1785 4937 illius
1831 4897 1975 4953 gesta

460 4977 619 5019 metro
647 4962 973 5029 conscripsit.

460 5081 545 5133 ll.
584 5078 791 5132 Eodem
842 5082 1021 5127 autem
1075 5082 1313 5139 tempore
1363 5068 1513 5122 urbis
1546 5067 1837 5123 Remorum
1882 5066 1974 5119 llo-

390 5184 541 5229 rente
566 5170 841 5232 concivio,
888 5168 959 5221 ita
1006 5176 1114 5221 tota
1162 5163 1461 5231 refulgebat
1484 5162 1676 5216 civitas
1702 5162 1971 5216 distinctis

389 5278 701 5323 sanctorum
725 5260 1019 5331 fulgoribus
1043 5259 1218 5313 adbrrc
1244 5256 1295 5309 in
1317 5270 1479 5310 carne
1501 5253 1828 5325 degentium,
1857 5264 1975 5307 tan-

461 5375 567 5443 (15)
597 5369 942 5443 Frodoarrlus
970 5369 1022 5423 in
1062 5366 1180 5443 libri
1217 5379 1254 5418 Il
1286 5362 1698 5443 Historiteneap.
1735 5361 1783 5423 l,
1808 5360 1971 5443 Be'nro

396 5429 624 5515 Re‘mig'io
652 5482 669 5504 ,
701 5438 894 5507 inquit,
927 5436 1235 5524 successi-ise
1268 5433 1503 5524 truditur
1528 5429 1798 5524 Roniagns
1819 5472 1834 5495 ,
1871 5429 1973 5524 fio:

2074 4606 2247 4676 gratia
2279 4622 2374 4674 per
2394 4606 2609 4675 aliquod
2637 4616 2843 4676 tempus
2867 4608 3187 4665 diversatus.

2078 4697 2138 4751 S.
2172 4697 2393 4751 Basolus
2454 4697 2628 4750 Remis
2674 4699 2738 4751 ab
2778 4698 2997 4768 ngirlio
3045 4714 3333 4755 reverenter
3374 4708 3655 4775 excipitur.

2151 4790 2235 4843 l3.
2271 4789 2511 4857 Denique
2540 4804 2661 4842 cum
2708 4790 3087 4844 devotissirnrrs
3126 4794 3325 4847 Christi
3373 4797 3552 4850 cultor
3595 4799 3654 4855 S.

2080 4882 2301 4936 Rasolus
2332 4880 2649 4935 Remenscrn
2679 4882 2866 4936 urbem
2913 4897 3010 4952 per
3055 4884 3147 4937 Dei
3197 4885 3655 4953 dispensationem

2082 4973 2272 5029 fuisset
2300 4973 2595 5042 ingressus,
2637 4974 2854 5041 cognito
2904 4975 3036 5027 tanti
3085 4976 3183 5029 viri
3236 4980 3507 5042 adventu,
3544 4978 3658 5049 jam

2077 5064 2183 5119 dici
2207 5077 2312 5118 non
2344 5068 2519 5130 potest
2557 5071 2759 5129 quanta
2800 5064 3083 5117 devotione
3124 5065 3339 5135 plurimi
3370 5066 3569 5121 civium
3613 5072 3665 5124 ei

2079 5162 2309 5210 currunt
2336 5151 2571 5206 obviam.
2605 5150 2718 5207 Nec
2746 5151 2916 5205 defuit
2944 5154 3086 5204 inter
3117 5167 3350 5209 creteros
3382 5154 3663 5211 civitatem

2083 5250 2326 5319 ingresso
2361 5244 2588 5298 dilectus
2633 5254 2825 5313 pastor
2874 5242 3127 5314 [Egidius
3157 5289 3170 5312 ,
3214 5244 3307 5315 qui
3357 5243 3673 5315 dignissimo

2083 5359 2157 5413 De
2183 5355 2378 5427 gEgirlii
2409 5354 2752 5427 depositione
2788 5371 2906 5423 quae
2933 5372 3072 5411 anno
3096 5359 3204 5416 590
3228 5360 3280 5413 in
3306 5356 3531 5427 concilio
3571 5359 3678 5413 Μυ-

2082 5432 2219 5524 terrsi
2258 5424 2454 5524 agent:
2493 5424 2848 5524 Chilrlebertp
2895 5441 3018 5495 rege
3076 5426 3678 5524 facta‘pst.,alpgrlaprlm

2463 5510 2593 5524 ιιιοΛη
