4482 5524
847 437 945 490 651

1959 437 1998 488 Λ
2012 433 2249 489 DSONIS
2291 434 2422 487 BER
2436 435 2670 487 VI'JNSIS
2708 436 2994 490 AlillATIS

3963 438 4076 495 1552

847 550 1348 618 sientcompetebat
1374 550 1576 605 homini
1605 591 1618 612 ,
1653 559 1898 604 sanctum
1945 551 2036 603 Dei
2086 551 2403 617 suscipiens,
2436 556 2479 611 Α
2513 560 2662 603 actus
2712 552 3054 605 militantium
3099 553 3240 605 beati
3293 552 3606 607 (Iolumbani
3656 554 3804 624 (l6),
3837 554 3977 610 sicut
4022 556 4073 607 in

844 643 1000 713 cujus
1028 642 1080 696 in
1117 643 1217 696 hoc
1244 656 1456 710 quoque
1481 650 1597 696 erat
1628 642 1887 704 Studium,
1931 650 1988 693 ut
2030 642 2308 710 religiosas
2347 656 2408 692 ac

845 732 955 787 Deo
978 741 1223 800 acceptas
1238 746 1492 801 personas
1508 732 1860 800 undecunque
1882 746 1990 785 suae
2011 732 2124 785 urbi
2149 732 2410 785 adscisce-

837 830 951 885 ret,
979 821 1189 875 lmtatur
1216 830 1269 876 et
1292 821 1502 891 gaudet.
1537 822 1677 890 quod
1707 822 1772 875 de
1811 821 2113 891 longinquis
2141 830 2407 874 terrarum

836 911 1040 966 finibus
1066 911 1203 965 hanc
1232 912 1332 964 sibi
1384 910 1632 979 perfecta:
1661 910 1875 965 virtutis
1920 909 2223 964 columnam
2270 910 2409 963 Deus

843 999 1239 1055 destinavisset.
1265 998 1462 1053 Christi
1488 1015 1616 1054 vero
1643 999 1811 1053 fidelis
1840 1013 2029 1054 servus
2075 1014 2138 1053 ac
2186 1000 2409 1054 devotus

841 1091 963 1160 quis
992 1100 1170 1161 potest
1194 1090 1432 1160 cogitare
1459 1098 1660 1158 quanto
1689 1089 1918 1143 interius
1950 1088 2258 1157 replebatnr
2280 1104 2411 1157 gau-

840 1180 951 1244 dio,
983 1195 1103 1235 cum
1135 1179 1391 1234 Dominus
1436 1180 1489 1233 in
1520 1188 1806 1248 conspectu
1840 1193 1937 1232 suo
1988 1179 2128 1231 viam
2173 1178 2409 1247 peregri-

840 1272 1075 1325 nationis
1102 1269 1220 1339 ejus
1246 1272 1545 1341 dirigeret?
1574 1269 1817 1325 Poslltmc
1865 1270 2043 1338 itaque
2088 1269 2407 1323 venerabilis

840 1361 1079 1432 pontifex
1108 1363 1345 1431 interrog
1368 1371 1422 1425 .t,
1447 1376 1546 1414 cur
1582 1375 1804 1414 summa:
1835 1359 2127 1411 nobilitatis
2169 1360 2251 1410 vir
2272 1358 2407 1410 nati-

837 1463 965 1504 vum
1029 1451 1201 1505 solum
1258 1449 1582 1517 reliquerat,
1643 1464 1741 1501 cur
1794 1458 1974 1501 tantus
2032 1449 2402 1515 peregrinandi

838 1544 999 1597 ardor
1027 1542 1125 1596 sibi
1176 1541 1630 1611 placuissetH‘ati
1674 1540 1813 1593 sicut
1847 1540 2050 1592 veritas
2095 1540 2402 1607 expetebat,

839 1634 1064 1689 dilectus
1098 1634 1189 1686 Dei
1227 1633 1459 1687 famulus
1489 1648 1643 1687 suum
1672 1632 2002 1701 propositum
2028 1646 2120 1699 per
2160 1631 2402 1684 ordinem

837 1723 1114 1785 indicavit,
1141 1723 1248 1777 Deo
1274 1738 1332 1778 se
1358 1725 1409 1777 in
1449 1732 1764 1793 paupertate
1806 1722 1936 1776 velle
1965 1724 2189 1785 servire,
2218 1738 2279 1775 ac
2310 1738 2404 1789 pro

837 1815 1151 1883 cognatione
1178 1815 1347 1882 patria
1378 1814 1537 1883 hujus
1567 1814 1713 1883 regni
1757 1813 2003 1867 exsilium
2044 1823 2231 1881 sponte
2258 1828 2403 1865 eom-

837 1913 1093 1968 mutasse,
1127 1920 1229 1957 non
1263 1904 1374 1972 jam
1434 1920 1528 1957 sua
1580 1913 1863 1972 repetere,
1916 1903 2007 1955 sed
2057 1903 2196 1956 sicut
2250 1902 2399 1957 multi
2443 1882 2482 1939 Β

833 2004 1142 2048 sanctorum
1166 1996 1331 2065 priori
1363 2010 1477 2049 aevo
1499 1994 1757 2058 fecerant,
1783 2010 2004 2063 peregre
2036 1995 2197 2046 vitam
2225 1994 2398 2046 linire.

831 2083 1057 2153 Cognito
1084 2099 1212 2153 ergo
1251 2084 1337 2152 pio
1388 2084 1684 2137 exsulantis
1717 2085 1813 2137 viri
1860 2085 2156 2147 desiderio,
2204 2082 2401 2152 prmsul

831 2170 1165 2225 clarissimus
1225 2172 1424 2241 ingenti
1494 2173 1773 2226 alacritate
1845 2174 2127 2241 repletus,
2194 2173 2401 2241 magnis

829 2261 1113 2328 prmconiis
1156 2261 1504 2314 benedicebat
1549 2262 1865 2323 Dominum,
1916 2262 2005 2331 qui
2047 2263 2096 2313 in
2150 2276 2206 2314 se
2236 2262 2397 2314 confi-

830 2348 1079 2402 dentibus
1111 2349 1397 2418 benignum
1438 2364 1649 2417 semper
1688 2349 1897 2402 ronfert
1942 2350 2219 2413 auxilium,
2257 2359 2311 2403 et
2333 2350 2398 2403 ad

830 2451 886 2490 se
912 2436 1249 2491 serviendum
1273 2438 1480 2491 animos
1510 2438 1733 2491 attrahit
1763 2437 2132 2506 plurimorum.

830 2545 903 2598 Ab
929 2546 1106 2599 eodem
1135 2546 1325 2600 obtinet
1350 2547 1520 2600 locum
1545 2566 1574 2600 a
1605 2547 1754 2601 turba
1785 2558 2057 2600 remotum.
2089 2545 2399 2600 Verziaceu-

1053 2616 1187 2669 siam
1219 2618 1589 2670 monachorum
1619 2619 1850 2669 societati
1873 2617 2201 2685 adjungitur.

899 2705 986 2760 M.
1024 2704 1151 2759 Post
1181 2706 1294 2759 [nec
1322 2707 1483 2774 igitur
1506 2708 1589 2759 vir
1614 2706 1821 2759 Domini
1870 2706 2093 2759 Basolus
2135 2721 2397 2760 memora-

829 2805 940 2848 tmn
976 2795 1270 2847 antistitem
1303 2795 1486 2863 petiit,
1533 2806 1591 2847 ut
1639 2796 1898 2847 secretius
1944 2794 1992 2847 ei
2042 2796 2400 2849 conversandi

826 2886 1001 2955 gratia
1026 2885 1342 2939 concederet
1368 2886 1753 2947 habitaculum,
1783 2886 2037 2955 quoniam
2084 2887 2253 2941 videri
2298 2904 2396 2942 no-

827 2976 970 3030 lebat
1021 2976 1071 3028 in
1114 2976 1366 3043 publico,
1405 2991 1525 3029 cum
1571 2976 1792 3029 haberet
1838 2978 2166 3046 propositum
2215 2977 2397 3031 turbas

828 3073 1000 3121 vitare
1026 3068 1338 3137 populorum
1364 3084 1378 3130 ;
1409 3068 1474 3120 ad
1502 3069 1601 3121 hoc
1630 3082 1687 3120 se
1713 3076 1943 3121 testatus
1980 3069 2294 3131 advenisse,
2340 3078 2397 3120 ut

826 3159 1026 3211 cultum
1088 3158 1282 3211 divina:
1337 3157 1647 3226 religionis,
1703 3172 1859 3224 quem
1904 3156 2037 3210 liber
2083 3157 2222 3211 inter
2270 3172 2395 3209 suos

828 3268 932 3303 non
962 3250 1063 3303 sibi
1104 3248 1293 3303 fuisset
1327 3249 1528 3302 licitum
1554 3249 1827 3317 expedire,
1872 3249 2010 3301 inter
2043 3248 2253 3315 ignotas
2286 3258 2395 3301 ter-

830 3357 917 3396 ras
980 3342 1242 3410 potuisset
1295 3338 1517 3394 forsiLan
1566 3339 1856 3407 perfectius
1908 3340 2219 3407 adimplere.
2271 3339 2397 3393 inde

827 3447 1040 3501 quoque
1075 3430 1395 3483 venerabilis
1427 3429 1619 3497 praesul
1655 3430 1825 3497 magis
1850 3430 2085 3497 gaudere
2111 3437 2165 3481 et
2195 3427 2395 3496 gloriﬁ-

827 3537 954 3573 rare
978 3521 1068 3573 Dei
1103 3519 1548 3581 misericordiam,
1574 3533 1694 3570 cum
1722 3519 1961 3571 audisset
1988 3527 2195 3570 tantum
2222 3518 2395 3570 virum

827 3626 883 3663 se
906 3625 1014 3679 prze
1039 3609 1289 3661 omnibus
1318 3607 1564 3676 elegisse,
1619 3615 1778 3675 atque
1822 3608 1963 3661 intra
2006 3607 2263 3676 episcopii
2314 3608 2395 3661 sui

828 3700 961 3753 fines
985 3700 1227 3753 habitare
1250 3698 1403 3751 velle.
1437 3697 1540 3750 Sed
1564 3712 1684 3749 cum
1713 3698 1890 3766 potius
1916 3706 2126 3767 optaret
2148 3713 2310 3765 penes
2340 3713 2396 3750 se

827 3806 946 3843 eum
982 3790 1336 3847 retinemlum,
1372 3787 1474 3841 nisi
1509 3788 1624 3841 viro
1661 3786 1752 3839 Dei
1796 3802 1823 3839 a
1857 3786 2038 3855 populi
2092 3786 2395 3855 frequentia

828 3881 1087 3936 remotius
1119 3878 1326 3932 vivendi
1361 3878 1584 3933 intentio
1616 3887 1781 3941 esset,
1810 3878 1855 3931 ei
1899 3879 2129 3946 spatium
2181 3879 2397 3947 perqui-

827 3972 976 4025 rendi
1004 3980 1053 4025 et
1082 3970 1352 4038 eptionem
1400 3968 1583 4021 libenti
1616 3970 1889 4022 CODCCSsil
1936 3972 2115 4022 animo
2143 4012 2156 4035 ,
2212 3982 2395 4038 aptum

825 4061 927 4113 sibi
962 4069 1014 4114 et
1039 4068 1430 4127 compelenlcm
1465 4060 1530 4112 ad
1562 4060 1911 4113 habitandum
1971 4060 2144 4113 locum
2194 4062 2245 4114 in
2284 4070 2397 4115 toto

829 4152 1076 4204 llemcnsi
1107 4150 1397 4204 territorio.
1447 4149 1683 4201 Tandem
1731 4149 1911 4217 itaque
1942 4149 2048 4203 Deo
2078 4150 2395 4217 providente

826 4244 1028 4311 reperit
1052 4243 1337 4310 quemdam
1366 4240 1537 4294 locum
1572 4242 1623 4293 in
1657 4242 1795 4305 vico,
1822 4241 1905 4294 cui
1939 4242 2194 4310 antiquus
2224 4241 2309 4294 ille
2340 4253 2394 4295 et

824 4334 1030 4401 primus
1063 4332 1311 4400 indigena
1334 4331 1601 4385 Viriziaco
1629 4330 1851 4402 [Ver-2y}
1884 4347 2074 4385 nomen
2120 4332 2392 4399 imposuit,

824 4423 985 4475 situm
1017 4420 1081 4473 ad
1131 4422 1337 4474 radices
1383 4421 1579 4474 tuontis
1626 4421 1933 4474 Remorum.
1977 4420 2127 4485 Quod
2179 4423 2394 4488 quidem

824 4527 1040 4563 suarum
1071 4511 1333 4565 densitate
1370 4510 1642 4563 fromlium
1688 4526 1878 4563 nemus
1922 4511 2207 4565 obumbrat
2239 4512 2393 4581 ltige-

826 4606 953 4657 tiutn
983 4606 1075 4673 (les
1108 4603 1215 4655 bois
1262 4604 1326 4655 de
1366 4602 1413 4655 la
1448 4601 1633 4670 Route)
1661 4643 1675 4665 ,
1726 4605 1849 4655 dum
1882 4602 2239 4655 iuchoationis
2282 4618 2391 4656 sure

822 4693 930 4749 illic
958 4692 1119 4746 sumit
1144 4692 1444 4745 exordium.
1486 4690 1581 4744 llic
1605 4691 1730 4744 olim
1774 4708 1800 4743 a
1848 4692 2035 4762 primis
2064 4694 2390 4761 temporibus

821 4785 1127 4840 cmnobium
1159 4784 1343 4837 habuit
1395 4785 1517 4837 viae
1565 4785 1857 4853 regularis,
1900 4785 1987 4837 hic
2034 4787 2391 4852 eompetentia

822 4878 1206 4933 monachorum
1235 4876 1535 4934 habitacula
1568 4878 1764 4946 prioris
1791 4878 1886 4930 aevi
1919 4893 2080 4945 sagax
2133 4879 2391 4931 industria

822 4968 1153 5038 procuravit.
1196 4967 1565 5021 lnhabitanlcs
1607 4966 1853 5020 monachi
1905 4966 2187 5035 collegium
2238 4984 2392 5021 suum

825 5061 966 5113 intra
1001 5058 1305 5112 duodenum
1347 5073 1631 5113 numerum
1677 5066 2062 5112 contraxerant
2136 5075 2313 5113 mores
2338 5072 2393 5116 et

825 5294 840 5309 ι
896 5218 1091 5310 ρεξχβῑ
1123 5228 1305 5310 nostra
1335 5218 1399 5310 de
1432 5226 1672 5310 temppre

1380 5232 1399 5299 ς
1432 5226 1672 5312 ιθιηβιςπο
1696 5216 1957 5297 adventus
2077 5213 2391 5316 Columbam

2429 3216 2470 3276 ε

2422 4556 2475 4616 D

2514 639 2829 707 antiquariis
2864 640 3181 707 reperimus,
3206 651 3330 695 tunc
3364 644 3621 712 temporis
3649 644 3892 697 instituta
3920 659 4072 713 rege-

2511 732 2678 795 bant;
2716 734 2872 787 unius
2916 732 3092 786 Patris
3139 734 3434 801 spiritualis
3464 735 3639 789 cuncti
3686 736 3945 803 parebant
3976 736 4075 789 im-

2511 823 2679 890 perio.
2705 823 2975 892 Agebatur
3001 824 3235 878 omlestis
3268 825 3455 878 militia
3485 826 3648 878 studii
3688 841 3751 879 ac
3801 827 4073 894 prreclaris

2510 912 2783 966 exercitiis
2834 913 3095 967 Dominici
3142 914 3423 982 disciplina
3475 915 3719 975 servitii,
3762 916 3849 969 ubi
3899 917 4075 970 nullus

2510 1003 2808 1056 communis
2852 1004 3047 1073 regulte
3105 1006 3520 1058 transcendebat
3581 1006 3906 1068 terminum,
3974 1008 4075 1062 nisi

2510 1089 2719 1144 abbatis
2750 1091 2955 1159 judicio
3009 1108 3172 1147 causa
3220 1094 3539 1147 obedientia:
3594 1094 3942 1147 constitutum
3986 1094 4074 1148 vel

2508 1180 2750 1247 corporis
2803 1180 3115 1234 infirmitate
3171 1196 3507 1235 concessum.
3566 1181 3678 1236 Huc
3731 1183 3893 1251 igitur
3952 1199 4074 1235 cum

2508 1269 2680 1336 gratia
2709 1276 2762 1320 et
2788 1270 3110 1323 auctoritate
3150 1270 3329 1323 dilecti
3371 1271 3613 1340 prmsulis
3649 1271 3845 1342 Egidii
3880 1288 4072 1342 perve-

2507 1358 2699 1422 niens,
2747 1369 3024 1427 comperto
3071 1375 3102 1412 a
3152 1358 3409 1414 fratribus
3442 1359 3555 1428 ejus
3596 1362 3898 1424 desiderio,
3952 1378 4075 1416 mox

2505 1447 2741 1501 omnium
2764 1449 3115 1501 unanimitate
3133 1464 3194 1501 ac
3211 1464 3433 1503 summa:
3449 1450 3750 1505 devotionis
3772 1451 4072 1515 alacritate,

2506 1535 2559 1588 in
2584 1536 2892 1589 societatem
2917 1536 3272 1590 fraternitatis
3297 1539 3588 1606 suscipitur
3614 1555 3627 1601 ;
3660 1549 3819 1606 atque
3847 1555 3942 1608 pro
3964 1554 4076 1593 suae

2507 1624 2781 1692 religtouis
2806 1626 3000 1681 merito
3044 1626 3111 1679 ab
3143 1627 3405 1681 universis
3436 1637 3749 1681 reverenter
3770 1638 3985 1682 amatur
4018 1638 4076 1683 et

2505 1712 2719 1767 colitur.

2948 1804 3123 1859 Sacris
3150 1806 3333 1859 litteris
3364 1807 3631 1858 imbuitur.

2584 1893 2671 1947 15.
2712 1892 3001 1962 Susceptus
3027 1895 3203 1963 itaque
3232 1910 3261 1947 a
3290 1895 3541 1949 fratribus
3583 1896 3724 1948 intra
3764 1903 3913 1963 septa
3960 1909 4073 1951 mo-

2507 1984 2727 2037 nasterii
2754 1984 2811 2036 l3.
2842 1982 3064 2038 Basolus
3107 1985 3506 2054 congregationi
3554 1985 3941 2039 monachorum
3969 1986 4071 2038 ad-

2505 2074 2716 2137 dictus,
2773 2076 2983 2128 cuidam
3052 2076 3315 2128 monaeho
3377 2074 3681 2127 Komarcho
3740 2074 3995 2137 nomine,
4042 2090 4073 2127 a

2506 2164 2753 2217 Diomero
2811 2165 3047 2233 ejusdem
3112 2164 3212 2218 loci
3268 2165 3554 2218 venerabili
3613 2164 3845 2227 abbate,
3905 2164 4073 2218 sacris

2504 2254 2697 2307 litteris
2724 2258 2949 2309 traditur
2996 2256 3331 2309 imbuendus.
3372 2256 3472 2321 Qui
3524 2266 3725 2309 sancta:
3774 2256 4073 2324 disciplina:

2502 2345 2674 2398 studia
2702 2346 2992 2414 ingressus,
3030 2346 3207 2399 divina
3234 2362 3291 2399 se
3331 2346 3690 2415 perlustrante
3733 2348 3902 2415 gratia
3929 2387 3942 2409 ,
3986 2347 4074 2401 die

2503 2445 2769 2503 noctuque
2800 2437 2850 2489 in
2875 2436 2988 2506 lege
3030 2436 3237 2490 Domini
3280 2438 3584 2490 meditando
3619 2438 3667 2490 in
3710 2454 3775 2490 eo
3815 2438 4071 2491 doctrinae

2501 2528 2847 2598 perfectionis
2878 2530 2928 2582 in
2970 2529 3117 2581 brevi
3166 2528 3378 2581 culmen
3413 2528 3653 2581 emicuit.
3705 2527 3814 2581 Nec
3854 2528 4068 2589 mirum,

2502 2638 2622 2677 cum
2673 2637 2769 2690 per
2822 2621 2992 2675 sancti
3033 2619 3264 2688 Spiritus
3315 2619 3684 2685 magisterium
3732 2618 3983 2682 edoctus,
4016 2617 4075 2671 id

2501 2712 2615 2779 ejus
2643 2720 3061 2780 consequeretur
3086 2710 3279 2779 gratia,
3309 2723 3404 2776 pro
3436 2708 3589 2777 cujus
3626 2722 3808 2761 amore
3838 2722 3896 2761 se
3924 2715 4073 2760 tanta

2503 2801 2750 2855 libertate
2794 2801 3098 2868 privaverat
3149 2797 3493 2865 cognatione,
3522 2806 3762 2863 paterna.

2514 2912 2769 2965 Virtutum
2795 2911 2906 2977 ejus
2930 2909 3219 2975 catalogus.
3256 2907 3509 2960 Pietatem
3545 2924 3654 2975 pra:
3682 2907 3877 2960 caeteris
3901 2905 4067 2960 virtu-

2796 2982 2930 3032 tibus
2960 2979 3115 3031 coluit
3148 2980 3370 3030 maxime
3407 2994 3525 3045 erga
3548 2978 3781 3046 aﬂlicros.

2571 3072 2654 3125 l6.
2685 3070 2800 3123 Jam
2832 3085 2957 3123 vero
2986 3078 3198 3137 quantae
3231 3067 3551 3121 humilitatis
3572 3107 3586 3129 ,
3636 3075 3850 3134 quanta:
3904 3066 4072 3120 fuerit

2502 3164 2789 3232 patientite,
2823 3172 3035 3232 quanta:
3068 3161 3324 3221 lenitatis,
3350 3168 3568 3229 quantm
3613 3158 4065 3218 mansuetudinis.

2502 3262 2713 3322 quantae
2762 3252 3155 3314 benivolentire,
3210 3251 3332 3319 quis
3376 3250 3533 3317 digne
3579 3250 3775 3317 poterit
3818 3263 4071 3302 sermone

2501 3344 2887 3413 perstringere?
2909 3343 3086 3396 Solers
3113 3344 3163 3395 in
3183 3342 3427 3402 lectione,
3449 3341 3719 3394 studiosus
3737 3342 3786 3391 in
3810 3347 4072 3391 retracta-

2502 3436 2663 3495 tione,
2697 3436 2920 3487 devotus
2947 3434 2996 3485 in
3025 3434 3289 3493 oratione,
3312 3440 3662 3498 compunctus
3691 3431 3739 3483 in
3791 3429 4075 3499 lacrymis,

2500 3527 2733 3578 intentus
2757 3524 3081 3592 psalmorum
3107 3522 3359 3581 oraculis,
3395 3536 3556 3572 verax
3587 3522 3635 3572 in
3670 3519 3844 3573 verbis
3872 3560 3886 3582 ,
3934 3520 4074 3572 assi—

2499 3615 2635 3667 duus
2680 3615 2731 3667 in
2758 3614 2951 3666 divinis
2993 3613 3171 3666 rebus.
3227 3612 3581 3671 Abstinentiae
3631 3612 3806 3679 rigore
3848 3624 4067 3664 carnem

2499 3719 2820 3765 maceratis,
2866 3712 3124 3756 statutum
3183 3702 3283 3755 sibi
3332 3701 3565 3770 generali
3626 3699 3805 3769 regula
3865 3700 4073 3753 victum

2498 3793 2787 3846 minuendo
2824 3792 3170 3854 subtrahens,
3203 3802 3261 3845 ut
3309 3792 3428 3861 plus
3469 3800 3611 3845 esset
3656 3791 3796 3859 quod
3844 3790 4068 3858 pauperi

2498 3894 2675 3951 posset
2729 3883 2977 3951 erogari,
3034 3898 3193 3951 quam
3249 3884 3490 3951 corporis
3530 3882 3714 3935 usibus
3761 3882 4022 3949 indulgeri
4054 3922 4074 3945 ,

2497 3972 2674 4039 potius
2691 3971 3000 4025 desiderans
3017 3972 3209 4023 anima:
3231 3987 3440 4040 seraper
3461 3972 3635 4023 cibum
3656 3986 3893 4035 qmcrere
3907 3978 4069 4039 quain

2499 4065 2691 4117 timens
2722 4079 2817 4131 per
2848 4065 3001 4116 famis
3030 4064 3259 4131 inopiam
3310 4078 3504 4131 corpus
3534 4062 3775 4129 deperire
3795 4102 3808 4120 .
3855 4072 4073 4115 sentcn-

2498 4155 2624 4206 tia'm
2658 4140 2925 4221 Evangelii
2959 4168 3171 4218 semper
3197 4153 3398 4206 habens
3427 4168 3535 4220 pne
3562 4152 3756 4212 oculis,
3781 4166 3877 4218 per
3898 4167 4060 4219 quam

2496 4245 2700 4298 sciebat
2738 4258 2768 4296 a
2817 4244 3037 4296 Domino
3067 4244 3487 4311 repromissum:
3528 4242 3674 4294 Beati
3698 4244 3787 4311 qui
3828 4243 4067 4294 esuriant

2496 4344 2541 4387 et
2602 4335 2781 4386 sitiunt
2856 4333 3161 4401 justitiam,
3222 4334 3471 4401 quoniam
3534 4334 3634 4400 ipsi
3691 4333 4072 4385 saturabuntur

2498 4421 2711 4493 (Matth.
2744 4438 2795 4485 v,
2846 4422 2919 4491 6).
2959 4422 3035 4473 Ad
3072 4420 3425 4474 obediendum
3470 4436 3597 4474 vero
3640 4435 3853 4489 semper
3883 4421 4068 4473 senio-

2502 4530 2619 4568 rum
2656 4514 2887 4568 decretis
2914 4514 2983 4566 ita
3027 4514 3077 4565 in
3114 4514 3363 4566 omnibus
3411 4513 3843 4581 promptissimus
3887 4521 3941 4565 et
3974 4527 4072 4581 pa-

2501 4613 2669 4666 ratus,
2704 4613 2759 4655 ut
2787 4603 2946 4655 etiam
2974 4602 3022 4653 in
3050 4600 3271 4667 abjectis
3293 4609 3344 4653 et
3366 4600 3641 4655 vilissimis
3665 4600 3824 4654 rebus
3853 4613 4071 4653 summo

2502 4692 2695 4761 gaudio
2723 4698 3033 4744 excurrerct
3064 4688 3359 4756 cvplendis.
3392 4688 3444 4741 In
3473 4690 3616 4743 omni
3646 4705 3771 4743 vero
3801 4689 3911 4742 vita
3944 4703 4065 4751 sua,

2501 4786 2551 4839 in
2583 4793 2691 4837 toto
2720 4797 2815 4836 suo
2844 4781 2931 4833 illo
2963 4779 3219 4848 primario
3246 4779 3513 4841 tirocinio,
3544 4779 3674 4832 nihil
3704 4779 3823 4848 plus
3851 4778 4062 4841 dilexit,

2500 4878 2620 4948 plus
2656 4873 2875 4935 amavit,
2901 4871 3017 4940 plus
3048 4880 3263 4923 secutus
3293 4877 3376 4923 est
3412 4883 3572 4937 quam
3618 4869 3833 4937 pietatis
3865 4869 4068 4923 habere

2501 4968 2771 5023 virtutem,
2805 4963 2857 5017 in
2884 4976 2987 5030 qua
3016 4960 3148 5013 adeo
3174 4958 3397 5021 studuit,
3444 4958 3576 5011 adeo
3618 4968 3869 5026 cperatus
3895 4966 3978 5012 est
4008 4966 4070 5010 ut

2500 5070 2622 5112 cum
2670 5053 2789 5106 aliis
2837 5050 3018 5105 multis
3058 5048 3335 5109 floruerit,
3392 5048 3529 5101 hanc
3580 5056 3758 5101 tamen
3811 5058 4065 5117 tanquam

2499 5209 2851 5267 Luxoviensis
2877 5206 3210 5268 monasterii,
3238 5220 3301 5260 ex
3338 5222 3441 5275 quo
3492 5204 3805 5274 religionem
3832 5219 3865 5275 Aa
3898 5218 3957 5258 se
3983 5203 4065 5255 iu-

2500 5285 2713 5316 .luntnm
2765 5277 3074 5316 nrnnnnnvil
3153 5278 3211 5316 ΔΙ
3264 5273 3441 5316 ratust/tl
3482 5273 3680 5316 snnrilne
3728 5284 3781 5316 Ill
3831 5273 4067 5316 Ιηηηίιιιι·
