4482 5524
398 384 503 439 553

1670 382 1757 436 DF.
1799 379 1949 433 VITA
1992 377 2047 428 S.
2087 372 2346 427 BASOLI.

3545 375 3649 432 εει

399 508 637 546 omnium
670 491 927 547 bonarum
958 495 1214 548 virtutum
1244 511 1461 550 suarum
1504 496 1761 563 optimum
1802 492 1958 544 falsa-
1990 496 2035 551 Α
2065 497 2146 541 tus
2193 487 2434 550 sudores,
2481 498 2710 556 quantos
2749 489 2976 546 subierit
3021 504 3115 557 pro
3161 490 3375 544 Christo
3419 490 3649 554 labores,

402 590 640 638 mentum
674 581 725 634 in
752 586 962 638 cunctis
1004 586 1103 637 sibi
1131 586 1394 639 adhibuit.
1424 586 1521 651 Qui
1558 587 1625 639 ab
1660 585 1749 638 illo
1796 584 1965 652 pieta-

404 681 512 725 tum
542 669 686 723 fonte
713 672 973 740 primario
994 675 1145 743 plene
1168 675 1471 737 decoratus,
1521 676 1593 728 nil
1640 675 1784 727 aliud
1835 672 1967 726 foris

399 763 685 817 ostendere
711 767 913 831 potuit,
946 784 1107 835 quam
1146 768 1285 836 quod
1331 768 1474 820 intus
1504 767 1701 819 donum
1749 765 1967 833 pietatis

403 854 613 911 infudit.
676 854 799 909 Fuit
854 872 1084 925 namque
1141 859 1337 925 ubique
1399 856 1710 924 piissimus,
1764 855 1968 923 ubique

401 946 699 1001 clementia:
752 946 996 999 ubertate
1054 942 1341 1013 profusus;
1387 944 1506 1013 pius
1554 944 1606 997 in
1656 943 1968 1010 opulentia,

404 1036 593 1103 piusin
627 1035 877 1090 mediocri
902 1034 1200 1087 substantia
1230 1050 1243 1097 ;
1279 1035 1396 1102 pius
1415 1034 1560 1087 circa
1583 1032 1827 1095 ditiores,
1853 1031 1973 1101 pius

405 1125 752 1178 nihilominus
774 1125 917 1178 circa
938 1124 1301 1192 pauperiores.
1327 1124 1390 1176 Et
1413 1125 1456 1177 si
1481 1132 1784 1178 coarctatos
1810 1131 1972 1191 atque

400 1227 644 1269 extrema
692 1216 1015 1270 necessitate
1083 1230 1363 1283 possessus
1426 1232 1583 1269 manu
1657 1215 1973 1269 sublevaute

406 1303 727 1358 instantibus
780 1320 883 1357 non
943 1312 1120 1371 posset
1160 1304 1423 1371 angustiis
1459 1319 1668 1365 eruere,
1728 1305 1977 1373 precibus

407 1392 686 1445 insistebat
722 1407 830 1461 quo
877 1406 1109 1459 superna
1157 1378 1394 1459 potentis
1444 1392 1687 1446 levamen
1739 1391 1973 1445 afferret.

409 1480 559 1533 Unde
585 1495 752 1548 usque
780 1479 938 1532 hodie
976 1479 1201 1547 quilibet
1231 1489 1322 1533 aut
1354 1497 1532 1534 rerum
1571 1481 1755 1550 pulsus
1778 1482 1979 1534 incom—

407 1568 597 1631 modis,
632 1579 723 1620 aut
746 1567 973 1636 alicujus
1006 1567 1370 1623 malefactoris
1396 1570 1707 1639 fatigatione
1751 1571 1981 1623 constri-

404 1668 542 1717 ctus,
571 1670 663 1710 aut
705 1659 892 1712 morbo
920 1670 1142 1726 urgente
1190 1670 1413 1713 vexatus
1438 1700 1451 1722 ,
1485 1662 1527 1713 si
1579 1661 1733 1728 plena
1784 1659 1886 1713 fide
1917 1662 1982 1712 ad

405 1750 578 1801 Sancti
610 1747 767 1814 hujus
789 1749 1082 1802 accesserit
1110 1748 1393 1812 tunmlum,
1423 1750 1546 1817 quia
1575 1750 1723 1817 pium
1745 1750 1977 1817 quasie-

2067 586 2360 645 quantasve
2401 578 2753 647 spiritualium
2829 581 3177 635 certaminum
3241 582 3341 637 sibi
3396 583 3655 638 indixerit

2069 668 2364 736 passiones,
2399 668 2512 721 solo
2558 678 2691 723 teste
2730 671 2886 732 cmlo,
2921 671 3034 725 solo
3078 673 3360 727 decertans
3414 675 3652 729 cwlestis

2069 756 2272 809 Arbitri
2308 768 2499 811 cuncta
2554 771 2868 828 penetrante
2925 773 3135 814 secreto
3190 773 3349 831 atque
3401 765 3654 821 invisibili

2064 842 2290 911 judicio,
2318 848 2440 916 quia
2472 863 2574 901 non
2612 851 2753 904 valet
2782 860 2968 903 nostro
3016 867 3262 905 sermone
3311 853 3529 917 revolvi,
3558 855 3651 909 de-

2074 938 2398 991 cernendum
2433 939 2781 1008 relinquimus
2832 939 3062 994 fidelium
3112 943 3477 1006 :estimationi,
3526 944 3655 1013 quia

2074 1031 2241 1083 sancti
2273 1046 2375 1082 non
2421 1030 2674 1083 minuitur
2703 1030 2888 1099 gloria,
2937 1032 3023 1083 ubi
3064 1042 3257 1085 nostra:
3292 1033 3469 1086 delicit
3504 1034 3656 1102 c0pia

2074 1119 2287 1188 lingme.
2315 1119 2517 1188 Vigiliis
2550 1120 2799 1173 nimirum
2830 1130 2880 1174 et
2902 1122 3235 1175 orationibus
3256 1120 3453 1188 jugiter
3481 1123 3648 1176 inten-

2079 1218 2185 1270 tus,
2239 1218 2331 1261 aut
2381 1208 2587 1277 legebat
2639 1224 2869 1277 semper,
2914 1219 3006 1263 aut
3045 1210 3127 1263 vir
3172 1220 3391 1265 sanctus
3445 1212 3655 1265 orabat.

2079 1295 2292 1349 Nullum
2331 1305 2540 1365 tempus
2577 1312 2605 1349 a
2648 1298 2995 1368 meditatione
3027 1299 3156 1368 legis
3199 1300 3288 1353 Dei
3316 1302 3656 1368 praeteriens.

2081 1386 2223 1441 nullo
2264 1397 2534 1440 momento
2580 1402 2607 1439 a
2667 1366 2855 1442 salutis
2886 1389 3139 1456 operibus
3190 1404 3432 1451 cessans,
3468 1390 3659 1444 lassata

2080 1477 2349 1531 continuis
2373 1476 2747 1530 alllietionibus
2774 1477 3009 1530 membra
3060 1479 3108 1529 in
3153 1481 3463 1533 servitutem
3498 1481 3655 1549 spiri-

2084 1580 2168 1623 tus
2200 1570 2497 1637 redigebat,
2551 1584 2771 1623 carnem
2824 1571 3056 1639 spiritui,
3104 1572 3346 1640 spiritum
3399 1574 3661 1627 curvabat

2086 1661 2379 1724 Salvatori,
2410 1670 2552 1715 totus
2581 1661 2632 1714 in
2663 1660 2916 1723 lectione,
2959 1672 3100 1716 totus
3129 1664 3178 1715 in
3208 1664 3452 1718 oratione
3481 1682 3493 1727 ;
3520 1680 3663 1718 sem-

2088 1764 2182 1819 per
2204 1750 2254 1803 in
2278 1748 2393 1816 ejus
2416 1765 2509 1803 ore
2525 1748 2795 1813 Christus,
2818 1766 3030 1819 semper
3053 1752 3103 1804 in
3122 1750 3237 1818 ejus
3251 1754 3411 1807 corde
3430 1753 3664 1823 Spiritus

408 1838 497 1901 rit,
536 1838 781 1908 largitate
806 1838 1025 1906 pietatis
1056 1838 1442 1907 indulgentiam
1476 1839 1627 1892 hctus
1659 1839 1975 1908 reportabit.
2012 1836 2061 1896 Β
2084 1849 2336 1903 sanctus;
2387 1854 2602 1908 semper
2632 1839 2698 1893 ab
2726 1838 2839 1906 ejus
2868 1849 3083 1908 pectore
3113 1851 3325 1894 :ctcrnze
3370 1844 3491 1895 vit:c
3541 1859 3655 1896 mo-

405 1924 562 1994 Smpe
606 1941 816 1995 quoque
859 1935 913 1979 et
950 1941 1046 1979 nos
1095 1925 1276 1979 turbas
1324 1927 1608 1995 populares
1654 1928 1721 1981 ad
1767 1942 1979 1981 sacrum

404 2031 603 2083 corpus
632 2017 768 2085 ejus,
807 2025 995 2069 coacto
1022 2031 1184 2085 grege
1212 2018 1420 2069 venisse
1449 2018 1777 2085 aspeximus,
1793 2026 1980 2070 contra

409 2105 748 2157 adversarios
776 2120 900 2157 suos
951 2114 1073 2158 voto
1100 2120 1163 2158 ac
1204 2104 1459 2174 lacrymis
1502 2106 1826 2172 adjutorium
1878 2106 1980 2159 iiii-

402 2193 685 2260 plorasse;
736 2209 962 2261 quorum
1005 2195 1253 2263 precibus
1299 2205 1519 2249 sanctus
1571 2195 1663 2248 Dei
1706 2195 1985 2250 confessor

400 2284 605 2349 pietate
632 2292 903 2350 permotus
929 2283 1227 2337 semineces
1252 2285 1445 2347 erexit,
1474 2284 1683 2337 miseris
1725 2285 1983 2347 occurrit,

409 2384 632 2427 vexatos
660 2372 923 2437 absolvit,
976 2374 1153 2427 hostes
1185 2373 1417 2439 ahjecit,
1472 2374 1650 2427 tristes
1697 2374 1749 2426 in
1792 2374 1986 2442 gaudia

406 2464 804 2525 commutavit,
830 2472 885 2516 et
924 2462 1229 2517 dolentibus
1279 2463 1458 2517 fe|.cia
1508 2464 1791 2532 provenire
1840 2463 1983 2517 fecit.

411 2552 547 2605 l-line
579 2552 741 2620 igitur
770 2551 926 2605 facile
961 2566 1221 2621 cognosce
1251 2552 1376 2620 quia
1426 2554 1731 2621 quicunque
1769 2552 1835 2605 ad
1861 2565 1984 2603 eum

406 2656 532 2694 cum
563 2642 759 2709 pietate
790 2642 1054 2705 accessit,
1093 2656 1123 2693 a
1157 2658 1377 2695 munere
1405 2642 1617 2711 pietatis
1647 2656 1848 2695 vacuus
1879 2658 1983 2695 non

414 2738 670 2797 recessit,
704 2736 826 2802 quia
868 2736 1009 2804 quod
1057 2735 1137 2787 vir
1180 2734 1285 2787 iste
1319 2735 1507 2787 beatus
1532 2735 1733 2803 accepit
1765 2774 1779 2795 ,
1819 2734 1986 2802 gratis

414 2829 589 2891 dedit;
623 2828 762 2896 «peud
791 2828 1056 2895 possedit,
1085 2827 1313 2881 libenter
1338 2828 1553 2891 tribuit;
1582 2826 1722 2895 quod
1753 2825 1988 2879 obtineri

410 2917 614 2979 decuit,
641 2930 914 2982 nunquam
946 2917 1177 2984 negavit.

732 3003 812 3056 Ad
834 3004 1198 3073 perfectionem
1217 3006 1415 3075 jug'ler
1449 3008 1670 3076 nspirat.

484 3096 572 3148 17.
604 3093 703 3149 Hic
728 3095 990 3165 siquidem
1010 3096 1167 3166 longo
1192 3096 1333 3151 inter
1362 3097 1555 3153 fratres
1584 3098 1637 3152 in
1662 3098 1989 3153 monasterio

2082 1928 2191 1981 nita
2223 1929 2603 1995 procedebant.

2084 2034 2343 2104 Populum
2374 2037 2521 2089 verbo
2550 2046 2595 2089 et
2623 2036 2855 2104 exemplo
2908 2038 2976 2090 ad
3018 2038 3247 2091 melioris
3297 2039 3417 2092 vita'
3442 2041 3653 2094 institu-

2649 2116 2814 2158 tutum
2841 2110 3104 2160 hortatur.

2156 2193 2239 2246 l9.
2268 2192 2400 2247 Cum
2430 2201 2605 2245 autem
2632 2192 2747 2259 ejus
2778 2194 2958 2263 Opinio
2978 2194 3233 2262 cuspisset
3263 2196 3340 2249 ire
3367 2211 3461 2265 per
3486 2212 3657 2266 pepu-

2086 2283 2182 2343 los,
2214 2283 2337 2352 quia
2371 2284 2609 2351 profecto
2650 2284 2780 2337 tanti
2830 2285 2929 2337 viri
2964 2286 3208 2355 religiosa
3248 2287 3352 2340 vita
3402 2288 3660 2342 occultari

2084 2372 2175 2425 diu
2211 2386 2314 2425 non
2347 2380 2576 2439 poterat,
2610 2383 2889 2443 cmperunt
2930 2375 2995 2427 ad
3034 2391 3157 2429 eum
3187 2378 3507 2445 populorum
3539 2396 3667 2435 con-

2087 2462 2251 2516 tinere
2283 2465 2669 2531 multitudines,
2716 2468 2905 2523 salutis
2936 2471 3135 2525 etvita:
3177 2472 3431 2526 auxilium
3457 2474 3525 2528 ab
3554 2475 3668 2544 ipso

2087 2569 2416 2629 expetentes.
2461 2561 2559 2628 Qui
2611 2564 2953 2617 beatissimus
2992 2565 3083 2620 Dei
3131 2581 3318 2620 servus
3358 2584 3455 2637 per
3496 2571 3667 2623 sancti

2089 2648 2322 2718 Spiritus
2344 2651 2568 2720 gratiam
2596 2652 2867 2719 sapienter
2893 2656 3136 2718 edoctus,
3163 2657 3488 2711 venientium
3518 2661 3584 2711 ad
3607 2674 3667 2713 se

2088 2738 2417 2807 frequentias
2441 2740 2715 2793 hominum
2743 2741 2977 2811 elfugere
3009 2761 3111 2798 non
3144 2746 3358 2810 valens,
3405 2762 3499 2801 eas
3539 2764 3667 2803 san-

2082 2837 2298 2882 ctarum
2338 2830 2773 2898 praedicationum
2824 2834 2990 2889 radiis
3047 2835 3379 2900 illnstrabat,
3434 2839 3663 2908 eloquiis

2092 2918 2299 2973 Domini
2334 2919 2719 2986 inﬂammabat,
2774 2933 2935 2993 atque
2980 2927 3045 2977 ad
3079 2940 3317 2979 amorem
3365 2929 3667 2985 cu'lestium

2091 3026 2225 3079 quos
2250 3012 2406 3065 dictis
2434 3014 2784 3080 provocabat,
2837 3016 3098 3083 exemplis
3146 3015 3488 3073 informahat.
3521 3019 3667 3075 Gau-

2093 3102 2255 3155 debat
2276 3100 2509 3169 populus
2538 3102 2820 3156 universus
2849 3115 2913 3156 ao
2946 3105 3245 3159 doctrinam
3278 3106 3465 3177 ipsius,
3501 3110 3669 3165 bene-

410 3201 656 3259 tempore
710 3190 938 3253 vivens,
992 3204 1055 3241 ac
1118 3190 1217 3242 sub
1273 3189 1583 3243 monastiea:
1641 3190 1993 3244 institutionis
2019 3178 2066 3240 (ἶ
2095 3191 2320 3244 dicendo
2378 3190 2532 3244 simul
2578 3199 2633 3245 et
2676 3192 2947 3246 laudando
2996 3194 3299 3259 Dominum,
3347 3196 3436 3264 qui
3468 3196 3567 3251 sibi
3604 3200 3669 3251 ad

413 3279 691 3348 disciplina
720 3294 839 3332 cum
871 3278 1079 3331 cmteris
1104 3278 1211 3330 Deo
1237 3277 1492 3341 militans,
1528 3278 1601 3331 ita
1630 3293 1687 3332 se
1718 3278 1976 3347 spiritua-

415 3370 553 3423 libus
580 3368 815 3423 subdidit
844 3366 1123 3429 institutis,
1169 3376 1229 3419 ut
1272 3367 1508 3419 moribus
1542 3366 1822 3420 consocius
1866 3381 1992 3421 suos

405 3460 779 3517 antecederet.
804 3467 964 3525 atque
991 3456 1288 3525 prudentia:
1310 3456 1502 3510 decore
1530 3456 1672 3509 inter
1702 3455 1835 3509 alios
1879 3456 1992 3523 ipse

414 3551 794 3618 resplenderet.
831 3548 1040 3601 Etcum
1072 3550 1137 3601 de
1179 3549 1375 3600 virtute
1416 3547 1468 3599 in
1519 3548 1777 3601 virtutem
1819 3546 1991 3601 ﬁdelis

418 3645 626 3699 Domini
657 3643 809 3697 miles
837 3642 1139 3696 sublimiter
1186 3640 1541 3704 excrevisset,
1582 3639 1992 3709 perfectissimis

413 3733 529 3802 ipse
547 3732 719 3801 ,ctepit
751 3731 933 3785 haberi
964 3728 1249 3798 perfectior
1275 3744 1288 3791 ;
1317 3737 1371 3782 et
1397 3743 1517 3782 cum
1565 3736 1781 3782 caveret
1831 3742 1896 3781 ne
1925 3727 1991 3782 de

407 3820 643 3873 fervoris
670 3830 833 3888 atque
860 3819 1176 3873 constantiae
1207 3833 1315 3871 sua:
1342 3818 1537 3885 gratia,
1576 3816 1754 3869 divina
1787 3815 1838 3868 in
1882 3822 1991 3868 sta-

419 3918 530 3964 tera
565 3909 787 3977 justitice
816 3908 1151 3962 examinatio
1181 3908 1357 3961 minus
1402 3906 1604 3974 aliquid
1648 3904 1941 3958 invenisset
1974 3920 1987 3968 ;

416 4015 512 4069 per
524 4001 833 4069 quotidiana
852 4000 1183 4053 incrementa
1198 4014 1408 4066 semper
1424 3997 1676 4051 tendebat
1691 3998 1758 4050 ad
1775 3996 1989 4058 altiora,

417 4107 629 4160 semper
652 4093 703 4145 in
733 4092 1023 4146 sanctitate
1048 4088 1345 4144 ferventior
1376 4105 1438 4144 ac
1472 4091 1648 4156 seipso
1685 4088 1986 4143 sublimior.

417 4183 551 4237 Nam
590 4198 710 4236 cum
740 4184 987 4235 diuturna
1018 4181 1416 4234 examinatione
1467 4181 1518 4232 in
1575 4180 1990 4249 congregatione

419 4274 643 4326 fratrum
659 4272 971 4327 communis
998 4271 1256 4324 exercitio
1281 4284 1469 4339 pugna:
1498 4268 1632 4324 bene
1653 4268 1908 4338 probatus
1936 4276 1990 4321 et

410 4366 652 4434 undique
705 4364 941 4433 perfecte
998 4364 1185 4417 fuisset
1238 4363 1524 4424 elimatus,
1589 4372 1648 4416 ut
1695 4364 1988 4417 secundum

421 4456 753 4524 Scripturam
784 4454 981 4523 jnstior
1003 4464 1167 4514 esset.
1189 4462 1243 4506 et
1270 4452 1440 4520 magis
1464 4454 1636 4506 adhuc
1662 4453 1990 4507 sanctilicari

2092 3281 2319 3333 salutem
2348 3280 2634 3334 multorum
2684 3281 2737 3335 in
2770 3282 2903 3337 [lues
2952 3298 3077 3338 suos
3123 3283 3556 3340 liberalissimum
3587 3288 3668 3343 di—

2094 3379 2304 3423 rexerat
2336 3378 2641 3438 patronum.

2260 3454 2476 3511 Famem
2497 3459 2549 3511 in
2579 3460 2765 3512 montis
2796 3460 2979 3514 vertice
3001 3460 3198 3515 caelitus
3228 3464 3490 3531 impetrat.

2159 3547 2248 3601 20.
2284 3550 2395 3603 Non
2456 3565 2584 3604 vero
2621 3560 2703 3605 est
2761 3552 2867 3606 ullo
2920 3554 3078 3606 modo
3127 3553 3496 3619 dubitandum,
3524 3556 3669 3626 quod

2091 3637 2149 3691 Β.
2182 3637 2403 3691 Basolns
2426 3639 2513 3708 qui
2542 3648 2809 3695 tantorum
2840 3641 3099 3695 bonorum
3126 3644 3274 3712 prius
3299 3646 3508 3700 radices
3539 3646 3671 3702 fise-

2095 3736 2192 3787 rat,
2228 3736 2387 3795 atque
2409 3727 2612 3781 intimis
2638 3728 2926 3783 virtutibus
2956 3730 3048 3783 Dei
3077 3730 3174 3784 soli
3216 3731 3427 3801 sibique
3474 3735 3662 3804 Cogni-

2095 3814 2380 3870 tusfuerat
2425 3832 2520 3885 per
2576 3818 2851 3887 signorum
2902 3834 3080 3873 ramos
3137 3821 3375 3875 exterius
3421 3822 3666 3889 dill‘usus,

2093 3921 2197 3959 non
2229 3905 2391 3958 etiam
2426 3905 2732 3960 hominibus
2756 3906 3156 3961 demonstratus
3184 3909 3463 3979 in-igniter
3496 3912 3666 3966 mira—

2092 3995 2225 4049 culis
2253 4006 2582 4050 coruscaret.
2614 3994 2714 4062 Qui
2738 3998 2864 4051 dum
2889 3997 2941 4051 in
2967 3999 3223 4067 pricdicto
3242 4000 3362 4055 loco
3386 4002 3446 4055 in
3470 4013 3669 4058 sanctze

2092 4085 2515 4140 conversationis
2560 4085 2769 4140 culmen
2819 4087 3059 4142 eminere
3123 4089 3414 4158 coepisset,
3472 4092 3672 4160 placuit

2091 4175 2385 4229 clementia:
2406 4175 2703 4230 divinitatis
2727 4177 3259 4247 ostendere,qnant:e
3284 4181 3421 4249 apud
3448 4196 3505 4235 se
3525 4191 3671 4236 esset

2092 4268 2308 4321 virtutis
2337 4276 2393 4321 et
2418 4268 2617 4330 meriti,
2648 4268 2738 4336 qtti
2765 4276 2969 4321 tantum
2996 4269 3049 4322 in
3078 4277 3219 4323 terra
3248 4284 3431 4323 coram
3457 4271 3669 4339 populis

2094 4357 2238 4411 visus
2266 4356 2455 4411 fuisset
2479 4358 2768 4412 humiliari.
2814 4358 2944 4412 Nam
2978 4375 3099 4413 cum
3158 4360 3208 4414 in
3236 4375 3445 4414 summo
3474 4365 3671 4417 montis

2096 4447 2319 4511 vertice,
2366 4448 2504 4502 sicut
2556 4448 2927 4518 praediximus,
2976 4450 3352 4504 reconditioris
3381 4452 3669 4506 habitaculi

410 4523 678 4617 potuisset
708 4547 888 4616 (Apoc.
940 4562 1050 4600 xm
1076 4587 1090 4610 ,
1122 4546 1205 4614 ll)
1230 4588 1245 4611 ,
1288 4546 1353 4599 ad
1396 4544 1665 4616 singulare
1718 4554 1989 4600 certamen
2026 4523 2073 4582 υ
2098 4536 2178 4590 θεῖ

1902 4560 1989 4599 τοι.
2026 4523 2073 4582 υ
2098 4536 2341 4590 cellulam
2372 4536 2657 4600 erexisset,
2688 4544 2743 4590 et
2781 4552 2933 4605 aqua:
2962 4537 3183 4606 penuria
3221 4537 3305 4590 vir
3347 4547 3565 4592 sanctus
3590 4540 3672 4592 ni-

417 4645 669 4704 prnperat
692 4642 874 4688 contra
898 4635 1167 4689 diabolum
1193 4645 1544 4706 pugnaturus,
1563 4634 1769 4688 Domini
1798 4636 1992 4689 virtute

414 4726 688 4792 sapienter
720 4733 961 4778 armatus

491 4815 574 4869 l8.
615 4813 812 4869 Volens
864 4815 1042 4883 itaque
1101 4815 1388 4869 humanam
1436 4831 1533 4887 per
1582 4818 1763 4872 omnia
1816 4819 1992 4873 vitare

417 4904 881 4959 conversationem
948 4913 1002 4956 et
1066 4904 1273 4972 ingredi
1339 4906 1501 4957 vitam
1560 4906 1878 4973 solitariam,
1936 4906 1990 4960 in

415 4993 688 5049 nemorosi
757 4994 953 5047 montis
1020 4996 1301 5048 cacumine
1382 4995 1557 5050 locum
1634 5013 1821 5053 rursus
1887 4997 1993 5051 sibi

414 5088 576 5157 elegit
654 5082 937 5147 alterum,
1009 5084 1059 5137 in
1131 5100 1239 5153 quo
1304 5084 1490 5138 cellam
1568 5101 1689 5140 cum
1757 5086 1995 5141 oratorio

415 5172 742 5236 construxit,
774 5170 1116 5240 singulariter
1164 5178 1469 5226 conversari
1531 5174 1863 5240 desiderans,
1892 5190 1998 5244 quo

414 5265 686 5322 mandatis
732 5262 1039 5317 caelestibus
1092 5263 1377 5330 perfectius
1436 5272 1579 5317 esset
1631 5265 1890 5330 intentus,
1949 5277 2004 5322 et

406 5356 859 5424 contemplativos
896 5357 1110 5410 suavius
1155 5363 1209 5407 et
1257 5356 1442 5425 purius
1479 5367 1664 5423 posset
1712 5360 2002 5427 decerpere

413 5449 641 5503 fructus.
672 5445 792 5509 Quo
815 5442 864 5494 in
897 5442 1013 5500 loco
1038 5444 1294 5500 secretius
1324 5458 1419 5515 per
1448 5446 1804 5515 quadraginta
1830 5460 2001 5500 annos

2103 4625 2267 4678 mimn
2297 4624 2601 4689 laboraret;
2631 4625 2861 4693 quadam
2889 4625 2975 4679 die
3002 4626 3053 4678 in
3086 4625 3175 4679 illo
3202 4634 3383 4680 monte
3412 4627 3562 4682 nisus
3586 4638 3673 4683 est

2098 4715 2165 4768 de
2194 4724 2349 4768 terra:
2397 4714 2698 4768 visceribus
2744 4714 2812 4769 ad
2868 4730 2992 4769 suos
3044 4729 3172 4768 usus
3198 4730 3393 4784 aquam
3422 4716 3669 4771 educere.

2097 4806 2196 4871 Qui
2231 4820 2351 4859 cum
2382 4805 2445 4857 ad
2466 4803 2768 4858 fodiendam
2827 4813 3025 4859 terram
3053 4806 3357 4867 accederet,
3390 4817 3444 4859 et
3472 4823 3668 4877 aquam

2098 4893 2198 4946 sibi
2227 4893 2415 4947 deesse
2441 4892 2633 4946 anxius
2657 4892 2841 4957 ferret,
2891 4894 3095 4948 devotis
3124 4895 3370 4961 precibus
3388 4896 3452 4948 ad
3490 4896 3673 4949 Domi-

2102 4998 2226 5035 num
2271 4996 2563 5037 conversus
2607 4996 2728 5036 eum
2774 4981 3007 5041 invocat.
3049 4983 3141 5051 qui
3188 4984 3455 5055 quondam
3482 4988 3677 5055 pOpulu

2102 5086 2200 5126 suo
2226 5087 2320 5143 per
2343 5070 2553 5125 deserta
2590 5071 2709 5126 sitis
2732 5071 2913 5143 inopia
2948 5073 3184 5139 fatigato,
3240 5089 3433 5141 aquam
3458 5074 3521 5127 de
3543 5075 3679 5127 duro

2105 5163 2353 5233 dignatus
2383 5169 2465 5215 est
2489 5162 2789 5229 producere
2828 5178 2981 5218 saxo.
3032 5160 3152 5215 Mox
3202 5164 3343 5216 dicto
3368 5160 3534 5217 citius
3566 5161 3685 5216 fons

2106 5256 2158 5308 in
2211 5256 2397 5311 eodem
2442 5251 2558 5305 loco
2594 5253 2761 5323 coapit
2810 5251 3308 5309 abundantissimus
3358 5249 3545 5312 ﬂuere,
3597 5251 3689 5319 qui

2106 5363 2276 5418 usque
2344 5344 2396 5399 in
2440 5358 2677 5412 presens
2711 5350 2929 5415 tempus
2973 5344 3036 5397 de
3066 5339 3432 5411 superioribus
3472 5337 3542 5389 ad
3587 5340 3691 5393 iniu

2105 5439 2378 5497 delabitur
2404 5451 2419 5500 ;
2459 5433 2545 5488 cui
2569 5434 2821 5489 videlicet
2845 5436 3002 5499 fonti,
3036 5432 3100 5486 ad
3130 5435 3230 5490 viri
3258 5430 3350 5486 Dei
3379 5428 3701 5497 obsequium
