4482 5524
1918 344 2208 397 Αο8οΝ18
2247 343 2376 395 DER
2390 346 2626 399 \‘EXSIS
2658 347 2947 401 ABBATIS

3996 352 4102 407 656

857 455 1114 521 firmitate
1139 453 1377 508 humana
1405 452 1698 523 ligatossa,
1730 452 1780 505 id
1804 463 1885 506 est
1916 455 2093 505 lirutat
2121 464 2175 505 et
2209 454 2422 515 solidat,
2455 461 2499 515 Λ
2530 454 2716 507 salutis
2739 456 2947 524 signum
3001 465 3381 510 continentem.
3438 458 3564 524 Qua:
3592 460 3752 513 etiam
3790 476 3922 515 crux
3958 463 4097 516 inte-

852 549 919 601 ab
944 548 1054 616 ipsa
1078 561 1171 599 sua
1202 544 1401 599 salubri
1450 544 1724 613 potatione
1757 558 1950 597 nomen
1984 545 2031 598 ei
2060 544 2223 597 fuisse
2254 546 2423 610 impo-

849 638 1011 691 situm
1050 651 1154 690 non
1194 635 1522 689 dubitamus.
1552 632 1651 699 Qui
1677 633 1795 688 fons
1825 634 1951 687 olim
1996 635 2095 686 sub
2142 635 2313 687 sancti
2343 650 2421 687 se-

847 726 1034 797 pulcro
1054 724 1331 789 exsiliens,
1369 739 1509 777 nunc
1547 723 1777 792 quodam
1809 723 1961 792 quasi
1984 724 2049 777 de
2080 723 2295 777 vasculo
2326 739 2422 791 per

846 816 1090 871 ecclesiae
1112 830 1169 869 se
1197 812 1539 868 fundamenta
1566 814 1866 883 prorumpit
1904 814 2035 884 (l7),
2084 815 2275 869 haustu
2306 816 2422 868 dul-

846 906 925 960 cis
953 914 1006 958 et
1034 905 1100 957 ad
1150 907 1441 972 potandum
1488 902 1738 957 salubris.
1781 905 1855 957 De
1900 918 2006 972 quo
2051 904 2256 959 scilicet
2281 905 2419 959 sicut

844 993 1024 1046 multis
1050 993 1342 1045 sanitatum
1369 991 1750 1063 experimentis
1790 1002 2121 1059 compertum
2152 1002 2415 1057 tenemus,

842 1082 886 1137 si
920 1082 1040 1150 quis
1061 1089 1296 1150 mgrotus
1320 1094 1641 1150 quacunque
1669 1079 1983 1134 inlirmitate
2012 1081 2260 1135 detentus
2282 1083 2419 1136 desi-

840 1171 1048 1226 derium
1079 1170 1319 1239 potandi,
1348 1169 1429 1223 vel
1458 1184 1654 1237 corpus
1680 1184 1743 1224 ex
1776 1185 1841 1224 eo
1870 1171 2117 1225 habuerit
2141 1172 2414 1236 abluendi,

838 1264 905 1316 de.
977 1262 1177 1315 virtute
1232 1260 1404 1316 sancti
1469 1259 1793 1315 confessoris
1834 1261 2093 1323 conlisus.
2136 1265 2417 1333 adeptione

835 1360 1065 1422 sperata:
1110 1350 1298 1406 salutis
1348 1365 1453 1405 non
1479 1351 1584 1430 erit
1634 1351 1740 1405 ullo
1791 1353 1949 1407 modo
1978 1354 2158 1407 divina
2222 1357 2418 1409 pietate

833 1440 1145 1496 frustratus.
1484 1431 1493 1444 ’

1239 1529 1388 1585 cho
1417 1540 1538 1585 nato
1561 1536 1734 1585 lumen
1762 1528 2006 1585 restitui.

900 1618 989 1671 2i.
1020 1618 1177 1672 Aliud
1207 1633 1418 1687 quoque
1446 1633 1551 1672 non
1584 1621 1920 1689 prmteritnus
1945 1620 2153 1691 insigne
2188 1621 2400 1676 virtutis

831 1708 1169 1771 miraculum,
1219 1709 1360 1778 quod
1406 1709 1474 1763 ad
1520 1709 1909 1763 ostendendum
1974 1709 2033 1763 D.
2084 1710 2411 1765 confessoris

829 1799 1027 1853 Christi
1061 1799 1234 1853 Basoli
1266 1800 1516 1852 meritum
1550 1808 1764 1854 constat
1784 1801 1837 1854 in
1863 1801 2051 1854 eodem
2082 1800 2199 1855 loco
2231 1802 2410 1855 divina
2444 1822 2485 1879 Β

829 1888 994 1943 fuisse
1025 1890 1261 1959 potentia
1297 1888 1648 1943 declaratum.
1681 1889 1814 1942 Nam
1856 1890 2072 1958 quidam
2099 1906 2251 1960 puer,
2276 1891 2415 1943 sicut

827 1980 896 2033 ab
931 1979 1045 2047 ipso
1080 1980 1344 2047 portantis
1388 1987 1541 2032 utero
1573 1978 1624 2031 in
1676 1978 1931 2032 mundum
1981 1979 2254 2033 nascendo
2291 1996 2415 2048 pro-

826 2069 1021 2134 dierat,
1072 2077 1324 2137 perpetua
1373 2068 1592 2121 luminis
1629 2068 1860 2122 orbitate
1901 2069 2161 2138 privatus,
2196 2070 2415 2123 nomine

824 2158 1203 2227 Aunegiselus,
1232 2156 1511 2211 oculorum
1544 2156 1681 2211 male
1717 2157 1951 2227 ingenita
1991 2158 2234 2211 caecitate
2264 2167 2417 2212 tene-

824 2249 984 2301 batur
1010 2251 1292 2301 damnatus
1322 2264 1336 2309 ;
1369 2247 1454 2300 cui
1494 2247 1691 2301 caelum
1722 2257 1776 2301 et
1824 2258 1967 2301 terra
1997 2265 2092 2317 per
2123 2265 2233 2302 sua:
2257 2260 2413 2302 natu-

826 2353 899 2391 ne
936 2338 1249 2407 qualitatem
1294 2336 1563 2405 incognita
1610 2335 1842 2401 fuerant,
1889 2337 1990 2391 nisi
2038 2347 2242 2391 tantum
2269 2339 2408 2407 quod

827 2432 1012 2484 audittt
1046 2429 1126 2483 vel
1164 2438 1306 2482 tactu
1336 2429 1600 2497 potuisset
1645 2429 1946 2483 advertere.
1982 2428 2076 2482 llic
2124 2430 2287 2499 igitur
2308 2446 2408 2483 car-

827 2521 1005 2575 citatis
1028 2536 1137 2574 suae
1168 2520 1361 2573 damna
1394 2535 1499 2574 non
1528 2528 1719 2589 sponte
1764 2519 1962 2585 ferens,
1998 2521 2063 2574 ad
2094 2522 2290 2575 montis
2319 2538 2408 2575 su-

823 2613 1036 2680 periora
1089 2625 1185 2680 per
1235 2610 1459 2664 alterum
1515 2611 1741 2673 ductus,
1798 2622 1923 2665 ante
1966 2612 2106 2665 illius
2160 2612 2259 2665 viri
2313 2613 2401 2665 Dei

823 2698 1068 2752 cellulam
1099 2699 1365 2752 excubare
1394 2707 1753 2753 consueverat
1786 2714 1979 2753 caecus.
2009 2700 2174 2769 Cujus
2196 2700 2405 2768 injuri;c

823 2797 1042 2842 sanctus
1075 2787 1285 2841 Domini
1319 2788 1746 2843 misericorditer
1775 2805 2111 2860 compassus,
2156 2793 2222 2845 ad
2251 2793 2406 2847 etule-

821 2887 957 2931 stem
982 2891 1262 2932 recurrens
1308 2876 1589 2941 Medicutn,
1617 2881 1823 2934 orando
1868 2882 2118 2936 studebat
2152 2884 2401 2939 obtinere

826 2970 1141 3023 remedium.
1166 2969 1275 3024 Nec
1322 2970 1501 3024 divina
1554 2971 1793 3041 dignatio
1820 2974 2007 3028 audire
2041 2976 2249 3030 distulit
2275 2994 2402 3046 pro-

824 3063 951 3115 ximi
976 3077 1072 3130 pro
1101 3062 1275 3117 salute
1311 3063 1507 3118 infirmi
1538 3074 1861 3119 certantem.
1892 3065 2023 3118 Nam
2048 3081 2170 3120 mox
2192 3067 2396 3136 expleta

2527 544 2756 612 gerrima
2786 544 2854 596 ibi
2882 556 3157 613 permanet
3186 561 3354 613 usque
3381 547 3431 598 in
3456 558 3772 614 prmsentem
3804 551 4095 620 diem(18).

2524 632 2880 686 Lectorinlum
2955 650 3167 702 quoque
3228 637 3496 704 quoddam
3575 638 3808 707 ligneum
3865 642 4098 709 sculpto-

2525 724 2615 777 rite
2666 724 2799 778 artis
2852 725 3211 794 pulcherrima
3270 728 3446 795 specie
3504 730 3859 796 compositum
3911 742 4095 784 secum

2523 814 2615 870 Dei
2649 815 2879 869 famulus
2929 816 3068 870 ferre
3112 828 3481 879 consueverat,
3531 819 3811 874 altitudine
3866 822 4096 889 palmoa

2525 918 2664 960 terra
2702 909 3062 976 prominenti:
3099 909 3183 962 cui
3235 910 3350 962 sive
3400 910 3613 974 sedens,
3663 911 3779 965 sive
3826 912 3987 966 etiam
4042 913 4096 965 in

2524 1007 2666 1051 terra
2692 1000 2902 1067 jacens,
2930 999 3259 1067 psalmorum
3286 1000 3367 1054 vel
3394 1016 3667 1055 sacrarum
3693 1001 4096 1071 Scripturarum

2521 1087 2795 1155 supposita
2826 1086 3093 1141 volumina
3127 1103 3268 1157 smpe
3292 1089 3570 1142 recitabat.
3621 1089 3695 1142 De
3721 1105 3825 1158 qua
3850 1092 4098 1144 videlicet

2522 1175 2783 1239 mensula,
2825 1176 3035 1230 excisas
3073 1176 3137 1228 ad
3166 1177 3320 1230 (idem
3352 1177 3544 1231 divinae
3590 1178 3805 1233 virtutis
3865 1181 4095 1249 sparsim

2521 1266 2813 1333 particulas
2858 1265 3165 1333 morbisque
3220 1276 3274 1319 et
3313 1266 3545 1321 maxime
3591 1268 3831 1321 dentium
3874 1269 4095 1322 testibus

2521 1353 2888 1421 iuterposnas,
2922 1354 3118 1407 multas
3150 1355 3394 1407 novimus
3418 1354 3663 1409 ellecisse
3687 1358 3933 1421 virtutes,
3956 1359 4099 1412 sicut

2521 1441 2640 1494 loco
2666 1456 2764 1494 suo
2791 1443 2988 1510 poterit
3024 1457 3349 1512 cognoscere
3376 1444 3564 1497 lector.

2587 1547 2785 1617 Aprum
2817 1566 2847 1600 α
2877 1550 3203 1621 venatoribus
3231 1560 3422 1604 tuetur.
3460 1552 3666 1621 Insigne
3712 1554 4020 1607 miraculum

3010 1621 3078 1671 ad
3104 1618 3343 1671 Vidulum
3369 1618 3592 1674 amnem.

2586 1702 2817 1757 25.1am
2844 1705 3007 1772 igitur
3033 1706 3212 1759 divina
3243 1709 3481 1775 potentia
3525 1711 3817 1763 secundum
3854 1710 4096 1766 ineffabi-

2518 1792 2594 1846 les
2624 1794 2918 1847 divinitatis
2964 1802 3019 1847 et
3062 1794 3244 1861 gloria:
3274 1812 3384 1849 sua:
3418 1798 3655 1863 divitias,
3691 1800 3832 1852 lumc
3878 1798 4093 1853 beatum

2521 1883 2691 1935 virum
2734 1892 2959 1937 terrente
3006 1885 3171 1937 etiam
3220 1886 3566 1941 sublimitatis
3616 1889 3918 1943 hominibus
3958 1906 4092 1944 con-

2514 1974 2744 2027 stituens
2773 1974 2959 2027 haberi
3008 1976 3391 2039 reverendum,
3419 1978 3591 2031 locum
3635 1995 3847 2047 quoque
3874 1992 4096 2050 propter

2515 2064 2864 2117 inhabitantis
2913 2064 3164 2117 meritum
3198 2067 3581 2133 temporalibus
3637 2068 3818 2130 rebus,
3859 2070 3923 2121 ad
3952 2085 4095 2138 pta--

2512 2167 2635 2206 sens
2652 2153 2866 2221 quidem
2884 2155 2983 2207 sub
3000 2156 3099 2207 hac
3114 2154 3401 2207 occasione
3415 2154 3727 2209 decreverat
3743 2156 4087 2211 fulcieudum.

2514 2244 2643 2296 Erat
2675 2258 2908 2311 namque
2936 2244 3153 2313 quidam
3184 2250 3485 2313 przepotens
3524 2246 3693 2299 Attila
3726 2249 3975 2312 nomine;
4005 2250 4093 2302 hic

2510 2333 2734 2385 venandi
2758 2334 2929 2402 gratia
2970 2336 3050 2402 (ut
3084 2333 3213 2387 illttd
3244 2350 3412 2403 genus
3454 2345 3538 2389 est
3576 2337 3875 2407 hominum)
3917 2341 4093 2393 conti-

2507 2437 2666 2491 gnam
2697 2422 2796 2474 viri
2823 2423 2914 2476 Dei
2961 2423 3165 2477 cellula:
3214 2424 3406 2477 silvam
3452 2440 3605 2479 suam
3644 2428 3959 2482 intraverat.
3984 2428 4093 2484 Nec

2508 2528 2602 2581 spe
2632 2512 2889 2565 frustrata
2921 2514 3150 2581 agrestis
3185 2514 3363 2581 prteda
3406 2516 3594 2569 defuit.
3640 2517 3772 2571 Nam
3804 2518 3953 2572 mira).
3981 2535 4095 2572 ma-

2507 2605 2804 2675 gnitudinis
2834 2622 3045 2674 aprum,
3073 2607 3377 2660 recentibus
3407 2609 3651 2676 vestigiis
3700 2610 3989 2679 fugientem
4015 2613 4095 2663 in-

2509 2695 2753 2763 sequitur
2780 2694 3157 2747 auhelantibus
3187 2695 3358 2763 equis.
3387 2696 3451 2747 At
3481 2696 3568 2747 illa
3611 2697 3867 2751 immanis
3888 2698 4088 2761 beStia,

2506 2794 2563 2838 ut
2591 2786 2800 2839 cunctis
2828 2785 3130 2839 viventibus
3156 2794 3238 2837 est
3269 2794 3461 2838 natura
3487 2788 3677 2841 mortis
3703 2788 3926 2843 horrere
3950 2790 4089 2843 inte-

2506 2879 2683 2937 ritum,
2739 2886 2974 2930 montem
3030 2877 3080 2928 in
3111 2890 3218 2945 quo
3269 2876 3350 2929 vir
3374 2877 3466 2929 Dei
3519 2879 3796 2931 resederat
3825 2881 4093 2932 ascendit:

2504 2967 2567 3020 ad
2598 2966 2789 3021 cellam
2845 2966 2963 3034 ejus
3020 2976 3167 3019 recto
3217 2980 3401 3035 gressu
3453 2969 3716 3034 pervenit,
3768 2983 4095 3036 sensumque

2502 3056 2904 3123 quodammodo
2926 3054 3148 3107 rationis
3182 3054 3405 3117 habens,
3428 3055 3669 3123 deposita
3724 3054 3939 3110 feritate
3968 3066 4096 3111 ante

820 3151 1087 3215 oratione,
1113 3152 1253 3204 inter
1277 3153 1481 3207 medias
1505 3153 1750 3208 tenebras
1773 3154 1860 3207 diu
1886 3163 2077 3225 negata
2101 3154 2189 3207 lux
2213 3158 2397 3223 patuit,
2432 3157 2475 3214 C
2508 3150 2671 3218 pedes
2699 3146 2869 3202 sancti
2922 3147 3128 3215 hispida
3173 3146 3346 3199 bellua
3383 3147 3738 3213 provolvitur,
3776 3149 3930 3217 quasi
3961 3149 4087 3202 vine

820 3250 982 3309 atque
1039 3242 1105 3294 ad
1151 3256 1300 3295 novae
1335 3240 1598 3296 claritatis
1651 3243 1877 3311 gratiam
1934 3252 2167 3297 reserata
2224 3243 2399 3297 fronte

823 3344 1017 3381 novum
1050 3329 1149 3383 sibi
1202 3330 1454 3382 mundum
1486 3345 1648 3399 quem
1698 3346 1967 3399 nunquam
2010 3332 2216 3385 viderat
2247 3346 2400 3385 reco-

822 3421 1044 3489 gnovit;
1078 3420 1167 3488 qui
1205 3418 1521 3474 duodecimo
1558 3436 1668 3475 sua:
1697 3421 1872 3475 anatis
1899 3435 2039 3476 anno
2068 3422 2271 3475 meliori
2301 3422 2401 3475 du-

810 3522 943 3565 .catu
972 3512 1148 3566 lumen
1199 3513 1263 3565 ad
1306 3515 1517 3583 propria
1571 3514 1722 3569 laetus
1751 3516 2065 3583 reportavit.
2095 3516 2211 3582 Quo
2236 3532 2399 3570 vene-

824 3600 1019 3654 rabiles
1050 3600 1296 3654 monachi
1331 3602 1381 3655 in
1415 3600 1655 3657 inferiori
1682 3605 1878 3658 montis
1922 3606 2048 3668 situ,
2076 3605 2213 3659 sicut
2240 3621 2399 3677 supra

819 3692 1179 3755 ostendimus,
1197 3693 1505 3748 habitantes
1532 3694 1734 3758 audito,
1754 3695 1977 3749 insolitae
1991 3697 2066 3749 rei
2087 3697 2399 3751 admiranda

820 3782 1059 3836 novitate
1093 3782 1344 3850 perculsi,
1388 3785 1628 3837 accensis
1674 3786 1847 3839 cereis
1887 3785 2176 3840 Dominica:
2224 3790 2400 3842 crucis

812 3874 874 3925 in
926 3873 1175 3926 manibus
1236 3874 1447 3942 signqu
1504 3873 1739 3928 ferentes
1789 3874 2133 3943 triumphale,
2193 3880 2403 3947 magnis

814 3962 1035 4015 laudum
1059 3963 1277 4016 vocilms
1303 3979 1471 4032 usque
1505 3963 1569 4015 ad
1592 3979 1715 4017 eum
1745 3964 1920 4018 locum
1949 3976 2211 4019 venerunt
2258 3968 2400 4035 psal-

816 4053 1012 4114 lentes,
1047 4052 1155 4104 Deo
1176 4052 1379 4120 gratias
1410 4051 1735 4105 unanimiter
1756 4063 1993 4123 agentes.

996 4139 1215 4193 Crucem
1246 4139 1503 4208 lapideam
1532 4140 1585 4193 in
1609 4156 1778 4193 eremo
1808 4142 2004 4211 erigere
2024 4144 2245 4196 curarit.

888 4232 978 4284 ‘27}.
1014 4231 1094 4285 Ab
1120 4245 1184 4284 eo
1214 4231 1375 4300 igitur
1402 4239 1641 4299 tempore
1664 4247 1857 4287 nomen
1883 4234 2021 4286 beati
2054 4235 2153 4287 viri
2186 4251 2400 4289 onmem

821 4325 962 4376 circa
998 4322 1291 4392 regionem,
1322 4337 1417 4391 per
1440 4322 1619 4391 plures
1648 4324 1811 4393 cmpit
1840 4321 2087 4389 diffundi,
2117 4328 2240 4394 quia
2266 4328 2405 4381 sicut

820 4415 1081 4483 scriptum
1112 4422 1229 4468 est:
1263 4411 1384 4466 Non
1408 4424 1570 4482 potest
1602 4415 1784 4469 civitas
1810 4415 2056 4468 abscondi
2076 4433 2235 4486 supra
2258 4434 2406 4471 mon-

2508 3255 2619 3294 sua:
2648 3240 2998 3308 imploratura
3028 3237 3356 3305 praesidium.
3387 3240 3457 3289 At
3485 3237 3572 3291 ille
3596 3240 3849 3292 misertus
3874 3240 4092 3293 irratio-

2503 3328 2666 3382 nabili
2712 3329 2927 3399 pecudi,
2973 3328 3113 3381 sicut
3159 3336 3277 3381 erat
3318 3328 3507 3396 plenus
3536 3330 3754 3396 pietatis
3800 3338 3852 3382 et
3884 3330 4094 3401 gratim,

2504 3429 2651 3473 tanta
2681 3420 3017 3472 insecutores
3045 3418 3242 3471 virtute
3288 3433 3396 3471 uno
3442 3418 3557 3470 fixit
3606 3418 3657 3471 in
3692 3419 3826 3479 loco,
3853 3428 3909 3471 ut
3934 3428 3989 3472 et
4024 3420 4094 3470 vi-

2504 3510 2693 3565 derent
2715 3509 2889 3564 oculis
2910 3509 3010 3563 sibi
3037 3509 3337 3578 proximam
3364 3509 3611 3590 bestiam,
3640 3518 3695 3563 et
3726 3518 3903 3563 tamen
3922 3510 4093 3562 hianti

2505 3616 2601 3655 ore
2631 3616 2737 3655 non
2766 3608 2983 3668 possent
3018 3600 3239 3653 omnino
3286 3600 3615 3669 contingere.
3666 3601 3958 3654 Pandictus
3999 3601 4096 3653 ita-

2505 3704 2609 3756 que
2657 3689 2845 3752 Attila,
2876 3689 3015 3741 sicut
3055 3698 3172 3741 erat
3202 3688 3285 3740 vir
3315 3688 3510 3751 bontts,
3561 3688 3848 3742 manifeste
3878 3688 4093 3759 cognita

2506 3778 2600 3830 Dei
2645 3778 2869 3839 virtute,
2920 3778 3356 3847 prtesumptionis
3405 3793 3515 3831 sua:
3573 3776 3819 3847 ﬂagitans
3855 3779 4093 3844 veniam,

2505 3867 2763 3937 quidquid
2794 3869 2934 3922 circa
2968 3869 3141 3922 locum
3176 3871 3256 3923 sui
3280 3870 3419 3936 juris
3451 3878 3589 3933 erat,
3629 3870 3880 3924 nonnulla
3926 3873 4091 3925 etiam

2506 3958 2743 4025 propria:
2787 3958 3145 4026 possessionis
3168 3959 3391 4026 praedia,
3433 3958 3609 4011 villam
3639 3975 3852 4027 quoque
3877 3962 3963 4015 ubi
3993 3977 4091 4014 usu

2508 4050 2712 4104 rustico
2755 4048 3170 4117 Septemsalices
3224 4048 3600 4118 (Sept—Saula')
3635 4051 3851 4114 dicitur,
3903 4063 4094 4105 sancto

2506 4140 2624 4193 viro
2674 4138 2919 4203 contulit,
2978 4139 3260 4208 locumque
3307 4139 3424 4208 ejus
3478 4140 3691 4193 traditis
3747 4139 4095 4194 facultatibus

2506 4231 2713 4298 primus
2741 4230 2852 4297 ipse
2915 4230 3122 4283 ditavit.
3154 4232 3330 4297 Atque
3352 4238 3553 4282 extunc
3575 4230 3727 4298 quasi
3763 4246 3877 4284 mos
3924 4230 4094 4282 inole-

2509 4320 2649 4372 visse
2677 4320 2939 4383 creditur,
2995 4328 3048 4372 ct
3096 4335 3265 4388 usque
3313 4320 3470 4373 hodie
3500 4320 3833 4374 venerationi
3883 4335 3947 4375 ex
4000 4322 4091 4375 illo

2509 4409 2852 4471 observatur,
2900 4418 2956 4461 ut
2987 4410 3028 4461 si
3078 4410 3129 4462 in
3162 4410 3415 4478 praedicto
3446 4410 3639 4480 lligetii
3668 4411 3803 4464 saltu
3844 4412 4093 4478 quazlibet

821 4514 921 4557 tem
952 4504 1233 4557 constituta
1266 4502 1541 4573 (Matt/av,
1574 4503 1683 4574 Η).
1717 4504 1795 4557 Ad
1848 4504 2136 4559 multorum
2187 4522 2399 4577 quoque
2430 4510 2478 4568 ι)
2508 4498 2670 4551 fuerit
2692 4508 2934 4567 promota
2964 4502 3204 4564 venatio,
3249 4511 3531 4570 postquam
3576 4502 3719 4555 illius
3768 4502 3905 4556 intra
3934 4519 4093 4573 agge-

822 4591 1070 4645 notitiam
1108 4591 1277 4661 ipsius
1319 4590 1462 4645 fama
1520 4592 1823 4646 sanctitatis
1872 4593 2037 4657 illata,
2088 4594 2153 4647 ad
2186 4595 2398 4649 laudem

820 4685 1130 4739 Conditoris
1192 4692 1247 4739 et
1311 4684 1534 4751 gloriam
1602 4684 1952 4754 plurimorum
2017 4697 2405 4753 provocaverat

821 4775 1004 4828 corda.
1039 4774 1094 4828 In
1150 4773 1553 4843 septentrionali
1601 4784 1780 4828 autem
1824 4776 1993 4844 ipsius
2040 4777 2237 4830 montis
2262 4778 2401 4831 emi-

818 4864 1055 4918 nentiori
1089 4873 1240 4933 parte
1280 4879 1399 4933 quae
1430 4864 1614 4916 urbem
1654 4864 1890 4932 respicit,
1939 4876 2225 4933 antequam
2256 4868 2308 4921 in
2340 4882 2405 4921 eo

823 4953 940 5007 loco
968 4952 1158 5006 cellam
1176 4952 1277 5007 sibi
1299 4958 1663 5013 construeret,
1692 4952 1831 5005 inter
1847 4954 2112 5007 condensa
2146 4954 2401 5009 silvarum

818 5044 1053 5095 frutecta
1083 5041 1271 5095 orandi
1301 5040 1402 5094 sibi
1440 5038 1794 5107 frequentiam
1828 5041 2047 5095 fecerat.
2081 5042 2137 5097 In
2164 5060 2272 5113 quo
2301 5046 2405 5099 sci-

822 5134 949 5186 licet
976 5132 1090 5184 loco
1132 5130 1392 5185 orationis
1443 5145 1507 5183 ac
1550 5144 1717 5183 sacrae
1765 5129 2011 5185 lectionis
2049 5141 2171 5185 vota
2203 5142 2404 5202 quanto

823 5223 1084 5277 secretius
1130 5232 1279 5275 tanto
1306 5221 1490 5290 purius
1535 5220 1892 5290 persolvebat.
1924 5219 2021 5275 Ubi
2071 5223 2232 5276 etiam
2270 5239 2402 5277 crux

820 5321 943 5368 erat
973 5312 1144 5381 posita
1194 5311 1426 5381 lapidea,
1476 5310 1601 5378 quia
1649 5310 1731 5363 vir
1772 5310 1867 5364 Dei
1916 5311 2077 5364 nimis
2126 5312 2401 5379 indignum

824 5401 1035 5456 ferebat
1056 5414 1381 5469 quemquam
1408 5399 1611 5453 diutius
1636 5398 1941 5453 inhabitare
1959 5399 2155 5466 locum,
2174 5400 2273 5455 nisi
2297 5401 2400 5456 hoc

2507 4598 2648 4643 stum
2667 4589 2889 4653 silvulm,
2916 4591 2997 4643 cui
3031 4590 3290 4645 hincinde
3320 4592 3608 4661 prominet,
3635 4593 3873 4661 ingressa
3903 4608 4091 4662 pervc-

2507 4682 2666 4746 nerit,
2698 4698 2795 4737 nec
2821 4684 3108 4747 canis,nec
3142 4694 3362 4737 venator
3384 4684 3607 4738 ulterius
3631 4685 3825 4739 audeat
3856 4686 4083 4755 insequi.

2511 4795 2651 4850 Ultio
2682 4797 2857 4851 divina
2902 4799 2955 4850 in
2982 4814 3098 4851 eum
3136 4800 3223 4867 qui
3254 4800 3307 4851 in
3354 4797 3411 4851 S.
3446 4798 3623 4852 Basoli
3676 4798 3806 4867 festo
3832 4801 4090 4853 venationi

3172 4868 3407 4920 vacabat.

2579 4956 2669 5009 24.
2713 4956 2779 5011 Ει
2808 4957 3063 5025 quoniam
3094 4972 3150 5011 se
3189 4958 3419 5026 praebuit
3448 4959 3524 5012 rei
3556 4968 3718 5027 gesta
3744 4961 3976 5023 occasio,
4010 4962 4088 5015 di-

2512 5062 2695 5101 cemus
2721 5058 2775 5102 et
2807 5048 2951 5101 aliud
2971 5051 3111 5117 quod
3138 5049 3291 5119 longe
3320 5060 3439 5117 post
3478 5052 3648 5104 sancti
3674 5052 3772 5105 viri
3804 5054 4086 5105 transitum

2512 5146 2751 5206 tempore
2782 5139 2832 5191 in
2872 5154 2930 5191 re
2973 5138 3157 5203 simili,
3205 5140 3296 5194 sed
3327 5140 3658 5194 dissimiliter
3687 5143 3928 5208 accedit;
3970 5159 4090 5210 quze

2510 5242 2597 5280 res
2630 5242 2762 5296 pene
2790 5237 2896 5282 tota
2929 5240 3077 5297 gesta
3102 5238 3186 5283 est
3214 5230 3265 5282 in
3295 5229 3521 5284 circuitu
3542 5231 3633 5301 Νη
3667 5232 3885 5303 intuitu]
3917 5235 4088 5302 regio-

2510 5314 2611 5367 nis.
2640 5314 2865 5380 Quidam
2917 5332 2981 5369 ex
3030 5316 3362 5372 Francorum
3413 5319 3659 5384 ducibus,
3717 5334 3823 5374 non
3876 5321 4084 5389 longea

2508 5406 2680 5459 sancti
2708 5406 2807 5460 viri
2837 5407 3012 5462 Basoli
3059 5410 3307 5463 ccenobio
3344 5410 3489 5464 illum
3538 5425 3693 5465 suum
3732 5412 4084 5467 domesticum
