  <div class='ocr_page' id='page_1' title='image "/cluster/home/n/w/nwhite01/storage/ocr_20150623/137/hvd.32044021286828/335.png"; bbox 0 0 4482 5524; ppageno 0'>
   <div class='ocr_carea' id='block_1_1' title="bbox 865 396 4101 458">
    <p class='ocr_par' dir='ltr' id='par_1_1' title="bbox 865 396 4101 458">
     <span class='ocr_line' id='line_1_1' title="bbox 865 396 4101 458; baseline 0.001 -6"><span class='ocrx_word' id='word_1_1' title='bbox 865 396 971 452; x_wconf 74' lang='grc'><strong>059</strong></span> <span class='ocrx_word' id='word_1_2' title='bbox 1992 401 2282 456; x_wconf 71' lang='lat' dir='ltr'><strong>ADSONIS</strong></span> <span class='ocrx_word' id='word_1_3' title='bbox 2321 403 2498 456; x_wconf 75' lang='lat' dir='ltr'><strong>DERV’</strong></span> <span class='ocrx_word' id='word_1_4' title='bbox 2511 401 2702 456; x_wconf 71' lang='lat' dir='ltr'><strong>ENSIS</strong></span> <span class='ocrx_word' id='word_1_5' title='bbox 2737 402 3025 456; x_wconf 79' lang='lat' dir='ltr'><strong>ABBATIS</strong></span> <span class='ocrx_word' id='word_1_6' title='bbox 3995 404 4101 458; x_wconf 80' lang='lat'><strong>660</strong></span> 
     </span>
    </p>
   </div>
   <div class='ocr_carea' id='block_1_2' title="bbox 868 597 4014 628">
    <p class='ocr_par' dir='ltr' id='par_1_2' title="bbox 868 597 4014 628">
     <span class='ocr_line' id='line_1_2' title="bbox 868 597 4014 628; baseline -0.004 -10"><span class='ocrx_word' id='word_1_7' title='bbox 868 597 4014 628; x_wconf 79' lang='lat'><strong>-___—_—___—_____—___________________—______</strong></span> 
     </span>
    </p>
   </div>
   <div class='ocr_carea' id='block_1_3' title="bbox 2144 765 2808 877">
    <p class='ocr_par' dir='ltr' id='par_1_3' title="bbox 2144 765 2808 877">
     <span class='ocr_line' id='line_1_3' title="bbox 2144 765 2808 877; baseline 0.005 -3"><span class='ocrx_word' id='word_1_8' title='bbox 2144 765 2808 877; x_wconf 87' lang='lat' dir='ltr'><strong>LlBELLUS</strong></span> 
     </span>
    </p>
   </div>
   <div class='ocr_carea' id='block_1_4' title="bbox 992 1003 3959 1141">
    <p class='ocr_par' dir='ltr' id='par_1_4' title="bbox 992 1003 3959 1141">
     <span class='ocr_line' id='line_1_4' title="bbox 992 1003 3959 1141; baseline 0.004 -42"><span class='ocrx_word' id='word_1_9' title='bbox 992 1003 1117 1100; x_wconf 84' lang='lat' dir='ltr'><strong>DE</strong></span> <span class='ocrx_word' id='word_1_10' title='bbox 1175 1003 1907 1103; x_wconf 73' lang='lat' dir='ltr'><strong>TBANSLATIONE</strong></span> <span class='ocrx_word' id='word_1_11' title='bbox 1982 1006 2104 1101; x_wconf 78' lang='lat' dir='ltr'><strong>ET</strong></span> <span class='ocrx_word' id='word_1_12' title='bbox 2179 1003 2698 1103; x_wconf 79' lang='lat' dir='ltr'><strong>MIRACULIS</strong></span> <span class='ocrx_word' id='word_1_13' title='bbox 2770 1008 2851 1102; x_wconf 88' lang='lat' dir='ltr'><strong>S.</strong></span> <span class='ocrx_word' id='word_1_14' title='bbox 2903 1008 3237 1107; x_wconf 88' lang='lat' dir='ltr'><strong>BASOLI</strong></span> <span class='ocrx_word' id='word_1_15' title='bbox 3308 1008 3959 1141; x_wconf 79' lang='lat' dir='ltr'><strong>GONFESSORIS,</strong></span> 
     </span>
    </p>
   </div>
   <div class='ocr_carea' id='block_1_5' title="bbox 1694 1208 3220 1337">
    <p class='ocr_par' dir='ltr' id='par_1_5' title="bbox 1694 1208 3220 1337">
     <span class='ocr_line' id='line_1_5' title="bbox 1694 1208 3220 1337; baseline 0.003 -21"><span class='ocrx_word' id='word_1_16' title='bbox 1694 1210 2204 1316; x_wconf 63' lang='lat' dir='ltr'><strong>ﬂuetore</strong></span> <span class='ocrx_word' id='word_1_17' title='bbox 2277 1208 2732 1318; x_wconf 72' lang='lat' dir='ltr'><strong>Adsone</strong></span> <span class='ocrx_word' id='word_1_18' title='bbox 2790 1215 3220 1337; x_wconf 79' lang='lat' dir='ltr'><strong>abbate,</strong></span> 
     </span>
    </p>
   </div>
   <div class='ocr_carea' id='block_1_6' title="bbox 912 1436 4032 1505">
    <p class='ocr_par' dir='ltr' id='par_1_6' title="bbox 912 1436 4032 1505">
     <span class='ocr_line' id='line_1_6' title="bbox 912 1436 4032 1505; baseline 0.003 -19"><span class='ocrx_word' id='word_1_19' title='bbox 912 1436 1075 1501; x_wconf 68' lang='lat' dir='ltr'><strong>{Apud</strong></span> <span class='ocrx_word' id='word_1_20' title='bbox 1109 1436 1313 1501; x_wconf 64' lang='grc' dir='ltr'>ιιυιιιυη</span> <span class='ocrx_word' id='word_1_21' title='bbox 1346 1437 1469 1488; x_wconf 69' lang='lat' dir='ltr'><strong>Acta</strong></span> <span class='ocrx_word' id='word_1_22' title='bbox 1498 1442 1769 1490; x_wconf 78' lang='lat' dir='ltr'><strong>swtcterum</strong></span> <span class='ocrx_word' id='word_1_23' title='bbox 1797 1436 1907 1488; x_wconf 79' lang='lat' dir='ltr'><strong>0rd.</strong></span> <span class='ocrx_word' id='word_1_24' title='bbox 1946 1439 1998 1488; x_wconf 91' lang='lat' dir='ltr'><strong>S.</strong></span> <span class='ocrx_word' id='word_1_25' title='bbox 2037 1437 2242 1499; x_wconf 81' lang='lat' dir='ltr'><strong>Bened.,</strong></span> <span class='ocrx_word' id='word_1_26' title='bbox 2279 1438 2454 1489; x_wconf 63' lang='lat' dir='ltr'><strong>Srculi</strong></span> <span class='ocrx_word' id='word_1_27' title='bbox 2492 1437 2554 1487; x_wconf 86' lang='lat' dir='ltr'><strong>IV</strong></span> <span class='ocrx_word' id='word_1_28' title='bbox 2591 1446 2731 1500; x_wconf 79' lang='lat' dir='ltr'><strong>parte</strong></span> <span class='ocrx_word' id='word_1_29' title='bbox 2763 1454 2812 1501; x_wconf 87' lang='grc' dir='ltr'>ιι,</span> <span class='ocrx_word' id='word_1_30' title='bbox 2854 1452 2900 1502; x_wconf 91' lang='lat' dir='ltr'><strong>p.</strong></span> <span class='ocrx_word' id='word_1_31' title='bbox 2943 1440 3051 1503; x_wconf 79' lang='lat' dir='ltr'><strong>I57,</strong></span> <span class='ocrx_word' id='word_1_32' title='bbox 3087 1455 3147 1492; x_wconf 82' lang='lat' dir='ltr'><strong>ex</strong></span> <span class='ocrx_word' id='word_1_33' title='bbox 3183 1453 3272 1491; x_wconf 87' lang='lat' dir='ltr'><strong>ms.</strong></span> <span class='ocrx_word' id='word_1_34' title='bbox 3307 1443 3476 1493; x_wconf 79' lang='lat' dir='ltr'><strong>codice</strong></span> <span class='ocrx_word' id='word_1_35' title='bbox 3509 1446 3715 1496; x_wconf 71' lang='lat' dir='ltr'><strong>caenobii</strong></span> <span class='ocrx_word' id='word_1_36' title='bbox 3746 1445 3797 1495; x_wconf 87' lang='lat' dir='ltr'><strong>S.</strong></span> <span class='ocrx_word' id='word_1_37' title='bbox 3832 1446 4032 1505; x_wconf 75' lang='lat' dir='ltr'><strong>Basolt.)</strong></span> 
     </span>
    </p>
   </div>
   <div class='ocr_carea' id='block_1_7' title="bbox 1826 1704 3171 1786">
    <p class='ocr_par' dir='ltr' id='par_1_7' title="bbox 1826 1704 3171 1786">
     <span class='ocr_line' id='line_1_7' title="bbox 1826 1704 3171 1786; baseline 0.004 -6"><span class='ocrx_word' id='word_1_38' title='bbox 1826 1704 2653 1783; x_wconf 76' lang='lat' dir='ltr'><strong>OBSERVATIONES</strong></span> <span class='ocrx_word' id='word_1_39' title='bbox 2729 1705 3171 1786; x_wconf 64' lang='lat' dir='ltr'><strong>PRZEVIZE.</strong></span> 
     </span>
    </p>
   </div>
   <div class='ocr_carea' id='block_1_8' title="bbox 922 2010 4097 2091">
    <p class='ocr_par' dir='ltr' id='par_1_8' title="bbox 922 2010 4097 2091">
     <span class='ocr_line' id='line_1_8' title="bbox 922 2010 4097 2091; baseline 0.002 -22"><span class='ocrx_word' id='word_1_40' title='bbox 922 2016 1217 2091; x_wconf 68' lang='lat' dir='ltr'><strong>Historiam</strong></span> <span class='ocrx_word' id='word_1_41' title='bbox 1264 2016 1633 2091; x_wconf 61' lang='lat' dir='ltr'><strong>translationis</strong></span> <span class='ocrx_word' id='word_1_42' title='bbox 1660 2030 1753 2069; x_wconf 92' lang='lat' dir='ltr'><strong>seu</strong></span> <span class='ocrx_word' id='word_1_43' title='bbox 1781 2012 2097 2091; x_wconf 72' lang='lat' dir='ltr'><strong>elevationis</strong></span> <span class='ocrx_word' id='word_1_44' title='bbox 2118 2010 2191 2091; x_wconf 44' lang='lat' dir='ltr'><strong>.S.</strong></span> <span class='ocrx_word' id='word_1_45' title='bbox 2223 2010 2415 2091; x_wconf 82' lang='lat' dir='ltr'><strong>_Basoli</strong></span> <span class='ocrx_word' id='word_1_46' title='bbox 2464 2011 2533 2091; x_wconf 72' lang='lat' dir='ltr'><strong>ab</strong></span> <span class='ocrx_word' id='word_1_47' title='bbox 2558 2011 3000 2091; x_wconf 36' lang='lat' dir='ltr'><strong>desone‘ahbate</strong></span> <span class='ocrx_word' id='word_1_48' title='bbox 3040 2014 3292 2091; x_wconf 66' lang='lat' dir='ltr'><strong>Qervensi</strong></span> <span class='ocrx_word' id='word_1_49' title='bbox 3323 2018 3421 2091; x_wconf 87' lang='lat' dir='ltr'><strong>sub</strong></span> <span class='ocrx_word' id='word_1_50' title='bbox 3447 2033 3665 2091; x_wconf 76' lang='lat' dir='ltr'><strong>annum</strong></span> <span class='ocrx_word' id='word_1_51' title='bbox 3694 2020 3796 2074; x_wconf 88' lang='lat'><strong>980</strong></span> <span class='ocrx_word' id='word_1_52' title='bbox 3838 2022 4097 2091; x_wconf 87' lang='lat' dir='ltr'><strong>scriptam</strong></span> 
     </span>
    </p>
   </div>
   <div class='ocr_carea' id='block_1_9' title="bbox 851 2078 4093 2149">
    <p class='ocr_par' dir='ltr' id='par_1_9' title="bbox 851 2078 4093 2149">
     <span class='ocr_line' id='line_1_9' title="bbox 851 2078 4093 2149; baseline 0.001 -10"><span class='ocrx_word' id='word_1_53' title='bbox 851 2086 1024 2141; x_wconf 80' lang='lat' dir='ltr'><strong>fuisse</strong></span> <span class='ocrx_word' id='word_1_54' title='bbox 1060 2087 1295 2140; x_wconf 74' lang='lat' dir='ltr'><strong>diximus</strong></span> <span class='ocrx_word' id='word_1_55' title='bbox 1338 2087 1388 2138; x_wconf 92' lang='lat' dir='ltr'><strong>in</strong></span> <span class='ocrx_word' id='word_1_56' title='bbox 1422 2085 1618 2139; x_wconf 65' lang='lat' dir='ltr'><strong>sacculo</strong></span> <span class='ocrx_word' id='word_1_57' title='bbox 1648 2084 1883 2138; x_wconf 88' lang='lat' dir='ltr'><strong>secundo</strong></span> <span class='ocrx_word' id='word_1_58' title='bbox 1912 2123 1925 2144; x_wconf 91' lang='lat'><strong>,</strong></span> <span class='ocrx_word' id='word_1_59' title='bbox 1969 2081 2055 2133; x_wconf 91' lang='lat' dir='ltr'><strong>ubi</strong></span> <span class='ocrx_word' id='word_1_60' title='bbox 2085 2080 2321 2149; x_wconf 83' lang='lat' dir='ltr'><strong>ejusdem</strong></span> <span class='ocrx_word' id='word_1_61' title='bbox 2366 2082 2535 2133; x_wconf 77' lang='lat' dir='ltr'><strong>sancti</strong></span> <span class='ocrx_word' id='word_1_62' title='bbox 2571 2078 2687 2132; x_wconf 80' lang='lat' dir='ltr'><strong>Vita</strong></span> <span class='ocrx_word' id='word_1_63' title='bbox 2720 2080 2884 2133; x_wconf 88' lang='lat' dir='ltr'><strong>relata</strong></span> <span class='ocrx_word' id='word_1_64' title='bbox 2918 2092 3017 2135; x_wconf 89' lang='lat' dir='ltr'><strong>est.</strong></span> <span class='ocrx_word' id='word_1_65' title='bbox 3070 2082 3219 2139; x_wconf 88' lang='lat' dir='ltr'><strong>llane</strong></span> <span class='ocrx_word' id='word_1_66' title='bbox 3260 2086 3489 2140; x_wconf 85' lang='lat' dir='ltr'><strong>Adsonis</strong></span> <span class='ocrx_word' id='word_1_67' title='bbox 3538 2078 3959 2143; x_wconf 70' lang='lat' dir='ltr'><strong>lucubrationeni</strong></span> <span class='ocrx_word' id='word_1_68' title='bbox 4004 2091 4093 2143; x_wconf 72' lang='lat' dir='ltr'><strong>hic</strong></span> 
     </span>
    </p>
   </div>
   <div class='ocr_carea' id='block_1_10' title="bbox 844 2149 4095 2225">
    <p class='ocr_par' dir='ltr' id='par_1_10' title="bbox 844 2149 4095 2225">
     <span class='ocr_line' id='line_1_10' title="bbox 844 2149 4095 2225; baseline 0 -16"><span class='ocrx_word' id='word_1_69' title='bbox 844 2157 1171 2209; x_wconf 79' lang='lat' dir='ltr'><strong>exhibemus</strong></span> <span class='ocrx_word' id='word_1_70' title='bbox 1197 2170 1317 2208; x_wconf 90' lang='lat' dir='ltr'><strong>eum</strong></span> <span class='ocrx_word' id='word_1_71' title='bbox 1345 2155 1617 2225; x_wconf 86' lang='lat' dir='ltr'><strong>nonnullis</strong></span> <span class='ocrx_word' id='word_1_72' title='bbox 1644 2152 1942 2225; x_wconf 63' lang='lat' dir='ltr'><strong>miraculis,</strong></span> <span class='ocrx_word' id='word_1_73' title='bbox 1971 2164 2199 2225; x_wconf 78' lang='lat' dir='ltr'><strong>quorum</strong></span> <span class='ocrx_word' id='word_1_74' title='bbox 2225 2149 2401 2225; x_wconf 81' lang='lat' dir='ltr'><strong>aliqua</strong></span> <span class='ocrx_word' id='word_1_75' title='bbox 2435 2159 2822 2225; x_wconf 68' lang='lat' dir='ltr'><strong>commemorat</strong></span> <span class='ocrx_word' id='word_1_76' title='bbox 2852 2150 3213 2225; x_wconf 46' lang='lat' dir='ltr'><strong>Fgodoardus,</strong></span> <span class='ocrx_word' id='word_1_77' title='bbox 3251 2154 3416 2225; x_wconf 85' lang='lat' dir='ltr'><strong>nulla,</strong></span> <span class='ocrx_word' id='word_1_78' title='bbox 3444 2159 3584 2225; x_wconf 87' lang='lat' dir='ltr'><strong>quod</strong></span> <span class='ocrx_word' id='word_1_79' title='bbox 3613 2159 3811 2219; x_wconf 89' lang='lat' dir='ltr'><strong>sciam,</strong></span> <span class='ocrx_word' id='word_1_80' title='bbox 3862 2160 4095 2212; x_wconf 87' lang='lat' dir='ltr'><strong>transla-</strong></span> 
     </span>
    </p>
   </div>
   <div class='ocr_carea' id='block_1_11' title="bbox 845 2219 4089 2291">
    <p class='ocr_par' dir='ltr' id='par_1_11' title="bbox 845 2219 4089 2291">
     <span class='ocr_line' id='line_1_11' title="bbox 845 2219 4089 2291; baseline 0.001 -15"><span class='ocrx_word' id='word_1_81' title='bbox 845 2226 1011 2278; x_wconf 79' lang='lat' dir='ltr'><strong>tionis</strong></span> <span class='ocrx_word' id='word_1_82' title='bbox 1043 2225 1313 2277; x_wconf 86' lang='lat' dir='ltr'><strong>mentione</strong></span> <span class='ocrx_word' id='word_1_83' title='bbox 1347 2224 1505 2277; x_wconf 78' lang='lat' dir='ltr'><strong>facta.</strong></span> <span class='ocrx_word' id='word_1_84' title='bbox 1538 2224 1617 2276; x_wconf 83' lang='lat' dir='ltr'><strong>An</strong></span> <span class='ocrx_word' id='word_1_85' title='bbox 1643 2238 1772 2274; x_wconf 87' lang='lat' dir='ltr'><strong>vero</strong></span> <span class='ocrx_word' id='word_1_86' title='bbox 1805 2220 2148 2291; x_wconf 82' lang='lat' dir='ltr'><strong>Frodoardns</strong></span> <span class='ocrx_word' id='word_1_87' title='bbox 2169 2232 2234 2271; x_wconf 78' lang='lat' dir='ltr'><strong>ex</strong></span> <span class='ocrx_word' id='word_1_88' title='bbox 2270 2220 2506 2291; x_wconf 60' lang='lat' dir='ltr'><strong>Adsone,</strong></span> <span class='ocrx_word' id='word_1_89' title='bbox 2537 2233 2602 2291; x_wconf 86' lang='lat' dir='ltr'><strong>an</strong></span> <span class='ocrx_word' id='word_1_90' title='bbox 2628 2219 2770 2291; x_wconf 83' lang='lat' dir='ltr'><strong>Adso</strong></span> <span class='ocrx_word' id='word_1_91' title='bbox 2795 2235 2861 2273; x_wconf 80' lang='lat' dir='ltr'><strong>ex</strong></span> <span class='ocrx_word' id='word_1_92' title='bbox 2897 2220 3205 2291; x_wconf 7' lang='lat' dir='ltr'><strong>Firodoardo</strong></span> <span class='ocrx_word' id='word_1_93' title='bbox 3234 2219 3478 2289; x_wconf 71' lang='lat' dir='ltr'><strong>quaedam</strong></span> <span class='ocrx_word' id='word_1_94' title='bbox 3512 2236 3783 2280; x_wconf 81' lang='lat' dir='ltr'><strong>inutuatus</strong></span> <span class='ocrx_word' id='word_1_95' title='bbox 3820 2230 3921 2291; x_wconf 86' lang='lat' dir='ltr'><strong>sit,</strong></span> <span class='ocrx_word' id='word_1_96' title='bbox 3956 2228 4089 2280; x_wconf 91' lang='lat' dir='ltr'><strong>mihi</strong></span> 
     </span>
    </p>
   </div>
   <div class='ocr_carea' id='block_1_12' title="bbox 844 2287 4089 2362">
    <p class='ocr_par' dir='ltr' id='par_1_12' title="bbox 844 2287 4089 2362">
     <span class='ocr_line' id='line_1_12' title="bbox 844 2287 4089 2362; baseline 0.001 -17"><span class='ocrx_word' id='word_1_97' title='bbox 844 2294 1280 2362; x_wconf 83' lang='lat' dir='ltr'><strong>incompertum;</strong></span> <span class='ocrx_word' id='word_1_98' title='bbox 1315 2309 1437 2345; x_wconf 90' lang='lat' dir='ltr'><strong>nam</strong></span> <span class='ocrx_word' id='word_1_99' title='bbox 1470 2293 1605 2346; x_wconf 90' lang='lat' dir='ltr'><strong>alter</strong></span> <span class='ocrx_word' id='word_1_100' title='bbox 1630 2292 1782 2362; x_wconf 83' lang='lat' dir='ltr'><strong>alteri</strong></span> <span class='ocrx_word' id='word_1_101' title='bbox 1809 2290 2032 2362; x_wconf 63' lang='lat' dir='ltr'><strong>aequalis</strong></span> <span class='ocrx_word' id='word_1_102' title='bbox 2057 2287 2419 2362; x_wconf 78' lang='lat' dir='ltr'><strong>l&#39;u_it,_tame_tsi</strong></span> <span class='ocrx_word' id='word_1_103' title='bbox 2447 2288 2790 2341; x_wconf 77' lang='lat' dir='ltr'><strong>Frodoardus</strong></span> <span class='ocrx_word' id='word_1_104' title='bbox 2818 2290 2973 2362; x_wconf 82' lang='lat' dir='ltr'><strong>annis</strong></span> <span class='ocrx_word' id='word_1_105' title='bbox 3007 2291 3136 2362; x_wconf 11' lang='lat' dir='ltr'><strong>fere,</strong></span> <span class='ocrx_word' id='word_1_106' title='bbox 3158 2287 3343 2361; x_wconf 79' lang='lat' dir='ltr'><strong>viginti</strong></span> <span class='ocrx_word' id='word_1_107' title='bbox 3376 2304 3500 2347; x_wconf 87' lang='lat' dir='ltr'><strong>ante</strong></span> <span class='ocrx_word' id='word_1_108' title='bbox 3530 2295 3794 2349; x_wconf 69' lang='lat' dir='ltr'><strong>Adsonem</strong></span> <span class='ocrx_word' id='word_1_109' title='bbox 3837 2287 4089 2351; x_wconf 81' lang='lat' dir='ltr'><strong>decessit.</strong></span> 
     </span>
    </p>
   </div>
   <div class='ocr_carea' id='block_1_13' title="bbox 845 2356 4092 2427">
    <p class='ocr_par' dir='ltr' id='par_1_13' title="bbox 845 2356 4092 2427">
     <span class='ocr_line' id='line_1_13' title="bbox 845 2356 4092 2427; baseline 0 -10"><span class='ocrx_word' id='word_1_110' title='bbox 845 2356 1044 2417; x_wconf 56' lang='lat' dir='ltr'><strong>Utrum&#39;</strong></span> <span class='ocrx_word' id='word_1_111' title='bbox 1068 2362 1318 2416; x_wconf 89' lang='lat' dir='ltr'><strong>canonici</strong></span> <span class='ocrx_word' id='word_1_112' title='bbox 1352 2363 1431 2416; x_wconf 82' lang='lat' dir='ltr'><strong>vel</strong></span> <span class='ocrx_word' id='word_1_113' title='bbox 1465 2361 1712 2415; x_wconf 72' lang='lat' dir='ltr'><strong>nronachi</strong></span> <span class='ocrx_word' id='word_1_114' title='bbox 1744 2360 1794 2413; x_wconf 93' lang='lat' dir='ltr'><strong>iu</strong></span> <span class='ocrx_word' id='word_1_115' title='bbox 1824 2356 2073 2413; x_wconf 54' lang='lat' dir='ltr'><strong>coenobio</strong></span> <span class='ocrx_word' id='word_1_116' title='bbox 2102 2356 2158 2410; x_wconf 93' lang='lat' dir='ltr'><strong>S.</strong></span> <span class='ocrx_word' id='word_1_117' title='bbox 2184 2356 2356 2411; x_wconf 90' lang='lat' dir='ltr'><strong>Basoli</strong></span> <span class='ocrx_word' id='word_1_118' title='bbox 2390 2368 2521 2417; x_wconf 83' lang='lat' dir='ltr'><strong>tum.</strong></span> <span class='ocrx_word' id='word_1_119' title='bbox 2551 2372 2669 2409; x_wconf 90' lang='lat' dir='ltr'><strong>cum</strong></span> <span class='ocrx_word' id='word_1_120' title='bbox 2694 2359 2984 2427; x_wconf 80' lang='lat' dir='ltr'><strong>translatio</strong></span> <span class='ocrx_word' id='word_1_121' title='bbox 3009 2356 3281 2413; x_wconf 76' lang='lat' dir='ltr'><strong>celebrata</strong></span> <span class='ocrx_word' id='word_1_122' title='bbox 3320 2372 3444 2427; x_wconf 84' lang='lat' dir='ltr'><strong>est,</strong></span> <span class='ocrx_word' id='word_1_123' title='bbox 3475 2364 3783 2424; x_wconf 85' lang='lat' dir='ltr'><strong>existerint,</strong></span> <span class='ocrx_word' id='word_1_124' title='bbox 3830 2381 3931 2417; x_wconf 93' lang='lat' dir='ltr'><strong>non</strong></span> <span class='ocrx_word' id='word_1_125' title='bbox 3959 2366 4092 2419; x_wconf 72' lang='lat' dir='ltr'><strong>satis</strong></span> 
     </span>
    </p>
   </div>
   <div class='ocr_carea' id='block_1_14' title="bbox 843 2426 4092 2500">
    <p class='ocr_par' dir='ltr' id='par_1_14' title="bbox 843 2426 4092 2500">
     <span class='ocr_line' id='line_1_14' title="bbox 843 2426 4092 2500; baseline 0 -15"><span class='ocrx_word' id='word_1_126' title='bbox 843 2433 1030 2500; x_wconf 89' lang='lat' dir='ltr'><strong>liquet.</strong></span> <span class='ocrx_word' id='word_1_127' title='bbox 1060 2430 1219 2485; x_wconf 82' lang='lat' dir='ltr'><strong>Certe</strong></span> <span class='ocrx_word' id='word_1_128' title='bbox 1243 2447 1386 2485; x_wconf 90' lang='lat' dir='ltr'><strong>anno</strong></span> <span class='ocrx_word' id='word_1_129' title='bbox 1414 2432 1518 2486; x_wconf 76' lang='lat'>889.</span> <span class='ocrx_word' id='word_1_130' title='bbox 1535 2431 1645 2498; x_wconf 84' lang='lat' dir='ltr'><strong>jam</strong></span> <span class='ocrx_word' id='word_1_131' title='bbox 1675 2430 1850 2500; x_wconf 74' lang='lat' dir='ltr'><strong>locum</strong></span> <span class='ocrx_word' id='word_1_132' title='bbox 1880 2428 2183 2500; x_wconf 76' lang='lat' dir='ltr'><strong>insidebant</strong></span> <span class='ocrx_word' id='word_1_133' title='bbox 2221 2428 2463 2500; x_wconf 55' lang='lat' dir='ltr'><strong>canonici</strong></span> <span class='ocrx_word' id='word_1_134' title='bbox 2499 2426 2775 2481; x_wconf 81' lang='lat' dir='ltr'><strong>monachis</strong></span> <span class='ocrx_word' id='word_1_135' title='bbox 2802 2427 3015 2500; x_wconf 76' lang='lat' dir='ltr'><strong>snti‘ecti</strong></span> <span class='ocrx_word' id='word_1_136' title='bbox 3040 2469 3054 2491; x_wconf 90' lang='lat'><strong>,</strong></span> <span class='ocrx_word' id='word_1_137' title='bbox 3091 2438 3147 2481; x_wconf 88' lang='grc' dir='ltr'><strong>ιιι</strong></span> <span class='ocrx_word' id='word_1_138' title='bbox 3192 2438 3465 2484; x_wconf 90' lang='lat' dir='ltr'><strong>testantur</strong></span> <span class='ocrx_word' id='word_1_139' title='bbox 3516 2432 3707 2487; x_wconf 76' lang='lat' dir='ltr'><strong>litterze</strong></span> <span class='ocrx_word' id='word_1_140' title='bbox 3735 2436 4092 2488; x_wconf 64' lang='lat' dir='ltr'><strong>ercusatoria:</strong></span> 
     </span>
    </p>
   </div>
   <div class='ocr_carea' id='block_1_15' title="bbox 842 2496 4089 2572">
    <p class='ocr_par' dir='ltr' id='par_1_15' title="bbox 842 2496 4089 2572">
     <span class='ocr_line' id='line_1_15' title="bbox 842 2496 4089 2572; baseline 0.001 -19"><span class='ocrx_word' id='word_1_141' title='bbox 842 2496 1169 2572; x_wconf 71' lang='lat' dir='ltr'><strong>clericorum</strong></span> <span class='ocrx_word' id='word_1_142' title='bbox 1200 2496 1548 2572; x_wconf 70' lang='lat' dir='ltr'><strong>Bernensinm</strong></span> <span class='ocrx_word' id='word_1_143' title='bbox 1579 2501 1642 2552; x_wconf 89' lang='lat' dir='ltr'><strong>ad</strong></span> <span class='ocrx_word' id='word_1_144' title='bbox 1669 2498 2046 2572; x_wconf 83' lang='lat' dir='ltr'><strong>Hildeboldum</strong></span> <span class='ocrx_word' id='word_1_145' title='bbox 2070 2497 2316 2572; x_wconf 80' lang='lat' dir='ltr'><strong>aliosque</strong></span> <span class='ocrx_word' id='word_1_146' title='bbox 2351 2496 2741 2572; x_wconf 83' lang='lat' dir='ltr'><strong>sullraganeos,</strong></span> <span class='ocrx_word' id='word_1_147' title='bbox 2771 2498 2967 2564; x_wconf 83' lang='lat' dir='ltr'><strong>quibus</strong></span> <span class='ocrx_word' id='word_1_148' title='bbox 2997 2514 3116 2572; x_wconf 76' lang='lat' dir='ltr'><strong>sese</strong></span> <span class='ocrx_word' id='word_1_149' title='bbox 3144 2500 3444 2567; x_wconf 82' lang='lat' dir='ltr'><strong>purgabant</strong></span> <span class='ocrx_word' id='word_1_150' title='bbox 3482 2516 3546 2555; x_wconf 82' lang='lat' dir='ltr'><strong>ex</strong></span> <span class='ocrx_word' id='word_1_151' title='bbox 3578 2518 3641 2555; x_wconf 88' lang='lat' dir='ltr'><strong>eo</strong></span> <span class='ocrx_word' id='word_1_152' title='bbox 3662 2544 3675 2564; x_wconf 85' lang='lat'><strong>,</strong></span> <span class='ocrx_word' id='word_1_153' title='bbox 3700 2506 3841 2572; x_wconf 87' lang='lat' dir='ltr'><strong>quod</strong></span> <span class='ocrx_word' id='word_1_154' title='bbox 3872 2513 4089 2555; x_wconf 90' lang='lat' dir='ltr'><strong>mortuo</strong></span> 
     </span>
    </p>
   </div>
   <div class='ocr_carea' id='block_1_16' title="bbox 842 2565 4086 2637">
    <p class='ocr_par' dir='ltr' id='par_1_16' title="bbox 842 2565 4086 2637">
     <span class='ocr_line' id='line_1_16' title="bbox 842 2565 4086 2637; baseline 0.001 -13"><span class='ocrx_word' id='word_1_155' title='bbox 842 2570 1140 2624; x_wconf 76' lang='lat' dir='ltr'><strong>llincmaro</strong></span> <span class='ocrx_word' id='word_1_156' title='bbox 1175 2572 1242 2624; x_wconf 89' lang='lat' dir='ltr'><strong>de</strong></span> <span class='ocrx_word' id='word_1_157' title='bbox 1272 2570 1455 2624; x_wconf 80' lang='lat' dir='ltr'><strong>futuro</strong></span> <span class='ocrx_word' id='word_1_158' title='bbox 1486 2577 1953 2637; x_wconf 18' lang='lat' dir='ltr'><strong>successoreiante</strong></span> <span class='ocrx_word' id='word_1_159' title='bbox 1983 2565 2282 2637; x_wconf 78' lang='lat' dir='ltr'><strong>visitatorjs</strong></span> <span class='ocrx_word' id='word_1_160' title='bbox 2317 2566 2603 2637; x_wconf 69' lang='lat' dir='ltr'><strong>adventum</strong></span> <span class='ocrx_word' id='word_1_161' title='bbox 2633 2574 3014 2637; x_wconf 72' lang='lat' dir='ltr'><strong>tractaverant.</strong></span> <span class='ocrx_word' id='word_1_162' title='bbox 3048 2565 3269 2621; x_wconf 81' lang='lat' dir='ltr'><strong>Derimni</strong></span> <span class='ocrx_word' id='word_1_163' title='bbox 3303 2572 3574 2624; x_wconf 76' lang='lat' dir='ltr'><strong>canonicis</strong></span> <span class='ocrx_word' id='word_1_164' title='bbox 3598 2565 3819 2637; x_wconf 76' lang='lat' dir='ltr'><strong>ahjectis</strong></span> <span class='ocrx_word' id='word_1_165' title='bbox 3851 2572 4086 2626; x_wconf 84' lang='lat' dir='ltr'><strong>restituti</strong></span> 
     </span>
    </p>
   </div>
   <div class='ocr_carea' id='block_1_17' title="bbox 840 2633 4087 2704">
    <p class='ocr_par' dir='ltr' id='par_1_17' title="bbox 840 2633 4087 2704">
     <span class='ocr_line' id='line_1_17' title="bbox 840 2633 4087 2704; baseline 0 -12"><span class='ocrx_word' id='word_1_166' title='bbox 840 2650 969 2693; x_wconf 90' lang='lat' dir='ltr'><strong>sunt</strong></span> <span class='ocrx_word' id='word_1_167' title='bbox 1012 2641 1259 2693; x_wconf 84' lang='lat' dir='ltr'><strong>monachi</strong></span> <span class='ocrx_word' id='word_1_168' title='bbox 1291 2656 1435 2694; x_wconf 89' lang='lat' dir='ltr'><strong>anno</strong></span> <span class='ocrx_word' id='word_1_169' title='bbox 1463 2640 1587 2701; x_wconf 70' lang='grc'><strong>952,</strong></span> <span class='ocrx_word' id='word_1_170' title='bbox 1621 2647 1674 2691; x_wconf 88' lang='grc' dir='ltr'><strong>ιιι</strong></span> <span class='ocrx_word' id='word_1_171' title='bbox 1702 2654 1767 2691; x_wconf 80' lang='lat' dir='ltr'><strong>ex</strong></span> <span class='ocrx_word' id='word_1_172' title='bbox 1796 2636 2106 2690; x_wconf 77' lang='lat' dir='ltr'><strong>Frodoardo</strong></span> <span class='ocrx_word' id='word_1_173' title='bbox 2131 2633 2399 2693; x_wconf 83' lang='lat' dir='ltr'><strong>ad.Vitam</strong></span> <span class='ocrx_word' id='word_1_174' title='bbox 2432 2633 2691 2704; x_wconf 34' lang='lat' dir='ltr'><strong>SaBasoli</strong></span> <span class='ocrx_word' id='word_1_175' title='bbox 2721 2636 3152 2699; x_wconf 77' lang='lat' dir='ltr'><strong>observavimus;</strong></span> <span class='ocrx_word' id='word_1_176' title='bbox 3177 2647 3231 2690; x_wconf 88' lang='lat' dir='ltr'><strong>et</strong></span> <span class='ocrx_word' id='word_1_177' title='bbox 3257 2639 3355 2690; x_wconf 90' lang='lat' dir='ltr'><strong>sub</strong></span> <span class='ocrx_word' id='word_1_178' title='bbox 3376 2644 3609 2694; x_wconf 82' lang='lat' dir='ltr'><strong>secundo</strong></span> <span class='ocrx_word' id='word_1_179' title='bbox 3634 2633 3825 2693; x_wconf 84' lang='lat' dir='ltr'><strong>abbate</strong></span> <span class='ocrx_word' id='word_1_180' title='bbox 3851 2640 4087 2704; x_wconf 80' lang='lat' dir='ltr'><strong>Adsone,</strong></span> 
     </span>
    </p>
   </div>
   <div class='ocr_carea' id='block_1_18' title="bbox 843 2703 4097 2778">
    <p class='ocr_par' dir='ltr' id='par_1_18' title="bbox 843 2703 4097 2778">
     <span class='ocr_line' id='line_1_18' title="bbox 843 2703 4097 2778; baseline -0.001 -15"><span class='ocrx_word' id='word_1_181' title='bbox 843 2708 1031 2763; x_wconf 85' lang='lat' dir='ltr'><strong>Odolei</strong></span> <span class='ocrx_word' id='word_1_182' title='bbox 1066 2710 1224 2776; x_wconf 92' lang='lat' dir='ltr'><strong>primi</strong></span> <span class='ocrx_word' id='word_1_183' title='bbox 1256 2720 1373 2778; x_wconf 84' lang='lat' dir='ltr'><strong>post</strong></span> <span class='ocrx_word' id='word_1_184' title='bbox 1403 2710 1796 2764; x_wconf 87' lang='lat' dir='ltr'><strong>restitutionem</strong></span> <span class='ocrx_word' id='word_1_185' title='bbox 1839 2706 2049 2760; x_wconf 87' lang='lat' dir='ltr'><strong>abbatis</strong></span> <span class='ocrx_word' id='word_1_186' title='bbox 2071 2718 2401 2778; x_wconf 76' lang='lat' dir='ltr'><strong>successore,</strong></span> <span class='ocrx_word' id='word_1_187' title='bbox 2434 2703 2578 2756; x_wconf 79' lang='lat' dir='ltr'><strong>Adso</strong></span> <span class='ocrx_word' id='word_1_188' title='bbox 2608 2703 2894 2778; x_wconf 73' lang='lat' dir='ltr'><strong>Dervensis</strong></span> <span class='ocrx_word' id='word_1_189' title='bbox 2926 2706 3094 2778; x_wconf 66' lang='lat' dir='ltr'><strong>abbas</strong></span> <span class='ocrx_word' id='word_1_190' title='bbox 3115 2708 3262 2778; x_wconf 85' lang='lat' dir='ltr'><strong>hunc</strong></span> <span class='ocrx_word' id='word_1_191' title='bbox 3292 2707 3527 2761; x_wconf 89' lang='lat' dir='ltr'><strong>libellmu</strong></span> <span class='ocrx_word' id='word_1_192' title='bbox 3573 2713 3831 2763; x_wconf 77' lang='lat' dir='ltr'><strong>exaravit.</strong></span> <span class='ocrx_word' id='word_1_193' title='bbox 3879 2710 3932 2761; x_wconf 92' lang='lat' dir='ltr'><strong>ln</strong></span> <span class='ocrx_word' id='word_1_194' title='bbox 3982 2710 4097 2762; x_wconf 80' lang='lat' dir='ltr'><strong>illis</strong></span> 
     </span>
    </p>
   </div>
   <div class='ocr_carea' id='block_1_19' title="bbox 845 2772 4087 2854">
    <p class='ocr_par' dir='ltr' id='par_1_19' title="bbox 845 2772 4087 2854">
     <span class='ocr_line' id='line_1_19' title="bbox 845 2772 4087 2854; baseline 0.002 -24"><span class='ocrx_word' id='word_1_195' title='bbox 845 2772 1187 2854; x_wconf 66' lang='lat' dir='ltr'><strong>pri_moriliis_</strong></span> <span class='ocrx_word' id='word_1_196' title='bbox 1208 2772 1345 2847; x_wconf 79' lang='lat' dir='ltr'><strong>apud</strong></span> <span class='ocrx_word' id='word_1_197' title='bbox 1378 2778 1447 2854; x_wconf 34' lang='grc' dir='ltr'><strong>ελ</strong></span> <span class='ocrx_word' id='word_1_198' title='bbox 1465 2778 1715 2854; x_wconf 54' lang='lat' dir='ltr'><strong>[insidunt</strong></span> <span class='ocrx_word' id='word_1_199' title='bbox 1746 2786 2016 2854; x_wconf 53' lang='lat' dir='ltr'><strong>utcunque</strong></span> <span class='ocrx_word' id='word_1_200' title='bbox 2046 2774 2280 2854; x_wconf 82' lang='lat' dir='ltr'><strong>viguisse</strong></span> <span class='ocrx_word' id='word_1_201' title='bbox 2310 2772 2978 2854; x_wconf 46' lang='lat' dir='ltr'><strong>litteras,ueolligimnscs</strong></span> <span class='ocrx_word' id='word_1_202' title='bbox 3003 2774 3249 2854; x_wconf 73' lang='lat' dir='ltr'><strong>Gerberti</strong></span> <span class='ocrx_word' id='word_1_203' title='bbox 3276 2777 3499 2854; x_wconf 62' lang='lat' dir='ltr'><strong>epistola</strong></span> <span class='ocrx_word' id='word_1_204' title='bbox 3535 2779 3563 2830; x_wconf 92' lang='lat'><strong>7</strong></span> <span class='ocrx_word' id='word_1_205' title='bbox 3586 2821 3600 2843; x_wconf 89' lang='lat'><strong>,</strong></span> <span class='ocrx_word' id='word_1_206' title='bbox 3647 2780 3696 2831; x_wconf 91' lang='lat' dir='ltr'><strong>in</strong></span> <span class='ocrx_word' id='word_1_207' title='bbox 3723 2796 3826 2846; x_wconf 86' lang='lat' dir='ltr'><strong>qua</strong></span> <span class='ocrx_word' id='word_1_208' title='bbox 3855 2779 4087 2835; x_wconf 82' lang='lat' dir='ltr'><strong>Plinium</strong></span> 
     </span>
    </p>
   </div>
   <div class='ocr_carea' id='block_1_20' title="bbox 840 2841 3845 2920">
    <p class='ocr_par' dir='ltr' id='par_1_20' title="bbox 840 2841 3845 2920">
     <span class='ocr_line' id='line_1_20' title="bbox 840 2841 3845 2920; baseline 0.001 -19"><span class='ocrx_word' id='word_1_209' title='bbox 840 2841 897 2901; x_wconf 78' lang='lat' dir='ltr'><strong>et</strong></span> <span class='ocrx_word' id='word_1_210' title='bbox 918 2841 1283 2918; x_wconf 81' lang='lat' dir='ltr'><strong>Engraphinm</strong></span> <span class='ocrx_word' id='word_1_211' title='bbox 1318 2864 1381 2902; x_wconf 80' lang='lat' dir='ltr'><strong>ex</strong></span> <span class='ocrx_word' id='word_1_212' title='bbox 1416 2847 1473 2902; x_wconf 87' lang='lat' dir='ltr'><strong>S.</strong></span> <span class='ocrx_word' id='word_1_213' title='bbox 1504 2847 1680 2902; x_wconf 86' lang='lat' dir='ltr'><strong>Basoli</strong></span> <span class='ocrx_word' id='word_1_214' title='bbox 1709 2855 1803 2899; x_wconf 89' lang='lat' dir='ltr'><strong>aut</strong></span> <span class='ocrx_word' id='word_1_215' title='bbox 1832 2841 2127 2899; x_wconf 83' lang='lat' dir='ltr'><strong>Orbacensi</strong></span> <span class='ocrx_word' id='word_1_216' title='bbox 2160 2844 2491 2896; x_wconf 90' lang='lat' dir='ltr'><strong>monasterio</strong></span> <span class='ocrx_word' id='word_1_217' title='bbox 2516 2841 2613 2895; x_wconf 84' lang='lat' dir='ltr'><strong>sibi</strong></span> <span class='ocrx_word' id='word_1_218' title='bbox 2645 2845 2903 2910; x_wconf 84' lang='lat' dir='ltr'><strong>perscribi</strong></span> <span class='ocrx_word' id='word_1_219' title='bbox 2932 2844 2998 2897; x_wconf 87' lang='lat' dir='ltr'><strong>ab</strong></span> <span class='ocrx_word' id='word_1_220' title='bbox 3024 2846 3249 2899; x_wconf 79' lang='lat' dir='ltr'><strong>Airardo</strong></span> <span class='ocrx_word' id='word_1_221' title='bbox 3277 2845 3570 2903; x_wconf 87' lang='lat' dir='ltr'><strong>Gcrbertus</strong></span> <span class='ocrx_word' id='word_1_222' title='bbox 3588 2841 3845 2920; x_wconf 72' lang='lat' dir='ltr'><strong>postulat.</strong></span> 
     </span>
    </p>
   </div>
   <div class='ocr_carea' id='block_1_21' title="bbox 839 3009 4085 3087">
    <p class='ocr_par' dir='ltr' id='par_1_21' title="bbox 839 3009 4085 3087">
     <span class='ocr_line' id='line_1_21' title="bbox 839 3009 4085 3087; baseline -0.001 -12"><span class='ocrx_word' id='word_1_223' title='bbox 839 3019 967 3075; x_wconf 74' lang='lat' dir='ltr'><strong>CAP.</strong></span> <span class='ocrx_word' id='word_1_224' title='bbox 1003 3020 1042 3074; x_wconf 91' lang='lat' dir='ltr'><strong>l.</strong></span> <span class='ocrx_word' id='word_1_225' title='bbox 1085 3019 1394 3074; x_wconf 81' lang='lat' dir='ltr'><strong>M’onasterii</strong></span> <span class='ocrx_word' id='word_1_226' title='bbox 1426 3018 1483 3073; x_wconf 91' lang='lat' dir='ltr'><strong>S.</strong></span> <span class='ocrx_word' id='word_1_227' title='bbox 1514 3018 1692 3070; x_wconf 63' lang='grc' dir='ltr'><strong>Βαθοιὶ</strong></span> <span class='ocrx_word' id='word_1_228' title='bbox 1716 3014 2051 3078; x_wconf 74' lang='lat' dir='ltr'><strong>instauratio,</strong></span> <span class='ocrx_word' id='word_1_229' title='bbox 2078 3013 2411 3081; x_wconf 76' lang='lat' dir='ltr'><strong>ejusdemque</strong></span> <span class='ocrx_word' id='word_1_230' title='bbox 2438 3013 2486 3071; x_wconf 80' lang='grc' dir='ltr'>Α</span> <span class='ocrx_word' id='word_1_231' title='bbox 2518 3019 2641 3064; x_wconf 80' lang='lat' dir='ltr'><strong>ante</strong></span> <span class='ocrx_word' id='word_1_232' title='bbox 2665 3009 2836 3063; x_wconf 87' lang='lat' dir='ltr'><strong>lncrat</strong></span> <span class='ocrx_word' id='word_1_233' title='bbox 2867 3012 3177 3080; x_wconf 61' lang='lat' dir='ltr'><strong>repositum,</strong></span> <span class='ocrx_word' id='word_1_234' title='bbox 3204 3015 3505 3068; x_wconf 82' lang='lat' dir='ltr'><strong>collocavit.</strong></span> <span class='ocrx_word' id='word_1_235' title='bbox 3533 3017 3585 3070; x_wconf 92' lang='lat' dir='ltr'><strong>lu</strong></span> <span class='ocrx_word' id='word_1_236' title='bbox 3611 3019 3796 3071; x_wconf 88' lang='lat' dir='ltr'><strong>eadem</strong></span> <span class='ocrx_word' id='word_1_237' title='bbox 3824 3034 3948 3073; x_wconf 87' lang='lat' dir='ltr'><strong>vero</strong></span> <span class='ocrx_word' id='word_1_238' title='bbox 3974 3022 4085 3087; x_wconf 82' lang='lat' dir='ltr'><strong>die,</strong></span> 
     </span>
    </p>
   </div>
   <div class='ocr_carea' id='block_1_22' title="bbox 1370 3087 1874 3142">
    <p class='ocr_par' dir='ltr' id='par_1_22' title="bbox 1370 3087 1874 3142">
     <span class='ocr_line' id='line_1_22' title="bbox 1370 3087 1874 3142; baseline -0.008 0"><span class='ocrx_word' id='word_1_239' title='bbox 1370 3088 1537 3142; x_wconf 84' lang='lat' dir='ltr'><strong>sancti</strong></span> <span class='ocrx_word' id='word_1_240' title='bbox 1580 3087 1874 3140; x_wconf 83' lang='lat' dir='ltr'><strong>translatio.</strong></span> 
     </span>
    </p>
   </div>
   <div class='ocr_carea' id='block_1_23' title="bbox 905 3190 2408 3267">
    <p class='ocr_par' dir='ltr' id='par_1_23' title="bbox 905 3190 2408 3267">
     <span class='ocr_line' id='line_1_23' title="bbox 905 3190 2408 3267; baseline -0.007 -15"><span class='ocrx_word' id='word_1_241' title='bbox 905 3199 1196 3267; x_wconf 85' lang='lat' dir='ltr'><strong>Postquam</strong></span> <span class='ocrx_word' id='word_1_242' title='bbox 1240 3206 1417 3251; x_wconf 88' lang='lat' dir='ltr'><strong>autem</strong></span> <span class='ocrx_word' id='word_1_243' title='bbox 1466 3196 1809 3250; x_wconf 85' lang='lat' dir='ltr'><strong>beatissimus</strong></span> <span class='ocrx_word' id='word_1_244' title='bbox 1838 3194 1997 3248; x_wconf 85' lang='lat' dir='ltr'><strong>Pater</strong></span> <span class='ocrx_word' id='word_1_245' title='bbox 2033 3192 2255 3246; x_wconf 85' lang='lat' dir='ltr'><strong>Basolus</strong></span> <span class='ocrx_word' id='word_1_246' title='bbox 2280 3190 2408 3245; x_wconf 88' lang='lat' dir='ltr'><strong>hine</strong></span> 
     </span>
    </p>
   </div>
   <div class='ocr_carea' id='block_1_24' title="bbox 843 3286 2411 3364">
    <p class='ocr_par' dir='ltr' id='par_1_24' title="bbox 843 3286 2411 3364">
     <span class='ocr_line' id='line_1_24' title="bbox 843 3286 2411 3364; baseline -0.007 -15"><span class='ocrx_word' id='word_1_247' title='bbox 843 3297 908 3349; x_wconf 82' lang='lat' dir='ltr'><strong>ad</strong></span> <span class='ocrx_word' id='word_1_248' title='bbox 941 3310 1174 3364; x_wconf 87' lang='lat' dir='ltr'><strong>superna</strong></span> <span class='ocrx_word' id='word_1_249' title='bbox 1219 3292 1478 3347; x_wconf 69' lang='lat' dir='ltr'><strong>cmlornm</strong></span> <span class='ocrx_word' id='word_1_250' title='bbox 1519 3291 1807 3345; x_wconf 82' lang='lat' dir='ltr'><strong>transierat</strong></span> <span class='ocrx_word' id='word_1_251' title='bbox 1834 3303 1995 3357; x_wconf 79' lang='lat' dir='ltr'><strong>regna</strong></span> <span class='ocrx_word' id='word_1_252' title='bbox 2025 3328 2038 3351; x_wconf 92' lang='lat'><strong>,</strong></span> <span class='ocrx_word' id='word_1_253' title='bbox 2079 3288 2129 3340; x_wconf 90' lang='lat' dir='ltr'><strong>in</strong></span> <span class='ocrx_word' id='word_1_254' title='bbox 2160 3287 2249 3341; x_wconf 94' lang='lat' dir='ltr'><strong>illo</strong></span> <span class='ocrx_word' id='word_1_255' title='bbox 2277 3286 2411 3340; x_wconf 87' lang='lat' dir='ltr'><strong>duo-</strong></span> 
     </span>
    </p>
   </div>
   <div class='ocr_carea' id='block_1_25' title="bbox 838 3377 2409 3448">
    <p class='ocr_par' dir='ltr' id='par_1_25' title="bbox 838 3377 2409 3448">
     <span class='ocr_line' id='line_1_25' title="bbox 838 3377 2409 3448; baseline -0.008 -9"><span class='ocrx_word' id='word_1_256' title='bbox 838 3387 1009 3441; x_wconf 87' lang='lat' dir='ltr'><strong>decim</strong></span> <span class='ocrx_word' id='word_1_257' title='bbox 1042 3384 1425 3439; x_wconf 86' lang='lat' dir='ltr'><strong>monachorum</strong></span> <span class='ocrx_word' id='word_1_258' title='bbox 1455 3380 1729 3440; x_wconf 63' lang='lat' dir='ltr'><strong>caenobio.</strong></span> <span class='ocrx_word' id='word_1_259' title='bbox 1759 3380 1900 3448; x_wconf 91' lang='lat' dir='ltr'><strong>quod</strong></span> <span class='ocrx_word' id='word_1_260' title='bbox 1928 3379 1993 3431; x_wconf 93' lang='lat' dir='ltr'><strong>ad</strong></span> <span class='ocrx_word' id='word_1_261' title='bbox 2026 3377 2232 3429; x_wconf 87' lang='lat' dir='ltr'><strong>radices</strong></span> <span class='ocrx_word' id='word_1_262' title='bbox 2259 3390 2409 3429; x_wconf 82' lang='lat' dir='ltr'><strong>mon-</strong></span> 
     </span>
    </p>
   </div>
   <div class='ocr_carea' id='block_1_26' title="bbox 839 3466 2408 3537">
    <p class='ocr_par' dir='ltr' id='par_1_26' title="bbox 839 3466 2408 3537">
     <span class='ocr_line' id='line_1_26' title="bbox 839 3466 2408 3537; baseline -0.008 -5"><span class='ocrx_word' id='word_1_263' title='bbox 839 3480 909 3533; x_wconf 89' lang='lat' dir='ltr'><strong>tis</strong></span> <span class='ocrx_word' id='word_1_264' title='bbox 957 3485 1218 3531; x_wconf 89' lang='lat' dir='ltr'><strong>statutum</strong></span> <span class='ocrx_word' id='word_1_265' title='bbox 1266 3474 1389 3529; x_wconf 91' lang='lat' dir='ltr'><strong>olim</strong></span> <span class='ocrx_word' id='word_1_266' title='bbox 1423 3474 1587 3527; x_wconf 84' lang='lat' dir='ltr'><strong>fuisse</strong></span> <span class='ocrx_word' id='word_1_267' title='bbox 1631 3471 1901 3533; x_wconf 82' lang='lat' dir='ltr'><strong>diximus,</strong></span> <span class='ocrx_word' id='word_1_268' title='bbox 1948 3469 2105 3537; x_wconf 87' lang='lat' dir='ltr'><strong>longo</strong></span> <span class='ocrx_word' id='word_1_269' title='bbox 2156 3466 2408 3521; x_wconf 80' lang='lat' dir='ltr'><strong>deﬂuenti</strong></span> 
     </span>
    </p>
   </div>
   <div class='ocr_carea' id='block_1_27' title="bbox 836 3559 2405 3641">
    <p class='ocr_par' dir='ltr' id='par_1_27' title="bbox 836 3559 2405 3641">
     <span class='ocr_line' id='line_1_27' title="bbox 836 3559 2405 3641; baseline -0.011 -14"><span class='ocrx_word' id='word_1_270' title='bbox 836 3581 1078 3641; x_wconf 89' lang='lat' dir='ltr'><strong>tempore</strong></span> <span class='ocrx_word' id='word_1_271' title='bbox 1099 3568 1290 3638; x_wconf 90' lang='lat' dir='ltr'><strong>partim</strong></span> <span class='ocrx_word' id='word_1_272' title='bbox 1322 3574 1542 3635; x_wconf 78' lang='lat' dir='ltr'><strong>propter</strong></span> <span class='ocrx_word' id='word_1_273' title='bbox 1571 3564 1818 3618; x_wconf 90' lang='lat' dir='ltr'><strong>incursus</strong></span> <span class='ocrx_word' id='word_1_274' title='bbox 1848 3560 2182 3622; x_wconf 88' lang='lat' dir='ltr'><strong>barbaricos,</strong></span> <span class='ocrx_word' id='word_1_275' title='bbox 2208 3559 2405 3629; x_wconf 88' lang='lat' dir='ltr'><strong>partim</strong></span> 
     </span>
    </p>
   </div>
   <div class='ocr_carea' id='block_1_28' title="bbox 835 3647 2405 3729">
    <p class='ocr_par' dir='ltr' id='par_1_28' title="bbox 835 3647 2405 3729">
     <span class='ocr_line' id='line_1_28' title="bbox 835 3647 2405 3729; baseline -0.009 -15"><span class='ocrx_word' id='word_1_276' title='bbox 835 3675 966 3716; x_wconf 85' lang='lat' dir='ltr'><strong>vero</strong></span> <span class='ocrx_word' id='word_1_277' title='bbox 998 3667 1215 3729; x_wconf 83' lang='lat' dir='ltr'><strong>propter</strong></span> <span class='ocrx_word' id='word_1_278' title='bbox 1238 3655 1546 3725; x_wconf 58' lang='lat' dir='ltr'><strong>nequeuntes</strong></span> <span class='ocrx_word' id='word_1_279' title='bbox 1571 3664 1625 3707; x_wconf 89' lang='lat' dir='ltr'><strong>et</strong></span> <span class='ocrx_word' id='word_1_280' title='bbox 1644 3662 1893 3723; x_wconf 85' lang='lat' dir='ltr'><strong>perpetes</strong></span> <span class='ocrx_word' id='word_1_281' title='bbox 1926 3652 1975 3704; x_wconf 93' lang='lat' dir='ltr'><strong>in</strong></span> <span class='ocrx_word' id='word_1_282' title='bbox 2023 3665 2188 3720; x_wconf 87' lang='lat' dir='ltr'><strong>regno</strong></span> <span class='ocrx_word' id='word_1_283' title='bbox 2211 3647 2405 3717; x_wconf 88' lang='lat' dir='ltr'><strong>princi-</strong></span> 
     </span>
    </p>
   </div>
   <div class='ocr_carea' id='block_1_29' title="bbox 834 3736 2404 3822">
    <p class='ocr_par' dir='ltr' id='par_1_29' title="bbox 834 3736 2404 3822">
     <span class='ocr_line' id='line_1_29' title="bbox 834 3736 2404 3822; baseline -0.009 -18"><span class='ocrx_word' id='word_1_284' title='bbox 834 3767 961 3822; x_wconf 92' lang='lat' dir='ltr'><strong>pum</strong></span> <span class='ocrx_word' id='word_1_285' title='bbox 990 3748 1288 3803; x_wconf 88' lang='lat' dir='ltr'><strong>discordias</strong></span> <span class='ocrx_word' id='word_1_286' title='bbox 1311 3786 1324 3810; x_wconf 88' lang='lat'><strong>,</strong></span> <span class='ocrx_word' id='word_1_287' title='bbox 1365 3746 1541 3799; x_wconf 88' lang='lat' dir='ltr'><strong>onmis</strong></span> <span class='ocrx_word' id='word_1_288' title='bbox 1570 3743 1913 3810; x_wconf 86' lang='lat' dir='ltr'><strong>antiquorum</strong></span> <span class='ocrx_word' id='word_1_289' title='bbox 1951 3739 2170 3792; x_wconf 80' lang='lat' dir='ltr'><strong>Patrum</strong></span> <span class='ocrx_word' id='word_1_290' title='bbox 2197 3736 2404 3805; x_wconf 85' lang='lat' dir='ltr'><strong>deperit</strong></span> 
     </span>
    </p>
   </div>
   <div class='ocr_carea' id='block_1_30' title="bbox 833 3825 2404 3896">
    <p class='ocr_par' dir='ltr' id='par_1_30' title="bbox 833 3825 2404 3896">
     <span class='ocr_line' id='line_1_30' title="bbox 833 3825 2404 3896; baseline -0.01 -1"><span class='ocrx_word' id='word_1_291' title='bbox 833 3840 1079 3896; x_wconf 87' lang='lat' dir='ltr'><strong>instituta</strong></span> <span class='ocrx_word' id='word_1_292' title='bbox 1130 3838 1363 3891; x_wconf 89' lang='lat' dir='ltr'><strong>traditio.</strong></span> <span class='ocrx_word' id='word_1_293' title='bbox 1417 3835 1566 3888; x_wconf 82' lang='lat' dir='ltr'><strong>Tunc</strong></span> <span class='ocrx_word' id='word_1_294' title='bbox 1610 3833 1774 3886; x_wconf 87' lang='lat' dir='ltr'><strong>etiam</strong></span> <span class='ocrx_word' id='word_1_295' title='bbox 1820 3840 1871 3883; x_wconf 89' lang='lat' dir='ltr'><strong>et</strong></span> <span class='ocrx_word' id='word_1_296' title='bbox 1921 3830 2020 3882; x_wconf 94' lang='lat' dir='ltr'><strong>alia</strong></span> <span class='ocrx_word' id='word_1_297' title='bbox 2078 3825 2404 3882; x_wconf 68' lang='lat' dir='ltr'><strong>monasteria</strong></span> 
     </span>
    </p>
   </div>
   <div class='ocr_carea' id='block_1_31' title="bbox 829 3918 2407 3998">
    <p class='ocr_par' dir='ltr' id='par_1_31' title="bbox 829 3918 2407 3998">
     <span class='ocr_line' id='line_1_31' title="bbox 829 3918 2407 3998; baseline -0.011 -10"><span class='ocrx_word' id='word_1_298' title='bbox 829 3941 956 3988; x_wconf 87' lang='lat' dir='ltr'><strong>sunt</strong></span> <span class='ocrx_word' id='word_1_299' title='bbox 982 3947 1080 3985; x_wconf 90' lang='lat' dir='ltr'><strong>suo</strong></span> <span class='ocrx_word' id='word_1_300' title='bbox 1104 3932 1307 3984; x_wconf 78' lang='lat' dir='ltr'><strong>honore</strong></span> <span class='ocrx_word' id='word_1_301' title='bbox 1335 3927 1564 3998; x_wconf 80' lang='lat' dir='ltr'><strong>privata,</strong></span> <span class='ocrx_word' id='word_1_302' title='bbox 1600 3924 1810 3978; x_wconf 70' lang='lat' dir='ltr'><strong>nudata:</strong></span> <span class='ocrx_word' id='word_1_303' title='bbox 1854 3922 2011 3975; x_wconf 88' lang='lat' dir='ltr'><strong>rebus</strong></span> <span class='ocrx_word' id='word_1_304' title='bbox 2040 3918 2303 3981; x_wconf 63' lang='lat' dir='ltr'><strong>ecclesia},</strong></span> <span class='ocrx_word' id='word_1_305' title='bbox 2353 3926 2407 3972; x_wconf 91' lang='lat' dir='ltr'><strong>et</strong></span> 
     </span>
    </p>
   </div>
   <div class='ocr_carea' id='block_1_32' title="bbox 833 4020 1392 4092">
    <p class='ocr_par' dir='ltr' id='par_1_32' title="bbox 833 4020 1392 4092">
     <span class='ocr_line' id='line_1_32' title="bbox 833 4020 1392 4092; baseline -0.016 -16"><span class='ocrx_word' id='word_1_306' title='bbox 833 4023 1076 4092; x_wconf 76' lang='lat' dir='ltr'><strong>plurima:</strong></span> <span class='ocrx_word' id='word_1_307' title='bbox 1101 4020 1392 4073; x_wconf 68' lang='lat' dir='ltr'><strong>subversas.</strong></span> 
     </span>
    </p>
   </div>
   <div class='ocr_carea' id='block_1_33' title="bbox 904 4099 2402 4174">
    <p class='ocr_par' dir='ltr' id='par_1_33' title="bbox 904 4099 2402 4174">
     <span class='ocr_line' id='line_1_33' title="bbox 904 4099 2402 4174; baseline -0.01 -11"><span class='ocrx_word' id='word_1_308' title='bbox 904 4110 1033 4163; x_wconf 86' lang='lat' dir='ltr'><strong>Post</strong></span> <span class='ocrx_word' id='word_1_309' title='bbox 1079 4108 1277 4162; x_wconf 88' lang='lat' dir='ltr'><strong>multos</strong></span> <span class='ocrx_word' id='word_1_310' title='bbox 1320 4107 1481 4174; x_wconf 73' lang='lat' dir='ltr'><strong>igitur</strong></span> <span class='ocrx_word' id='word_1_311' title='bbox 1518 4105 1637 4158; x_wconf 90' lang='lat' dir='ltr'><strong>dies</strong></span> <span class='ocrx_word' id='word_1_312' title='bbox 1669 4102 1924 4157; x_wconf 88' lang='lat' dir='ltr'><strong>redeunte</strong></span> <span class='ocrx_word' id='word_1_313' title='bbox 1962 4099 2215 4153; x_wconf 82' lang='lat' dir='ltr'><strong>Ecclesiis</strong></span> <span class='ocrx_word' id='word_1_314' title='bbox 2243 4112 2402 4167; x_wconf 89' lang='lat' dir='ltr'><strong>pace,</strong></span> 
     </span>
    </p>
   </div>
   <div class='ocr_carea' id='block_1_34' title="bbox 837 4188 2405 4254">
    <p class='ocr_par' dir='ltr' id='par_1_34' title="bbox 837 4188 2405 4254">
     <span class='ocr_line' id='line_1_34' title="bbox 837 4188 2405 4254; baseline -0.01 0"><span class='ocrx_word' id='word_1_315' title='bbox 837 4214 1022 4254; x_wconf 86' lang='lat' dir='ltr'><strong>rursus</strong></span> <span class='ocrx_word' id='word_1_316' title='bbox 1047 4198 1098 4250; x_wconf 92' lang='lat' dir='ltr'><strong>in</strong></span> <span class='ocrx_word' id='word_1_317' title='bbox 1123 4196 1335 4251; x_wconf 85' lang='lat' dir='ltr'><strong>diverso</strong></span> <span class='ocrx_word' id='word_1_318' title='bbox 1367 4194 1563 4248; x_wconf 87' lang='lat' dir='ltr'><strong>montis</strong></span> <span class='ocrx_word' id='word_1_319' title='bbox 1593 4192 1762 4245; x_wconf 91' lang='lat' dir='ltr'><strong>latere</strong></span> <span class='ocrx_word' id='word_1_320' title='bbox 1782 4231 1798 4254; x_wconf 90' lang='lat'><strong>,</strong></span> <span class='ocrx_word' id='word_1_321' title='bbox 1826 4206 1890 4243; x_wconf 79' lang='lat' dir='ltr'><strong>eo</strong></span> <span class='ocrx_word' id='word_1_322' title='bbox 1931 4190 1981 4242; x_wconf 90' lang='lat' dir='ltr'><strong>in</strong></span> <span class='ocrx_word' id='word_1_323' title='bbox 2014 4190 2131 4241; x_wconf 88' lang='lat' dir='ltr'><strong>loco</strong></span> <span class='ocrx_word' id='word_1_324' title='bbox 2158 4188 2243 4241; x_wconf 90' lang='lat' dir='ltr'><strong>ubi</strong></span> <span class='ocrx_word' id='word_1_325' title='bbox 2277 4202 2405 4240; x_wconf 89' lang='lat' dir='ltr'><strong>san-</strong></span> 
     </span>
    </p>
   </div>
   <div class='ocr_carea' id='block_1_35' title="bbox 834 4279 2404 4356">
    <p class='ocr_par' dir='ltr' id='par_1_35' title="bbox 834 4279 2404 4356">
     <span class='ocr_line' id='line_1_35' title="bbox 834 4279 2404 4356; baseline -0.01 -13"><span class='ocrx_word' id='word_1_326' title='bbox 834 4302 954 4343; x_wconf 85' lang='lat' dir='ltr'><strong>ctus</strong></span> <span class='ocrx_word' id='word_1_327' title='bbox 986 4286 1193 4341; x_wconf 89' lang='lat' dir='ltr'><strong>Domini</strong></span> <span class='ocrx_word' id='word_1_328' title='bbox 1224 4285 1449 4356; x_wconf 66' lang='lat' dir='ltr'><strong>egregia:</strong></span> <span class='ocrx_word' id='word_1_329' title='bbox 1478 4293 1826 4338; x_wconf 78' lang='lat' dir='ltr'><strong>conversatus</strong></span> <span class='ocrx_word' id='word_1_330' title='bbox 1860 4281 2054 4342; x_wconf 73' lang='lat' dir='ltr'><strong>fuerat,</strong></span> <span class='ocrx_word' id='word_1_331' title='bbox 2076 4280 2145 4332; x_wconf 92' lang='lat' dir='ltr'><strong>ob</strong></span> <span class='ocrx_word' id='word_1_332' title='bbox 2174 4279 2404 4332; x_wconf 85' lang='lat' dir='ltr'><strong>miracu-</strong></span> 
     </span>
    </p>
   </div>
   <div class='ocr_carea' id='block_1_36' title="bbox 2513 3100 4084 3179">
    <p class='ocr_par' dir='ltr' id='par_1_36' title="bbox 2513 3100 4084 3179">
     <span class='ocr_line' id='line_1_36' title="bbox 2513 3100 4084 3179; baseline 0.009 -29"><span class='ocrx_word' id='word_1_333' title='bbox 2513 3114 2615 3167; x_wconf 89' lang='lat' dir='ltr'><strong>qna</strong></span> <span class='ocrx_word' id='word_1_334' title='bbox 2650 3100 3250 3155; x_wconf 56' lang='lat' dir='ltr'><strong>honoriliventissimnm</strong></span> <span class='ocrx_word' id='word_1_335' title='bbox 3283 3105 3596 3159; x_wconf 88' lang='lat' dir='ltr'><strong>translatum</strong></span> <span class='ocrx_word' id='word_1_336' title='bbox 3622 3117 3703 3161; x_wconf 90' lang='lat' dir='ltr'><strong>cst</strong></span> <span class='ocrx_word' id='word_1_337' title='bbox 3726 3109 3839 3177; x_wconf 86' lang='lat' dir='ltr'><strong>ejus</strong></span> <span class='ocrx_word' id='word_1_338' title='bbox 3866 3125 4084 3179; x_wconf 81' lang='lat' dir='ltr'><strong>Corpus,</strong></span> 
     </span>
    </p>
   </div>
   <div class='ocr_carea' id='block_1_37' title="bbox 2514 3190 4081 3259">
    <p class='ocr_par' dir='ltr' id='par_1_37' title="bbox 2514 3190 4081 3259">
     <span class='ocr_line' id='line_1_37' title="bbox 2514 3190 4081 3259; baseline 0.007 -16"><span class='ocrx_word' id='word_1_339' title='bbox 2514 3190 2627 3259; x_wconf 77' lang='lat' dir='ltr'><strong>ipsa</strong></span> <span class='ocrx_word' id='word_1_340' title='bbox 2664 3193 2824 3243; x_wconf 85' lang='lat' dir='ltr'><strong>etiam</strong></span> <span class='ocrx_word' id='word_1_341' title='bbox 2868 3194 3146 3246; x_wconf 86' lang='lat' dir='ltr'><strong>dedicatur</strong></span> <span class='ocrx_word' id='word_1_342' title='bbox 3172 3196 3396 3249; x_wconf 80' lang='lat' dir='ltr'><strong>eceles‘ra</strong></span> <span class='ocrx_word' id='word_1_343' title='bbox 3444 3197 3493 3249; x_wconf 92' lang='lat' dir='ltr'><strong>in</strong></span> <span class='ocrx_word' id='word_1_344' title='bbox 3531 3198 3733 3252; x_wconf 85' lang='lat' dir='ltr'><strong>honore</strong></span> <span class='ocrx_word' id='word_1_345' title='bbox 3762 3201 3902 3254; x_wconf 88' lang='lat' dir='ltr'><strong>beati</strong></span> <span class='ocrx_word' id='word_1_346' title='bbox 3936 3201 4081 3254; x_wconf 85' lang='lat' dir='ltr'><strong>Mar-</strong></span> 
     </span>
    </p>
   </div>
   <div class='ocr_carea' id='block_1_38' title="bbox 2514 3280 4084 3348">
    <p class='ocr_par' dir='ltr' id='par_1_38' title="bbox 2514 3280 4084 3348">
     <span class='ocr_line' id='line_1_38' title="bbox 2514 3280 4084 3348; baseline 0.008 -16"><span class='ocrx_word' id='word_1_347' title='bbox 2514 3280 2631 3342; x_wconf 90' lang='lat' dir='ltr'><strong>tini,</strong></span> <span class='ocrx_word' id='word_1_348' title='bbox 2665 3280 2863 3334; x_wconf 77' lang='lat' dir='ltr'><strong>Christi</strong></span> <span class='ocrx_word' id='word_1_349' title='bbox 2908 3282 3113 3334; x_wconf 79' lang='lat' dir='ltr'><strong>Domini</strong></span> <span class='ocrx_word' id='word_1_350' title='bbox 3147 3286 3503 3348; x_wconf 62' lang='lat' dir='ltr'><strong>confessoris,</strong></span> <span class='ocrx_word' id='word_1_351' title='bbox 3538 3304 3601 3340; x_wconf 91' lang='lat' dir='ltr'><strong>ae</strong></span> <span class='ocrx_word' id='word_1_352' title='bbox 3627 3290 3949 3344; x_wconf 84' lang='lat' dir='ltr'><strong>sanctissimi</strong></span> <span class='ocrx_word' id='word_1_353' title='bbox 3982 3291 4084 3344; x_wconf 85' lang='lat' dir='ltr'><strong>Ba-</strong></span> 
     </span>
    </p>
   </div>
   <div class='ocr_carea' id='block_1_39' title="bbox 2511 3368 4084 3445">
    <p class='ocr_par' dir='ltr' id='par_1_39' title="bbox 2511 3368 4084 3445">
     <span class='ocr_line' id='line_1_39' title="bbox 2511 3368 4084 3445; baseline 0.009 -23"><span class='ocrx_word' id='word_1_354' title='bbox 2511 3368 2610 3422; x_wconf 91' lang='lat' dir='ltr'><strong>soli</strong></span> <span class='ocrx_word' id='word_1_355' title='bbox 2637 3370 2804 3423; x_wconf 90' lang='lat' dir='ltr'><strong>nostri</strong></span> <span class='ocrx_word' id='word_1_356' title='bbox 2835 3386 2932 3439; x_wconf 91' lang='lat' dir='ltr'><strong>per</strong></span> <span class='ocrx_word' id='word_1_357' title='bbox 2980 3373 3173 3426; x_wconf 59' lang='lat' dir='ltr'><strong>saecula</strong></span> <span class='ocrx_word' id='word_1_358' title='bbox 3221 3376 3431 3442; x_wconf 84' lang='lat' dir='ltr'><strong>patroni</strong></span> <span class='ocrx_word' id='word_1_359' title='bbox 3483 3380 3752 3445; x_wconf 70' lang='lat' dir='ltr'><strong>specialis.</strong></span> <span class='ocrx_word' id='word_1_360' title='bbox 3800 3379 3924 3433; x_wconf 71' lang='lat' dir='ltr'><strong>Haec</strong></span> <span class='ocrx_word' id='word_1_361' title='bbox 3953 3396 4084 3436; x_wconf 88' lang='lat' dir='ltr'><strong>vero</strong></span> 
     </span>
    </p>
   </div>
   <div class='ocr_carea' id='block_1_40' title="bbox 2514 3459 4083 3524">
    <p class='ocr_par' dir='ltr' id='par_1_40' title="bbox 2514 3459 4083 3524">
     <span class='ocr_line' id='line_1_40' title="bbox 2514 3459 4083 3524; baseline 0.009 -14"><span class='ocrx_word' id='word_1_362' title='bbox 2514 3459 2794 3513; x_wconf 90' lang='lat' dir='ltr'><strong>translatio</strong></span> <span class='ocrx_word' id='word_1_363' title='bbox 2843 3461 3002 3513; x_wconf 88' lang='lat' dir='ltr'><strong>simul</strong></span> <span class='ocrx_word' id='word_1_364' title='bbox 3050 3471 3105 3516; x_wconf 91' lang='lat' dir='ltr'><strong>et</strong></span> <span class='ocrx_word' id='word_1_365' title='bbox 3149 3463 3390 3518; x_wconf 85' lang='lat' dir='ltr'><strong>ecclesiae</strong></span> <span class='ocrx_word' id='word_1_366' title='bbox 3433 3482 3600 3520; x_wconf 70' lang='lat' dir='ltr'><strong>sacra:</strong></span> <span class='ocrx_word' id='word_1_367' title='bbox 3650 3468 3913 3523; x_wconf 86' lang='lat' dir='ltr'><strong>dedicatio</strong></span> <span class='ocrx_word' id='word_1_368' title='bbox 3956 3469 4083 3524; x_wconf 86' lang='lat' dir='ltr'><strong>ldus</strong></span> 
     </span>
    </p>
   </div>
   <div class='ocr_carea' id='block_1_41' title="bbox 2512 3544 4080 3628">
    <p class='ocr_par' dir='ltr' id='par_1_41' title="bbox 2512 3544 4080 3628">
     <span class='ocr_line' id='line_1_41' title="bbox 2512 3544 4080 3628; baseline 0.006 -29"><span class='ocrx_word' id='word_1_369' title='bbox 2512 3544 2759 3599; x_wconf 87' lang='lat' dir='ltr'><strong>Octobris</strong></span> <span class='ocrx_word' id='word_1_370' title='bbox 2790 3545 2929 3600; x_wconf 76' lang='lat' dir='ltr'><strong>facta</strong></span> <span class='ocrx_word' id='word_1_371' title='bbox 2957 3557 3039 3601; x_wconf 89' lang='lat' dir='ltr'><strong>est</strong></span> <span class='ocrx_word' id='word_1_372' title='bbox 3066 3566 3093 3601; x_wconf 91' lang='lat' dir='ltr'><strong>a</strong></span> <span class='ocrx_word' id='word_1_373' title='bbox 3125 3549 3348 3617; x_wconf 80' lang='lat' dir='ltr'><strong>praefato</strong></span> <span class='ocrx_word' id='word_1_374' title='bbox 3379 3550 3667 3628; x_wconf 76' lang='lat' dir='ltr'><strong>Hincntaro</strong></span> <span class='ocrx_word' id='word_1_375' title='bbox 3688 3593 3703 3616; x_wconf 89' lang='lat'><strong>,</strong></span> <span class='ocrx_word' id='word_1_376' title='bbox 3751 3570 3957 3623; x_wconf 65' lang='lat' dir='ltr'><strong>magnae</strong></span> <span class='ocrx_word' id='word_1_377' title='bbox 3985 3572 4080 3608; x_wconf 86' lang='lat' dir='ltr'><strong>att-</strong></span> 
     </span>
    </p>
   </div>
   <div class='ocr_carea' id='block_1_42' title="bbox 2510 3636 4083 3714">
    <p class='ocr_par' dir='ltr' id='par_1_42' title="bbox 2510 3636 4083 3714">
     <span class='ocr_line' id='line_1_42' title="bbox 2510 3636 4083 3714; baseline 0.007 -25"><span class='ocrx_word' id='word_1_378' title='bbox 2510 3636 2779 3689; x_wconf 87' lang='lat' dir='ltr'><strong>ctoritatis</strong></span> <span class='ocrx_word' id='word_1_379' title='bbox 2854 3640 3289 3711; x_wconf 86' lang='lat' dir='ltr'><strong>archiepiscopo;</strong></span> <span class='ocrx_word' id='word_1_380' title='bbox 3359 3658 3461 3711; x_wconf 88' lang='lat' dir='ltr'><strong>qua</strong></span> <span class='ocrx_word' id='word_1_381' title='bbox 3517 3644 3722 3699; x_wconf 88' lang='lat' dir='ltr'><strong>scilicet</strong></span> <span class='ocrx_word' id='word_1_382' title='bbox 3772 3645 3859 3700; x_wconf 89' lang='lat' dir='ltr'><strong>die</strong></span> <span class='ocrx_word' id='word_1_383' title='bbox 3912 3646 4083 3714; x_wconf 88' lang='lat' dir='ltr'><strong>ipsius</strong></span> 
     </span>
    </p>
   </div>
   <div class='ocr_carea' id='block_1_43' title="bbox 2510 3728 4082 3804">
    <p class='ocr_par' dir='ltr' id='par_1_43' title="bbox 2510 3728 4082 3804">
     <span class='ocr_line' id='line_1_43' title="bbox 2510 3728 4082 3804; baseline 0.004 -22"><span class='ocrx_word' id='word_1_384' title='bbox 2510 3730 2682 3782; x_wconf 87' lang='lat' dir='ltr'><strong>sancti</strong></span> <span class='ocrx_word' id='word_1_385' title='bbox 2723 3728 3039 3785; x_wconf 87' lang='lat' dir='ltr'><strong>solemnitas</strong></span> <span class='ocrx_word' id='word_1_386' title='bbox 3071 3734 3326 3785; x_wconf 88' lang='lat' dir='ltr'><strong>recolitnr</strong></span> <span class='ocrx_word' id='word_1_387' title='bbox 3364 3733 3660 3799; x_wconf 85' lang='lat' dir='ltr'><strong>celebrior,</strong></span> <span class='ocrx_word' id='word_1_388' title='bbox 3702 3736 3825 3803; x_wconf 84' lang='lat' dir='ltr'><strong>quia</strong></span> <span class='ocrx_word' id='word_1_389' title='bbox 3860 3745 4082 3804; x_wconf 87' lang='lat' dir='ltr'><strong>propter</strong></span> 
     </span>
    </p>
   </div>
   <div class='ocr_carea' id='block_1_44' title="bbox 2510 3819 4079 3892">
    <p class='ocr_par' dir='ltr' id='par_1_44' title="bbox 2510 3819 4079 3892">
     <span class='ocr_line' id='line_1_44' title="bbox 2510 3819 4079 3892; baseline 0.004 -23"><span class='ocrx_word' id='word_1_390' title='bbox 2510 3819 2824 3886; x_wconf 87' lang='lat' dir='ltr'><strong>populorum</strong></span> <span class='ocrx_word' id='word_1_391' title='bbox 2875 3821 2957 3888; x_wconf 86' lang='lat' dir='ltr'><strong>(ut</strong></span> <span class='ocrx_word' id='word_1_392' title='bbox 3005 3820 3259 3889; x_wconf 75' lang='lat' dir='ltr'><strong>diximus)</strong></span> <span class='ocrx_word' id='word_1_393' title='bbox 3314 3836 3381 3875; x_wconf 76' lang='lat' dir='ltr'><strong>ex</strong></span> <span class='ocrx_word' id='word_1_394' title='bbox 3429 3823 3655 3876; x_wconf 74' lang='lat' dir='ltr'><strong>diversis</strong></span> <span class='ocrx_word' id='word_1_395' title='bbox 3690 3832 3744 3875; x_wconf 89' lang='lat' dir='ltr'><strong>et</strong></span> <span class='ocrx_word' id='word_1_396' title='bbox 3776 3822 4079 3892; x_wconf 76' lang='lat' dir='ltr'><strong>longinquis</strong></span> 
     </span>
    </p>
   </div>
   <div class='ocr_carea' id='block_1_45' title="bbox 2510 3909 4081 3980">
    <p class='ocr_par' dir='ltr' id='par_1_45' title="bbox 2510 3909 4081 3980">
     <span class='ocr_line' id='line_1_45' title="bbox 2510 3909 4081 3980; baseline 0.001 -18"><span class='ocrx_word' id='word_1_397' title='bbox 2510 3911 2753 3980; x_wconf 89' lang='lat' dir='ltr'><strong>partibus</strong></span> <span class='ocrx_word' id='word_1_398' title='bbox 2794 3909 3173 3963; x_wconf 79' lang='lat' dir='ltr'><strong>continentiam</strong></span> <span class='ocrx_word' id='word_1_399' title='bbox 3210 3912 3432 3979; x_wconf 80' lang='lat' dir='ltr'><strong>contigit</strong></span> <span class='ocrx_word' id='word_1_400' title='bbox 3481 3920 3539 3963; x_wconf 88' lang='lat' dir='ltr'><strong>ut</strong></span> <span class='ocrx_word' id='word_1_401' title='bbox 3584 3911 3870 3964; x_wconf 86' lang='lat' dir='ltr'><strong>haberetur</strong></span> <span class='ocrx_word' id='word_1_402' title='bbox 3907 3911 4081 3963; x_wconf 79' lang='lat' dir='ltr'><strong>famu-</strong></span> 
     </span>
    </p>
   </div>
   <div class='ocr_carea' id='block_1_46' title="bbox 2510 3999 4075 4069">
    <p class='ocr_par' dir='ltr' id='par_1_46' title="bbox 2510 3999 4075 4069">
     <span class='ocr_line' id='line_1_46' title="bbox 2510 3999 4075 4069; baseline -0.001 -15"><span class='ocrx_word' id='word_1_403' title='bbox 2510 4002 2638 4055; x_wconf 92' lang='lat' dir='ltr'><strong>sior.</strong></span> <span class='ocrx_word' id='word_1_404' title='bbox 2668 4001 2743 4053; x_wconf 73' lang='lat' dir='ltr'><strong>Ex</strong></span> <span class='ocrx_word' id='word_1_405' title='bbox 2774 4016 2838 4052; x_wconf 88' lang='lat' dir='ltr'><strong>eo</strong></span> <span class='ocrx_word' id='word_1_406' title='bbox 2876 4000 3108 4069; x_wconf 80' lang='lat' dir='ltr'><strong>denique</strong></span> <span class='ocrx_word' id='word_1_407' title='bbox 3157 4010 3397 4069; x_wconf 89' lang='lat' dir='ltr'><strong>tempore</strong></span> <span class='ocrx_word' id='word_1_408' title='bbox 3428 4000 3610 4053; x_wconf 89' lang='lat' dir='ltr'><strong>multis</strong></span> <span class='ocrx_word' id='word_1_409' title='bbox 3639 4010 3693 4053; x_wconf 91' lang='lat' dir='ltr'><strong>et</strong></span> <span class='ocrx_word' id='word_1_410' title='bbox 3734 3999 4075 4054; x_wconf 84' lang='lat' dir='ltr'><strong>intercessio-</strong></span> 
     </span>
    </p>
   </div>
   <div class='ocr_carea' id='block_1_47' title="bbox 2509 4089 4076 4160">
    <p class='ocr_par' dir='ltr' id='par_1_47' title="bbox 2509 4089 4076 4160">
     <span class='ocr_line' id='line_1_47' title="bbox 2509 4089 4076 4160; baseline -0.001 -16"><span class='ocrx_word' id='word_1_411' title='bbox 2509 4092 2665 4144; x_wconf 88' lang='lat' dir='ltr'><strong>nibus</strong></span> <span class='ocrx_word' id='word_1_412' title='bbox 2694 4091 2862 4144; x_wconf 89' lang='lat' dir='ltr'><strong>sancti</strong></span> <span class='ocrx_word' id='word_1_413' title='bbox 2894 4089 3078 4157; x_wconf 86' lang='lat' dir='ltr'><strong>hujus,</strong></span> <span class='ocrx_word' id='word_1_414' title='bbox 3108 4091 3271 4143; x_wconf 85' lang='lat' dir='ltr'><strong>multa</strong></span> <span class='ocrx_word' id='word_1_415' title='bbox 3305 4100 3430 4144; x_wconf 90' lang='lat' dir='ltr'><strong>sunt</strong></span> <span class='ocrx_word' id='word_1_416' title='bbox 3467 4091 3617 4160; x_wconf 85' lang='lat' dir='ltr'><strong>signa</strong></span> <span class='ocrx_word' id='word_1_417' title='bbox 3659 4100 3872 4145; x_wconf 87' lang='lat' dir='ltr'><strong>ostensa</strong></span> <span class='ocrx_word' id='word_1_418' title='bbox 3902 4092 4076 4144; x_wconf 91' lang='lat' dir='ltr'><strong>virtu-</strong></span> 
     </span>
    </p>
   </div>
   <div class='ocr_carea' id='block_1_48' title="bbox 2509 4182 4073 4251">
    <p class='ocr_par' dir='ltr' id='par_1_48' title="bbox 2509 4182 4073 4251">
     <span class='ocr_line' id='line_1_48' title="bbox 2509 4182 4073 4251; baseline 0.001 -17"><span class='ocrx_word' id='word_1_419' title='bbox 2509 4189 2642 4245; x_wconf 90' lang='lat' dir='ltr'><strong>tum,</strong></span> <span class='ocrx_word' id='word_1_420' title='bbox 2675 4196 2793 4249; x_wconf 70' lang='lat' dir='ltr'><strong>quze</strong></span> <span class='ocrx_word' id='word_1_421' title='bbox 2822 4196 2924 4234; x_wconf 89' lang='lat' dir='ltr'><strong>non</strong></span> <span class='ocrx_word' id='word_1_422' title='bbox 2958 4191 3082 4235; x_wconf 90' lang='lat' dir='ltr'><strong>sunt</strong></span> <span class='ocrx_word' id='word_1_423' title='bbox 3120 4183 3507 4251; x_wconf 88' lang='lat' dir='ltr'><strong>comprehensa</strong></span> <span class='ocrx_word' id='word_1_424' title='bbox 3538 4182 3732 4236; x_wconf 88' lang='lat' dir='ltr'><strong>litteris</strong></span> <span class='ocrx_word' id='word_1_425' title='bbox 3759 4183 3823 4235; x_wconf 89' lang='lat' dir='ltr'><strong>ad</strong></span> <span class='ocrx_word' id='word_1_426' title='bbox 3866 4197 4073 4236; x_wconf 85' lang='lat' dir='ltr'><strong>memo-</strong></span> 
     </span>
    </p>
   </div>
   <div class='ocr_carea' id='block_1_49' title="bbox 2510 4269 4079 4340">
    <p class='ocr_par' dir='ltr' id='par_1_49' title="bbox 2510 4269 4079 4340">
     <span class='ocr_line' id='line_1_49' title="bbox 2510 4269 4079 4340; baseline -0.002 -16"><span class='ocrx_word' id='word_1_427' title='bbox 2510 4270 2641 4324; x_wconf 88' lang='lat' dir='ltr'><strong>riam</strong></span> <span class='ocrx_word' id='word_1_428' title='bbox 2672 4280 3026 4340; x_wconf 81' lang='lat' dir='ltr'><strong>posterorum.</strong></span> <span class='ocrx_word' id='word_1_429' title='bbox 3054 4269 3161 4325; x_wconf 86' lang='lat' dir='ltr'><strong>Nos</strong></span> <span class='ocrx_word' id='word_1_430' title='bbox 3204 4281 3379 4324; x_wconf 88' lang='lat' dir='ltr'><strong>autem</strong></span> <span class='ocrx_word' id='word_1_431' title='bbox 3411 4282 3667 4339; x_wconf 89' lang='lat' dir='ltr'><strong>quantum</strong></span> <span class='ocrx_word' id='word_1_432' title='bbox 3712 4278 3893 4325; x_wconf 87' lang='lat' dir='ltr'><strong>nostra</strong></span> <span class='ocrx_word' id='word_1_433' title='bbox 3919 4278 4079 4322; x_wconf 72' lang='lat' dir='ltr'><strong>:etate</strong></span> 
     </span>
    </p>
   </div>
   <div class='ocr_carea' id='block_1_50' title="bbox 834 4358 4077 4446">
    <p class='ocr_par' dir='ltr' id='par_1_50' title="bbox 834 4358 4077 4446">
     <span class='ocr_line' id='line_1_50' title="bbox 834 4358 4077 4446; baseline -0.007 -11"><span class='ocrx_word' id='word_1_434' title='bbox 834 4382 1004 4435; x_wconf 76' lang='lat' dir='ltr'><strong>lorum</strong></span> <span class='ocrx_word' id='word_1_435' title='bbox 1028 4379 1553 4446; x_wconf 77' lang='lat' dir='ltr'><strong>assiduitatem,qua:</strong></span> <span class='ocrx_word' id='word_1_436' title='bbox 1578 4375 1834 4430; x_wconf 82' lang='lat' dir='ltr'><strong>Dominus</strong></span> <span class='ocrx_word' id='word_1_437' title='bbox 1857 4371 2174 4443; x_wconf 84' lang='lat' dir='ltr'><strong>dignabatur</strong></span> <span class='ocrx_word' id='word_1_438' title='bbox 2194 4368 2405 4440; x_wconf 80' lang='lat' dir='ltr'><strong>operari</strong></span> <span class='ocrx_word' id='word_1_439' title='bbox 2438 4370 2482 4427; x_wconf 82' lang='grc' dir='ltr'><strong>Β</strong></span> <span class='ocrx_word' id='word_1_440' title='bbox 2512 4370 2604 4413; x_wconf 68' lang='grc' dir='ltr'><strong>θυι</strong></span> <span class='ocrx_word' id='word_1_441' title='bbox 2634 4360 2749 4413; x_wconf 67' lang='lat' dir='ltr'><strong>ﬁeri</strong></span> <span class='ocrx_word' id='word_1_442' title='bbox 2782 4361 3009 4413; x_wconf 67' lang='lat' dir='ltr'><strong>Vidimus</strong></span> <span class='ocrx_word' id='word_1_443' title='bbox 3029 4399 3045 4422; x_wconf 70' lang='grc' dir='ltr'><strong>ν</strong></span> <span class='ocrx_word' id='word_1_444' title='bbox 3090 4368 3182 4413; x_wconf 72' lang='grc' dir='ltr'><strong>θυι</strong></span> <span class='ocrx_word' id='word_1_445' title='bbox 3207 4372 3352 4414; x_wconf 67' lang='lat' dir='ltr'><strong>certe</strong></span> <span class='ocrx_word' id='word_1_446' title='bbox 3379 4375 3503 4413; x_wconf 64' lang='lat' dir='ltr'><strong>Vera</strong></span> <span class='ocrx_word' id='word_1_447' title='bbox 3539 4360 3773 4413; x_wconf 76' lang='lat' dir='ltr'><strong>ﬁdelium</strong></span> <span class='ocrx_word' id='word_1_448' title='bbox 3816 4358 4077 4413; x_wconf 81' lang='lat' dir='ltr'><strong>relatione</strong></span> 
     </span>
    </p>
   </div>
   <div class='ocr_carea' id='block_1_51' title="bbox 835 4460 2407 4542">
    <p class='ocr_par' dir='ltr' id='par_1_51' title="bbox 835 4460 2407 4542">
     <span class='ocr_line' id='line_1_51' title="bbox 835 4460 2407 4542; baseline -0.01 -16"><span class='ocrx_word' id='word_1_449' title='bbox 835 4487 930 4542; x_wconf 88' lang='lat' dir='ltr'><strong>per</strong></span> <span class='ocrx_word' id='word_1_450' title='bbox 956 4487 1076 4525; x_wconf 91' lang='lat' dir='ltr'><strong>eum</strong></span> <span class='ocrx_word' id='word_1_451' title='bbox 1102 4510 1116 4534; x_wconf 92' lang='lat'><strong>,</strong></span> <span class='ocrx_word' id='word_1_452' title='bbox 1168 4469 1312 4523; x_wconf 87' lang='lat' dir='ltr'><strong>aliud</strong></span> <span class='ocrx_word' id='word_1_453' title='bbox 1343 4476 1426 4522; x_wconf 88' lang='lat' dir='ltr'><strong>est</strong></span> <span class='ocrx_word' id='word_1_454' title='bbox 1470 4465 1855 4520; x_wconf 88' lang='lat' dir='ltr'><strong>mouastcrimn</strong></span> <span class='ocrx_word' id='word_1_455' title='bbox 1889 4478 1917 4517; x_wconf 90' lang='lat' dir='ltr'><strong>a</strong></span> <span class='ocrx_word' id='word_1_456' title='bbox 1947 4463 2006 4516; x_wconf 90' lang='grc' dir='ltr'><strong>Β.</strong></span> <span class='ocrx_word' id='word_1_457' title='bbox 2042 4460 2273 4514; x_wconf 83' lang='lat' dir='ltr'><strong>Nivardo</strong></span> <span class='ocrx_word' id='word_1_458' title='bbox 2304 4460 2407 4512; x_wconf 78' lang='lat' dir='ltr'><strong>Be-</strong></span> 
     </span>
    </p>
   </div>
   <div class='ocr_carea' id='block_1_52' title="bbox 834 4552 2405 4630">
    <p class='ocr_par' dir='ltr' id='par_1_52' title="bbox 834 4552 2405 4630">
     <span class='ocr_line' id='line_1_52' title="bbox 834 4552 2405 4630; baseline -0.008 -12"><span class='ocrx_word' id='word_1_459' title='bbox 834 4563 1007 4618; x_wconf 90' lang='lat' dir='ltr'><strong>mcnsi</strong></span> <span class='ocrx_word' id='word_1_460' title='bbox 1042 4560 1448 4630; x_wconf 85' lang='lat' dir='ltr'><strong>archiepiscopo</strong></span> <span class='ocrx_word' id='word_1_461' title='bbox 1478 4572 1717 4628; x_wconf 81' lang='lat' dir='ltr'><strong>congruo</strong></span> <span class='ocrx_word' id='word_1_462' title='bbox 1762 4556 1893 4609; x_wconf 91' lang='lat' dir='ltr'><strong>satis</strong></span> <span class='ocrx_word' id='word_1_463' title='bbox 1922 4564 1976 4609; x_wconf 92' lang='lat' dir='ltr'><strong>et</strong></span> <span class='ocrx_word' id='word_1_464' title='bbox 2002 4552 2210 4608; x_wconf 88' lang='lat' dir='ltr'><strong>decenti</strong></span> <span class='ocrx_word' id='word_1_465' title='bbox 2243 4566 2405 4621; x_wconf 89' lang='lat' dir='ltr'><strong>opere</strong></span> 
     </span>
    </p>
   </div>
   <div class='ocr_carea' id='block_1_53' title="bbox 833 4643 2403 4717">
    <p class='ocr_par' dir='ltr' id='par_1_53' title="bbox 833 4643 2403 4717">
     <span class='ocr_line' id='line_1_53' title="bbox 833 4643 2403 4717; baseline -0.01 -8"><span class='ocrx_word' id='word_1_466' title='bbox 833 4654 1195 4717; x_wconf 80' lang='lat' dir='ltr'><strong>fabricatum,</strong></span> <span class='ocrx_word' id='word_1_467' title='bbox 1260 4649 1583 4706; x_wconf 82' lang='lat' dir='ltr'><strong>habitaculis</strong></span> <span class='ocrx_word' id='word_1_468' title='bbox 1631 4649 1682 4701; x_wconf 91' lang='lat' dir='ltr'><strong>in</strong></span> <span class='ocrx_word' id='word_1_469' title='bbox 1734 4647 1959 4701; x_wconf 89' lang='lat' dir='ltr'><strong>circuitu</strong></span> <span class='ocrx_word' id='word_1_470' title='bbox 2008 4646 2161 4714; x_wconf 79' lang='lat' dir='ltr'><strong>juxta</strong></span> <span class='ocrx_word' id='word_1_471' title='bbox 2204 4643 2403 4698; x_wconf 90' lang='lat' dir='ltr'><strong>cultum</strong></span> 
     </span>
    </p>
   </div>
   <div class='ocr_carea' id='block_1_54' title="bbox 835 4738 2402 4815">
    <p class='ocr_par' dir='ltr' id='par_1_54' title="bbox 835 4738 2402 4815">
     <span class='ocr_line' id='line_1_54' title="bbox 835 4738 2402 4815; baseline -0.007 -17"><span class='ocrx_word' id='word_1_472' title='bbox 835 4745 1108 4815; x_wconf 62' lang='lat' dir='ltr'><strong>3rligionis</strong></span> <span class='ocrx_word' id='word_1_473' title='bbox 1143 4742 1524 4799; x_wconf 88' lang='lat' dir='ltr'><strong>convenienter</strong></span> <span class='ocrx_word' id='word_1_474' title='bbox 1554 4740 1847 4810; x_wconf 89' lang='lat' dir='ltr'><strong>dispositis.</strong></span> <span class='ocrx_word' id='word_1_475' title='bbox 1888 4738 2114 4804; x_wconf 80' lang='lat' dir='ltr'><strong>Quando</strong></span> <span class='ocrx_word' id='word_1_476' title='bbox 2160 4751 2286 4790; x_wconf 90' lang='lat' dir='ltr'><strong>vero</strong></span> <span class='ocrx_word' id='word_1_477' title='bbox 2320 4744 2402 4788; x_wconf 89' lang='lat' dir='ltr'><strong>tu-</strong></span> 
     </span>
    </p>
   </div>
   <div class='ocr_carea' id='block_1_55' title="bbox 832 4826 2404 4903">
    <p class='ocr_par' dir='ltr' id='par_1_55' title="bbox 832 4826 2404 4903">
     <span class='ocr_line' id='line_1_55' title="bbox 832 4826 2404 4903; baseline -0.006 -15"><span class='ocrx_word' id='word_1_478' title='bbox 832 4843 944 4888; x_wconf 88' lang='lat' dir='ltr'><strong>tum</strong></span> <span class='ocrx_word' id='word_1_479' title='bbox 976 4834 1091 4903; x_wconf 72' lang='lat' dir='ltr'><strong>ejus</strong></span> <span class='ocrx_word' id='word_1_480' title='bbox 1121 4835 1222 4888; x_wconf 91' lang='lat' dir='ltr'><strong>loci</strong></span> <span class='ocrx_word' id='word_1_481' title='bbox 1268 4834 1333 4888; x_wconf 86' lang='lat' dir='ltr'><strong>ad</strong></span> <span class='ocrx_word' id='word_1_482' title='bbox 1356 4833 1567 4887; x_wconf 89' lang='lat' dir='ltr'><strong>laudem</strong></span> <span class='ocrx_word' id='word_1_483' title='bbox 1600 4841 1654 4883; x_wconf 89' lang='lat' dir='ltr'><strong>et</strong></span> <span class='ocrx_word' id='word_1_484' title='bbox 1701 4830 1923 4900; x_wconf 77' lang='lat' dir='ltr'><strong>gloriam</strong></span> <span class='ocrx_word' id='word_1_485' title='bbox 1973 4828 2137 4882; x_wconf 78' lang='lat' dir='ltr'><strong>divini</strong></span> <span class='ocrx_word' id='word_1_486' title='bbox 2172 4826 2404 4879; x_wconf 85' lang='lat' dir='ltr'><strong>nominis</strong></span> 
     </span>
    </p>
   </div>
   <div class='ocr_carea' id='block_1_56' title="bbox 832 4918 2404 4992">
    <p class='ocr_par' dir='ltr' id='par_1_56' title="bbox 832 4918 2404 4992">
     <span class='ocr_line' id='line_1_56' title="bbox 832 4918 2404 4992; baseline -0.006 -11"><span class='ocrx_word' id='word_1_487' title='bbox 832 4935 985 4981; x_wconf 83' lang='lat' dir='ltr'><strong>esset</strong></span> <span class='ocrx_word' id='word_1_488' title='bbox 1004 4933 1434 4979; x_wconf 89' lang='lat' dir='ltr'><strong>consummatum</strong></span> <span class='ocrx_word' id='word_1_489' title='bbox 1461 4938 1596 4992; x_wconf 90' lang='lat' dir='ltr'><strong>opus</strong></span> <span class='ocrx_word' id='word_1_490' title='bbox 1618 4961 1632 4986; x_wconf 93' lang='lat'><strong>,</strong></span> <span class='ocrx_word' id='word_1_491' title='bbox 1666 4922 1759 4976; x_wconf 90' lang='lat' dir='ltr'><strong>sed</strong></span> <span class='ocrx_word' id='word_1_492' title='bbox 1803 4929 1856 4975; x_wconf 83' lang='lat' dir='ltr'><strong>ct</strong></span> <span class='ocrx_word' id='word_1_493' title='bbox 1887 4926 2005 4987; x_wconf 85' lang='lat' dir='ltr'><strong>post</strong></span> <span class='ocrx_word' id='word_1_494' title='bbox 2043 4918 2209 4973; x_wconf 90' lang='lat' dir='ltr'><strong>multa</strong></span> <span class='ocrx_word' id='word_1_495' title='bbox 2238 4933 2404 4971; x_wconf 86' lang='lat' dir='ltr'><strong>anuo-</strong></span> 
     </span>
    </p>
   </div>
   <div class='ocr_carea' id='block_1_57' title="bbox 830 5012 2402 5072">
    <p class='ocr_par' dir='ltr' id='par_1_57' title="bbox 830 5012 2402 5072">
     <span class='ocr_line' id='line_1_57' title="bbox 830 5012 2402 5072; baseline -0.007 0"><span class='ocrx_word' id='word_1_496' title='bbox 830 5033 950 5072; x_wconf 77' lang='lat' dir='ltr'><strong>rum</strong></span> <span class='ocrx_word' id='word_1_497' title='bbox 981 5016 1257 5071; x_wconf 91' lang='lat' dir='ltr'><strong>curricula</strong></span> <span class='ocrx_word' id='word_1_498' title='bbox 1290 5015 1609 5071; x_wconf 83' lang='lat' dir='ltr'><strong>venerabilis</strong></span> <span class='ocrx_word' id='word_1_499' title='bbox 1634 5014 1955 5067; x_wconf 89' lang='lat' dir='ltr'><strong>llincmarns</strong></span> <span class='ocrx_word' id='word_1_500' title='bbox 1990 5012 2281 5065; x_wconf 78' lang='lat' dir='ltr'><strong>Remorum</strong></span> <span class='ocrx_word' id='word_1_501' title='bbox 2311 5025 2402 5062; x_wconf 88' lang='lat' dir='ltr'><strong>ar-</strong></span> 
     </span>
    </p>
   </div>
   <div class='ocr_carea' id='block_1_58' title="bbox 833 5103 2403 5180">
    <p class='ocr_par' dir='ltr' id='par_1_58' title="bbox 833 5103 2403 5180">
     <span class='ocr_line' id='line_1_58' title="bbox 833 5103 2403 5180; baseline -0.01 -13"><span class='ocrx_word' id='word_1_502' title='bbox 833 5112 1207 5180; x_wconf 79' lang='lat' dir='ltr'><strong>chiepiscopus</strong></span> <span class='ocrx_word' id='word_1_503' title='bbox 1238 5107 1559 5165; x_wconf 89' lang='lat' dir='ltr'><strong>sanctissimi</strong></span> <span class='ocrx_word' id='word_1_504' title='bbox 1583 5106 1755 5161; x_wconf 87' lang='lat' dir='ltr'><strong>Basoli</strong></span> <span class='ocrx_word' id='word_1_505' title='bbox 1781 5120 1977 5175; x_wconf 79' lang='lat' dir='ltr'><strong>corpus</strong></span> <span class='ocrx_word' id='word_1_506' title='bbox 1998 5120 2025 5157; x_wconf 90' lang='lat' dir='ltr'><strong>a</strong></span> <span class='ocrx_word' id='word_1_507' title='bbox 2052 5104 2189 5166; x_wconf 90' lang='lat' dir='ltr'><strong>loco,</strong></span> <span class='ocrx_word' id='word_1_508' title='bbox 2216 5103 2268 5154; x_wconf 92' lang='lat' dir='ltr'><strong>in</strong></span> <span class='ocrx_word' id='word_1_509' title='bbox 2297 5116 2403 5169; x_wconf 88' lang='lat' dir='ltr'><strong>quo</strong></span> 
     </span>
    </p>
   </div>
   <div class='ocr_carea' id='block_1_59' title="bbox 835 5191 2398 5258">
    <p class='ocr_par' dir='ltr' id='par_1_59' title="bbox 835 5191 2398 5258">
     <span class='ocr_line' id='line_1_59' title="bbox 835 5191 2398 5258; baseline -0.009 -3"><span class='ocrx_word' id='word_1_510' title='bbox 835 5210 954 5255; x_wconf 81' lang='lat' dir='ltr'><strong>erat</strong></span> <span class='ocrx_word' id='word_1_511' title='bbox 976 5199 1353 5254; x_wconf 87' lang='lat' dir='ltr'><strong>venerabiliter</strong></span> <span class='ocrx_word' id='word_1_512' title='bbox 1377 5199 1674 5258; x_wconf 87' lang='lat' dir='ltr'><strong>humatum,</strong></span> <span class='ocrx_word' id='word_1_513' title='bbox 1700 5194 1933 5250; x_wconf 75' lang='lat' dir='ltr'><strong>decrevit</strong></span> <span class='ocrx_word' id='word_1_514' title='bbox 1951 5191 2398 5247; x_wconf 70' lang='lat' dir='ltr'><strong>transferendum.</strong></span> 
     </span>
    </p>
   </div>
   <div class='ocr_carea' id='block_1_60' title="bbox 831 5279 2402 5361">
    <p class='ocr_par' dir='ltr' id='par_1_60' title="bbox 831 5279 2402 5361">
     <span class='ocr_line' id='line_1_60' title="bbox 831 5279 2402 5361; baseline -0.008 -16"><span class='ocrx_word' id='word_1_515' title='bbox 831 5292 929 5345; x_wconf 86' lang='lat' dir='ltr'><strong>llic</strong></span> <span class='ocrx_word' id='word_1_516' title='bbox 958 5291 1118 5361; x_wconf 79' lang='lat' dir='ltr'><strong>igitur</strong></span> <span class='ocrx_word' id='word_1_517' title='bbox 1147 5296 1440 5343; x_wconf 86' lang='lat' dir='ltr'><strong>convocato</strong></span> <span class='ocrx_word' id='word_1_518' title='bbox 1466 5287 1610 5341; x_wconf 71' lang='lat' dir='ltr'><strong>omni</strong></span> <span class='ocrx_word' id='word_1_519' title='bbox 1644 5286 1788 5341; x_wconf 88' lang='lat' dir='ltr'><strong>clero</strong></span> <span class='ocrx_word' id='word_1_520' title='bbox 1820 5301 1917 5339; x_wconf 89' lang='lat' dir='ltr'><strong>suo</strong></span> <span class='ocrx_word' id='word_1_521' title='bbox 1963 5293 2126 5350; x_wconf 72' lang='lat' dir='ltr'><strong>atque</strong></span> <span class='ocrx_word' id='word_1_522' title='bbox 2168 5279 2402 5333; x_wconf 76' lang='lat' dir='ltr'><strong>maxima</strong></span> 
     </span>
    </p>
   </div>
   <div class='ocr_carea' id='block_1_61' title="bbox 830 5370 2401 5447">
    <p class='ocr_par' dir='ltr' id='par_1_61' title="bbox 830 5370 2401 5447">
     <span class='ocr_line' id='line_1_61' title="bbox 830 5370 2401 5447; baseline -0.008 -12"><span class='ocrx_word' id='word_1_523' title='bbox 830 5379 1175 5435; x_wconf 84' lang='lat' dir='ltr'><strong>multitudine</strong></span> <span class='ocrx_word' id='word_1_524' title='bbox 1197 5376 1397 5447; x_wconf 91' lang='lat' dir='ltr'><strong>populi,</strong></span> <span class='ocrx_word' id='word_1_525' title='bbox 1428 5384 1589 5445; x_wconf 91' lang='lat' dir='ltr'><strong>prout</strong></span> <span class='ocrx_word' id='word_1_526' title='bbox 1620 5385 1768 5429; x_wconf 92' lang='lat' dir='ltr'><strong>tanto</strong></span> <span class='ocrx_word' id='word_1_527' title='bbox 1800 5373 2012 5443; x_wconf 89' lang='lat' dir='ltr'><strong>negotio</strong></span> <span class='ocrx_word' id='word_1_528' title='bbox 2039 5373 2254 5438; x_wconf 78' lang='lat' dir='ltr'><strong>dignum</strong></span> <span class='ocrx_word' id='word_1_529' title='bbox 2286 5370 2401 5422; x_wconf 80' lang='lat' dir='ltr'><strong>foe--</strong></span> 
     </span>
    </p>
   </div>
   <div class='ocr_carea' id='block_1_62' title="bbox 836 5460 2397 5524">
    <p class='ocr_par' dir='ltr' id='par_1_62' title="bbox 836 5460 2397 5524">
     <span class='ocr_line' id='line_1_62' title="bbox 836 5460 2397 5524; baseline -0.007 0"><span class='ocrx_word' id='word_1_530' title='bbox 836 5479 940 5524; x_wconf 88' lang='lat' dir='ltr'><strong>rat.</strong></span> <span class='ocrx_word' id='word_1_531' title='bbox 974 5470 1231 5524; x_wconf 75' lang='lat' dir='ltr'><strong>ell‘odiens</strong></span> <span class='ocrx_word' id='word_1_532' title='bbox 1257 5468 1396 5524; x_wconf 86' lang='lat' dir='ltr'><strong>sacri</strong></span> <span class='ocrx_word' id='word_1_533' title='bbox 1437 5467 1681 5524; x_wconf 84' lang='lat' dir='ltr'><strong>corporis</strong></span> <span class='ocrx_word' id='word_1_534' title='bbox 1710 5465 2017 5518; x_wconf 91' lang='lat' dir='ltr'><strong>thesaurum</strong></span> <span class='ocrx_word' id='word_1_535' title='bbox 2045 5503 2058 5524; x_wconf 87' lang='lat'><strong>,</strong></span> <span class='ocrx_word' id='word_1_536' title='bbox 2092 5462 2158 5515; x_wconf 90' lang='lat' dir='ltr'><strong>de</strong></span> <span class='ocrx_word' id='word_1_537' title='bbox 2198 5460 2315 5514; x_wconf 92' lang='lat' dir='ltr'><strong>loco</strong></span> <span class='ocrx_word' id='word_1_538' title='bbox 2346 5460 2397 5513; x_wconf 92' lang='lat' dir='ltr'><strong>in</strong></span> 
     </span>
    </p>
   </div>
   <div class='ocr_carea' id='block_1_63' title="bbox 2504 4447 4075 4518">
    <p class='ocr_par' dir='ltr' id='par_1_63' title="bbox 2504 4447 4075 4518">
     <span class='ocr_line' id='line_1_63' title="bbox 2504 4447 4075 4518; baseline -0.001 -18"><span class='ocrx_word' id='word_1_539' title='bbox 2504 4448 2617 4515; x_wconf 88' lang='lat' dir='ltr'><strong>jam</strong></span> <span class='ocrx_word' id='word_1_540' title='bbox 2650 4447 2775 4500; x_wconf 89' lang='lat' dir='ltr'><strong>olim</strong></span> <span class='ocrx_word' id='word_1_541' title='bbox 2804 4448 2939 4502; x_wconf 76' lang='lat' dir='ltr'><strong>facta</strong></span> <span class='ocrx_word' id='word_1_542' title='bbox 2970 4450 3353 4518; x_wconf 85' lang='lat' dir='ltr'><strong>cognovimus,</strong></span> <span class='ocrx_word' id='word_1_543' title='bbox 3384 4449 3494 4502; x_wconf 88' lang='lat' dir='ltr'><strong>sive</strong></span> <span class='ocrx_word' id='word_1_544' title='bbox 3522 4464 3584 4501; x_wconf 91' lang='lat' dir='ltr'><strong>ea</strong></span> <span class='ocrx_word' id='word_1_545' title='bbox 3626 4464 3745 4517; x_wconf 71' lang='lat' dir='ltr'><strong>qua:</strong></span> <span class='ocrx_word' id='word_1_546' title='bbox 3774 4463 3804 4500; x_wconf 89' lang='lat' dir='ltr'><strong>a</strong></span> <span class='ocrx_word' id='word_1_547' title='bbox 3842 4447 4075 4516; x_wconf 85' lang='lat' dir='ltr'><strong>pruden-</strong></span> 
     </span>
    </p>
   </div>
   <div class='ocr_carea' id='block_1_64' title="bbox 2511 4538 4078 4607">
    <p class='ocr_par' dir='ltr' id='par_1_64' title="bbox 2511 4538 4078 4607">
     <span class='ocr_line' id='line_1_64' title="bbox 2511 4538 4078 4607; baseline -0.002 -15"><span class='ocrx_word' id='word_1_548' title='bbox 2511 4540 2735 4593; x_wconf 90' lang='lat' dir='ltr'><strong>tioribus</strong></span> <span class='ocrx_word' id='word_1_549' title='bbox 2767 4540 3005 4594; x_wconf 88' lang='lat' dir='ltr'><strong>bistoriis</strong></span> <span class='ocrx_word' id='word_1_550' title='bbox 3032 4540 3267 4592; x_wconf 88' lang='lat' dir='ltr'><strong>breviter</strong></span> <span class='ocrx_word' id='word_1_551' title='bbox 3295 4548 3475 4593; x_wconf 86' lang='lat' dir='ltr'><strong>notata</strong></span> <span class='ocrx_word' id='word_1_552' title='bbox 3523 4539 3618 4607; x_wconf 91' lang='lat' dir='ltr'><strong>ipsi</strong></span> <span class='ocrx_word' id='word_1_553' title='bbox 3663 4538 4029 4607; x_wconf 84' lang='lat' dir='ltr'><strong>perspeximus</strong></span> <span class='ocrx_word' id='word_1_554' title='bbox 4056 4577 4078 4599; x_wconf 73' lang='lat'><strong>,</strong></span> 
     </span>
    </p>
   </div>
   <div class='ocr_carea' id='block_1_65' title="bbox 2507 4627 3911 4697">
    <p class='ocr_par' dir='ltr' id='par_1_65' title="bbox 2507 4627 3911 4697">
     <span class='ocr_line' id='line_1_65' title="bbox 2507 4627 3911 4697; baseline -0.001 -18"><span class='ocrx_word' id='word_1_555' title='bbox 2507 4628 2572 4679; x_wconf 86' lang='lat' dir='ltr'><strong>ad</strong></span> <span class='ocrx_word' id='word_1_556' title='bbox 2602 4627 2887 4681; x_wconf 88' lang='lat' dir='ltr'><strong>utilitatem</strong></span> <span class='ocrx_word' id='word_1_557' title='bbox 2917 4627 3205 4697; x_wconf 78' lang='lat' dir='ltr'><strong>legentium</strong></span> <span class='ocrx_word' id='word_1_558' title='bbox 3238 4627 3411 4696; x_wconf 88' lang='lat' dir='ltr'><strong>palam</strong></span> <span class='ocrx_word' id='word_1_559' title='bbox 3444 4627 3683 4681; x_wconf 75' lang='lat' dir='ltr'><strong>exsecuti</strong></span> <span class='ocrx_word' id='word_1_560' title='bbox 3706 4640 3911 4680; x_wconf 88' lang='lat' dir='ltr'><strong>sumus.</strong></span> 
     </span>
    </p>
   </div>
   <div class='ocr_carea' id='block_1_66' title="bbox 2575 4737 4004 4808">
    <p class='ocr_par' dir='ltr' id='par_1_66' title="bbox 2575 4737 4004 4808">
     <span class='ocr_line' id='line_1_66' title="bbox 2575 4737 4004 4808; baseline -0.005 -10"><span class='ocrx_word' id='word_1_561' title='bbox 2575 4742 2703 4798; x_wconf 71' lang='grc' dir='ltr'><strong>ΟΜ».</strong></span> <span class='ocrx_word' id='word_1_562' title='bbox 2730 4742 2788 4795; x_wconf 86' lang='grc' dir='ltr'>ιι.</span> <span class='ocrx_word' id='word_1_563' title='bbox 2831 4741 2908 4794; x_wconf 88' lang='lat' dir='ltr'><strong>De</strong></span> <span class='ocrx_word' id='word_1_564' title='bbox 2949 4740 3037 4794; x_wconf 87' lang='lat' dir='ltr'><strong>illo</strong></span> <span class='ocrx_word' id='word_1_565' title='bbox 3070 4743 3157 4808; x_wconf 85' lang='lat' dir='ltr'><strong>qui</strong></span> <span class='ocrx_word' id='word_1_566' title='bbox 3189 4742 3525 4793; x_wconf 77' lang='lat' dir='ltr'><strong>irreverenter</strong></span> <span class='ocrx_word' id='word_1_567' title='bbox 3550 4740 3718 4792; x_wconf 79' lang='lat' dir='ltr'><strong>sancti</strong></span> <span class='ocrx_word' id='word_1_568' title='bbox 3762 4737 4004 4791; x_wconf 79' lang='lat' dir='ltr'><strong>baculum</strong></span> 
     </span>
    </p>
   </div>
   <div class='ocr_carea' id='block_1_67' title="bbox 2542 4810 3692 4879">
    <p class='ocr_par' dir='ltr' id='par_1_67' title="bbox 2542 4810 3692 4879">
     <span class='ocr_line' id='line_1_67' title="bbox 2542 4810 3692 4879; baseline -0.005 -14"><span class='ocrx_word' id='word_1_569' title='bbox 2542 4823 2545 4825; x_wconf 69' lang='lat'><em>‘</em></span> <span class='ocrx_word' id='word_1_570' title='bbox 2884 4813 3102 4877; x_wconf 78' lang='lat' dir='ltr'><strong>accepit,</strong></span> <span class='ocrx_word' id='word_1_571' title='bbox 3130 4811 3278 4879; x_wconf 84' lang='lat' dir='ltr'><strong>cujus</strong></span> <span class='ocrx_word' id='word_1_572' title='bbox 3304 4826 3389 4879; x_wconf 79' lang='lat' dir='ltr'><strong>pes</strong></span> <span class='ocrx_word' id='word_1_573' title='bbox 3420 4810 3692 4861; x_wconf 82' lang='lat' dir='ltr'><strong>emarcuit.</strong></span> 
     </span>
    </p>
   </div>
   <div class='ocr_carea' id='block_1_68' title="bbox 2578 4900 4065 4975">
    <p class='ocr_par' dir='ltr' id='par_1_68' title="bbox 2578 4900 4065 4975">
     <span class='ocr_line' id='line_1_68' title="bbox 2578 4900 4065 4975; baseline -0.003 -18"><span class='ocrx_word' id='word_1_574' title='bbox 2578 4906 2759 4975; x_wconf 85' lang='lat' dir='ltr'><strong>Longe</strong></span> <span class='ocrx_word' id='word_1_575' title='bbox 2784 4914 2902 4972; x_wconf 69' lang='lat' dir='ltr'><strong>post</strong></span> <span class='ocrx_word' id='word_1_576' title='bbox 2934 4906 3077 4958; x_wconf 84' lang='lat' dir='ltr'><strong>beati</strong></span> <span class='ocrx_word' id='word_1_577' title='bbox 3107 4904 3305 4956; x_wconf 81' lang='lat' dir='ltr'><strong>Chriin</strong></span> <span class='ocrx_word' id='word_1_578' title='bbox 3337 4900 3664 4955; x_wconf 74' lang='lat' dir='ltr'><strong>confessoris</strong></span> <span class='ocrx_word' id='word_1_579' title='bbox 3692 4900 3917 4964; x_wconf 89' lang='lat' dir='ltr'><strong>obitum,</strong></span> <span class='ocrx_word' id='word_1_580' title='bbox 3946 4900 4065 4968; x_wconf 91' lang='lat' dir='ltr'><strong>qni-</strong></span> 
     </span>
    </p>
   </div>
   <div class='ocr_carea' id='block_1_69' title="bbox 2505 4987 4069 5055">
    <p class='ocr_par' dir='ltr' id='par_1_69' title="bbox 2505 4987 4069 5055">
     <span class='ocr_line' id='line_1_69' title="bbox 2505 4987 4069 5055; baseline -0.004 -8"><span class='ocrx_word' id='word_1_581' title='bbox 2505 4995 2625 5047; x_wconf 87' lang='lat' dir='ltr'><strong>dam</strong></span> <span class='ocrx_word' id='word_1_582' title='bbox 2666 4994 2878 5045; x_wconf 89' lang='lat' dir='ltr'><strong>natione</strong></span> <span class='ocrx_word' id='word_1_583' title='bbox 2910 4992 3133 5055; x_wconf 88' lang='lat' dir='ltr'><strong>nobilis,</strong></span> <span class='ocrx_word' id='word_1_584' title='bbox 3187 4990 3278 5043; x_wconf 87' lang='lat' dir='ltr'><strong>sed</strong></span> <span class='ocrx_word' id='word_1_585' title='bbox 3326 4988 3500 5043; x_wconf 90' lang='lat' dir='ltr'><strong>elatus</strong></span> <span class='ocrx_word' id='word_1_586' title='bbox 3532 4998 3735 5041; x_wconf 90' lang='lat' dir='ltr'><strong>tumore</strong></span> <span class='ocrx_word' id='word_1_587' title='bbox 3763 4997 3817 5042; x_wconf 88' lang='lat' dir='ltr'><strong>et</strong></span> <span class='ocrx_word' id='word_1_588' title='bbox 3859 4987 4069 5042; x_wconf 87' lang='lat' dir='ltr'><strong>bestiali</strong></span> 
     </span>
    </p>
   </div>
   <div class='ocr_carea' id='block_1_70' title="bbox 2506 5079 4071 5146">
    <p class='ocr_par' dir='ltr' id='par_1_70' title="bbox 2506 5079 4071 5146">
     <span class='ocr_line' id='line_1_70' title="bbox 2506 5079 4071 5146; baseline -0.003 -8"><span class='ocrx_word' id='word_1_589' title='bbox 2506 5085 2725 5139; x_wconf 71' lang='lat' dir='ltr'><strong>feritate</strong></span> <span class='ocrx_word' id='word_1_590' title='bbox 2756 5084 2973 5146; x_wconf 84' lang='lat' dir='ltr'><strong>mentis,</strong></span> <span class='ocrx_word' id='word_1_591' title='bbox 3006 5084 3072 5135; x_wconf 90' lang='lat' dir='ltr'><strong>ad</strong></span> <span class='ocrx_word' id='word_1_592' title='bbox 3102 5098 3310 5135; x_wconf 90' lang='lat' dir='ltr'><strong>sacram</strong></span> <span class='ocrx_word' id='word_1_593' title='bbox 3337 5080 3564 5134; x_wconf 74' lang='lat' dir='ltr'><strong>access-it</strong></span> <span class='ocrx_word' id='word_1_594' title='bbox 3592 5079 3898 5143; x_wconf 85' lang='lat' dir='ltr'><strong>ecclesiam,</strong></span> <span class='ocrx_word' id='word_1_595' title='bbox 3926 5079 4071 5133; x_wconf 89' lang='lat' dir='ltr'><strong>velut</strong></span> 
     </span>
    </p>
   </div>
   <div class='ocr_carea' id='block_1_71' title="bbox 2504 5168 4066 5239">
    <p class='ocr_par' dir='ltr' id='par_1_71' title="bbox 2504 5168 4066 5239">
     <span class='ocr_line' id='line_1_71' title="bbox 2504 5168 4066 5239; baseline -0.004 -10"><span class='ocrx_word' id='word_1_596' title='bbox 2504 5190 2665 5230; x_wconf 88' lang='lat' dir='ltr'><strong>causa</strong></span> <span class='ocrx_word' id='word_1_597' title='bbox 2696 5174 2975 5227; x_wconf 88' lang='lat' dir='ltr'><strong>orationis.</strong></span> <span class='ocrx_word' id='word_1_598' title='bbox 3006 5172 3105 5237; x_wconf 81' lang='lat' dir='ltr'><strong>Qlll</strong></span> <span class='ocrx_word' id='word_1_599' title='bbox 3140 5184 3262 5239; x_wconf 81' lang='lat' dir='ltr'><strong>post</strong></span> <span class='ocrx_word' id='word_1_600' title='bbox 3292 5172 3590 5226; x_wconf 86' lang='lat' dir='ltr'><strong>oralionem</strong></span> <span class='ocrx_word' id='word_1_601' title='bbox 3631 5168 3744 5224; x_wconf 90' lang='lat' dir='ltr'><strong>solo</strong></span> <span class='ocrx_word' id='word_1_602' title='bbox 3772 5183 4027 5224; x_wconf 87' lang='lat' dir='ltr'><strong>excussus</strong></span> <span class='ocrx_word' id='word_1_603' title='bbox 4050 5210 4066 5233; x_wconf 93' lang='lat'><strong>,</strong></span> 
     </span>
    </p>
   </div>
   <div class='ocr_carea' id='block_1_72' title="bbox 2506 5264 4065 5331">
    <p class='ocr_par' dir='ltr' id='par_1_72' title="bbox 2506 5264 4065 5331">
     <span class='ocr_line' id='line_1_72' title="bbox 2506 5264 4065 5331; baseline -0.003 -11"><span class='ocrx_word' id='word_1_604' title='bbox 2506 5266 2751 5320; x_wconf 88' lang='lat' dir='ltr'><strong>baculmn</strong></span> <span class='ocrx_word' id='word_1_605' title='bbox 2778 5264 2947 5317; x_wconf 87' lang='lat' dir='ltr'><strong>sancti</strong></span> <span class='ocrx_word' id='word_1_606' title='bbox 2978 5264 3203 5331; x_wconf 89' lang='lat' dir='ltr'><strong>accepit,</strong></span> <span class='ocrx_word' id='word_1_607' title='bbox 3236 5278 3298 5315; x_wconf 89' lang='lat' dir='ltr'><strong>ac</strong></span> <span class='ocrx_word' id='word_1_608' title='bbox 3319 5272 3497 5315; x_wconf 90' lang='lat' dir='ltr'><strong>mento</strong></span> <span class='ocrx_word' id='word_1_609' title='bbox 3530 5275 3870 5329; x_wconf 88' lang='lat' dir='ltr'><strong>suspensum,</strong></span> <span class='ocrx_word' id='word_1_610' title='bbox 3904 5276 4065 5329; x_wconf 90' lang='lat' dir='ltr'><strong>super</strong></span> 
     </span>
    </p>
   </div>
   <div class='ocr_carea' id='block_1_73' title="bbox 2503 5350 4068 5426">
    <p class='ocr_par' dir='ltr' id='par_1_73' title="bbox 2503 5350 4068 5426">
     <span class='ocr_line' id='line_1_73' title="bbox 2503 5350 4068 5426; baseline -0.001 -18"><span class='ocrx_word' id='word_1_611' title='bbox 2503 5357 2691 5426; x_wconf 81' lang='lat' dir='ltr'><strong>pedem</strong></span> <span class='ocrx_word' id='word_1_612' title='bbox 2727 5355 2920 5408; x_wconf 89' lang='lat' dir='ltr'><strong>stultus</strong></span> <span class='ocrx_word' id='word_1_613' title='bbox 2946 5367 3002 5407; x_wconf 79' lang='lat' dir='ltr'><strong>et</strong></span> <span class='ocrx_word' id='word_1_614' title='bbox 3049 5367 3237 5407; x_wconf 85' lang='lat' dir='ltr'><strong>amens</strong></span> <span class='ocrx_word' id='word_1_615' title='bbox 3272 5352 3442 5421; x_wconf 91' lang='lat' dir='ltr'><strong>ponit,</strong></span> <span class='ocrx_word' id='word_1_616' title='bbox 3467 5350 3659 5405; x_wconf 88' lang='lat' dir='ltr'><strong>deinde</strong></span> <span class='ocrx_word' id='word_1_617' title='bbox 3687 5350 4068 5406; x_wconf 84' lang='lat' dir='ltr'><strong>subsannando</strong></span> 
     </span>
    </p>
   </div>
   <div class='ocr_carea' id='block_1_74' title="bbox 2502 5438 4066 5508">
    <p class='ocr_par' dir='ltr' id='par_1_74' title="bbox 2502 5438 4066 5508">
     <span class='ocr_line' id='line_1_74' title="bbox 2502 5438 4066 5508; baseline -0.004 -10"><span class='ocrx_word' id='word_1_618' title='bbox 2502 5445 2672 5498; x_wconf 87' lang='lat' dir='ltr'><strong>dixit:</strong></span> <span class='ocrx_word' id='word_1_619' title='bbox 2702 5443 2779 5496; x_wconf 90' lang='lat' dir='ltr'><strong>En</strong></span> <span class='ocrx_word' id='word_1_620' title='bbox 2812 5442 3032 5497; x_wconf 85' lang='lat' dir='ltr'><strong>baculus</strong></span> <span class='ocrx_word' id='word_1_621' title='bbox 3054 5442 3151 5495; x_wconf 87' lang='lat' dir='ltr'><strong>iste</strong></span> <span class='ocrx_word' id='word_1_622' title='bbox 3180 5441 3378 5494; x_wconf 89' lang='lat' dir='ltr'><strong>indicat</strong></span> <span class='ocrx_word' id='word_1_623' title='bbox 3402 5455 3560 5508; x_wconf 88' lang='lat' dir='ltr'><strong>quam</strong></span> <span class='ocrx_word' id='word_1_624' title='bbox 3586 5438 3819 5508; x_wconf 69' lang='lat' dir='ltr'><strong>parvulae</strong></span> <span class='ocrx_word' id='word_1_625' title='bbox 3848 5448 4066 5493; x_wconf 65' lang='lat' dir='ltr'><strong>statura:</strong></span> 
     </span>
    </p>
   </div>
  </div>
