4482 5524
415 443 507 496 061

1394 451 1476 502 [lli
1518 450 1805 503 Τῆλλδι.
1852 452 1935 504 ΕΤ
1978 454 2208 508 MlllAC.
2252 454 2309 508 S.
2354 458 2615 512 llASOLI.

3540 464 3643 517 662

420 551 768 619 putrefactus.
809 568 905 605 nec
930 554 1094 606 multo
1121 566 1237 623 post
1268 574 1387 610 eum
1415 561 1666 626 gravibus
1696 562 1978 613 tormentis
2009 568 2054 623 Λ
2084 563 2365 627 habuerat,
2390 580 2549 632 quant
2576 567 2786 635 passiva
2811 567 3041 635 qualitas
3075 576 3209 621 intra
3232 570 3528 622 cmeitatem
3556 570 3645 621 diu

419 644 485 695 de
515 656 737 709 corpore
764 654 845 695 est
888 645 1120 697 evulsus.
1159 645 1363 714 Corpus
1397 648 1576 715 itaque.
1626 649 1689 701 ad
1725 649 1977 717 templum

420 734 516 785 viri
555 733 645 787 Dei
677 735 974 802 diSponitur
996 737 1364 798 evehendum;
1397 738 1537 804 quod
1580 747 1757 791 tamen
1786 739 1857 791 ita
1898 747 1980 791 est

420 823 541 877 loco
566 824 819 886 infixum,
862 826 1013 892 quasi
1051 826 1316 891 quoddam
1357 826 1699 880 simulacrum
1752 826 1982 880 immane

421 928 665 966 saxeum.
693 914 937 980 Cumque
972 915 1037 966 ad
1064 914 1239 967 locum
1283 916 1452 967 sancti
1490 915 1716 985 Remigii
1753 916 1979 977 illatum,

422 1006 583 1057 etiam
612 1006 895 1072 exsequias
920 1005 1276 1059 decernerent
1323 1007 1655 1068 iufercndas,
1707 1017 1765 1059 ut
1806 1017 1986 1075 posset

420 1091 618 1144 elevari
651 1092 823 1160 gleba,
859 1108 962 1144 non
1006 1105 1087 1145 est
1114 1110 1142 1145 a
1176 1095 1281 1148 Deo
1320 1106 1373 1149 et
1412 1106 1598 1149 sancto
1625 1095 1813 1147 Basolu
1853 1112 1983 1149 con-

422 1197 573 1235 cessa
603 1183 833 1235 licentia.
886 1185 951 1236 At
1002 1201 1127 1239 vero
1174 1187 1495 1240 necessitate
1524 1197 1767 1253 cogente,
1802 1188 1851 1240 in
1879 1188 1985 1240 Ca-

430 1273 696 1325 talaunico
752 1275 1020 1327 territorio
1047 1277 1262 1330 demum
1299 1278 1631 1347 permittitur
1662 1278 1859 1331 habere
1896 1294 1983 1333 se-

424 1363 712 1429 pulturam.

420 1473 549 1525 CAP.
584 1473 668 1526 Ill.
711 1472 785 1527 De
823 1487 1145 1531 monstruoso
1183 1480 1387 1533 homine
1409 1497 1471 1533 ex
1515 1481 1621 1533 riro
1664 1480 1989 1536 Curmolensi

1100 1560 1303 1601 curato.

493 1632 601 1687 Nec
635 1634 760 1687 illud
792 1650 1003 1703 quoque
1027 1638 1286 1691 silendum
1317 1648 1401 1692 est
1425 1641 1565 1709 quod
1590 1640 1654 1693 ad
1683 1641 1854 1694 sani-ti
1887 1641 1989 1694 hu-

417 1726 506 1792 jus
527 1726 823 1789 obtentum,
842 1728 1023 1781 divino
1041 1739 1168 1781 nutu
1194 1730 1438 1783 novintus
1462 1730 1625 1784 fuisse
1649 1744 1987 1785 concessum.

425 1815 671 1869 Pluribus
696 1826 775 1869 est
796 1829 1146 1886 compertum,
1174 1820 1345 1872 vicum
1369 1821 1775 1875 (Zurmolensem
1801 1820 1991 1887 (Conr-

2082 650 2444 716 concluserat,
2472 668 2633 721 quam
2666 656 2860 724 cunjux
2894 656 3154 709 sollicitus
3175 671 3269 724 per
3290 658 3459 709 sancti
3488 657 3645 724 ltujus

2080 739 2330 793 meritum
2356 743 2581 796 credidit
2614 743 2965 797 liberandam.
2996 743 3303 798 Jumentum
3329 744 3489 812 igitur
3509 754 3646 796 stra-

2081 826 2190 890 vit,
2238 828 2337 882 hac
2381 832 2714 899 superposita
2749 834 3058 901 procedenti
3085 841 3283 885 sancta‘:
3310 831 3643 885 celebritatis

2083 914 2273 969 festivo
2308 928 2593 983 conventu,
2646 921 2705 974 lit
2749 922 2860 989 ipse
2893 938 3015 975 cum
3062 937 3227 975 uxore
3257 935 3398 974 caeca
3443 935 3581 974 unus
3614 934 3669 972 e-

2083 1004 2544 1059 circuntstaatium
2604 1008 2777 1061 turba.
2834 1008 3059 1078 Jamque
3110 1025 3245 1078 pene
3297 1009 3502 1062 itineris
3558 1008 3650 1062 illo

2085 1108 2182 1146 suo
2218 1094 2400 1148 labore
2439 1106 2810 1150 consummato
2834 1139 2848 1160 ,
2892 1099 3016 1151 bino
3054 1099 3227 1151 adlmc
3267 1104 3505 1151 restante
3529 1096 3651 1149 mil-

2086 1180 2257 1243 liario,
2283 1184 2444 1235 sensit
2470 1183 2630 1236 etiam
2661 1184 2713 1236 in
2731 1184 2815 1235 via
2841 1184 3089 1237 virtutem
3116 1183 3286 1237 sancti
3323 1182 3526 1245 Basoli,
3552 1182 3646 1251 qui

2088 1285 2192 1323 non
2224 1281 2306 1324 cst
2341 1286 2527 1339 passus
2558 1281 2616 1324 ut
2653 1272 2845 1325 devota
2894 1272 3024 1326 fides
3071 1286 3359 1341 antequam
3412 1271 3648 1325 laborem

2088 1362 2424 1421 exsolveret,
2487 1362 2687 1416 laboris
2739 1364 2957 1431 praemio
3018 1364 3274 1416 frustrata
3328 1371 3651 1415 remaneret.

2090 1451 2221 1504 Nam
2255 1469 2375 1505 mox
2400 1455 2588 1506 orbata
2615 1452 2811 1507 femina
2846 1454 2998 1508 make
3027 1453 3378 1523 possessionis
3406 1452 3654 1505 tenebras

2090 1540 2308 1601 deserit,
2358 1541 2702 1609 piunaculmn
2752 1543 2932 1612 templi
2974 1548 3173 1612 apertis
3210 1542 3379 1597 oculis
3407 1542 3471 1595 de
3500 1540 3655 1610 longe

2092 1630 2330 1697 respicit,
2376 1633 2714 1700 gaudensque
2757 1634 2949 1685 marito
2991 1634 3125 1687 dixit
3158 1652 3168 1685 :
3200 1632 3417 1687 Gratias
3456 1632 3563 1687 Deo
3602 1640 3657 1685 et

2092 1730 2277 1774 saneto
2323 1720 2537 1786 Basolo,
2587 1723 2779 1777 redditi
2812 1724 3029 1778 luminis
3051 1724 3277 1793 gratiam
3310 1738 3652 1794 recognosco,

2094 1821 2253 1879 atque
2298 1812 2542 1866 ecclesia:
2587 1813 2797 1867 culmen
2849 1814 3051 1884 fulgere
3097 1815 3269 1870 video.
3326 1815 3557 1885 Indeque
3597 1830 3654 1869 so

432 1904 632 1969 ηιρΙοίε)
664 1920 765 1957 non
800 1906 953 1975 longe
976 1922 1092 1959 esse
1119 1924 1145 1957 τι
1182 1910 1506 1961 monasterio
1534 1910 1716 1961 suum,
1754 1909 1990 1977 Tempus
2020 1918 2063 1975 Β
2094 1910 2250 1954 terra:
2280 1902 2524 1970 protinus
2554 1903 2851 1967 excutiens,
2886 1906 3096 1959 nudatis
3140 1906 3361 1974 pedibus
3388 1905 3652 1972 reliquum

425 1992 695 2055 instabat,
740 2008 845 2060 quo
877 1997 1046 2049 sancti
1078 1996 1404 2051 confessoris
1449 1998 1759 2053 solenmitas
1798 1999 1991 2053 annuis

421 2081 633 2147 gaudiis
676 2082 990 2135 celebranda
1028 2094 1185 2137 esset.
1246 2086 1373 2138 Illuc
1422 2101 1479 2139 se
1536 2088 1684 2155 plebs
1737 2089 1987 2141 universa

423 2170 755 2232 contulerat;
808 2173 1095 2239 promiSCui
1144 2177 1427 2229 multitudo
1466 2193 1626 2231 sexus
1677 2180 1815 2232 hanc
1847 2194 1876 2233 e
1904 2180 1987 2233 di-

424 2272 580 2310 verso
610 2259 965 2327 frequentiam
1017 2263 1350 2332 impleverat.
1405 2267 1537 2321 lluic
1575 2284 1787 2337 quoque
1828 2278 1990 2323 tanta:

423 2346 686 2401 claritatis
716 2352 1055 2417 spectaculo,
1106 2368 1169 2405 ex
1210 2356 1330 2409 vico
1378 2359 1625 2425 superius
1654 2359 1801 2412 illato
1850 2360 1992 2413 inter

423 2439 707 2505 jmpulares
737 2450 942 2495 turmas
965 2459 1021 2495 se
1059 2445 1218 2497 etiam
1252 2448 1466 2513 quidam
1501 2450 1861 2515 immerserat,
1896 2452 1987 2519 qui

421 2531 667 2597 corporis
717 2533 767 2584 in
822 2550 1049 2587 massam
1106 2545 1383 2591 contracta
1415 2542 1694 2608 congerie,
1745 2558 1989 2611 gressum

424 2619 544 2671 vivo
582 2618 759 2673 ferens
789 2622 837 2673 in
868 2639 1093 2693 corpore
1127 2627 1411 2695 sepultum,
1455 2632 1757 2685 videntibus
1800 2649 1990 2701 quem-

425 2707 547 2760 dam
595 2711 873 2764 horrorem
908 2715 1207 2769 incusserat
1238 2719 1617 2773 miserabilem.
1670 2722 1771 2776 Per
1826 2733 1992 2777 totam

426 2807 603 2852 tamen
631 2817 821 2870 repens
842 2805 909 2857 ab
943 2807 1100 2874 lmjus
1126 2809 1230 2862 diei
1255 2812 1558 2878 Spectacula
1582 2827 1684 2865 non
1713 2814 1991 2879 abstinuit,

425 2888 541 2956 ipse
569 2893 745 2957 potius
766 2896 912 2947 omni
938 2899 1133 2964 populo
1158 2902 1520 2967 spectaculum
1551 2902 1744 2965 factus,
1778 2905 1882 2957 voti
1911 2906 1992 2958 sui

423 2994 647 3032 censum
700 2984 1074 3039 brevissimum
1123 3004 1246 3042 cum
1289 2991 1408 3044 aliis
1454 2992 1609 3059 plena
1660 2993 1762 3047 ﬁde
1795 2994 1991 3049 intulit.

424 3066 557 3121 Cum
578 3068 684 3135 jam
715 3070 887 3127 hiems
906 3076 1212 3131 caelestibus
1237 3089 1496 3134 nocturna
1518 3092 1659 3135 esset
1674 3083 1991 3138 celebranda

426 3160 751 3225 celebritas,
808 3166 985 3219 divina
1014 3169 1156 3221 circa
1190 3184 1247 3223 se
1296 3171 1534 3225 irruente
1572 3175 1820 3243 vestigia,
1873 3191 1993 3243 qua:

2094 1989 2302 2042 itineris
2325 1991 2465 2057 quod
2496 1990 2854 2059 superfuerat,
2882 1994 3131 2048 celeriter
3156 1996 3379 2064 peragit.
3410 1996 3485 2047 Ad
3517 2006 3651 2047 tem-

2093 2077 2235 2145 plum
2269 2079 2470 2146 gratias
2497 2088 2680 2132 actura
2716 2083 2977 2148 pervenit,
3004 2092 3059 2138 et
3088 2082 3287 2138 lzetanti
3312 2083 3506 2154 populo
3526 2098 3656 2153 gau-

2093 2166 2177 2221 dia
2207 2166 2409 2236 majora
2439 2170 2750 2223 cumulavit.

2092 2276 2219 2331 CAP.
2255 2276 2335 2331 Vl.
2385 2278 2458 2332 De
2486 2280 2710 2349 quodam
2735 2280 3157 2335 administratore
3182 2280 3382 2349 Sperne
3433 2281 3656 2333 nomine.

2536 2349 2771 2413 Qualiter
2792 2364 3055 2419 correptas
3084 2350 3201 2419 fuit.

2164 2457 2279 2512 Non
2321 2460 2476 2529 longe
2504 2475 2533 2512 a
2568 2469 2750 2512 nostra
2781 2470 2939 2514 aetate
2965 2461 3079 2529 (20)
3126 2460 3346 2529 quidam
3380 2459 3663 2529 religiosus

2097 2547 2175 2599 vir
2220 2556 2274 2600 et
2323 2548 2445 2600 vita:
2488 2548 2801 2618 probabilis,
2862 2549 3184 2603 Benedictus
3231 2550 3465 2611 nomine,
3495 2550 3661 2618 ipsius

2098 2640 2410 2693 monasterii
2440 2641 2607 2695 abbas
2634 2650 2686 2693 ct
2712 2650 2890 2694 rector
2915 2651 2997 2695 est
3028 2642 3369 2703 constitutos,
3414 2643 3499 2694 vir
3527 2642 3657 2695 sim-

2106 2729 2331 2798 plicitati
2370 2730 2610 2793 studens,
2642 2740 2689 2783 et
2720 2730 2903 2785 altaris
2925 2730 3183 2785 familiam
3213 2731 3357 2800 juste
3385 2741 3438 2785 et
3475 2733 3660 2785 mode-

2098 2827 2213 2871 rate
2273 2820 2598 2887 gubernans.
2667 2818 2767 2884 Qui
2822 2820 3145 2876 Benedictus
3198 2823 3361 2876 decus
3418 2822 3663 2876 ecclesia:

2097 2909 2285 2976 spatiis
2318 2908 2615 2976 ampliavit,
2663 2917 2716 2960 et
2764 2910 2931 2963 variis
2984 2910 3223 2965 donariis
3266 2911 3571 2973 exornavit,
3612 2919 3665 2964 et

2097 3007 2216 3067 post
2246 3013 2349 3051 non
2383 2999 2589 3052 modica
2636 3000 2757 3053 vita:
2795 3016 2903 3053 sua:
2946 3003 3116 3070 spatia
3149 3002 3288 3055 bono
3313 3003 3415 3058 line
3440 3003 3662 3072 quievit.

2099 3087 2233 3142 Huic
2278 3104 2565 3158 germanus
2612 3088 2802 3154 frater,
2843 3093 3059 3146 nomine
3108 3093 3366 3161 Spernus,
3398 3093 3555 3147 Pater
3583 3104 3667 3147 est

2100 3180 2444 3247 subrogatus,
2486 3178 2574 3245 qui
2606 3178 2862 3234 fraternis
2890 3180 3225 3249 degenerans
3253 3182 3515 3245 moribus,
3547 3182 3661 3235 dira

426 3251 767 3307 dorsualibus
819 3256 1143 3312 inhaeserant
1194 3262 1437 3329 partibus
1462 3302 1476 3325 ,
1526 3265 1763 3318 extensis
1818 3266 1996 3319 nervis
2023 3287 2064 3346 ς
2100 3265 2391 3334 cupiditate
2416 3274 2717 3333 correptus,
2742 3268 2971 3337 vinoque
3001 3268 3066 3321 ad
3098 3283 3158 3322 os
3187 3284 3355 3337 usque
3387 3269 3661 3337 perflatus,

428 3338 543 3391 loca
581 3355 672 3393 sua
707 3344 967 3397 violenter
1002 3357 1247 3415 repetunt
1272 3390 1285 3412 ,
1325 3365 1483 3417 supra
1520 3353 1679 3419 pedes
1727 3361 1859 3407 teste
1906 3370 1996 3420 po-

430 3428 553 3492 pulo
582 3433 853 3495 constitit,
889 3444 941 3485 et
973 3450 1035 3487 ex
1070 3437 1280 3491 incessu
1311 3454 1449 3493 novo
1474 3439 1711 3493 lanitium
1738 3440 1996 3497 festivita-

430 3518 500 3571 tis
534 3520 704 3576 turbis
739 3525 1058 3579 mirantibus
1089 3530 1257 3581 auxit.

711 3636 837 3690 CAP.
870 3638 956 3691 IV.
1001 3639 1075 3693 De
1098 3641 1479 3697 illuminatione
1508 3646 1713 3713 puellae.

502 3725 743 3780 Axonam
805 3728 1006 3801 [Aisne]
1044 3730 1260 3787 fluvium
1303 3745 1606 3790 nostrorum
1640 3738 1787 3791 mulli
1834 3755 1994 3793 nove-

430 3825 579 3880 runt,‘
607 3820 655 3871 in
690 3822 841 3889 cujus
870 3826 1112 3891 partibus
1142 3826 1311 3893 puella
1338 3829 1581 3894 quantam
1610 3828 1803 3893 fuerat,
1835 3846 1994 3898 quam

430 3924 459 3959 a
486 3910 764 3964 cunabulis
793 3912 962 3966 invisa
988 3916 1203 3969 caecitas
1228 3917 1456 3969 tenebat.
1487 3917 1607 3971 llaec
1630 3918 1740 3973 fere
1763 3922 1999 3988 quadra-

428 3996 573 4065 ginta
607 4000 761 4052 annis
795 4001 881 4052 tali
908 4000 1080 4055 fuerat
1106 4002 1306 4055 inclusa
1338 4019 1557 4057 carcere
1578 4007 1793 4074 pomali.
1827 4008 1996 4074 Quam

426 4097 675 4155 parentes
715 4090 923 4144 tandem
963 4092 1264 4160 impositam
1298 4094 1576 4156 vehiculo,
1632 4096 1862 4151 instante
1912 4099 1997 4153 die

428 4176 587 4240 festo,
608 4178 760 4246 longo
775 4189 964 4234 exacto
980 4181 1170 4235 itinere
1189 4182 1326 4235 inter
1342 4193 1563 4237 cwteras
1591 4185 1729 4255 vulgi
1748 4185 1996 4253 frequen-

427 4264 549 4327 tias,
574 4267 637 4318 ad
664 4270 1042 4321 monasterium
1070 4274 1341 4334 ducentes,
1367 4273 1703 4339 perveniunt,
1729 4274 1996 4345 illatisque

424 4355 534 4407 voti
566 4356 644 4409 sui
678 4358 1005 4417 muneribus.
1040 4360 1176 4412 banc
1203 4375 1415 4429 quoque
1447 4362 1617 4416 sancti
1647 4364 1854 4417 meritis
1886 4381 1995 4420 me-

424 4444 653 4497 dendam
682 4445 930 4499 offerunt.
978 4448 1158 4517 Neque
1188 4451 1273 4504 hic
1319 4451 1488 4505 defuit
1518 4453 1747 4521 profus:e
1779 4455 1995 4523 pietatis

425 4534 762 4600 mysterium,
819 4551 937 4589 nam
968 4536 1107 4604 longi
1142 4540 1387 4593 mceroris
1423 4543 1701 4611 angustias
1729 4544 1904 4598 subito
1937 4546 1991 4599 in

2099 3357 2263 3423 coepit
2306 3356 2521 3409 sibimet
2555 3356 2842 3423 aliquando
2884 3358 3103 3411 dicere:
3139 3357 3235 3411 llic
3272 3374 3424 3413 meus
3450 3375 3659 3427 germa-

2100 3461 2199 3499 nus
2236 3445 2597 3514 praedecessor
2632 3445 2847 3514 ignavia
2876 3445 3146 3512 detentus,
3176 3456 3233 3499 ut
3260 3457 3385 3516 puto
3414 3447 3660 3517 segnitie,

2098 3552 2163 3590 ex
2196 3537 2357 3590 lucris
2390 3537 2546 3606 lmjus
2586 3536 2801 3590 familia:
2833 3538 3062 3592 nescivit
3084 3553 3178 3592 sua
3208 3538 3355 3592 lucra
3388 3539 3543 3593 docte
3575 3554 3666 3591 en-

2099 3626 2322 3680 mulare.
2370 3626 2632 3696 Praecepit
2681 3642 2809 3697 ergo
2853 3626 2965 3697 ipse
3008 3627 3343 3697 procuratori
3377 3643 3474 3681 suo
3512 3626 3662 3680 villa-

2100 3732 2215 3769 rum
2241 3716 2443 3771 incolas
2474 3718 2576 3771 sibi
2620 3725 2877 3787 tanquam
2904 3718 2972 3772 ad
3000 3718 3179 3787 puteal
3218 3717 3494 3781 exhiberi;
3529 3734 3666 3788 quos

2097 3823 2193 3876 per
2242 3808 2391 3860 varia
2442 3807 2766 3876 distringens
2810 3807 3093 3877 supplicia,
3142 3808 3244 3861 sibi
3290 3808 3431 3862 bona
3476 3821 3664 3862 eorum

2098 3904 2280 3965 posset
2322 3895 2588 3950 violenter
2626 3905 2969 3966 extorquere.
3019 3896 3185 3951 Adest
3227 3907 3464 3951 tremens
3490 3905 3545 3951 et
3568 3897 3667 3949 nii-

2098 4002 2217 4039 sera
2266 3988 2663 4041 rusticanorum
2711 3987 2998 4041 multitudo
3030 3987 3275 4053 confusa,
3306 3988 3530 4057 injustas
3562 3987 3663 4040 sibi

2100 4080 2349 4133 intentari
2392 4094 2580 4148 poenas
2616 4080 2947 4135 considerat.
2991 4078 3141 4135 Tunc
3169 4080 3235 4134 ad
3266 4089 3451 4133 notum
3480 4078 3669 4132 cuncti

2099 4182 2383 4226 recurrunt
2404 4172 2685 4237 auxilium,
2712 4172 3036 4239 protendunt
3063 4188 3255 4227 manus
3282 4172 3349 4225 ad
3383 4170 3667 4240 templum,

2096 4262 2256 4317 llebili
2280 4265 2484 4334 gemitu
2523 4273 2768 4319 sanctmn
2812 4265 3063 4319 invocant
3102 4263 3373 4318 Basolum.
3427 4260 3536 4316 Nec
3579 4260 3669 4316 ille

2095 4354 2266 4425 plebis
2294 4369 2404 4409 suae
2426 4354 2513 4409 diu
2541 4355 2792 4423 querelas
2822 4354 3096 4409 sustinuit.
3133 4353 3374 4422 Spernus
3401 4350 3668 4405 malorum

2096 4448 2391 4501 intentator
2417 4456 2472 4500 et
2500 4447 2769 4500 minarum
2793 4446 3025 4515 spirans,
3054 4454 3316 4498 nocturno
3339 4441 3578 4506 silentio,
3611 4440 3667 4493 in

2097 4545 2269 4589 stratu
2314 4551 2411 4591 suo
2455 4536 2638 4589 divina
2668 4536 2869 4590 virtute
2895 4534 3263 4599 confunditur,
3299 4546 3518 4587 sensum
3546 4545 3669 4600 pcr-

423 4623 615 4691 gaudia
646 4628 1012 4679 connnutavit.
1058 4628 1185 4693 Quae
1214 4645 1350 4683 caeca
1386 4642 1644 4696 venerat,
1691 4634 1989 4689 illuminata
2022 4628 2068 4686 D
2097 4632 2251 4697 didit,
2285 4632 2495 4686 medius
2545 4632 2776 4701 crepuit,
2826 4646 2949 4685 cum
3000 4628 3171 4684 fetore
3218 4627 3387 4681 nimio
3436 4624 3667 4696 pessime

426 4714 672 4776 recessit,
716 4730 779 4768 ac
816 4727 999 4783 postea
1046 4718 1223 4785 plures
1270 4720 1454 4774 vivens
1480 4737 1577 4790 per
1604 4738 1790 4785 annos,
1832 4725 1996 4778 mira-

422 4806 601 4856 culum
632 4821 784 4859 suutn
814 4809 924 4875 ipsa
948 4810 1297 4864 circumtulit.

544 4914 672 4969 CAP.
720 4918 777 4971 γ.
820 4917 897 4971 De
935 4919 1146 4973 muliere
1184 4939 1319 4975 ca'ca
1360 4934 1512 4991 atque
1551 4924 1865 4978 illuminata.

497 5004 650 5057 Aliud
676 5007 941 5075 siquidem
972 5010 1096 5064 huic
1124 5026 1227 5063 non
1255 5028 1320 5066 ex
1348 5022 1457 5067 toto
1481 5014 1744 5069 dissimile
1780 5017 1993 5071 virtutis

421 5110 558 5162 opus
584 5106 789 5165 gestum
820 5096 1103 5154 referimus
1134 5115 1295 5168 super
1324 5101 1536 5155 Coslam
1578 5104 1761 5158 itidem
1813 5104 1993 5159 fluvio-

423 5185 532 5238 lum
563 5187 693 5252 (l9).
721 5187 947 5254 Quidam
972 5191 1109 5244 inter
1132 5192 1405 5259 proximos
1430 5192 1699 5253 habitans.
1752 5198 1991 5250 nativum

423 5275 689 5332 incolebat
718 5278 993 5346 cespitem,
1022 5282 1110 5350 qui
1140 5280 1386 5335 videlicet
1417 5297 1446 5334 a
1486 5281 1604 5337 loco
1648 5285 1850 5341 distare
1876 5302 1993 5340 cer-

422 5366 568 5421 nitur
594 5370 783 5423 decem
830 5377 884 5421 et
923 5381 1045 5426 octo
1076 5372 1247 5425 ferme
1296 5372 1579 5427 milliariis.
1624 5374 1722 5429 llic
1766 5392 1988 5431 uxorem

2101 4721 2263 4775 vitam
2292 4720 2493 4775 amisit.
2527 4719 2752 4773 Familia
2783 4728 3017 4773 tremore
3063 4716 3256 4780 soluta,
3309 4714 3492 4769 cuncti
3541 4719 3671 4766 sunt

2099 4811 2426 4864 instantibus
2450 4809 2703 4878 periculis
2732 4808 2965 4862 liberati.

2096 4925 2221 4978 CAP.
2264 4922 2372 4978 Vl].
2424 4923 2577 4986 Quod
2621 4938 2711 4991 per
2759 4937 2933 4989 preces
2983 4931 3029 4973 et
3080 4918 3275 4991 merita
3310 4917 3443 4969 beati
3489 4912 3670 4967 Basoli

2442 4989 2826 5045 Wandalorum
2870 4991 3128 5044 exercitus
3166 4989 3318 5041 redit.

2170 5108 2396 5177 l’rOpter
2447 5116 2859 5176 perseverantes
2912 5106 3175 5160 malorum
3222 5111 3544 5158 nostrorum.
3580 5114 3674 5154 ne-

2098 5201 2317 5272 quitias,
2371 5200 2467 5255 has
2508 5199 2812 5255 Galliarum
2864 5207 3048 5268 partes
3091 5197 3272 5251 divina
3313 5194 3446 5248 ultio
3482 5190 3675 5263 gentili

2101 5292 2275 5363 gladio
2318 5290 2583 5359 disposuit
2626 5291 2842 5346 tradere
2890 5288 3175 5345 feriendas.
3227 5287 3559 5341 Francorum
3592 5297 3678 5337 re-

2103 5398 2263 5452 gnum
2293 5396 2357 5436 eo
2385 5390 2629 5451 tempore
2656 5396 2839 5453 regem
2872 5384 3137 5438 habuerat
3168 5378 3419 5434 Carolum
3449 5375 3562 5444 (2i)
3594 5389 3683 5428 re—
