4482 5524
855 415 960 468 663

1976 425 2267 482 ADSONIS
2308 427 2578 483 DEBVEN
2588 427 2689 481 SlS
2726 431 2765 483 A
2778 428 3017 485 BBATIS

3998 432 4106 488 664

856 528 937 594 gis
982 526 1245 583 Ludovici
1286 530 1476 595 lilituu,
1514 543 1639 586 ante
1679 534 1831 601 cujus
1863 544 2100 604 tempora
2139 538 2238 592 hoc
2270 555 2428 608 paga-
2455 545 2506 602 Α
2532 539 2659 595 CAP.
2690 540 2913 595 Vlll.De
2948 542 3039 594 illo
3066 557 3153 610 qut
3185 546 3447 594 metallum
3470 539 3776 593 deauralum
3808 546 3861 593 tn
3889 534 4108 597 sutum?-

862 634 1057 674 norum
1100 634 1271 687 genus
1301 621 1439 676 intra
1474 622 1606 678 fines
1633 623 1875 680 Francia:
1918 628 2149 683 invisum
2191 631 2429 699 incogni-

857 718 1077 779 tumque
1106 708 1308 776 fuerat,
1337 712 1430 765 sed
1457 712 1664 782 absque
1692 714 1855 769 dubio
1886 718 2048 771 totius
2074 720 2250 787 populi
2282 734 2427 772 com-

857 812 1017 852 mune
1057 798 1115 852 llt
1146 800 1398 853 meritum
1436 817 1534 856 nos
1564 802 1782 857 ultionis
1813 805 2107 860 incurrisse
2136 809 2423 862 discrimen

851 889 1204 955 horrendum,
1236 892 1359 960 quia
1390 892 1640 948 videlicet
1671 896 1828 950 modo
1858 897 2056 964 ubique
2097 906 2281 966 regnat
2309 913 2426 952 ces-

854 986 1007 1031 sante
1031 979 1300 1033 charitate
1324 990 1498 1035 mater
1522 982 1790 1052 impietas,
1822 984 1901 1038 lex
1937 985 2027 1039 Dei
2057 988 2421 1052 confunditur,

840 1063 1056 1133 iustitia
1109 1068 1460 1136 subvertitur,
1506 1086 1799 1127 secuu..um
1852 1077 2146 1145 prophetia:
2195 1078 2420 1143 dictum,

847 1158 1195 1225 adulterium,
1240 1162 1613 1229 homicidium,
1666 1165 1959 1234 perjurium
2002 1168 2419 1234 imuulaverunt,

844 1253 1061 1318 sanguis
1101 1252 1412 1320 sanguinem
1452 1254 1617 1322 tetigit
1651 1253 1805 1325 (Osee
1831 1271 1903 1319 tv,
1931 1256 2011 1325 2),
2040 1258 2089 1310 id
2120 1268 2199 1311 est
2226 1273 2420 1327 pecca-

848 1346 959 1392 tum
994 1354 1157 1408 super
1188 1351 1473 1409 peccatum
1515 1343 1633 1397 siue
1679 1344 1855 1413 aliqua
1891 1347 2300 1414 interpositione
2329 1363 2421 1402 cu-

845 1430 1101 1485 mulando
1143 1435 1338 1497 crevit,
1385 1436 1565 1488 omnia
1618 1437 1845 1491 confusa
1889 1448 2011 1491 sunt
2058 1448 2110 1493 et
2142 1450 2415 1510 corrupta.

840 1517 986 1573 lnter
1036 1520 1323 1577 saaculares
1351 1532 1513 1591 atque
1540 1526 1703 1593 (quod
1730 1535 1813 1579 est
1842 1527 2017 1596 pejus)
2045 1528 2188 1582 inter
2211 1545 2304 1584 eos
2324 1532 2415 1599 qui

842 1620 1039 1662 nomen
1080 1610 1278 1664 habent
1319 1611 1613 1681 religionis,
1640 1612 1752 1680 jam
1782 1615 1897 1668 sine
1924 1614 2224 1669 dillercntia
2258 1619 2414 1685 cupi-

839 1700 982 1754 ditas
1010 1701 1294 1765 discurrit,
1328 1714 1382 1759 et
1420 1707 1669 1769 avaritia,
1710 1707 1999 1776 multisque
2050 1719 2224 1764 rectas
2258 1712 2417 1780 justi-

840 1788 927 1843 tiae
979 1792 1205 1847 semitas
1246 1794 1621 1850 deserentibus
1652 1797 2005 1866 multiplicata
2037 1811 2162 1854 sunt
2190 1802 2328 1854 mala
2362 1802 2414 1855 in

2887 622 2992 665 tute
3018 609 3179 663 turris
3200 619 3419 677 coeperat
3443 609 3745 663 convellere.

2602 702 2705 757 Sed
2745 704 2868 772 quia
2902 718 3236 773 paganorum
3281 712 3493 773 gentem
3540 701 3704 756 semel
3742 703 3964 771 ingressi
4012 721 4102 757 suo

2530 809 2672 859 mus,
2722 793 2922 848 referre
2967 795 3130 848 etiam
3182 795 3461 857 debemus,
3487 807 3607 861 quae
3636 794 3864 848 diversis
3895 805 4102 864 tempo-

2529 883 2679 937 ribus
2722 882 2859 936 facta
2909 884 3072 937 fuisse
3118 883 3491 951 cegnovimus.
3532 880 3665 936 Nam
3697 885 3823 951 quia
3853 885 4102 940 humana.

2530 971 2741 1025 duritia:
2771 987 2876 1025 non
2901 981 3080 1026 cessat
3112 972 3291 1040 culpa,
3319 988 3423 1025 non
3452 983 3675 1040 possunt
3701 987 3913 1040 quoque
3939 988 4104 1041 super

2530 1077 2631 1117 nos
2649 1063 2813 1116 divini
2834 1060 3023 1128 judicii
3048 1078 3262 1116 cessare
3293 1061 3521 1129 ﬂagella.
3584 1062 3705 1115 Alio
3732 1064 3927 1116 etenim
3959 1074 4097 1117 tem-

2526 1165 2655 1219 pore
2694 1151 2807 1206 haec
2848 1152 3041 1205 iterum
3074 1152 3213 1205 intra
3238 1150 3443 1219 Gallias
3475 1154 3611 1206 facta
3640 1162 3724 1206 est
3746 1151 4100 1208 barbarorum

2528 1243 2778 1312 irruptio,
2833 1244 2924 1311 qui
2971 1259 3122 1298 more
3172 1243 3370 1308 ferino,
3422 1244 3679 1311 quidquid
3731 1244 3835 1299 sibi
3880 1246 4099 1299 obvium

2528 1330 2736 1394 habuit,
2768 1331 2933 1399 cepit,
2975 1332 3195 1395 occidit,
3238 1332 3473 1386 incendit
3502 1342 3555 1387 et
3582 1334 3837 1397 vastavit,
3866 1349 4097 1403 quorum

2525 1424 2759 1477 adventu
2790 1426 3142 1493 praecognito,
3188 1425 3314 1476 dum
3356 1424 3582 1493 quisque
3612 1424 3736 1477 vitae
3764 1425 4095 1477 munimenta

2522 1512 2688 1581 capit,
2740 1520 2901 1581 atque
2948 1514 3225 1566 interitum
3267 1514 3446 1567 cuncti
3490 1522 3762 1577 verentur,
3797 1513 3973 1566 clerici
4005 1530 4098 1565 ac-

2522 1614 2678 1674 cepto
2727 1619 2955 1674 corpore
2999 1621 3156 1659 sacro
3203 1605 3379 1659 festini
3410 1620 3468 1659 se
3501 1607 3551 1659 in
3600 1607 3869 1659 civitatem
3916 1608 4098 1660 confe-

2523 1705 2669 1751 runt.
2699 1695 2878 1762 Quare
2913 1696 3199 1751 multitudo
3230 1697 3534 1766 gentilium,
3569 1712 3733 1750 vacua
3763 1697 3830 1749 ab
3862 1697 4097 1751 h0iuiui-

2522 1790 2621 1843 bus
2666 1789 2897 1844 ccenobii
2949 1789 3065 1843 loca
3119 1789 3417 1851 inveniens,
3472 1789 3712 1841 divinum
3765 1803 3871 1840 non
3922 1788 4097 1840 verita

839 1890 1003 1935 terra.
1054 1882 1355 1939 Miunratur
1385 1888 1626 1955 quotidie
1651 1887 2083 1945 Christianorum
2118 1908 2411 1959 numerus;
2450 1885 2493 1943 Β
2523 1879 2885 1944 defensorem.
2942 1878 3109 1932 "bere
3153 1878 3467 1947 ί¹¹8τθι¹ίι¹¹¹⁹ν
3498 1892 3560 1931 ac
3586 1885 3805 1946 ρτοριεν
3832 1874 3929 1929 10⁸⁵
3961 1890 4097 1928 c‘m'

837 1970 928 2023 alii
963 1972 1015 2025 in
1044 1974 1411 2040 captivitatem
1444 1976 1658 2041 abeunt,
1700 1978 1788 2032 alii
1828 1977 1973 2035 ferro
2004 1981 2297 2049 intereunt,
2326 1985 2414 2038 alii

835 2063 978 2116 inter
1003 2079 1191 2133 plenas
1213 2074 1266 2120 et
1291 2067 1565 2121 cruciatus
1595 2069 1876 2134 deliciunt,
1919 2071 2009 2123 alii
2051 2071 2418 2140 praefocantur

836 2156 1018 2225 aquis,
1071 2156 1160 2211 alii
1197 2159 1447 2213 manibus
1490 2168 1545 2213 et
1587 2160 1812 2228 pedibus
1863 2164 2276 2229 detruncantur,
2325 2166 2415 2219 alii

836 2247 1069 2303 ﬂammis
1114 2246 1301 2316 iujeeti
1348 2251 1758 2314 comburuntur,
1800 2253 1888 2307 alii
1920 2256 2116 2322 captivi
2148 2255 2293 2310 ducti
2322 2271 2414 2309 cx-

842 2338 1057 2392 stinctis
1101 2340 1458 2394 cadaveribus
1508 2341 1801 2395 crudeliter
1832 2353 1957 2397 sunt
1998 2359 2097 2412 per
2137 2346 2252 2398 vias
2292 2362 2416 2415 pro-

831 2427 997 2495 jecti,
1025 2429 1115 2482 alii
1146 2443 1209 2482 ex
1240 2430 1552 2500 captivitate
1596 2432 1840 2497 redeunt,
1875 2434 2006 2501 proh
2040 2434 2220 2489 dolor!
2257 2436 2415 2488 mise-

838 2517 1013 2571 randi.
1060 2517 1277 2573 Eversae
1318 2529 1443 2572 sunt
1482 2519 1640 2583 villxe,
1702 2537 1887 2589 pauca:
1931 2532 2083 2576 extra
2128 2524 2287 2577 urbes
2336 2540 2416 2577 re-

838 2616 1152 2661 manserunt
1192 2608 1434 2663 ecclesia-
1465 2626 1477 2673 ;
1521 2610 1805 2664 exstinctis
1839 2611 2062 2676 colonis,
2107 2630 2288 2667 vacuze
2325 2629 2412 2668 re-

834 2696 972 2750 lictzc
1000 2706 1123 2750 sunt
1152 2706 1327 2752 terra).
1358 2698 1525 2769 Hujus
1555 2700 1717 2769 igitur
1746 2701 2077 2756 detestamhc
2099 2708 2275 2772 gentis
2301 2704 2412 2758 for-

834 2785 1059 2849 midine,
1108 2787 1326 2854 quando
1366 2790 1600 2856 primum
1644 2805 1701 2843 se
1734 2806 1918 2843 rumor
1958 2808 2056 2860 per
2099 2795 2195 2847 has
2235 2804 2413 2863 partes

835 2878 977 2931 farina
1004 2878 1219 2931 volante
1241 2878 1545 2942 diﬂ‘utlcrat,
1574 2882 1836 2949 puesidiis
1860 2883 2058 2951 quique
2082 2884 2410 2938 munimenta

837 2967 1079 3033 Cupiunt.
1140 2966 1292 3021 Tunc
1345 2984 1559 3037 quoque
1596 2970 1815 3023 collecta
1868 2972 2038 3025 sancti
2087 2971 2413 3038 confessoris

839 3074 942 3109 non
1001 3058 1211 3111 tundiea
1272 3058 1637 3119 multitudine,
1688 3060 1871 3113 clerici
1927 3077 2115 3114 omnes
2161 3063 2212 3115 in
2247 3079 2410 3117 unum

837 3150 1189 3213 conveniunt,
1230 3165 1351 3203 cum
1385 3153 1468 3203 sui
1514 3152 1726 3218 patroni
1760 3167 1914 3205 sacro
1940 3153 2159 3221 pignore
2182 3156 2247 3209 ad
2277 3156 2411 3209 civi-

2522 1971 2823 2042 grueutiam
2873 1985 2993 2023 cum
3039 1970 3293 2025 universo
3329 1970 3589 2023 comitatu
3619 1978 3729 2023 tota
3760 1983 4096 2039 paganorqu

2521 2060 2681 2115 statio
2709 2060 2905 2113 ibidem
2938 2059 3254 2113 collocatur.
3305 2059 3419 2113 Huc
3467 2059 3627 2111 etiam
3662 2068 3870 2128 strages
3898 2074 4092 2126 quam-

2520 2149 2801 2219 plurimam
2829 2157 2883 2202 et
2909 2148 3075 2217 spolia
3107 2148 3304 2216 passim
3343 2147 3690 2211 insectantes,
3732 2162 3799 2201 ex
3848 2148 4083 2200 diversis

2519 2240 2761 2308 partibus
2793 2237 3029 2308 praedam
3070 2248 3429 2291 revertuntur.
3468 2238 3678 2291 Interea
3702 2239 4094 2291 dumturricn-

2519 2331 2622 2384 lam
2655 2331 2706 2383 iu
2741 2344 2952 2384 summo
2997 2328 3243 2383 ecclesia:
3294 2330 3521 2397 positam
3574 2329 3829 2382 deaurata
3879 2329 4095 2395 conspi-

2516 2423 2663 2477 ciunt
2699 2422 2880 2490 specie
2921 2419 3203 2488 refulgere,
3256 2434 3443 2473 eorum
3488 2435 3628 2471 unus
3656 2419 3774 2471 auri
3801 2419 4096 2487 cupiditate

2516 2514 2731 2576 ductus,
2789 2513 2872 2566 cui
2927 2512 3180 2566 videlicet
3225 2513 3417 2565 vicina:
3455 2511 3649 2565 mortis
3687 2520 3806 2563 erat
3844 2511 4095 2564 interitus

2517 2600 2834 2669 prielinitus,
2866 2616 2960 2667 per
2987 2610 3123 2654 tecta
3162 2600 3322 2668 repit,
3366 2599 3577 2652 cuhneu
3616 2599 3798 2667 templi
3835 2614 4093 2653 consecu—

2515 2689 2614 2752 dit,
2654 2704 2717 2743 ac
2760 2689 2961 2757 fulgida
3004 2688 3219 2742 metalla
3263 2687 3563 2741 convellere
3611 2687 3792 2756 caepit.
3830 2686 3935 2740 Sed
3970 2704 4093 2740 cum

2518 2780 2569 2833 in
2605 2779 2655 2833 id
2682 2780 2861 2848 operis
2888 2788 3032 2833 esset
3056 2778 3419 2832 irreverenter
3448 2777 3706 2840 intentus,
3738 2777 3975 2829 divinam
4004 2794 4096 2830 ei.-

2514 2879 2699 2939 pertus
2728 2887 2757 2923 a
2785 2870 2901 2923 loco
2927 2886 3031 2923 non
3061 2870 3246 2923 deesse
3274 2870 3599 2930 custodiam,
3631 2869 3807 2922 subito
3838 2876 4092 2935 perlecta

2516 2970 2725 3015 rotatas
2754 2961 2805 3013 iu
2837 2974 3079 3029 praeceps
3110 2960 3290 3021 datur,
3325 2968 3486 3027 atque
3512 2958 3804 3013 confractis
3836 2958 4095 3021 membris

2513 3054 2579 3107 ad
2616 3063 2813 3107 terram
2856 3052 3196 3122 perveniens,
3246 3052 3422 3107 debita
3471 3052 3662 3107 mortis
3711 3067 3867 3121 pcena
3918 3054 4092 3106 corri-

2517 3147 2679 3216 pitur.

834 3245 1000 3290 tatem
1028 3237 1329 3292 deliberant
1353 3254 1572 3308 gressus
1605 3240 1917 3304 intendere;
1954 3243 2267 3311 reliCtisque
2304 3259 2407 3297 non
2437 3235 2480 3295 C
2521 3258 2647 3311 CA...
2676 3256 2769 3311 ιχ,
2804 3257 2879 3310 [λε
2910 3257 3131 3309 barbam
3154 3273 3245 3309 εειι
3274 3255 3556 3317 ιγαηάαιο,
3598 3256 3687 3324 qui
3718 3270 3879 3308 conm
3906 3252 4094 3307 altaris

835 3331 949 3382 sine
998 3331 1255 3383 tumstitia
1302 3331 1533 3399 propriis
1574 3330 1815 3395 sedibus,
1868 3333 1953 3385 illa
1993 3350 2087 3387 sua
2119 3337 2411 3391 domestica

833 3419 1071 3488 nudique
1112 3421 1290 3484 turba,
1324 3422 1498 3474 tunsis
1527 3421 1579 3474 iu
1611 3436 1871 3491 sequente
1898 3426 2207 3493 pectoribus
2235 3428 2301 3479 ad
2330 3427 2411 3480 vi-

831 3524 955 3562 cum
980 3508 1063 3561 cui
1088 3508 1331 3563 l’usiolos
1353 3506 1651 3579 (I’uisicux)
1677 3527 1867 3565 nomen
1893 3526 1993 3575 est,
2023 3513 2181 3567 ﬂuvio
2212 3516 2414 3569 Vidula:

833 3600 909 3669 (la
947 3599 1114 3671 Veste)
1156 3602 1467 3671 contiguum
1509 3603 1718 3657 duobus
1741 3602 1851 3671 jam
1884 3606 2118 3660 millibus
2150 3623 2407 3675 pervene-

831 3702 973 3747 rant.
1005 3692 1155 3748 Tuuc
1188 3693 1396 3749 clamor
1440 3696 1619 3748 illa:in
1653 3696 1831 3765 populi
1869 3696 1919 3749 in
1954 3698 2183 3752 excelsis
2216 3700 2410 3753 attolli-

830 3796 938 3848 tur,
970 3784 1205 3838 conl'usa:
1230 3784 1480 3839 lamentis
1505 3801 1666 3840 voces
1699 3786 1911 3856 longius
1950 3790 2284 3845 incessanter
2314 3806 2409 3842 au-

830 3877 1053 3930 diuntur
1075 3877 1423 3931 clamantium
1454 3887 1615 3947 atque
1639 3879 1929 3933 dicentium
1955 3898 1967 3933 :
2000 3879 2043 3934 0
2074 3892 2259 3935 sancte
2290 3881 2407 3947 Dei,

829 3971 957 4037 quid
984 3980 1070 4023 est
1095 3971 1234 4038 quod
1259 3971 1361 4025 tale
1393 3971 1485 4025 tibi
1519 3972 1741 4026 adhibes
1772 3972 2106 4041 obsequium,
2145 3974 2409 4043 talemque

829 4062 925 4115 tibi
950 4061 1158 4131 colligis
1179 4064 1533 4117 comitatum?
1554 4080 1660 4133 quo
1684 4074 1734 4118 Ie
1757 4067 2087 4144 sequemur?
2108 4082 2205 4119 cur
2229 4067 2407 4121 locant

794 4162 980 4217 _tuum
1015 4153 1093 4205 sic
1138 4168 1363 4206 vacuum
1413 4169 1531 4207 esse
1581 4155 1820 4222 pateris?
1868 4155 1975 4209 lllis
2024 4157 2093 4208 ita
2147 4172 2204 4209 se
2252 4168 2408 4211 terra:

827 4242 1298 4309 prosternentibus
1361 4251 1523 4310 atque
1575 4243 1921 4297 clementiam
1979 4246 2072 4298 Dei
2124 4256 2179 4300 et
2233 4248 2405 4302 sancti

830 4332 1005 4386 Basoh
1035 4334 1468 4403 deprecantibus,
1508 4344 1566 4388 ut
1596 4336 1639 4387 si
1670 4335 1739 4389 ab
1772 4336 1874 4389 bac
1903 4337 2177 4392 auditione
2205 4339 2407 4407 aliquid

829 4423 931 4477 sibi
986 4423 1207 4485 deberet
1256 4424 1477 4478 noxium
1530 4426 1865 4495 contingere,
1926 4435 2132 4480 certum
2190 4427 2405 4495 aliquod

828 4515 1291 4580 daretimlicium,
1340 4532 1406 4570 ne
1456 4527 1597 4571 esset
1649 4533 1873 4573 necesse
1919 4519 2146 4587 amplius
2187 4520 2401 4590 fatigari

827 4606 1101 4678 populum.
1140 4606 1313 4662 Tanto
1359 4610 1599 4681 pondere
1644 4625 1768 4665 mox
1805 4612 1976 4665 sancti
2006 4612 2159 4681 gleba
2202 4612 2405 4684 ﬁgitur,

827 4706 888 4751 ut
919 4714 1023 4751 non
1053 4698 1192 4752 ultra
1237 4715 1398 4767 quam
1441 4700 1492 4751 in
1542 4699 1771 4753 vicinam
1802 4699 2082 4754 ecclesiam
2107 4702 2407 4757 divertemli

830 4786 1060 4843 facultas
1103 4789 1506 4851 concederetur,
1554 4790 1643 4842 ubi
1686 4788 2054 4844 imminentem
2086 4802 2296 4847 noctem
2328 4795 2407 4847 vi-

828 4879 970 4949 giliis
1022 4881 1349 4951 trausiguut.
1391 4880 1447 4934 lu
1476 4881 1775 4935 crastinum
1814 4896 1937 4935 cum
1969 4883 2051 4937 sui
2083 4886 2406 4952 protectoris

825 4969 1047 5032 auxilio,
1098 4983 1287 5024 omnes
1325 4972 1390 5025 ad
1433 4971 1651 5040 propria
1686 4971 1932 5026 redeunt.
1971 4971 2235 5027 Praedicta
2273 4989 2405 5029 vero

825 5078 1157 5132 paganorum
1182 5078 1330 5133 gens,
1364 5079 1430 5116 eo
1454 5063 1669 5131 quidem
1702 5073 1942 5132 tempore
1966 5065 2250 5120 ecclesiam
2280 5083 2401 5122 san-

836 5152 901 5205 cti
938 5149 1181 5206 Mauricii
1233 5167 1336 5206 non
1395 5154 1627 5218 transiit,
1674 5169 1794 5223 qua:
1821 5164 1903 5210 est
1932 5155 2038 5210 sita
2075 5156 2125 5210 in
2166 5157 2400 5213 conﬁnio

830 5227 1136 5315 (iainpaniaz
1164 5260 1227 5299 ac
1254 5244 1401 5300 silvze
1434 5246 1750 5317 Argueuure.

828 5515 839 5524 _
897 5446 1010 5524 (ἢεί)
1032 5446 1195 5524 istius
1236 5446 1484 5524 miraculi
1517 5449 1758 5524 m_e_mimt
1786 5445 1935 5524 lingu
1963 5446 2405 5524 Flaviniae._Ab-

2805 3339 2857 3379 ut
2890 3326 3190 3379 convelleret
3214 3337 3403 3379 temere
3430 3326 3788 3395 apprehendit.

2588 3421 2782 3473 lterum
2819 3420 2958 3473 alius
2985 3434 3197 3487 quoque
3229 3434 3441 3472 sacrum
3470 3418 3638 3471 altare
3664 3417 3881 3486 indigna
3916 3431 4097 3486 pervr-

2516 3511 2664 3565 cacia
2696 3509 2847 3563 uisus
2875 3509 3257 3568 conscendere,
3313 3509 3437 3561 dum
3473 3523 3639 3562 cornu
3670 3507 3858 3560 altaris
3891 3514 4097 3560 temere

2516 3600 2964 3670 apprehenderet,
3000 3599 3072 3652 ita
3103 3614 3293 3652 manus
3320 3597 3645 3665 ejus.subito
3672 3596 3882 3651 inhaesit
3909 3612 4095 3664 supcr-

2515 3694 2685 3764 posita
2715 3690 2970 3745 marntori
3006 3689 3139 3758 (2‘2),
3170 3699 3228 3741 nt
3254 3705 3374 3742 cum
3409 3688 3580 3759 magis
3617 3696 3800 3757 posset
3824 3687 4091 3752 abrumpi,

2519 3782 2823 3836 nullatenus
2854 3788 3036 3848 posset
3065 3778 3238 3831 avelli.
3272 3776 3535 3831 Cerneres
3571 3776 3836 3844 captivam
3860 3773 4090 3827 bestiam

2516 3873 2719 3941 absque
2749 3882 3061 3924 catenarum
3093 3868 3321 3921 vinculis
3363 3882 3469 3918 uno
3499 3876 3644 3919 stare
3679 3866 3730 3918 iu
3761 3864 3878 3918 loco
3909 3863 4088 3917 divina

2515 3963 2716 4015 virtute
2738 3960 3027 4015 conﬁxam.
3061 3958 3270 4011 Interea
3302 3957 3528 4010 barbara
3560 3954 3744 4007 mirari
3774 3953 4085 4014 multitudo,

2517 4070 2583 4108 ne
2616 4069 2674 4106 se
2707 4068 2803 4120 par
2833 4051 2964 4103 ultio
2995 4049 3413 4117 constringeret,
3456 4047 3776 4099 horrescere
3804 4060 3864 4097 ac
3889 4057 4086 4095 quueu

2516 4141 2781 4197 invisibile
2831 4123 2988 4192 hruta
3039 4139 3261 4191 audacia
3306 4135 3721 4205 praesentialiter
3751 4132 4088 4203 persentirc;

2498 4232 2607 4297 sed
2634 4232 2775 4284 hunc
2807 4230 2876 4282 ita
2910 4209 3232 4291 revinctum,
3263 4227 3351 4279 alii
3382 4228 3452 4280 ita
3479 4242 3759 4279 remanere
3787 4242 3890 4278 non
3919 4224 4086 4293 passi,

2511 4322 2636 4374 hinc
2670 4319 2789 4372 inde
2820 4320 2967 4371 circa
2996 4314 3215 4370 manum
3255 4316 3516 4386 appositis
3560 4315 3901 4383 bipennibus,
3951 4313 4082 4383 lapi-

2511 4412 2629 4466 dem
2664 4412 3028 4473 concidentes,
3084 4408 3296 4462 tandem
3341 4408 3590 4478 gentilem
3623 4408 3857 4471 solvunt,
3912 4410 4085 4476 parti-

2512 4500 2629 4554 cula
2658 4509 2832 4553 tamen
2864 4498 3152 4552 marmoris
3178 4513 3334 4550 manu
3363 4495 3477 4563 ejus
3519 4506 3773 4565 perpetua
3800 4496 4087 4550 tenacitate

2441 4580 2869 4645 Dinsolubiliter
2916 4589 3243 4643 adhaerente.
3308 4587 3418 4642 Hoc
3477 4588 3662 4656 itaque
3719 4588 3822 4642 tale
3877 4589 4087 4657 pomlus

2513 4698 2680 4749 usque
2708 4682 2773 4735 ad
2802 4692 3001 4734 terram
3042 4696 3194 4733 suam
3224 4680 3494 4742 deferens,
3527 4681 3748 4735 virtutis
3775 4682 3948 4735 sancti
3982 4681 4083 4733 Ba-

2512 4771 2609 4825 soli
2661 4771 2860 4826 invitus
2904 4769 3223 4840 praedicator
3266 4768 3626 4823 referentibus
3664 4785 3728 4823 ex
3774 4770 4084 4837 Captivitate

2511 4862 2920 4933 quamplmtimis
2962 4862 3111 4917 visus
3140 4870 3224 4915 est
3262 4861 3326 4915 ad
3359 4877 3485 4915 suos
3506 4861 3618 4931 jam
3646 4870 3834 4915 arente
3864 4862 4084 4914 brachio

2511 4955 2843 5025 pervenisse.

2511 5067 2638 5121 CAP.
2673 5066 2739 5119 Χ.
2785 5066 2859 5119 De
2912 5066 3005 5119 illo
3045 5068 3133 5136 qui
3179 5083 3295 5119 cum
3329 5083 3490 5120 uxore
3524 5066 3704 5118 incidit
3740 5068 3794 5119 in
3831 5065 4079 5119 latrones.

2581 5155 2808 5221 Quidam
2856 5171 3070 5224 quoque
3115 5158 3366 5223 antiquus
3393 5156 3505 5224 (25)
3544 5156 3831 5209 Remorum
3880 5165 4083 5209 metro-

2448 5280 2452 5283 ι
2512 5248 2671 5318 polis,
2711 5257 2765 5299 et
2791 5247 3054 5317 sanguine
3102 5255 3157 5301 et
3205 5246 3490 5302 sedulitate
3533 5248 3714 5301 multis
3770 5247 4084 5302 notissimus

2512 5340 2743 5402 civium,
2792 5338 2960 5392 semel
3006 5338 3059 5391 iu
3108 5353 3249 5393 anno
3295 5339 3360 5393 ad
3410 5339 3583 5393 sancti
3629 5337 3724 5392 Dei
3778 5338 4082 5393 caanobium

2512 5458 2618 5502 tem
2672 5445 2844 5516 ipsam
2878 5447 3081 5524 lapidis
3109 5448 3160 5502 in
3188 5449 3430 5503 omnium
3455 5448 3815 5504 admiratione
3842 5447 4083 5520 perferre
