  <div class='ocr_page' id='page_1' title='image "/cluster/home/n/w/nwhite01/storage/ocr_20150623/137/hvd.32044021286828/338.png"; bbox 0 0 4482 5524; ppageno 0'>
   <div class='ocr_carea' id='block_1_1' title="bbox 405 465 507 520">
    <p class='ocr_par' dir='ltr' id='par_1_1' title="bbox 405 465 507 520">
     <span class='ocr_line' id='line_1_1' title="bbox 405 465 507 520; baseline 0 0"><span class='ocrx_word' id='word_1_1' title='bbox 405 465 507 520; x_wconf 74' lang='lat'><strong>663</strong></span> 
     </span>
    </p>
   </div>
   <div class='ocr_carea' id='block_1_2' title="bbox 1379 460 2694 520">
    <p class='ocr_par' dir='ltr' id='par_1_2' title="bbox 1379 460 2694 520">
     <span class='ocr_line' id='line_1_2' title="bbox 1379 460 2694 520; baseline 0.001 -3"><span class='ocrx_word' id='word_1_2' title='bbox 1379 464 1465 519; x_wconf 68' lang='lat' dir='ltr'><strong>Illi</strong></span> <span class='ocrx_word' id='word_1_3' title='bbox 1505 461 1892 518; x_wconf 73' lang='lat' dir='ltr'><strong>Tll.\\S|..‘.T.</strong></span> <span class='ocrx_word' id='word_1_4' title='bbox 1933 460 2016 514; x_wconf 78' lang='grc' dir='ltr'>ΕΤ</span> <span class='ocrx_word' id='word_1_5' title='bbox 2059 461 2291 516; x_wconf 74' lang='lat' dir='ltr'><strong>MIRAC.</strong></span> <span class='ocrx_word' id='word_1_6' title='bbox 2336 464 2391 517; x_wconf 90' lang='lat' dir='ltr'><strong>S.</strong></span> <span class='ocrx_word' id='word_1_7' title='bbox 2438 464 2694 520; x_wconf 66' lang='lat' dir='ltr'><strong>BASOIJ.</strong></span> 
     </span>
    </p>
   </div>
   <div class='ocr_carea' id='block_1_3' title="bbox 3559 470 3660 522">
    <p class='ocr_par' dir='ltr' id='par_1_3' title="bbox 3559 470 3660 522">
     <span class='ocr_line' id='line_1_3' title="bbox 3559 470 3660 522; baseline 0.02 -2"><span class='ocrx_word' id='word_1_8' title='bbox 3559 470 3660 522; x_wconf 75' lang='lat'><strong>(360</strong></span> 
     </span>
    </p>
   </div>
   <div class='ocr_carea' id='block_1_4' title="bbox 407 571 3654 647">
    <p class='ocr_par' dir='ltr' id='par_1_4' title="bbox 407 571 3654 647">
     <span class='ocr_line' id='line_1_4' title="bbox 407 571 3654 647; baseline 0 -14"><span class='ocrx_word' id='word_1_9' title='bbox 407 587 762 633; x_wconf 83' lang='lat' dir='ltr'><strong>consueverat</strong></span> <span class='ocrx_word' id='word_1_10' title='bbox 805 578 1036 631; x_wconf 88' lang='lat' dir='ltr'><strong>celerem</strong></span> <span class='ocrx_word' id='word_1_11' title='bbox 1079 579 1397 645; x_wconf 71' lang='lat' dir='ltr'><strong>pertendere</strong></span> <span class='ocrx_word' id='word_1_12' title='bbox 1448 594 1714 647; x_wconf 77' lang='lat' dir='ltr'><strong>gressum,</strong></span> <span class='ocrx_word' id='word_1_13' title='bbox 1757 587 1978 643; x_wconf 79' lang='lat' dir='ltr'><strong>cupiens</strong></span> <span class='ocrx_word' id='word_1_14' title='bbox 2009 577 2054 632; x_wconf 79' lang='grc' dir='ltr'>Α</span> <span class='ocrx_word' id='word_1_15' title='bbox 2085 571 2255 626; x_wconf 85' lang='lat' dir='ltr'><strong>laxius</strong></span> <span class='ocrx_word' id='word_1_16' title='bbox 2284 585 2602 645; x_wconf 84' lang='lat' dir='ltr'><strong>evagantur,</strong></span> <span class='ocrx_word' id='word_1_17' title='bbox 2638 587 2696 630; x_wconf 90' lang='lat' dir='ltr'><strong>ut</strong></span> <span class='ocrx_word' id='word_1_18' title='bbox 2725 586 2848 632; x_wconf 88' lang='lat' dir='ltr'><strong>sunt</strong></span> <span class='ocrx_word' id='word_1_19' title='bbox 2897 587 3101 631; x_wconf 71' lang='lat' dir='ltr'><strong>naturre</strong></span> <span class='ocrx_word' id='word_1_20' title='bbox 3128 579 3315 640; x_wconf 70' lang='lat' dir='ltr'><strong>avidie,</strong></span> <span class='ocrx_word' id='word_1_21' title='bbox 3346 583 3410 633; x_wconf 89' lang='lat' dir='ltr'><strong>ad</strong></span> <span class='ocrx_word' id='word_1_22' title='bbox 3453 581 3654 635; x_wconf 81' lang='lat' dir='ltr'><strong>fontem</strong></span> 
     </span>
    </p>
   </div>
   <div class='ocr_carea' id='block_1_5' title="bbox 411 666 1981 736">
    <p class='ocr_par' dir='ltr' id='par_1_5' title="bbox 411 666 1981 736">
     <span class='ocr_line' id='line_1_5' title="bbox 411 666 1981 736; baseline -0.002 -14"><span class='ocrx_word' id='word_1_23' title='bbox 411 685 629 722; x_wconf 85' lang='lat' dir='ltr'><strong>suarum</strong></span> <span class='ocrx_word' id='word_1_24' title='bbox 659 685 722 724; x_wconf 80' lang='lat' dir='ltr'><strong>ex</strong></span> <span class='ocrx_word' id='word_1_25' title='bbox 753 669 1099 723; x_wconf 69' lang='lat' dir='ltr'><strong>facultatibus</strong></span> <span class='ocrx_word' id='word_1_26' title='bbox 1128 683 1305 721; x_wconf 89' lang='lat' dir='ltr'><strong>rerum</strong></span> <span class='ocrx_word' id='word_1_27' title='bbox 1330 667 1569 736; x_wconf 79' lang='lat' dir='ltr'><strong>ejusdem</strong></span> <span class='ocrx_word' id='word_1_28' title='bbox 1595 667 1694 721; x_wconf 92' lang='lat' dir='ltr'><strong>loci</strong></span> <span class='ocrx_word' id='word_1_29' title='bbox 1725 666 1981 719; x_wconf 76' lang='lat' dir='ltr'><strong>fratribus</strong></span> 
     </span>
    </p>
   </div>
   <div class='ocr_carea' id='block_1_6' title="bbox 411 759 1977 830">
    <p class='ocr_par' dir='ltr' id='par_1_6' title="bbox 411 759 1977 830">
     <span class='ocr_line' id='line_1_6' title="bbox 411 759 1977 830; baseline -0.003 -17"><span class='ocrx_word' id='word_1_30' title='bbox 411 761 479 814; x_wconf 91' lang='lat' dir='ltr'><strong>ad</strong></span> <span class='ocrx_word' id='word_1_31' title='bbox 525 771 867 830; x_wconf 78' lang='lat' dir='ltr'><strong>augmentum</strong></span> <span class='ocrx_word' id='word_1_32' title='bbox 911 759 1134 828; x_wconf 67' lang='lat' dir='ltr'><strong>justitim</strong></span> <span class='ocrx_word' id='word_1_33' title='bbox 1170 759 1418 812; x_wconf 90' lang='lat' dir='ltr'><strong>devotius</strong></span> <span class='ocrx_word' id='word_1_34' title='bbox 1467 759 1543 811; x_wconf 83' lang='lat' dir='ltr'><strong>ire</strong></span> <span class='ocrx_word' id='word_1_35' title='bbox 1591 759 1977 810; x_wconf 90' lang='lat' dir='ltr'><strong>ministratum.</strong></span> 
     </span>
    </p>
   </div>
   <div class='ocr_carea' id='block_1_7' title="bbox 409 850 1976 919">
    <p class='ocr_par' dir='ltr' id='par_1_7' title="bbox 409 850 1976 919">
     <span class='ocr_line' id='line_1_7' title="bbox 409 850 1976 919; baseline -0.003 -16"><span class='ocrx_word' id='word_1_36' title='bbox 409 853 528 917; x_wconf 76' lang='lat' dir='ltr'><strong>Quo</strong></span> <span class='ocrx_word' id='word_1_37' title='bbox 570 866 693 904; x_wconf 83' lang='lat' dir='ltr'><strong>cum</strong></span> <span class='ocrx_word' id='word_1_38' title='bbox 746 851 1034 919; x_wconf 79' lang='lat' dir='ltr'><strong>aliquando</strong></span> <span class='ocrx_word' id='word_1_39' title='bbox 1062 852 1217 905; x_wconf 90' lang='lat' dir='ltr'><strong>solito</strong></span> <span class='ocrx_word' id='word_1_40' title='bbox 1249 865 1398 904; x_wconf 88' lang='lat' dir='ltr'><strong>more</strong></span> <span class='ocrx_word' id='word_1_41' title='bbox 1428 851 1610 904; x_wconf 88' lang='lat' dir='ltr'><strong>venire</strong></span> <span class='ocrx_word' id='word_1_42' title='bbox 1641 850 1976 910; x_wconf 77' lang='lat' dir='ltr'><strong>decerneret,</strong></span> 
     </span>
    </p>
   </div>
   <div class='ocr_carea' id='block_1_8' title="bbox 407 941 1976 1012">
    <p class='ocr_par' dir='ltr' id='par_1_8' title="bbox 407 941 1976 1012">
     <span class='ocr_line' id='line_1_8' title="bbox 407 941 1976 1012; baseline -0.004 -16"><span class='ocrx_word' id='word_1_43' title='bbox 407 952 462 996; x_wconf 86' lang='lat' dir='ltr'><strong>et</strong></span> <span class='ocrx_word' id='word_1_44' title='bbox 495 943 666 996; x_wconf 86' lang='lat' dir='ltr'><strong>sancti</strong></span> <span class='ocrx_word' id='word_1_45' title='bbox 700 941 1026 996; x_wconf 71' lang='lat' dir='ltr'><strong>confessoris</strong></span> <span class='ocrx_word' id='word_1_46' title='bbox 1066 941 1284 996; x_wconf 81' lang='lat' dir='ltr'><strong>famulis</strong></span> <span class='ocrx_word' id='word_1_47' title='bbox 1327 943 1568 1010; x_wconf 65' lang='lat' dir='ltr'><strong>qttattlam</strong></span> <span class='ocrx_word' id='word_1_48' title='bbox 1609 941 1854 1012; x_wconf 87' lang='lat' dir='ltr'><strong>largitate</strong></span> <span class='ocrx_word' id='word_1_49' title='bbox 1882 955 1976 992; x_wconf 87' lang='lat' dir='ltr'><strong>sua</strong></span> 
     </span>
    </p>
   </div>
   <div class='ocr_carea' id='block_1_9' title="bbox 407 1030 1980 1095">
    <p class='ocr_par' dir='ltr' id='par_1_9' title="bbox 407 1030 1980 1095">
     <span class='ocr_line' id='line_1_9' title="bbox 407 1030 1980 1095; baseline -0.003 -9"><span class='ocrx_word' id='word_1_50' title='bbox 407 1031 676 1087; x_wconf 71' lang='lat' dir='ltr'><strong>oﬂ&#39;crenda</strong></span> <span class='ocrx_word' id='word_1_51' title='bbox 721 1046 898 1085; x_wconf 90' lang='lat' dir='ltr'><strong>secum</strong></span> <span class='ocrx_word' id='word_1_52' title='bbox 939 1042 1263 1095; x_wconf 85' lang='lat' dir='ltr'><strong>assumeret,</strong></span> <span class='ocrx_word' id='word_1_53' title='bbox 1304 1033 1538 1086; x_wconf 88' lang='lat' dir='ltr'><strong>latrones</strong></span> <span class='ocrx_word' id='word_1_54' title='bbox 1560 1031 1780 1084; x_wconf 76' lang='lat' dir='ltr'><strong>offendit</strong></span> <span class='ocrx_word' id='word_1_55' title='bbox 1814 1031 1863 1083; x_wconf 92' lang='lat' dir='ltr'><strong>in</strong></span> <span class='ocrx_word' id='word_1_56' title='bbox 1893 1030 1980 1082; x_wconf 88' lang='lat' dir='ltr'><strong>iti-</strong></span> 
     </span>
    </p>
   </div>
   <div class='ocr_carea' id='block_1_10' title="bbox 410 1121 1976 1190">
    <p class='ocr_par' dir='ltr' id='par_1_10' title="bbox 410 1121 1976 1190">
     <span class='ocr_line' id='line_1_10' title="bbox 410 1121 1976 1190; baseline -0.002 -16"><span class='ocrx_word' id='word_1_57' title='bbox 410 1136 554 1176; x_wconf 88' lang='lat' dir='ltr'><strong>nere.</strong></span> <span class='ocrx_word' id='word_1_58' title='bbox 584 1121 678 1176; x_wconf 90' lang='lat' dir='ltr'><strong>Cui</strong></span> <span class='ocrx_word' id='word_1_59' title='bbox 712 1137 828 1175; x_wconf 90' lang='lat' dir='ltr'><strong>mox</strong></span> <span class='ocrx_word' id='word_1_60' title='bbox 862 1136 1032 1190; x_wconf 90' lang='lat' dir='ltr'><strong>equus</strong></span> <span class='ocrx_word' id='word_1_61' title='bbox 1061 1122 1331 1190; x_wconf 81' lang='lat' dir='ltr'><strong>diripitur,</strong></span> <span class='ocrx_word' id='word_1_62' title='bbox 1379 1121 1554 1174; x_wconf 92' lang='lat' dir='ltr'><strong>omnis</strong></span> <span class='ocrx_word' id='word_1_63' title='bbox 1593 1121 1766 1174; x_wconf 89' lang='lat' dir='ltr'><strong>delata</strong></span> <span class='ocrx_word' id='word_1_64' title='bbox 1815 1135 1976 1188; x_wconf 88' lang='lat' dir='ltr'><strong>pecu—</strong></span> 
     </span>
    </p>
   </div>
   <div class='ocr_carea' id='block_1_11' title="bbox 413 1212 1976 1283">
    <p class='ocr_par' dir='ltr' id='par_1_11' title="bbox 413 1212 1976 1283">
     <span class='ocr_line' id='line_1_11' title="bbox 413 1212 1976 1283; baseline -0.003 -15"><span class='ocrx_word' id='word_1_65' title='bbox 413 1215 498 1268; x_wconf 90' lang='lat' dir='ltr'><strong>nia</strong></span> <span class='ocrx_word' id='word_1_66' title='bbox 529 1215 594 1269; x_wconf 85' lang='lat' dir='ltr'><strong>ad</strong></span> <span class='ocrx_word' id='word_1_67' title='bbox 623 1215 852 1283; x_wconf 76' lang='lat' dir='ltr'><strong>Spolitnn</strong></span> <span class='ocrx_word' id='word_1_68' title='bbox 904 1224 1265 1282; x_wconf 90' lang='lat' dir='ltr'><strong>retorquetur,</strong></span> <span class='ocrx_word' id='word_1_69' title='bbox 1310 1214 1619 1267; x_wconf 86' lang='lat' dir='ltr'><strong>comitantis</strong></span> <span class='ocrx_word' id='word_1_70' title='bbox 1645 1213 1826 1266; x_wconf 91' lang='lat' dir='ltr'><strong>uxoris</strong></span> <span class='ocrx_word' id='word_1_71' title='bbox 1858 1212 1976 1263; x_wconf 83' lang='lat' dir='ltr'><strong>tini-</strong></span> 
     </span>
    </p>
   </div>
   <div class='ocr_carea' id='block_1_12' title="bbox 407 1305 1978 1372">
    <p class='ocr_par' dir='ltr' id='par_1_12' title="bbox 407 1305 1978 1372">
     <span class='ocr_line' id='line_1_12' title="bbox 407 1305 1978 1372; baseline -0.001 -18"><span class='ocrx_word' id='word_1_72' title='bbox 407 1320 584 1369; x_wconf 90' lang='lat' dir='ltr'><strong>versa,</strong></span> <span class='ocrx_word' id='word_1_73' title='bbox 611 1316 664 1357; x_wconf 93' lang='lat' dir='ltr'><strong>ut</strong></span> <span class='ocrx_word' id='word_1_74' title='bbox 694 1305 779 1358; x_wconf 88' lang='lat' dir='ltr'><strong>illa</strong></span> <span class='ocrx_word' id='word_1_75' title='bbox 809 1316 932 1359; x_wconf 91' lang='lat' dir='ltr'><strong>sunt</strong></span> <span class='ocrx_word' id='word_1_76' title='bbox 971 1309 1280 1368; x_wconf 83' lang='lat' dir='ltr'><strong>mulierum,</strong></span> <span class='ocrx_word' id='word_1_77' title='bbox 1311 1315 1625 1358; x_wconf 90' lang='lat' dir='ltr'><strong>ornamenta</strong></span> <span class='ocrx_word' id='word_1_78' title='bbox 1659 1305 1706 1357; x_wconf 94' lang='lat' dir='ltr'><strong>in</strong></span> <span class='ocrx_word' id='word_1_79' title='bbox 1744 1305 1978 1372; x_wconf 87' lang='lat' dir='ltr'><strong>pra-dam</strong></span> 
     </span>
    </p>
   </div>
   <div class='ocr_carea' id='block_1_13' title="bbox 410 1395 1974 1465">
    <p class='ocr_par' dir='ltr' id='par_1_13' title="bbox 410 1395 1974 1465">
     <span class='ocr_line' id='line_1_13' title="bbox 410 1395 1974 1465; baseline -0.001 -17"><span class='ocrx_word' id='word_1_80' title='bbox 410 1396 742 1464; x_wconf 86' lang='lat' dir='ltr'><strong>rediguntur.</strong></span> <span class='ocrx_word' id='word_1_81' title='bbox 795 1395 886 1448; x_wconf 90' lang='lat' dir='ltr'><strong>llis</strong></span> <span class='ocrx_word' id='word_1_82' title='bbox 932 1396 1168 1464; x_wconf 88' lang='lat' dir='ltr'><strong>acceptis</strong></span> <span class='ocrx_word' id='word_1_83' title='bbox 1215 1411 1457 1465; x_wconf 82' lang='lat' dir='ltr'><strong>gressum</strong></span> <span class='ocrx_word' id='word_1_84' title='bbox 1515 1395 1748 1450; x_wconf 76' lang='lat' dir='ltr'><strong>latrones</strong></span> <span class='ocrx_word' id='word_1_85' title='bbox 1803 1395 1974 1448; x_wconf 89' lang='lat' dir='ltr'><strong>corri-</strong></span> 
     </span>
    </p>
   </div>
   <div class='ocr_carea' id='block_1_14' title="bbox 408 1487 1979 1556">
    <p class='ocr_par' dir='ltr' id='par_1_14' title="bbox 408 1487 1979 1556">
     <span class='ocr_line' id='line_1_14' title="bbox 408 1487 1979 1556; baseline 0 -17"><span class='ocrx_word' id='word_1_86' title='bbox 408 1487 582 1556; x_wconf 89' lang='lat' dir='ltr'><strong>piunt,</strong></span> <span class='ocrx_word' id='word_1_87' title='bbox 624 1489 721 1541; x_wconf 88' lang='lat' dir='ltr'><strong>bos</strong></span> <span class='ocrx_word' id='word_1_88' title='bbox 763 1487 1094 1541; x_wconf 69' lang='lat' dir='ltr'><strong>infelicitatis</strong></span> <span class='ocrx_word' id='word_1_89' title='bbox 1147 1488 1344 1540; x_wconf 91' lang='lat' dir='ltr'><strong>danmo</strong></span> <span class='ocrx_word' id='word_1_90' title='bbox 1393 1501 1594 1541; x_wconf 72' lang='lat' dir='ltr'><strong>mmmr</strong></span> <span class='ocrx_word' id='word_1_91' title='bbox 1634 1498 1688 1541; x_wconf 93' lang='lat' dir='ltr'><strong>et</strong></span> <span class='ocrx_word' id='word_1_92' title='bbox 1735 1487 1979 1540; x_wconf 90' lang='lat' dir='ltr'><strong>anxietas</strong></span> 
     </span>
    </p>
   </div>
   <div class='ocr_carea' id='block_1_15' title="bbox 404 1577 1975 1646">
    <p class='ocr_par' dir='ltr' id='par_1_15' title="bbox 404 1577 1975 1646">
     <span class='ocr_line' id='line_1_15' title="bbox 404 1577 1975 1646; baseline -0.002 -14"><span class='ocrx_word' id='word_1_93' title='bbox 404 1577 785 1632; x_wconf 79' lang='lat' dir='ltr'><strong>COnfnderunt.</strong></span> <span class='ocrx_word' id='word_1_94' title='bbox 835 1578 900 1630; x_wconf 75' lang='lat' dir='ltr'><strong>At</strong></span> <span class='ocrx_word' id='word_1_95' title='bbox 947 1579 1140 1632; x_wconf 76' lang='lat' dir='ltr'><strong>mulier</strong></span> <span class='ocrx_word' id='word_1_96' title='bbox 1187 1577 1368 1632; x_wconf 88' lang='lat' dir='ltr'><strong>dolore</strong></span> <span class='ocrx_word' id='word_1_97' title='bbox 1393 1577 1662 1632; x_wconf 90' lang='lat' dir='ltr'><strong>stimulata</strong></span> <span class='ocrx_word' id='word_1_98' title='bbox 1693 1577 1975 1646; x_wconf 33' lang='lat' dir='ltr'><strong>dtspendii,</strong></span> 
     </span>
    </p>
   </div>
   <div class='ocr_carea' id='block_1_16' title="bbox 405 1665 1974 1734">
    <p class='ocr_par' dir='ltr' id='par_1_16' title="bbox 405 1665 1974 1734">
     <span class='ocr_line' id='line_1_16' title="bbox 405 1665 1974 1734; baseline 0.001 -19"><span class='ocrx_word' id='word_1_99' title='bbox 405 1667 704 1734; x_wconf 87' lang='lat' dir='ltr'><strong>qtteretosis</strong></span> <span class='ocrx_word' id='word_1_100' title='bbox 755 1676 1000 1719; x_wconf 82' lang='lat' dir='ltr'><strong>sanctum</strong></span> <span class='ocrx_word' id='word_1_101' title='bbox 1049 1666 1139 1718; x_wconf 89' lang='lat' dir='ltr'><strong>Dei</strong></span> <span class='ocrx_word' id='word_1_102' title='bbox 1183 1666 1346 1734; x_wconf 60' lang='lat' dir='ltr'><strong>ca‘pit</strong></span> <span class='ocrx_word' id='word_1_103' title='bbox 1403 1665 1693 1719; x_wconf 80' lang='lat' dir='ltr'><strong>inclamare</strong></span> <span class='ocrx_word' id='word_1_104' title='bbox 1735 1666 1974 1726; x_wconf 83' lang='lat' dir='ltr'><strong>vocibus,</strong></span> 
     </span>
    </p>
   </div>
   <div class='ocr_carea' id='block_1_17' title="bbox 405 1759 1979 1827">
    <p class='ocr_par' dir='ltr' id='par_1_17' title="bbox 405 1759 1979 1827">
     <span class='ocr_line' id='line_1_17' title="bbox 405 1759 1979 1827; baseline 0.004 -20"><span class='ocrx_word' id='word_1_105' title='bbox 405 1759 609 1820; x_wconf 89' lang='lat' dir='ltr'><strong>dicens,</strong></span> <span class='ocrx_word' id='word_1_106' title='bbox 645 1774 748 1811; x_wconf 85' lang='lat' dir='ltr'><strong>non</strong></span> <span class='ocrx_word' id='word_1_107' title='bbox 781 1774 838 1811; x_wconf 90' lang='lat' dir='ltr'><strong>se</strong></span> <span class='ocrx_word' id='word_1_108' title='bbox 872 1774 990 1812; x_wconf 80' lang='lat' dir='ltr'><strong>esse</strong></span> <span class='ocrx_word' id='word_1_109' title='bbox 1020 1759 1274 1827; x_wconf 76' lang='lat' dir='ltr'><strong>deinceps</strong></span> <span class='ocrx_word' id='word_1_110' title='bbox 1308 1774 1587 1812; x_wconf 88' lang='lat' dir='ltr'><strong>scrvormn</strong></span> <span class='ocrx_word' id='word_1_111' title='bbox 1613 1761 1728 1827; x_wconf 86' lang='lat' dir='ltr'><strong>ejus</strong></span> <span class='ocrx_word' id='word_1_112' title='bbox 1763 1771 1979 1814; x_wconf 90' lang='lat' dir='ltr'><strong>acturos</strong></span> 
     </span>
    </p>
   </div>
   <div class='ocr_carea' id='block_1_18' title="bbox 404 1849 1974 1917">
    <p class='ocr_par' dir='ltr' id='par_1_18' title="bbox 404 1849 1974 1917">
     <span class='ocr_line' id='line_1_18' title="bbox 404 1849 1974 1917; baseline 0.001 -16"><span class='ocrx_word' id='word_1_113' title='bbox 404 1850 740 1916; x_wconf 60' lang='lat' dir='ltr'><strong>obsequium,</strong></span> <span class='ocrx_word' id='word_1_114' title='bbox 767 1849 906 1902; x_wconf 79' lang='lat' dir='ltr'><strong>sisic</strong></span> <span class='ocrx_word' id='word_1_115' title='bbox 929 1864 1023 1902; x_wconf 89' lang='lat' dir='ltr'><strong>eos</strong></span> <span class='ocrx_word' id='word_1_116' title='bbox 1043 1850 1194 1903; x_wconf 89' lang='lat' dir='ltr'><strong>abire</strong></span> <span class='ocrx_word' id='word_1_117' title='bbox 1217 1850 1412 1902; x_wconf 90' lang='lat' dir='ltr'><strong>sineret</strong></span> <span class='ocrx_word' id='word_1_118' title='bbox 1432 1865 1534 1900; x_wconf 90' lang='lat' dir='ltr'><strong>non</strong></span> <span class='ocrx_word' id='word_1_119' title='bbox 1554 1849 1772 1908; x_wconf 84' lang='lat' dir='ltr'><strong>ferendo</strong></span> <span class='ocrx_word' id='word_1_120' title='bbox 1789 1851 1974 1917; x_wconf 84' lang='lat' dir='ltr'><strong>pra-si-</strong></span> 
     </span>
    </p>
   </div>
   <div class='ocr_carea' id='block_1_19' title="bbox 409 1939 1973 2010">
    <p class='ocr_par' dir='ltr' id='par_1_19' title="bbox 409 1939 1973 2010">
     <span class='ocr_line' id='line_1_19' title="bbox 409 1939 1973 2010; baseline 0.001 -19"><span class='ocrx_word' id='word_1_121' title='bbox 409 1941 578 1992; x_wconf 81' lang='lat' dir='ltr'><strong>dium.</strong></span> <span class='ocrx_word' id='word_1_122' title='bbox 598 1939 721 1993; x_wconf 83' lang='lat' dir='ltr'><strong>l&#39;ost</strong></span> <span class='ocrx_word' id='word_1_123' title='bbox 741 1955 900 1994; x_wconf 86' lang='lat' dir='ltr'><strong>voces</strong></span> <span class='ocrx_word' id='word_1_124' title='bbox 922 1950 1098 1993; x_wconf 89' lang='lat' dir='ltr'><strong>autem</strong></span> <span class='ocrx_word' id='word_1_125' title='bbox 1120 1940 1369 1993; x_wconf 78' lang='lat' dir='ltr'><strong>lamentis</strong></span> <span class='ocrx_word' id='word_1_126' title='bbox 1387 1941 1668 1994; x_wconf 88' lang='lat' dir='ltr'><strong>convulsas</strong></span> <span class='ocrx_word' id='word_1_127' title='bbox 1682 1949 1731 1994; x_wconf 92' lang='lat' dir='ltr'><strong>et</strong></span> <span class='ocrx_word' id='word_1_128' title='bbox 1749 1941 1973 2010; x_wconf 91' lang='lat' dir='ltr'><strong>gemitu,</strong></span> 
     </span>
    </p>
   </div>
   <div class='ocr_carea' id='block_1_20' title="bbox 407 2027 1972 2097">
    <p class='ocr_par' dir='ltr' id='par_1_20' title="bbox 407 2027 1972 2097">
     <span class='ocr_line' id='line_1_20' title="bbox 407 2027 1972 2097; baseline 0.001 -17"><span class='ocrx_word' id='word_1_129' title='bbox 407 2027 677 2082; x_wconf 85' lang='lat' dir='ltr'><strong>latronum</strong></span> <span class='ocrx_word' id='word_1_130' title='bbox 703 2030 823 2097; x_wconf 91' lang='lat' dir='ltr'><strong>equi</strong></span> <span class='ocrx_word' id='word_1_131' title='bbox 853 2030 1215 2093; x_wconf 77' lang='lat' dir='ltr'><strong>obrigescnnl,</strong></span> <span class='ocrx_word' id='word_1_132' title='bbox 1241 2038 1301 2082; x_wconf 93' lang='lat' dir='ltr'><strong>nt</strong></span> <span class='ocrx_word' id='word_1_133' title='bbox 1336 2029 1438 2082; x_wconf 83' lang='lat' dir='ltr'><strong>fixa</strong></span> <span class='ocrx_word' id='word_1_134' title='bbox 1465 2031 1752 2084; x_wconf 85' lang='lat' dir='ltr'><strong>simulacra</strong></span> <span class='ocrx_word' id='word_1_135' title='bbox 1787 2031 1972 2082; x_wconf 87' lang='lat' dir='ltr'><strong>dextra</strong></span> 
     </span>
    </p>
   </div>
   <div class='ocr_carea' id='block_1_21' title="bbox 405 2118 1973 2188">
    <p class='ocr_par' dir='ltr' id='par_1_21' title="bbox 405 2118 1973 2188">
     <span class='ocr_line' id='line_1_21' title="bbox 405 2118 1973 2188; baseline 0.001 -18"><span class='ocrx_word' id='word_1_136' title='bbox 405 2118 645 2188; x_wconf 67' lang='lat' dir='ltr'><strong>lievaqne</strong></span> <span class='ocrx_word' id='word_1_137' title='bbox 678 2134 774 2172; x_wconf 92' lang='lat' dir='ltr'><strong>nec</strong></span> <span class='ocrx_word' id='word_1_138' title='bbox 801 2119 866 2171; x_wconf 92' lang='lat' dir='ltr'><strong>ad</strong></span> <span class='ocrx_word' id='word_1_139' title='bbox 898 2120 1166 2171; x_wconf 89' lang='lat' dir='ltr'><strong>modicmn</strong></span> <span class='ocrx_word' id='word_1_140' title='bbox 1196 2118 1466 2172; x_wconf 83' lang='lat' dir='ltr'><strong>flexibilia.</strong></span> <span class='ocrx_word' id='word_1_141' title='bbox 1498 2121 1630 2173; x_wconf 81' lang='lat' dir='ltr'><strong>Cum</strong></span> <span class='ocrx_word' id='word_1_142' title='bbox 1668 2122 1845 2188; x_wconf 62' lang='lat' dir='ltr'><strong>pt&#39;a’rda</strong></span> <span class='ocrx_word' id='word_1_143' title='bbox 1879 2135 1973 2173; x_wconf 86' lang='lat' dir='ltr'><strong>sua</strong></span> 
     </span>
    </p>
   </div>
   <div class='ocr_carea' id='block_1_22' title="bbox 404 2210 1973 2279">
    <p class='ocr_par' dir='ltr' id='par_1_22' title="bbox 404 2210 1973 2279">
     <span class='ocr_line' id='line_1_22' title="bbox 404 2210 1973 2279; baseline 0.001 -18"><span class='ocrx_word' id='word_1_144' title='bbox 404 2211 632 2263; x_wconf 85' lang='lat' dir='ltr'><strong>miseros</strong></span> <span class='ocrx_word' id='word_1_145' title='bbox 661 2210 884 2263; x_wconf 89' lang='lat' dir='ltr'><strong>horrere</strong></span> <span class='ocrx_word' id='word_1_146' title='bbox 909 2210 1270 2276; x_wconf 77' lang='lat' dir='ltr'><strong>conspiceres,</strong></span> <span class='ocrx_word' id='word_1_147' title='bbox 1305 2225 1504 2277; x_wconf 79' lang='lat' dir='ltr'><strong>eosque</strong></span> <span class='ocrx_word' id='word_1_148' title='bbox 1534 2211 1712 2262; x_wconf 86' lang='lat' dir='ltr'><strong>divino</strong></span> <span class='ocrx_word' id='word_1_149' title='bbox 1743 2211 1973 2279; x_wconf 90' lang='lat' dir='ltr'><strong>quodam</strong></span> 
     </span>
    </p>
   </div>
   <div class='ocr_carea' id='block_1_23' title="bbox 402 2298 1975 2368">
    <p class='ocr_par' dir='ltr' id='par_1_23' title="bbox 402 2298 1975 2368">
     <span class='ocr_line' id='line_1_23' title="bbox 402 2298 1975 2368; baseline 0.002 -16"><span class='ocrx_word' id='word_1_150' title='bbox 402 2299 622 2352; x_wconf 85' lang='lat' dir='ltr'><strong>numine</strong></span> <span class='ocrx_word' id='word_1_151' title='bbox 668 2300 733 2351; x_wconf 88' lang='lat' dir='ltr'><strong>ad</strong></span> <span class='ocrx_word' id='word_1_152' title='bbox 786 2298 1033 2366; x_wconf 88' lang='lat' dir='ltr'><strong>injuriam</strong></span> <span class='ocrx_word' id='word_1_153' title='bbox 1079 2301 1248 2352; x_wconf 88' lang='lat' dir='ltr'><strong>Sancti</strong></span> <span class='ocrx_word' id='word_1_154' title='bbox 1301 2299 1459 2352; x_wconf 89' lang='lat' dir='ltr'><strong>veluti</strong></span> <span class='ocrx_word' id='word_1_155' title='bbox 1496 2317 1622 2353; x_wconf 85' lang='lat' dir='ltr'><strong>saxa</strong></span> <span class='ocrx_word' id='word_1_156' title='bbox 1668 2302 1836 2368; x_wconf 87' lang='lat' dir='ltr'><strong>rigida</strong></span> <span class='ocrx_word' id='word_1_157' title='bbox 1869 2316 1975 2355; x_wconf 90' lang='lat' dir='ltr'><strong>uno</strong></span> 
     </span>
    </p>
   </div>
   <div class='ocr_carea' id='block_1_24' title="bbox 405 2388 1972 2459">
    <p class='ocr_par' dir='ltr' id='par_1_24' title="bbox 405 2388 1972 2459">
     <span class='ocr_line' id='line_1_24' title="bbox 405 2388 1972 2459; baseline 0.003 -20"><span class='ocrx_word' id='word_1_158' title='bbox 405 2388 456 2440; x_wconf 79' lang='grc' dir='ltr'><strong>ιιι</strong></span> <span class='ocrx_word' id='word_1_159' title='bbox 488 2389 604 2441; x_wconf 85' lang='lat' dir='ltr'><strong>loco</strong></span> <span class='ocrx_word' id='word_1_160' title='bbox 635 2390 936 2442; x_wconf 76' lang='lat' dir='ltr'><strong>immobiles</strong></span> <span class='ocrx_word' id='word_1_161' title='bbox 962 2389 1164 2442; x_wconf 73' lang='lat' dir='ltr'><strong>luerere</strong></span> <span class='ocrx_word' id='word_1_162' title='bbox 1189 2405 1291 2442; x_wconf 93' lang='lat' dir='ltr'><strong>non</strong></span> <span class='ocrx_word' id='word_1_163' title='bbox 1317 2392 1433 2443; x_wconf 89' lang='lat' dir='ltr'><strong>sine</strong></span> <span class='ocrx_word' id='word_1_164' title='bbox 1464 2391 1819 2444; x_wconf 83' lang='lat' dir='ltr'><strong>admiratione</strong></span> <span class='ocrx_word' id='word_1_165' title='bbox 1849 2406 1972 2459; x_wconf 89' lang='lat' dir='ltr'><strong>per-</strong></span> 
     </span>
    </p>
   </div>
   <div class='ocr_carea' id='block_1_25' title="bbox 403 2478 1975 2547">
    <p class='ocr_par' dir='ltr' id='par_1_25' title="bbox 403 2478 1975 2547">
     <span class='ocr_line' id='line_1_25' title="bbox 403 2478 1975 2547; baseline 0.004 -21"><span class='ocrx_word' id='word_1_166' title='bbox 403 2478 686 2546; x_wconf 88' lang='lat' dir='ltr'><strong>pemlcrcs.</strong></span> <span class='ocrx_word' id='word_1_167' title='bbox 721 2478 852 2532; x_wconf 79' lang='lat' dir='ltr'><strong>Cum</strong></span> <span class='ocrx_word' id='word_1_168' title='bbox 884 2481 1064 2547; x_wconf 86' lang='lat' dir='ltr'><strong>itaque</strong></span> <span class='ocrx_word' id='word_1_169' title='bbox 1111 2481 1313 2534; x_wconf 91' lang='lat' dir='ltr'><strong>diutius</strong></span> <span class='ocrx_word' id='word_1_170' title='bbox 1361 2482 1426 2533; x_wconf 85' lang='lat' dir='ltr'><strong>ad</strong></span> <span class='ocrx_word' id='word_1_171' title='bbox 1461 2495 1518 2533; x_wconf 89' lang='lat' dir='ltr'><strong>se</strong></span> <span class='ocrx_word' id='word_1_172' title='bbox 1558 2481 1784 2534; x_wconf 89' lang='lat' dir='ltr'><strong>invicem</strong></span> <span class='ocrx_word' id='word_1_173' title='bbox 1834 2491 1975 2534; x_wconf 80' lang='lat' dir='ltr'><strong>rota-</strong></span> 
     </span>
    </p>
   </div>
   <div class='ocr_carea' id='block_1_26' title="bbox 411 2569 1972 2634">
    <p class='ocr_par' dir='ltr' id='par_1_26' title="bbox 411 2569 1972 2634">
     <span class='ocr_line' id='line_1_26' title="bbox 411 2569 1972 2634; baseline 0.001 -14"><span class='ocrx_word' id='word_1_174' title='bbox 411 2579 625 2631; x_wconf 88' lang='lat' dir='ltr'><strong>rentur,</strong></span> <span class='ocrx_word' id='word_1_175' title='bbox 668 2570 883 2621; x_wconf 88' lang='lat' dir='ltr'><strong>tandem</strong></span> <span class='ocrx_word' id='word_1_176' title='bbox 919 2570 1064 2622; x_wconf 91' lang='lat' dir='ltr'><strong>inter</strong></span> <span class='ocrx_word' id='word_1_177' title='bbox 1086 2584 1144 2622; x_wconf 88' lang='lat' dir='ltr'><strong>se</strong></span> <span class='ocrx_word' id='word_1_178' title='bbox 1174 2569 1478 2634; x_wconf 86' lang='lat' dir='ltr'><strong>conferunt,</strong></span> <span class='ocrx_word' id='word_1_179' title='bbox 1509 2570 1577 2624; x_wconf 94' lang='lat' dir='ltr'><strong>ob</strong></span> <span class='ocrx_word' id='word_1_180' title='bbox 1606 2585 1757 2623; x_wconf 90' lang='lat' dir='ltr'><strong>suam</strong></span> <span class='ocrx_word' id='word_1_181' title='bbox 1786 2581 1972 2623; x_wconf 91' lang='lat' dir='ltr'><strong>contra</strong></span> 
     </span>
    </p>
   </div>
   <div class='ocr_carea' id='block_1_27' title="bbox 403 2657 1971 2724">
    <p class='ocr_par' dir='ltr' id='par_1_27' title="bbox 403 2657 1971 2724">
     <span class='ocr_line' id='line_1_27' title="bbox 403 2657 1971 2724; baseline 0.003 -15"><span class='ocrx_word' id='word_1_182' title='bbox 403 2659 715 2712; x_wconf 87' lang='lat' dir='ltr'><strong>innocentes</strong></span> <span class='ocrx_word' id='word_1_183' title='bbox 764 2659 1120 2712; x_wconf 85' lang='lat' dir='ltr'><strong>temeritatem</strong></span> <span class='ocrx_word' id='word_1_184' title='bbox 1170 2657 1364 2713; x_wconf 89' lang='lat' dir='ltr'><strong>factam</strong></span> <span class='ocrx_word' id='word_1_185' title='bbox 1404 2660 1656 2712; x_wconf 90' lang='lat' dir='ltr'><strong>divinitus</strong></span> <span class='ocrx_word' id='word_1_186' title='bbox 1688 2675 1744 2713; x_wconf 91' lang='lat' dir='ltr'><strong>se</strong></span> <span class='ocrx_word' id='word_1_187' title='bbox 1777 2661 1971 2724; x_wconf 90' lang='lat' dir='ltr'><strong>teneri,</strong></span> 
     </span>
    </p>
   </div>
   <div class='ocr_carea' id='block_1_28' title="bbox 400 2750 1969 2818">
    <p class='ocr_par' dir='ltr' id='par_1_28' title="bbox 400 2750 1969 2818">
     <span class='ocr_line' id='line_1_28' title="bbox 400 2750 1969 2818; baseline -0.001 -17"><span class='ocrx_word' id='word_1_188' title='bbox 400 2765 465 2802; x_wconf 86' lang='lat' dir='ltr'><strong>ac</strong></span> <span class='ocrx_word' id='word_1_189' title='bbox 496 2750 592 2802; x_wconf 68' lang='lat' dir='ltr'><strong>nisi</strong></span> <span class='ocrx_word' id='word_1_190' title='bbox 629 2750 968 2817; x_wconf 70' lang='lat' dir='ltr'><strong>resipiscant,</strong></span> <span class='ocrx_word' id='word_1_191' title='bbox 1001 2750 1212 2817; x_wconf 84' lang='lat' dir='ltr'><strong>penitus</strong></span> <span class='ocrx_word' id='word_1_192' title='bbox 1240 2750 1467 2803; x_wconf 91' lang='lat' dir='ltr'><strong>abeundi</strong></span> <span class='ocrx_word' id='word_1_193' title='bbox 1500 2750 1697 2818; x_wconf 84' lang='lat' dir='ltr'><strong>privari</strong></span> <span class='ocrx_word' id='word_1_194' title='bbox 1729 2751 1969 2813; x_wconf 87' lang='lat' dir='ltr'><strong>licentia;</strong></span> 
     </span>
    </p>
   </div>
   <div class='ocr_carea' id='block_1_29' title="bbox 404 2841 1973 2910">
    <p class='ocr_par' dir='ltr' id='par_1_29' title="bbox 404 2841 1973 2910">
     <span class='ocr_line' id='line_1_29' title="bbox 404 2841 1973 2910; baseline -0.002 -14"><span class='ocrx_word' id='word_1_195' title='bbox 404 2845 649 2910; x_wconf 82' lang='lat' dir='ltr'><strong>tnitoque</strong></span> <span class='ocrx_word' id='word_1_196' title='bbox 705 2843 933 2896; x_wconf 91' lang='lat' dir='ltr'><strong>consilio</strong></span> <span class='ocrx_word' id='word_1_197' title='bbox 973 2841 1036 2894; x_wconf 93' lang='lat' dir='ltr'><strong>ad</strong></span> <span class='ocrx_word' id='word_1_198' title='bbox 1077 2857 1172 2895; x_wconf 90' lang='lat' dir='ltr'><strong>eos</strong></span> <span class='ocrx_word' id='word_1_199' title='bbox 1222 2857 1356 2910; x_wconf 92' lang='lat' dir='ltr'><strong>quos</strong></span> <span class='ocrx_word' id='word_1_200' title='bbox 1410 2843 1569 2896; x_wconf 84' lang='lat' dir='ltr'><strong>rebus</strong></span> <span class='ocrx_word' id='word_1_201' title='bbox 1619 2842 1815 2910; x_wconf 85' lang='lat' dir='ltr'><strong>injuste</strong></span> <span class='ocrx_word' id='word_1_202' title='bbox 1873 2858 1973 2894; x_wconf 92' lang='lat' dir='ltr'><strong>nu-</strong></span> 
     </span>
    </p>
   </div>
   <div class='ocr_carea' id='block_1_30' title="bbox 402 2932 1972 3001">
    <p class='ocr_par' dir='ltr' id='par_1_30' title="bbox 402 2932 1972 3001">
     <span class='ocr_line' id='line_1_30' title="bbox 402 2932 1972 3001; baseline 0.001 -18"><span class='ocrx_word' id='word_1_203' title='bbox 402 2935 703 2996; x_wconf 88' lang='lat' dir='ltr'><strong>daverant,</strong></span> <span class='ocrx_word' id='word_1_204' title='bbox 748 2933 952 3001; x_wconf 87' lang='lat' dir='ltr'><strong>trepide</strong></span> <span class='ocrx_word' id='word_1_205' title='bbox 1013 2932 1270 2995; x_wconf 88' lang='lat' dir='ltr'><strong>redeunt,</strong></span> <span class='ocrx_word' id='word_1_206' title='bbox 1313 2933 1506 3001; x_wconf 89' lang='lat' dir='ltr'><strong>quibus</strong></span> <span class='ocrx_word' id='word_1_207' title='bbox 1556 2944 1746 2985; x_wconf 87' lang='lat' dir='ltr'><strong>cuncta</strong></span> <span class='ocrx_word' id='word_1_208' title='bbox 1811 2935 1972 2985; x_wconf 67' lang='lat' dir='ltr'><strong>resti-</strong></span> 
     </span>
    </p>
   </div>
   <div class='ocr_carea' id='block_1_31' title="bbox 401 3023 1970 3090">
    <p class='ocr_par' dir='ltr' id='par_1_31' title="bbox 401 3023 1970 3090">
     <span class='ocr_line' id='line_1_31' title="bbox 401 3023 1970 3090; baseline -0.001 -13"><span class='ocrx_word' id='word_1_209' title='bbox 401 3035 592 3088; x_wconf 90' lang='lat' dir='ltr'><strong>tunnt,</strong></span> <span class='ocrx_word' id='word_1_210' title='bbox 644 3035 696 3078; x_wconf 91' lang='lat' dir='ltr'><strong>ct</strong></span> <span class='ocrx_word' id='word_1_211' title='bbox 747 3033 804 3076; x_wconf 83' lang='grc' dir='ltr'><strong>ιιι</strong></span> <span class='ocrx_word' id='word_1_212' title='bbox 840 3038 1057 3076; x_wconf 85' lang='lat' dir='ltr'><strong>suorum</strong></span> <span class='ocrx_word' id='word_1_213' title='bbox 1098 3023 1308 3075; x_wconf 82' lang='lat' dir='ltr'><strong>veniam</strong></span> <span class='ocrx_word' id='word_1_214' title='bbox 1350 3023 1709 3090; x_wconf 89' lang='lat' dir='ltr'><strong>deprecentur</strong></span> <span class='ocrx_word' id='word_1_215' title='bbox 1769 3024 1970 3076; x_wconf 85' lang='lat' dir='ltr'><strong>facino-</strong></span> 
     </span>
    </p>
   </div>
   <div class='ocr_carea' id='block_1_32' title="bbox 398 3116 1970 3188">
    <p class='ocr_par' dir='ltr' id='par_1_32' title="bbox 398 3116 1970 3188">
     <span class='ocr_line' id='line_1_32' title="bbox 398 3116 1970 3188; baseline -0.004 -14"><span class='ocrx_word' id='word_1_216' title='bbox 398 3137 560 3182; x_wconf 71' lang='grc' dir='ltr'><strong>ιἐιιιι,</strong></span> <span class='ocrx_word' id='word_1_217' title='bbox 608 3119 807 3188; x_wconf 86' lang='lat' dir='ltr'><strong>pudore</strong></span> <span class='ocrx_word' id='word_1_218' title='bbox 865 3118 1061 3186; x_wconf 75' lang='lat' dir='ltr'><strong>perfusi</strong></span> <span class='ocrx_word' id='word_1_219' title='bbox 1116 3127 1432 3184; x_wconf 89' lang='lat' dir='ltr'><strong>exposcunt.</strong></span> <span class='ocrx_word' id='word_1_220' title='bbox 1478 3117 1550 3168; x_wconf 90' lang='lat' dir='ltr'><strong>Ita</strong></span> <span class='ocrx_word' id='word_1_221' title='bbox 1582 3117 1750 3168; x_wconf 82' lang='lat' dir='ltr'><strong>sancti</strong></span> <span class='ocrx_word' id='word_1_222' title='bbox 1798 3116 1970 3169; x_wconf 87' lang='lat' dir='ltr'><strong>Basoli</strong></span> 
     </span>
    </p>
   </div>
   <div class='ocr_carea' id='block_1_33' title="bbox 396 3207 1966 3280">
    <p class='ocr_par' dir='ltr' id='par_1_33' title="bbox 396 3207 1966 3280">
     <span class='ocr_line' id='line_1_33' title="bbox 396 3207 1966 3280; baseline -0.003 -16"><span class='ocrx_word' id='word_1_223' title='bbox 396 3211 721 3280; x_wconf 70' lang='lat' dir='ltr'><strong>suffragante</strong></span> <span class='ocrx_word' id='word_1_224' title='bbox 754 3210 853 3262; x_wconf 88' lang='lat' dir='ltr'><strong>sibi</strong></span> <span class='ocrx_word' id='word_1_225' title='bbox 902 3209 1195 3276; x_wconf 87' lang='lat' dir='ltr'><strong>patrocinio</strong></span> <span class='ocrx_word' id='word_1_226' title='bbox 1227 3209 1467 3261; x_wconf 87' lang='lat' dir='ltr'><strong>hostilms</strong></span> <span class='ocrx_word' id='word_1_227' title='bbox 1496 3209 1546 3259; x_wconf 92' lang='lat' dir='ltr'><strong>in</strong></span> <span class='ocrx_word' id='word_1_228' title='bbox 1574 3209 1656 3260; x_wconf 90' lang='lat' dir='ltr'><strong>via</strong></span> <span class='ocrx_word' id='word_1_229' title='bbox 1696 3207 1966 3269; x_wconf 85' lang='lat' dir='ltr'><strong>relaxatis,</strong></span> 
     </span>
    </p>
   </div>
   <div class='ocr_carea' id='block_1_34' title="bbox 398 3301 1972 3368">
    <p class='ocr_par' dir='ltr' id='par_1_34' title="bbox 398 3301 1972 3368">
     <span class='ocr_line' id='line_1_34' title="bbox 398 3301 1972 3368; baseline -0.005 -9"><span class='ocrx_word' id='word_1_230' title='bbox 398 3307 486 3359; x_wconf 88' lang='lat' dir='ltr'><strong>isti</strong></span> <span class='ocrx_word' id='word_1_231' title='bbox 517 3305 817 3358; x_wconf 84' lang='lat' dir='ltr'><strong>devotiores</strong></span> <span class='ocrx_word' id='word_1_232' title='bbox 850 3302 996 3364; x_wconf 88' lang='lat' dir='ltr'><strong>facti,</strong></span> <span class='ocrx_word' id='word_1_233' title='bbox 1021 3303 1084 3354; x_wconf 92' lang='lat' dir='ltr'><strong>ad</strong></span> <span class='ocrx_word' id='word_1_234' title='bbox 1121 3301 1440 3355; x_wconf 88' lang='lat' dir='ltr'><strong>destinatmn</strong></span> <span class='ocrx_word' id='word_1_235' title='bbox 1473 3310 1763 3368; x_wconf 85' lang='lat' dir='ltr'><strong>properant</strong></span> <span class='ocrx_word' id='word_1_236' title='bbox 1791 3315 1972 3353; x_wconf 80' lang='lat' dir='ltr'><strong>comn-</strong></span> 
     </span>
    </p>
   </div>
   <div class='ocr_carea' id='block_1_35' title="bbox 398 3391 1973 3466">
    <p class='ocr_par' dir='ltr' id='par_1_35' title="bbox 398 3391 1973 3466">
     <span class='ocr_line' id='line_1_35' title="bbox 398 3391 1973 3466; baseline -0.004 -15"><span class='ocrx_word' id='word_1_237' title='bbox 398 3399 565 3460; x_wconf 88' lang='lat' dir='ltr'><strong>biutu,</strong></span> <span class='ocrx_word' id='word_1_238' title='bbox 597 3397 797 3466; x_wconf 82' lang='lat' dir='ltr'><strong>gratias</strong></span> <span class='ocrx_word' id='word_1_239' title='bbox 835 3395 941 3448; x_wconf 89' lang='lat' dir='ltr'><strong>Deo</strong></span> <span class='ocrx_word' id='word_1_240' title='bbox 969 3405 1021 3446; x_wconf 88' lang='lat' dir='ltr'><strong>et</strong></span> <span class='ocrx_word' id='word_1_241' title='bbox 1068 3404 1257 3446; x_wconf 89' lang='lat' dir='ltr'><strong>saneto</strong></span> <span class='ocrx_word' id='word_1_242' title='bbox 1284 3408 1380 3446; x_wconf 93' lang='lat' dir='ltr'><strong>suo</strong></span> <span class='ocrx_word' id='word_1_243' title='bbox 1423 3391 1714 3446; x_wconf 76' lang='lat' dir='ltr'><strong>confessori</strong></span> <span class='ocrx_word' id='word_1_244' title='bbox 1765 3409 1863 3460; x_wconf 91' lang='lat' dir='ltr'><strong>pro</strong></span> <span class='ocrx_word' id='word_1_245' title='bbox 1894 3394 1973 3444; x_wconf 91' lang='lat' dir='ltr'><strong>in-</strong></span> 
     </span>
    </p>
   </div>
   <div class='ocr_carea' id='block_1_36' title="bbox 395 3483 1974 3553">
    <p class='ocr_par' dir='ltr' id='par_1_36' title="bbox 395 3483 1974 3553">
     <span class='ocr_line' id='line_1_36' title="bbox 395 3483 1974 3553; baseline -0.005 -9"><span class='ocrx_word' id='word_1_246' title='bbox 395 3491 560 3544; x_wconf 87' lang='lat' dir='ltr'><strong>dnltts</strong></span> <span class='ocrx_word' id='word_1_247' title='bbox 610 3489 711 3544; x_wconf 90' lang='lat' dir='ltr'><strong>sibi</strong></span> <span class='ocrx_word' id='word_1_248' title='bbox 755 3487 1030 3542; x_wconf 90' lang='lat' dir='ltr'><strong>beneficiis</strong></span> <span class='ocrx_word' id='word_1_249' title='bbox 1076 3483 1331 3546; x_wconf 88' lang='lat' dir='ltr'><strong>referunt,</strong></span> <span class='ocrx_word' id='word_1_250' title='bbox 1366 3485 1466 3538; x_wconf 56' lang='lat' dir='ltr'><strong>lavti</strong></span> <span class='ocrx_word' id='word_1_251' title='bbox 1501 3485 1640 3553; x_wconf 91' lang='lat' dir='ltr'><strong>quod</strong></span> <span class='ocrx_word' id='word_1_252' title='bbox 1672 3485 1974 3538; x_wconf 89' lang='lat' dir='ltr'><strong>detulerant</strong></span> 
     </span>
    </p>
   </div>
   <div class='ocr_carea' id='block_1_37' title="bbox 394 3575 1972 3644">
    <p class='ocr_par' dir='ltr' id='par_1_37' title="bbox 394 3575 1972 3644">
     <span class='ocr_line' id='line_1_37' title="bbox 394 3575 1972 3644; baseline -0.004 -9"><span class='ocrx_word' id='word_1_253' title='bbox 394 3581 668 3644; x_wconf 71' lang='lat' dir='ltr'><strong>offerunt,</strong></span> <span class='ocrx_word' id='word_1_254' title='bbox 725 3579 965 3633; x_wconf 84' lang='lat' dir='ltr'><strong>donat-its</strong></span> <span class='ocrx_word' id='word_1_255' title='bbox 1014 3577 1185 3630; x_wconf 90' lang='lat' dir='ltr'><strong>locmn</strong></span> <span class='ocrx_word' id='word_1_256' title='bbox 1233 3576 1540 3639; x_wconf 86' lang='lat' dir='ltr'><strong>honorant,</strong></span> <span class='ocrx_word' id='word_1_257' title='bbox 1600 3590 1662 3628; x_wconf 89' lang='lat' dir='ltr'><strong>ac</strong></span> <span class='ocrx_word' id='word_1_258' title='bbox 1719 3575 1972 3643; x_wconf 87' lang='lat' dir='ltr'><strong>deinceps</strong></span> 
     </span>
    </p>
   </div>
   <div class='ocr_carea' id='block_1_38' title="bbox 396 3664 1972 3739">
    <p class='ocr_par' dir='ltr' id='par_1_38' title="bbox 396 3664 1972 3739">
     <span class='ocr_line' id='line_1_38' title="bbox 396 3664 1972 3739; baseline -0.004 -17"><span class='ocrx_word' id='word_1_259' title='bbox 396 3670 554 3724; x_wconf 88' lang='lat' dir='ltr'><strong>annis</strong></span> <span class='ocrx_word' id='word_1_260' title='bbox 579 3668 802 3739; x_wconf 80' lang='lat' dir='ltr'><strong>singulis</strong></span> <span class='ocrx_word' id='word_1_261' title='bbox 832 3667 971 3735; x_wconf 88' lang='lat' dir='ltr'><strong>quod</strong></span> <span class='ocrx_word' id='word_1_262' title='bbox 998 3673 1298 3736; x_wconf 75' lang='lat' dir='ltr'><strong>ctrpcrant,</strong></span> <span class='ocrx_word' id='word_1_263' title='bbox 1327 3664 1520 3717; x_wconf 90' lang='lat' dir='ltr'><strong>animis</strong></span> <span class='ocrx_word' id='word_1_264' title='bbox 1553 3664 1972 3734; x_wconf 82' lang='lat' dir='ltr'><strong>promptioribus</strong></span> 
     </span>
    </p>
   </div>
   <div class='ocr_carea' id='block_1_39' title="bbox 399 3762 702 3819">
    <p class='ocr_par' dir='ltr' id='par_1_39' title="bbox 399 3762 702 3819">
     <span class='ocr_line' id='line_1_39' title="bbox 399 3762 702 3819; baseline -0.02 0"><span class='ocrx_word' id='word_1_265' title='bbox 399 3762 702 3819; x_wconf 81' lang='lat' dir='ltr'><strong>exsolvunt.</strong></span> 
     </span>
    </p>
   </div>
   <div class='ocr_carea' id='block_1_40' title="bbox 397 3871 1972 3940">
    <p class='ocr_par' dir='ltr' id='par_1_40' title="bbox 397 3871 1972 3940">
     <span class='ocr_line' id='line_1_40' title="bbox 397 3871 1972 3940; baseline -0.008 -6"><span class='ocrx_word' id='word_1_266' title='bbox 397 3879 523 3934; x_wconf 69' lang='lat' dir='ltr'><strong>Car.</strong></span> <span class='ocrx_word' id='word_1_267' title='bbox 581 3876 670 3931; x_wconf 81' lang='lat' dir='ltr'><strong>XI.</strong></span> <span class='ocrx_word' id='word_1_268' title='bbox 713 3875 792 3929; x_wconf 85' lang='lat' dir='ltr'><strong>De</strong></span> <span class='ocrx_word' id='word_1_269' title='bbox 843 3884 1034 3927; x_wconf 80' lang='lat' dir='ltr'><strong>rectore</strong></span> <span class='ocrx_word' id='word_1_270' title='bbox 1078 3873 1164 3940; x_wconf 84' lang='lat' dir='ltr'><strong>qui</strong></span> <span class='ocrx_word' id='word_1_271' title='bbox 1213 3871 1374 3925; x_wconf 83' lang='lat' dir='ltr'><strong>noluit</strong></span> <span class='ocrx_word' id='word_1_272' title='bbox 1420 3871 1691 3940; x_wconf 69' lang='lat' dir='ltr'><strong>pro/libere</strong></span> <span class='ocrx_word' id='word_1_273' title='bbox 1731 3886 1885 3924; x_wconf 75' lang='lat' dir='ltr'><strong>canes</strong></span> <span class='ocrx_word' id='word_1_274' title='bbox 1941 3887 1972 3922; x_wconf 91' lang='lat' dir='ltr'><strong>a</strong></span> 
     </span>
    </p>
   </div>
   <div class='ocr_carea' id='block_1_41' title="bbox 1105 3942 1262 4010">
    <p class='ocr_par' dir='ltr' id='par_1_41' title="bbox 1105 3942 1262 4010">
     <span class='ocr_line' id='line_1_41' title="bbox 1105 3942 1262 4010; baseline -0.013 -16"><span class='ocrx_word' id='word_1_275' title='bbox 1105 3942 1262 4010; x_wconf 78' lang='lat' dir='ltr'><strong>fonte.</strong></span> 
     </span>
    </p>
   </div>
   <div class='ocr_carea' id='block_1_42' title="bbox 469 4027 1970 4101">
    <p class='ocr_par' dir='ltr' id='par_1_42' title="bbox 469 4027 1970 4101">
     <span class='ocr_line' id='line_1_42' title="bbox 469 4027 1970 4101; baseline -0.006 -13"><span class='ocrx_word' id='word_1_276' title='bbox 469 4035 599 4088; x_wconf 89' lang='lat' dir='ltr'><strong>lllnd</strong></span> <span class='ocrx_word' id='word_1_277' title='bbox 647 4033 875 4101; x_wconf 87' lang='lat' dir='ltr'><strong>denique</strong></span> <span class='ocrx_word' id='word_1_278' title='bbox 925 4030 1263 4084; x_wconf 91' lang='lat' dir='ltr'><strong>referemlum</strong></span> <span class='ocrx_word' id='word_1_279' title='bbox 1317 4029 1604 4090; x_wconf 87' lang='lat' dir='ltr'><strong>existimo,</strong></span> <span class='ocrx_word' id='word_1_280' title='bbox 1655 4027 1796 4096; x_wconf 89' lang='lat' dir='ltr'><strong>quod</strong></span> <span class='ocrx_word' id='word_1_281' title='bbox 1851 4043 1970 4080; x_wconf 88' lang='lat' dir='ltr'><strong>cum</strong></span> 
     </span>
    </p>
   </div>
   <div class='ocr_carea' id='block_1_43' title="bbox 399 4119 1970 4186">
    <p class='ocr_par' dir='ltr' id='par_1_43' title="bbox 399 4119 1970 4186">
     <span class='ocr_line' id='line_1_43' title="bbox 399 4119 1970 4186; baseline -0.001 -12"><span class='ocrx_word' id='word_1_282' title='bbox 399 4126 538 4178; x_wconf 87' lang='lat' dir='ltr'><strong>idem</strong></span> <span class='ocrx_word' id='word_1_283' title='bbox 569 4124 716 4177; x_wconf 90' lang='lat' dir='ltr'><strong>locus</strong></span> <span class='ocrx_word' id='word_1_284' title='bbox 741 4137 925 4176; x_wconf 88' lang='lat' dir='ltr'><strong>sacros</strong></span> <span class='ocrx_word' id='word_1_285' title='bbox 949 4121 1074 4173; x_wconf 89' lang='lat' dir='ltr'><strong>olim</strong></span> <span class='ocrx_word' id='word_1_286' title='bbox 1105 4120 1359 4173; x_wconf 76' lang='lat' dir='ltr'><strong>decenter</strong></span> <span class='ocrx_word' id='word_1_287' title='bbox 1387 4120 1518 4172; x_wconf 89' lang='lat' dir='ltr'><strong>satis</strong></span> <span class='ocrx_word' id='word_1_288' title='bbox 1553 4120 1746 4171; x_wconf 70' lang='lat' dir='ltr'><strong>habita!</strong></span> <span class='ocrx_word' id='word_1_289' title='bbox 1781 4119 1970 4186; x_wconf 79' lang='lat' dir='ltr'><strong>ccepis-</strong></span> 
     </span>
    </p>
   </div>
   <div class='ocr_carea' id='block_1_44' title="bbox 397 4208 1971 4285">
    <p class='ocr_par' dir='ltr' id='par_1_44' title="bbox 397 4208 1971 4285">
     <span class='ocr_line' id='line_1_44' title="bbox 397 4208 1971 4285; baseline -0.004 -16"><span class='ocrx_word' id='word_1_290' title='bbox 397 4226 481 4270; x_wconf 90' lang='lat' dir='ltr'><strong>set</strong></span> <span class='ocrx_word' id='word_1_291' title='bbox 509 4215 781 4285; x_wconf 79' lang='lat' dir='ltr'><strong>religionis</strong></span> <span class='ocrx_word' id='word_1_292' title='bbox 811 4212 1057 4265; x_wconf 88' lang='lat' dir='ltr'><strong>amittere</strong></span> <span class='ocrx_word' id='word_1_293' title='bbox 1087 4211 1284 4271; x_wconf 80' lang='lat' dir='ltr'><strong>cultus,</strong></span> <span class='ocrx_word' id='word_1_294' title='bbox 1319 4211 1486 4264; x_wconf 92' lang='lat' dir='ltr'><strong>nostri</strong></span> <span class='ocrx_word' id='word_1_295' title='bbox 1517 4210 1692 4264; x_wconf 69' lang='lat' dir='ltr'><strong>saeculi</strong></span> <span class='ocrx_word' id='word_1_296' title='bbox 1720 4208 1832 4276; x_wconf 88' lang='lat' dir='ltr'><strong>jam</strong></span> <span class='ocrx_word' id='word_1_297' title='bbox 1861 4225 1971 4263; x_wconf 90' lang='lat' dir='ltr'><strong>mo-</strong></span> 
     </span>
    </p>
   </div>
   <div class='ocr_carea' id='block_1_45' title="bbox 402 4299 1968 4373">
    <p class='ocr_par' dir='ltr' id='par_1_45' title="bbox 402 4299 1968 4373">
     <span class='ocr_line' id='line_1_45' title="bbox 402 4299 1968 4373; baseline -0.004 -15"><span class='ocrx_word' id='word_1_298' title='bbox 402 4307 548 4360; x_wconf 89' lang='lat' dir='ltr'><strong>rilms</strong></span> <span class='ocrx_word' id='word_1_299' title='bbox 574 4304 898 4373; x_wconf 82' lang='lat' dir='ltr'><strong>depravatis,</strong></span> <span class='ocrx_word' id='word_1_300' title='bbox 930 4301 1233 4355; x_wconf 72' lang='lat' dir='ltr'><strong>cmuobium</strong></span> <span class='ocrx_word' id='word_1_301' title='bbox 1271 4315 1391 4353; x_wconf 93' lang='lat' dir='ltr'><strong>eum</strong></span> <span class='ocrx_word' id='word_1_302' title='bbox 1439 4301 1599 4352; x_wconf 85' lang='lat' dir='ltr'><strong>rebus</strong></span> <span class='ocrx_word' id='word_1_303' title='bbox 1647 4311 1728 4352; x_wconf 90' lang='lat' dir='ltr'><strong>est</strong></span> <span class='ocrx_word' id='word_1_304' title='bbox 1757 4299 1968 4353; x_wconf 88' lang='lat' dir='ltr'><strong>cuidam</strong></span> 
     </span>
    </p>
   </div>
   <div class='ocr_carea' id='block_1_46' title="bbox 399 4386 1971 4461">
    <p class='ocr_par' dir='ltr' id='par_1_46' title="bbox 399 4386 1971 4461">
     <span class='ocr_line' id='line_1_46' title="bbox 399 4386 1971 4461; baseline -0.003 -14"><span class='ocrx_word' id='word_1_305' title='bbox 399 4396 536 4449; x_wconf 82' lang='lat' dir='ltr'><strong>laico</strong></span> <span class='ocrx_word' id='word_1_306' title='bbox 574 4393 915 4461; x_wconf 78' lang='lat' dir='ltr'><strong>Francigcna:</strong></span> <span class='ocrx_word' id='word_1_307' title='bbox 961 4390 1010 4443; x_wconf 91' lang='lat' dir='ltr'><strong>in</strong></span> <span class='ocrx_word' id='word_1_308' title='bbox 1034 4388 1124 4458; x_wconf 89' lang='lat' dir='ltr'><strong>jus</strong></span> <span class='ocrx_word' id='word_1_309' title='bbox 1150 4388 1818 4443; x_wconf 74' lang='lat' dir='ltr'><strong>dominandiconcessum.</strong></span> <span class='ocrx_word' id='word_1_310' title='bbox 1862 4386 1971 4442; x_wconf 77' lang='lat' dir='ltr'><strong>Nec</strong></span> 
     </span>
    </p>
   </div>
   <div class='ocr_carea' id='block_1_47' title="bbox 400 4478 1968 4552">
    <p class='ocr_par' dir='ltr' id='par_1_47' title="bbox 400 4478 1968 4552">
     <span class='ocr_line' id='line_1_47' title="bbox 400 4478 1968 4552; baseline -0.004 -15"><span class='ocrx_word' id='word_1_311' title='bbox 400 4486 593 4537; x_wconf 89' lang='lat' dir='ltr'><strong>mirum</strong></span> <span class='ocrx_word' id='word_1_312' title='bbox 616 4497 848 4552; x_wconf 88' lang='lat' dir='ltr'><strong>quoque,</strong></span> <span class='ocrx_word' id='word_1_313' title='bbox 872 4494 992 4533; x_wconf 90' lang='lat' dir='ltr'><strong>cum</strong></span> <span class='ocrx_word' id='word_1_314' title='bbox 1017 4493 1110 4548; x_wconf 82' lang='lat' dir='ltr'><strong>per</strong></span> <span class='ocrx_word' id='word_1_315' title='bbox 1136 4493 1199 4532; x_wconf 91' lang='lat' dir='ltr'><strong>ea</strong></span> <span class='ocrx_word' id='word_1_316' title='bbox 1224 4488 1460 4548; x_wconf 88' lang='lat' dir='ltr'><strong>tempora</strong></span> <span class='ocrx_word' id='word_1_317' title='bbox 1485 4478 1645 4532; x_wconf 87' lang='lat' dir='ltr'><strong>etiam</strong></span> <span class='ocrx_word' id='word_1_318' title='bbox 1666 4480 1818 4532; x_wconf 89' lang='lat' dir='ltr'><strong>sedes</strong></span> <span class='ocrx_word' id='word_1_319' title='bbox 1835 4493 1968 4546; x_wconf 89' lang='lat' dir='ltr'><strong>pon-</strong></span> 
     </span>
    </p>
   </div>
   <div class='ocr_carea' id='block_1_48' title="bbox 2084 664 3654 737">
    <p class='ocr_par' dir='ltr' id='par_1_48' title="bbox 2084 664 3654 737">
     <span class='ocr_line' id='line_1_48' title="bbox 2084 664 3654 737; baseline 0.005 -19"><span class='ocrx_word' id='word_1_320' title='bbox 2084 665 2256 718; x_wconf 79' lang='lat' dir='ltr'><strong>sancti</strong></span> <span class='ocrx_word' id='word_1_321' title='bbox 2301 664 2515 728; x_wconf 82' lang='lat' dir='ltr'><strong>Basoli,</strong></span> <span class='ocrx_word' id='word_1_322' title='bbox 2561 668 2714 737; x_wconf 89' lang='lat' dir='ltr'><strong>cujus</strong></span> <span class='ocrx_word' id='word_1_323' title='bbox 2752 669 2996 737; x_wconf 82' lang='lat' dir='ltr'><strong>superius</strong></span> <span class='ocrx_word' id='word_1_324' title='bbox 3038 673 3362 724; x_wconf 83' lang='lat' dir='ltr'><strong>mentionem</strong></span> <span class='ocrx_word' id='word_1_325' title='bbox 3407 671 3654 736; x_wconf 82' lang='lat' dir='ltr'><strong>fecimus,</strong></span> 
     </span>
    </p>
   </div>
   <div class='ocr_carea' id='block_1_49' title="bbox 2083 756 3655 831">
    <p class='ocr_par' dir='ltr' id='par_1_49' title="bbox 2083 756 3655 831">
     <span class='ocr_line' id='line_1_49' title="bbox 2083 756 3655 831; baseline 0.005 -23"><span class='ocrx_word' id='word_1_326' title='bbox 2083 756 2296 810; x_wconf 88' lang='lat' dir='ltr'><strong>incaute</strong></span> <span class='ocrx_word' id='word_1_327' title='bbox 2351 759 2711 825; x_wconf 91' lang='lat' dir='ltr'><strong>perveniunt;</strong></span> <span class='ocrx_word' id='word_1_328' title='bbox 2761 759 2848 812; x_wconf 90' lang='lat' dir='ltr'><strong>ubi</strong></span> <span class='ocrx_word' id='word_1_329' title='bbox 2893 774 3012 812; x_wconf 92' lang='lat' dir='ltr'><strong>eum</strong></span> <span class='ocrx_word' id='word_1_330' title='bbox 3065 759 3374 827; x_wconf 87' lang='lat' dir='ltr'><strong>frequenter</strong></span> <span class='ocrx_word' id='word_1_331' title='bbox 3425 762 3655 831; x_wconf 81' lang='lat' dir='ltr'><strong>indignis</strong></span> 
     </span>
    </p>
   </div>
   <div class='ocr_carea' id='block_1_50' title="bbox 2085 847 3655 919">
    <p class='ocr_par' dir='ltr' id='par_1_50' title="bbox 2085 847 3655 919">
     <span class='ocr_line' id='line_1_50' title="bbox 2085 847 3655 919; baseline 0.003 -19"><span class='ocrx_word' id='word_1_332' title='bbox 2085 847 2362 900; x_wconf 84' lang='lat' dir='ltr'><strong>haustibus</strong></span> <span class='ocrx_word' id='word_1_333' title='bbox 2400 849 2538 901; x_wconf 90' lang='lat' dir='ltr'><strong>sacri</strong></span> <span class='ocrx_word' id='word_1_334' title='bbox 2590 849 2750 902; x_wconf 89' lang='lat' dir='ltr'><strong>fontis</strong></span> <span class='ocrx_word' id='word_1_335' title='bbox 2797 864 2960 917; x_wconf 89' lang='lat' dir='ltr'><strong>aquas</strong></span> <span class='ocrx_word' id='word_1_336' title='bbox 2993 849 3066 902; x_wconf 93' lang='lat' dir='ltr'><strong>nil</strong></span> <span class='ocrx_word' id='word_1_337' title='bbox 3107 849 3341 904; x_wconf 89' lang='lat' dir='ltr'><strong>lambere</strong></span> <span class='ocrx_word' id='word_1_338' title='bbox 3370 853 3655 919; x_wconf 84' lang='lat' dir='ltr'><strong>prohiben-</strong></span> 
     </span>
    </p>
   </div>
   <div class='ocr_carea' id='block_1_51' title="bbox 2085 937 3650 1004">
    <p class='ocr_par' dir='ltr' id='par_1_51' title="bbox 2085 937 3650 1004">
     <span class='ocr_line' id='line_1_51' title="bbox 2085 937 3650 1004; baseline 0.003 -15"><span class='ocrx_word' id='word_1_339' title='bbox 2085 940 2201 1002; x_wconf 78' lang='lat' dir='ltr'><strong>tur,</strong></span> <span class='ocrx_word' id='word_1_340' title='bbox 2227 937 2407 990; x_wconf 90' lang='lat' dir='ltr'><strong>omnia</strong></span> <span class='ocrx_word' id='word_1_341' title='bbox 2444 938 2528 990; x_wconf 88' lang='lat' dir='ltr'><strong>illa</strong></span> <span class='ocrx_word' id='word_1_342' title='bbox 2567 940 2752 992; x_wconf 78' lang='lat' dir='ltr'><strong>canica</strong></span> <span class='ocrx_word' id='word_1_343' title='bbox 2800 941 3082 993; x_wconf 89' lang='lat' dir='ltr'><strong>multitudo</strong></span> <span class='ocrx_word' id='word_1_344' title='bbox 3119 955 3270 994; x_wconf 89' lang='lat' dir='ltr'><strong>versa</strong></span> <span class='ocrx_word' id='word_1_345' title='bbox 3319 940 3367 993; x_wconf 92' lang='lat' dir='ltr'><strong>in</strong></span> <span class='ocrx_word' id='word_1_346' title='bbox 3414 942 3650 1004; x_wconf 88' lang='lat' dir='ltr'><strong>rabiem,</strong></span> 
     </span>
    </p>
   </div>
   <div class='ocr_carea' id='block_1_52' title="bbox 2083 1025 3655 1102">
    <p class='ocr_par' dir='ltr' id='par_1_52' title="bbox 2083 1025 3655 1102">
     <span class='ocr_line' id='line_1_52' title="bbox 2083 1025 3655 1102; baseline 0.007 -26"><span class='ocrx_word' id='word_1_347' title='bbox 2083 1025 2407 1081; x_wconf 84' lang='lat' dir='ltr'><strong>confessoris</strong></span> <span class='ocrx_word' id='word_1_348' title='bbox 2456 1031 2628 1082; x_wconf 79' lang='lat' dir='ltr'><strong>sancti</strong></span> <span class='ocrx_word' id='word_1_349' title='bbox 2679 1029 2927 1096; x_wconf 91' lang='lat' dir='ltr'><strong>injuriam</strong></span> <span class='ocrx_word' id='word_1_350' title='bbox 2981 1046 3137 1099; x_wconf 77' lang='lat' dir='ltr'><strong>pecua</strong></span> <span class='ocrx_word' id='word_1_351' title='bbox 3201 1031 3378 1085; x_wconf 89' lang='lat' dir='ltr'><strong>furiali</strong></span> <span class='ocrx_word' id='word_1_352' title='bbox 3423 1033 3655 1102; x_wconf 88' lang='lat' dir='ltr'><strong>dignitcr</strong></span> 
     </span>
    </p>
   </div>
   <div class='ocr_carea' id='block_1_53' title="bbox 2081 1117 3650 1188">
    <p class='ocr_par' dir='ltr' id='par_1_53' title="bbox 2081 1117 3650 1188">
     <span class='ocr_line' id='line_1_53' title="bbox 2081 1117 3650 1188; baseline 0.006 -20"><span class='ocrx_word' id='word_1_353' title='bbox 2081 1117 2330 1184; x_wconf 88' lang='lat' dir='ltr'><strong>expiavit.</strong></span> <span class='ocrx_word' id='word_1_354' title='bbox 2367 1117 2469 1172; x_wconf 89' lang='lat' dir='ltr'><strong>Sed</strong></span> <span class='ocrx_word' id='word_1_355' title='bbox 2519 1134 2614 1173; x_wconf 91' lang='lat' dir='ltr'><strong>nec</strong></span> <span class='ocrx_word' id='word_1_356' title='bbox 2652 1121 2957 1188; x_wconf 85' lang='lat' dir='ltr'><strong>conquievit</strong></span> <span class='ocrx_word' id='word_1_357' title='bbox 3004 1123 3079 1175; x_wconf 88' lang='lat' dir='ltr'><strong>ira</strong></span> <span class='ocrx_word' id='word_1_358' title='bbox 3115 1131 3192 1176; x_wconf 92' lang='lat' dir='ltr'><strong>tot</strong></span> <span class='ocrx_word' id='word_1_359' title='bbox 3235 1123 3467 1177; x_wconf 77' lang='lat' dir='ltr'><strong>motibus</strong></span> <span class='ocrx_word' id='word_1_360' title='bbox 3514 1125 3650 1178; x_wconf 84' lang='lat' dir='ltr'><strong>divi-</strong></span> 
     </span>
    </p>
   </div>
   <div class='ocr_carea' id='block_1_54' title="bbox 2084 1207 3656 1279">
    <p class='ocr_par' dir='ltr' id='par_1_54' title="bbox 2084 1207 3656 1279">
     <span class='ocr_line' id='line_1_54' title="bbox 2084 1207 3656 1279; baseline 0.007 -22"><span class='ocrx_word' id='word_1_361' title='bbox 2084 1207 2227 1258; x_wconf 85' lang='lat' dir='ltr'><strong>nitus</strong></span> <span class='ocrx_word' id='word_1_362' title='bbox 2275 1208 2526 1261; x_wconf 88' lang='lat' dir='ltr'><strong>excitata.</strong></span> <span class='ocrx_word' id='word_1_363' title='bbox 2557 1209 2688 1262; x_wconf 50' lang='lat' dir='ltr'><strong>Nam</strong></span> <span class='ocrx_word' id='word_1_364' title='bbox 2717 1221 2768 1263; x_wconf 93' lang='lat' dir='ltr'><strong>et</strong></span> <span class='ocrx_word' id='word_1_365' title='bbox 2794 1212 2904 1279; x_wconf 84' lang='lat' dir='ltr'><strong>ipse</strong></span> <span class='ocrx_word' id='word_1_366' title='bbox 2937 1212 3203 1267; x_wconf 87' lang='lat' dir='ltr'><strong>imlebitns</strong></span> <span class='ocrx_word' id='word_1_367' title='bbox 3248 1215 3553 1267; x_wconf 85' lang='lat' dir='ltr'><strong>dominator</strong></span> <span class='ocrx_word' id='word_1_368' title='bbox 3581 1216 3656 1268; x_wconf 89' lang='lat' dir='ltr'><strong>si-</strong></span> 
     </span>
    </p>
   </div>
   <div class='ocr_carea' id='block_1_55' title="bbox 2081 1296 3633 1372">
    <p class='ocr_par' dir='ltr' id='par_1_55' title="bbox 2081 1296 3633 1372">
     <span class='ocr_line' id='line_1_55' title="bbox 2081 1296 3633 1372; baseline 0.008 -24"><span class='ocrx_word' id='word_1_369' title='bbox 2081 1296 2190 1349; x_wconf 94' lang='lat' dir='ltr'><strong>mili</strong></span> <span class='ocrx_word' id='word_1_370' title='bbox 2220 1296 2450 1351; x_wconf 87' lang='lat' dir='ltr'><strong>vindicta</strong></span> <span class='ocrx_word' id='word_1_371' title='bbox 2499 1300 2826 1368; x_wconf 87' lang='lat' dir='ltr'><strong>corripitur,</strong></span> <span class='ocrx_word' id='word_1_372' title='bbox 2866 1301 2956 1370; x_wconf 92' lang='lat' dir='ltr'><strong>qui</strong></span> <span class='ocrx_word' id='word_1_373' title='bbox 3006 1301 3207 1357; x_wconf 88' lang='lat' dir='ltr'><strong>initnici</strong></span> <span class='ocrx_word' id='word_1_374' title='bbox 3254 1306 3502 1372; x_wconf 86' lang='lat' dir='ltr'><strong>potestati</strong></span> <span class='ocrx_word' id='word_1_375' title='bbox 3553 1315 3633 1360; x_wconf 82' lang='lat' dir='ltr'><strong>tra</strong></span> 
     </span>
    </p>
   </div>
   <div class='ocr_carea' id='block_1_56' title="bbox 2081 1389 3651 1457">
    <p class='ocr_par' dir='ltr' id='par_1_56' title="bbox 2081 1389 3651 1457">
     <span class='ocr_line' id='line_1_56' title="bbox 2081 1389 3651 1457; baseline 0.01 -21"><span class='ocrx_word' id='word_1_376' title='bbox 2081 1389 2224 1442; x_wconf 91' lang='lat' dir='ltr'><strong>ditus</strong></span> <span class='ocrx_word' id='word_1_377' title='bbox 2256 1400 2396 1443; x_wconf 89' lang='lat' dir='ltr'><strong>totus</strong></span> <span class='ocrx_word' id='word_1_378' title='bbox 2435 1390 2801 1453; x_wconf 76' lang='lat' dir='ltr'><strong>confunditur,</strong></span> <span class='ocrx_word' id='word_1_379' title='bbox 2837 1393 3031 1445; x_wconf 90' lang='lat' dir='ltr'><strong>amittit</strong></span> <span class='ocrx_word' id='word_1_380' title='bbox 3069 1409 3318 1457; x_wconf 87' lang='lat' dir='ltr'><strong>sensum,</strong></span> <span class='ocrx_word' id='word_1_381' title='bbox 3353 1395 3494 1450; x_wconf 85' lang='lat' dir='ltr'><strong>ferro</strong></span> <span class='ocrx_word' id='word_1_382' title='bbox 3525 1399 3651 1451; x_wconf 84' lang='lat' dir='ltr'><strong>reli-</strong></span> 
     </span>
    </p>
   </div>
   <div class='ocr_carea' id='block_1_57' title="bbox 2081 1482 3654 1551">
    <p class='ocr_par' dir='ltr' id='par_1_57' title="bbox 2081 1482 3654 1551">
     <span class='ocr_line' id='line_1_57' title="bbox 2081 1482 3654 1551; baseline 0.01 -23"><span class='ocrx_word' id='word_1_383' title='bbox 2081 1491 2258 1546; x_wconf 84' lang='lat' dir='ltr'><strong>gatur,</strong></span> <span class='ocrx_word' id='word_1_384' title='bbox 2307 1496 2368 1533; x_wconf 89' lang='lat' dir='ltr'><strong>ac</strong></span> <span class='ocrx_word' id='word_1_385' title='bbox 2421 1482 2813 1551; x_wconf 89' lang='lat' dir='ltr'><strong>circumseptus</strong></span> <span class='ocrx_word' id='word_1_386' title='bbox 2848 1485 3079 1537; x_wconf 68' lang='lat' dir='ltr'><strong>amentia</strong></span> <span class='ocrx_word' id='word_1_387' title='bbox 3131 1502 3226 1539; x_wconf 93' lang='lat' dir='ltr'><strong>nec</strong></span> <span class='ocrx_word' id='word_1_388' title='bbox 3279 1488 3552 1543; x_wconf 85' lang='lat' dir='ltr'><strong>hominem</strong></span> <span class='ocrx_word' id='word_1_389' title='bbox 3595 1506 3654 1544; x_wconf 88' lang='lat' dir='ltr'><strong>se</strong></span> 
     </span>
    </p>
   </div>
   <div class='ocr_carea' id='block_1_58' title="bbox 2082 1572 3651 1648">
    <p class='ocr_par' dir='ltr' id='par_1_58' title="bbox 2082 1572 3651 1648">
     <span class='ocr_line' id='line_1_58' title="bbox 2082 1572 3651 1648; baseline 0.007 -27"><span class='ocrx_word' id='word_1_390' title='bbox 2082 1572 2377 1638; x_wconf 81' lang='lat' dir='ltr'><strong>cognoscit,</strong></span> <span class='ocrx_word' id='word_1_391' title='bbox 2428 1573 2517 1638; x_wconf 90' lang='lat' dir='ltr'><strong>qui</strong></span> <span class='ocrx_word' id='word_1_392' title='bbox 2569 1573 2838 1625; x_wconf 92' lang='lat' dir='ltr'><strong>immunda</strong></span> <span class='ocrx_word' id='word_1_393' title='bbox 2884 1575 3135 1628; x_wconf 88' lang='lat' dir='ltr'><strong>animalia</strong></span> <span class='ocrx_word' id='word_1_394' title='bbox 3184 1591 3212 1628; x_wconf 90' lang='lat' dir='ltr'><strong>a</strong></span> <span class='ocrx_word' id='word_1_395' title='bbox 3265 1578 3431 1631; x_wconf 89' lang='lat' dir='ltr'><strong>sacris</strong></span> <span class='ocrx_word' id='word_1_396' title='bbox 3471 1581 3651 1648; x_wconf 90' lang='lat' dir='ltr'><strong>templi</strong></span> 
     </span>
    </p>
   </div>
   <div class='ocr_carea' id='block_1_59' title="bbox 2081 1663 3654 1734">
    <p class='ocr_par' dir='ltr' id='par_1_59' title="bbox 2081 1663 3654 1734">
     <span class='ocr_line' id='line_1_59' title="bbox 2081 1663 3654 1734; baseline 0.005 -20"><span class='ocrx_word' id='word_1_397' title='bbox 2081 1663 2338 1716; x_wconf 77' lang='lat' dir='ltr'><strong>Sollicitus</strong></span> <span class='ocrx_word' id='word_1_398' title='bbox 2383 1679 2567 1717; x_wconf 80' lang='lat' dir='ltr'><strong>arcere</strong></span> <span class='ocrx_word' id='word_1_399' title='bbox 2613 1667 2955 1734; x_wconf 84' lang='lat' dir='ltr'><strong>contempsit.</strong></span> <span class='ocrx_word' id='word_1_400' title='bbox 3008 1668 3074 1720; x_wconf 73' lang='lat' dir='ltr'><strong>At</strong></span> <span class='ocrx_word' id='word_1_401' title='bbox 3127 1683 3254 1721; x_wconf 89' lang='lat' dir='ltr'><strong>vero</strong></span> <span class='ocrx_word' id='word_1_402' title='bbox 3300 1670 3654 1722; x_wconf 75' lang='lat' dir='ltr'><strong>familiaribus</strong></span> 
     </span>
    </p>
   </div>
   <div class='ocr_carea' id='block_1_60' title="bbox 2079 1751 3650 1823">
    <p class='ocr_par' dir='ltr' id='par_1_60' title="bbox 2079 1751 3650 1823">
     <span class='ocr_line' id='line_1_60' title="bbox 2079 1751 3650 1823; baseline 0.005 -21"><span class='ocrx_word' id='word_1_403' title='bbox 2079 1751 2194 1818; x_wconf 81' lang='lat' dir='ltr'><strong>ejus</strong></span> <span class='ocrx_word' id='word_1_404' title='bbox 2225 1764 2464 1806; x_wconf 83' lang='lat' dir='ltr'><strong>Sanctum</strong></span> <span class='ocrx_word' id='word_1_405' title='bbox 2497 1754 2738 1807; x_wconf 80' lang='lat' dir='ltr'><strong>llasolnm</strong></span> <span class='ocrx_word' id='word_1_406' title='bbox 2766 1757 2849 1823; x_wconf 88' lang='lat' dir='ltr'><strong>pie</strong></span> <span class='ocrx_word' id='word_1_407' title='bbox 2870 1757 3355 1817; x_wconf 79' lang='lat' dir='ltr'><strong>conclamantibus,</strong></span> <span class='ocrx_word' id='word_1_408' title='bbox 3381 1775 3441 1812; x_wconf 89' lang='lat' dir='ltr'><strong>ac</strong></span> <span class='ocrx_word' id='word_1_409' title='bbox 3475 1761 3650 1813; x_wconf 85' lang='lat' dir='ltr'><strong>locum</strong></span> 
     </span>
    </p>
   </div>
   <div class='ocr_carea' id='block_1_61' title="bbox 2085 1846 3651 1912">
    <p class='ocr_par' dir='ltr' id='par_1_61' title="bbox 2085 1846 3651 1912">
     <span class='ocr_line' id='line_1_61' title="bbox 2085 1846 3651 1912; baseline 0.003 -16"><span class='ocrx_word' id='word_1_410' title='bbox 2085 1846 2392 1898; x_wconf 85' lang='lat' dir='ltr'><strong>muneribus</strong></span> <span class='ocrx_word' id='word_1_411' title='bbox 2434 1847 2842 1911; x_wconf 87' lang='lat' dir='ltr'><strong>honorantibus,</strong></span> <span class='ocrx_word' id='word_1_412' title='bbox 2892 1850 3105 1901; x_wconf 89' lang='lat' dir='ltr'><strong>tandem</strong></span> <span class='ocrx_word' id='word_1_413' title='bbox 3149 1862 3371 1904; x_wconf 68' lang='lat' dir='ltr'><strong>curatus</strong></span> <span class='ocrx_word' id='word_1_414' title='bbox 3422 1851 3651 1912; x_wconf 82' lang='lat' dir='ltr'><strong>insania,</strong></span> 
     </span>
    </p>
   </div>
   <div class='ocr_carea' id='block_1_62' title="bbox 2006 1919 3654 2007">
    <p class='ocr_par' dir='ltr' id='par_1_62' title="bbox 2006 1919 3654 2007">
     <span class='ocr_line' id='line_1_62' title="bbox 2006 1919 3654 2007; baseline 0.003 -18"><span class='ocrx_word' id='word_1_415' title='bbox 2006 1919 2053 1978; x_wconf 80' lang='grc' dir='ltr'><strong>Β</strong></span> <span class='ocrx_word' id='word_1_416' title='bbox 2081 1936 2224 1989; x_wconf 81' lang='lat' dir='ltr'><strong>Cavit</strong></span> <span class='ocrx_word' id='word_1_417' title='bbox 2265 1951 2483 1990; x_wconf 86' lang='lat' dir='ltr'><strong>scrvare</strong></span> <span class='ocrx_word' id='word_1_418' title='bbox 2533 1940 2919 2004; x_wconf 85' lang='lat' dir='ltr'><strong>reverentiam,</strong></span> <span class='ocrx_word' id='word_1_419' title='bbox 2967 1940 3118 2007; x_wconf 88' lang='lat' dir='ltr'><strong>cujus</strong></span> <span class='ocrx_word' id='word_1_420' title='bbox 3153 1941 3202 1994; x_wconf 95' lang='lat' dir='ltr'><strong>in</strong></span> <span class='ocrx_word' id='word_1_421' title='bbox 3248 1956 3305 1994; x_wconf 87' lang='lat' dir='ltr'><strong>se</strong></span> <span class='ocrx_word' id='word_1_422' title='bbox 3333 1943 3654 1996; x_wconf 85' lang='lat' dir='ltr'><strong>meminerat</strong></span> 
     </span>
    </p>
   </div>
   <div class='ocr_carea' id='block_1_63' title="bbox 2078 2027 2733 2083">
    <p class='ocr_par' dir='ltr' id='par_1_63' title="bbox 2078 2027 2733 2083">
     <span class='ocr_line' id='line_1_63' title="bbox 2078 2027 2733 2083; baseline 0.005 -5"><span class='ocrx_word' id='word_1_423' title='bbox 2078 2027 2425 2081; x_wconf 70' lang='lat' dir='ltr'><strong>exercitatam</strong></span> <span class='ocrx_word' id='word_1_424' title='bbox 2459 2027 2733 2083; x_wconf 86' lang='lat' dir='ltr'><strong>ultionem.</strong></span> 
     </span>
    </p>
   </div>
   <div class='ocr_carea' id='block_1_64' title="bbox 2371 2119 3358 2185">
    <p class='ocr_par' dir='ltr' id='par_1_64' title="bbox 2371 2119 3358 2185">
     <span class='ocr_line' id='line_1_64' title="bbox 2371 2119 3358 2185; baseline 0.003 -14"><span class='ocrx_word' id='word_1_425' title='bbox 2371 2121 2497 2172; x_wconf 73' lang='lat' dir='ltr'><strong>(lar.</strong></span> <span class='ocrx_word' id='word_1_426' title='bbox 2537 2119 2640 2172; x_wconf 73' lang='grc' dir='ltr'><strong>ΧΙΙ.</strong></span> <span class='ocrx_word' id='word_1_427' title='bbox 2689 2119 2762 2172; x_wconf 82' lang='lat' dir='ltr'><strong>De</strong></span> <span class='ocrx_word' id='word_1_428' title='bbox 2800 2121 3043 2184; x_wconf 82' lang='lat' dir='ltr'><strong>pinrcrna</strong></span> <span class='ocrx_word' id='word_1_429' title='bbox 3078 2125 3358 2185; x_wconf 70' lang='grc' dir='ltr'><strong>ιιιινιιιιὶτο.</strong></span> 
     </span>
    </p>
   </div>
   <div class='ocr_carea' id='block_1_65' title="bbox 2151 2209 3652 2284">
    <p class='ocr_par' dir='ltr' id='par_1_65' title="bbox 2151 2209 3652 2284">
     <span class='ocr_line' id='line_1_65' title="bbox 2151 2209 3652 2284; baseline 0.006 -22"><span class='ocrx_word' id='word_1_430' title='bbox 2151 2209 2317 2278; x_wconf 88' lang='lat' dir='ltr'><strong>Ilujus</strong></span> <span class='ocrx_word' id='word_1_431' title='bbox 2349 2224 2473 2264; x_wconf 82' lang='lat' dir='ltr'><strong>vero</strong></span> <span class='ocrx_word' id='word_1_432' title='bbox 2513 2210 2578 2262; x_wconf 90' lang='lat' dir='ltr'><strong>ad</strong></span> <span class='ocrx_word' id='word_1_433' title='bbox 2614 2211 2928 2279; x_wconf 90' lang='lat' dir='ltr'><strong>obsequium</strong></span> <span class='ocrx_word' id='word_1_434' title='bbox 2979 2215 3211 2280; x_wconf 88' lang='lat' dir='ltr'><strong>potentis</strong></span> <span class='ocrx_word' id='word_1_435' title='bbox 3267 2230 3394 2268; x_wconf 91' lang='lat' dir='ltr'><strong>cura</strong></span> <span class='ocrx_word' id='word_1_436' title='bbox 3436 2217 3652 2284; x_wconf 91' lang='lat' dir='ltr'><strong>quidam</strong></span> 
     </span>
    </p>
   </div>
   <div class='ocr_carea' id='block_1_66' title="bbox 2078 2300 3654 2371">
    <p class='ocr_par' dir='ltr' id='par_1_66' title="bbox 2078 2300 3654 2371">
     <span class='ocr_line' id='line_1_66' title="bbox 2078 2300 3654 2371; baseline 0.005 -18"><span class='ocrx_word' id='word_1_437' title='bbox 2078 2300 2372 2356; x_wconf 82' lang='lat' dir='ltr'><strong>domestica</strong></span> <span class='ocrx_word' id='word_1_438' title='bbox 2401 2303 2670 2367; x_wconf 65' lang='lat' dir='ltr'><strong>pincerna‘</strong></span> <span class='ocrx_word' id='word_1_439' title='bbox 2700 2305 2917 2371; x_wconf 79' lang='lat' dir='ltr'><strong>gerebat</strong></span> <span class='ocrx_word' id='word_1_440' title='bbox 2950 2307 3203 2368; x_wconf 83' lang='lat' dir='ltr'><strong>oflicinm,</strong></span> <span class='ocrx_word' id='word_1_441' title='bbox 3233 2307 3311 2359; x_wconf 89' lang='lat' dir='ltr'><strong>vir</strong></span> <span class='ocrx_word' id='word_1_442' title='bbox 3335 2307 3465 2362; x_wconf 91' lang='lat' dir='ltr'><strong>levis</strong></span> <span class='ocrx_word' id='word_1_443' title='bbox 3497 2309 3654 2362; x_wconf 86' lang='lat' dir='ltr'><strong>nimis</strong></span> 
     </span>
    </p>
   </div>
   <div class='ocr_carea' id='block_1_67' title="bbox 2077 2389 3656 2464">
    <p class='ocr_par' dir='ltr' id='par_1_67' title="bbox 2077 2389 3656 2464">
     <span class='ocr_line' id='line_1_67' title="bbox 2077 2389 3656 2464; baseline 0.007 -21"><span class='ocrx_word' id='word_1_444' title='bbox 2077 2399 2130 2443; x_wconf 90' lang='lat' dir='ltr'><strong>et</strong></span> <span class='ocrx_word' id='word_1_445' title='bbox 2162 2389 2339 2444; x_wconf 87' lang='lat' dir='ltr'><strong>frenos</strong></span> <span class='ocrx_word' id='word_1_446' title='bbox 2369 2405 2624 2458; x_wconf 80' lang='lat' dir='ltr'><strong>respuens</strong></span> <span class='ocrx_word' id='word_1_447' title='bbox 2666 2393 3036 2454; x_wconf 67' lang='lat' dir='ltr'><strong>continentiae,</strong></span> <span class='ocrx_word' id='word_1_448' title='bbox 3082 2407 3360 2464; x_wconf 84' lang='lat' dir='ltr'><strong>promptus</strong></span> <span class='ocrx_word' id='word_1_449' title='bbox 3386 2397 3452 2450; x_wconf 91' lang='lat' dir='ltr'><strong>ad</strong></span> <span class='ocrx_word' id='word_1_450' title='bbox 3500 2407 3656 2454; x_wconf 67' lang='lat' dir='ltr'><strong>actu;</strong></span> 
     </span>
    </p>
   </div>
   <div class='ocr_carea' id='block_1_68' title="bbox 2077 2480 3652 2552">
    <p class='ocr_par' dir='ltr' id='par_1_68' title="bbox 2077 2480 3652 2552">
     <span class='ocr_line' id='line_1_68' title="bbox 2077 2480 3652 2552; baseline 0.006 -19"><span class='ocrx_word' id='word_1_451' title='bbox 2077 2481 2310 2534; x_wconf 89' lang='lat' dir='ltr'><strong>illicitos.</strong></span> <span class='ocrx_word' id='word_1_452' title='bbox 2346 2480 2476 2534; x_wconf 70' lang='lat' dir='ltr'><strong>Nam</strong></span> <span class='ocrx_word' id='word_1_453' title='bbox 2504 2497 2659 2535; x_wconf 88' lang='lat' dir='ltr'><strong>sacro</strong></span> <span class='ocrx_word' id='word_1_454' title='bbox 2707 2485 2907 2550; x_wconf 84' lang='lat' dir='ltr'><strong>templo</strong></span> <span class='ocrx_word' id='word_1_455' title='bbox 2945 2495 3095 2552; x_wconf 85' lang='lat' dir='ltr'><strong>parte</strong></span> <span class='ocrx_word' id='word_1_456' title='bbox 3124 2485 3442 2540; x_wconf 77' lang='lat' dir='ltr'><strong>occidentali</strong></span> <span class='ocrx_word' id='word_1_457' title='bbox 3476 2489 3652 2541; x_wconf 75' lang='lat' dir='ltr'><strong>adhae-</strong></span> 
     </span>
    </p>
   </div>
   <div class='ocr_carea' id='block_1_69' title="bbox 2079 2573 3656 2642">
    <p class='ocr_par' dir='ltr' id='par_1_69' title="bbox 2079 2573 3656 2642">
     <span class='ocr_line' id='line_1_69' title="bbox 2079 2573 3656 2642; baseline 0.006 -20"><span class='ocrx_word' id='word_1_458' title='bbox 2079 2585 2202 2625; x_wconf 90' lang='lat' dir='ltr'><strong>rens</strong></span> <span class='ocrx_word' id='word_1_459' title='bbox 2227 2573 2493 2639; x_wconf 87' lang='lat' dir='ltr'><strong>quoddam</strong></span> <span class='ocrx_word' id='word_1_460' title='bbox 2546 2573 2708 2640; x_wconf 89' lang='lat' dir='ltr'><strong>priori</strong></span> <span class='ocrx_word' id='word_1_461' title='bbox 2749 2587 2863 2625; x_wconf 68' lang='lat' dir='ltr'><strong>arvo</strong></span> <span class='ocrx_word' id='word_1_462' title='bbox 2905 2584 3166 2626; x_wconf 88' lang='lat' dir='ltr'><strong>structum</strong></span> <span class='ocrx_word' id='word_1_463' title='bbox 3213 2590 3431 2642; x_wconf 86' lang='lat' dir='ltr'><strong>parvum</strong></span> <span class='ocrx_word' id='word_1_464' title='bbox 3481 2578 3656 2632; x_wconf 79' lang='lat' dir='ltr'><strong>fuerat</strong></span> 
     </span>
    </p>
   </div>
   <div class='ocr_carea' id='block_1_70' title="bbox 2078 2660 3652 2730">
    <p class='ocr_par' dir='ltr' id='par_1_70' title="bbox 2078 2660 3652 2730">
     <span class='ocr_line' id='line_1_70' title="bbox 2078 2660 3652 2730; baseline 0.006 -16"><span class='ocrx_word' id='word_1_465' title='bbox 2078 2660 2480 2723; x_wconf 79' lang='lat' dir='ltr'><strong>habitaculum,</strong></span> <span class='ocrx_word' id='word_1_466' title='bbox 2537 2679 2585 2714; x_wconf 82' lang='grc' dir='ltr'><strong>ιιι</strong></span> <span class='ocrx_word' id='word_1_467' title='bbox 2621 2678 2727 2730; x_wconf 93' lang='lat' dir='ltr'><strong>quo</strong></span> <span class='ocrx_word' id='word_1_468' title='bbox 2774 2663 2947 2716; x_wconf 89' lang='lat' dir='ltr'><strong>adhuc</strong></span> <span class='ocrx_word' id='word_1_469' title='bbox 3001 2664 3261 2718; x_wconf 88' lang='lat' dir='ltr'><strong>clansnris</strong></span> <span class='ocrx_word' id='word_1_470' title='bbox 3314 2667 3652 2723; x_wconf 68' lang='lat' dir='ltr'><strong>exstantibus</strong></span> 
     </span>
    </p>
   </div>
   <div class='ocr_carea' id='block_1_71' title="bbox 2078 2752 3652 2823">
    <p class='ocr_par' dir='ltr' id='par_1_71' title="bbox 2078 2752 3652 2823">
     <span class='ocr_line' id='line_1_71' title="bbox 2078 2752 3652 2823; baseline 0.003 -20"><span class='ocrx_word' id='word_1_471' title='bbox 2078 2752 2342 2819; x_wconf 83' lang='lat' dir='ltr'><strong>rebusque</strong></span> <span class='ocrx_word' id='word_1_472' title='bbox 2394 2754 2513 2805; x_wconf 80' lang='lat' dir='ltr'><strong>aliis</strong></span> <span class='ocrx_word' id='word_1_473' title='bbox 2562 2753 2867 2818; x_wconf 86' lang='lat' dir='ltr'><strong>deputatis,</strong></span> <span class='ocrx_word' id='word_1_474' title='bbox 2920 2768 3029 2806; x_wconf 54' lang='lat' dir='ltr'><strong>arte</strong></span> <span class='ocrx_word' id='word_1_475' title='bbox 3077 2752 3189 2821; x_wconf 89' lang='lat' dir='ltr'><strong>jatn</strong></span> <span class='ocrx_word' id='word_1_476' title='bbox 3240 2755 3487 2823; x_wconf 76' lang='lat' dir='ltr'><strong>collapsa.-</strong></span> <span class='ocrx_word' id='word_1_477' title='bbox 3536 2771 3652 2811; x_wconf 82' lang='lat' dir='ltr'><strong>cer-</strong></span> 
     </span>
    </p>
   </div>
   <div class='ocr_carea' id='block_1_72' title="bbox 2078 2841 3654 2911">
    <p class='ocr_par' dir='ltr' id='par_1_72' title="bbox 2078 2841 3654 2911">
     <span class='ocr_line' id='line_1_72' title="bbox 2078 2841 3654 2911; baseline 0.004 -17"><span class='ocrx_word' id='word_1_478' title='bbox 2078 2842 2222 2894; x_wconf 87' lang='lat' dir='ltr'><strong>nitur</strong></span> <span class='ocrx_word' id='word_1_479' title='bbox 2274 2841 2548 2896; x_wconf 88' lang='lat' dir='ltr'><strong>indicium.</strong></span> <span class='ocrx_word' id='word_1_480' title='bbox 2595 2841 2689 2896; x_wconf 82' lang='lat' dir='ltr'><strong>llic</strong></span> <span class='ocrx_word' id='word_1_481' title='bbox 2738 2842 2969 2911; x_wconf 90' lang='lat' dir='ltr'><strong>denique</strong></span> <span class='ocrx_word' id='word_1_482' title='bbox 3032 2844 3117 2898; x_wconf 85' lang='lat' dir='ltr'><strong>ille</strong></span> <span class='ocrx_word' id='word_1_483' title='bbox 3178 2845 3471 2900; x_wconf 77' lang='lat' dir='ltr'><strong>dormitare</strong></span> <span class='ocrx_word' id='word_1_484' title='bbox 3522 2848 3654 2900; x_wconf 87' lang='lat' dir='ltr'><strong>soli-</strong></span> 
     </span>
    </p>
   </div>
   <div class='ocr_carea' id='block_1_73' title="bbox 2078 2934 3649 3004">
    <p class='ocr_par' dir='ltr' id='par_1_73' title="bbox 2078 2934 3649 3004">
     <span class='ocr_line' id='line_1_73' title="bbox 2078 2934 3649 3004; baseline 0.005 -20"><span class='ocrx_word' id='word_1_485' title='bbox 2078 2943 2199 2994; x_wconf 92' lang='lat' dir='ltr'><strong>tus,</strong></span> <span class='ocrx_word' id='word_1_486' title='bbox 2232 2947 2352 2985; x_wconf 91' lang='lat' dir='ltr'><strong>cum</strong></span> <span class='ocrx_word' id='word_1_487' title='bbox 2397 2943 2614 3000; x_wconf 85' lang='lat' dir='ltr'><strong>epotato</strong></span> <span class='ocrx_word' id='word_1_488' title='bbox 2650 2934 2872 2986; x_wconf 90' lang='lat' dir='ltr'><strong>nimimn</strong></span> <span class='ocrx_word' id='word_1_489' title='bbox 2934 2945 3216 3004; x_wconf 79' lang='lat' dir='ltr'><strong>urgeretur</strong></span> <span class='ocrx_word' id='word_1_490' title='bbox 3272 2936 3424 2997; x_wconf 85' lang='lat' dir='ltr'><strong>vino,</strong></span> <span class='ocrx_word' id='word_1_491' title='bbox 3482 2939 3649 2992; x_wconf 87' lang='lat' dir='ltr'><strong>noctis</strong></span> 
     </span>
    </p>
   </div>
   <div class='ocr_carea' id='block_1_74' title="bbox 2075 3023 3650 3092">
    <p class='ocr_par' dir='ltr' id='par_1_74' title="bbox 2075 3023 3650 3092">
     <span class='ocr_line' id='line_1_74' title="bbox 2075 3023 3650 3092; baseline 0.004 -19"><span class='ocrx_word' id='word_1_492' title='bbox 2075 3031 2368 3089; x_wconf 83' lang='lat' dir='ltr'><strong>Opportuna</strong></span> <span class='ocrx_word' id='word_1_493' title='bbox 2414 3032 2652 3084; x_wconf 84' lang='lat' dir='ltr'><strong>secutus,</strong></span> <span class='ocrx_word' id='word_1_494' title='bbox 2687 3023 2773 3074; x_wconf 93' lang='lat' dir='ltr'><strong>nni</strong></span> <span class='ocrx_word' id='word_1_495' title='bbox 2802 3036 2863 3076; x_wconf 89' lang='lat' dir='ltr'><strong>ex</strong></span> <span class='ocrx_word' id='word_1_496' title='bbox 2892 3036 3053 3092; x_wconf 84' lang='lat' dir='ltr'><strong>grege</strong></span> <span class='ocrx_word' id='word_1_497' title='bbox 3084 3024 3403 3077; x_wconf 59' lang='lat' dir='ltr'><strong>lctninarun‘.</strong></span> <span class='ocrx_word' id='word_1_498' title='bbox 3439 3026 3486 3077; x_wconf 90' lang='lat' dir='ltr'><strong>vi</strong></span> <span class='ocrx_word' id='word_1_499' title='bbox 3519 3027 3650 3080; x_wconf 85' lang='lat' dir='ltr'><strong>irro-</strong></span> 
     </span>
    </p>
   </div>
   <div class='ocr_carea' id='block_1_75' title="bbox 2075 3109 3651 3180">
    <p class='ocr_par' dir='ltr' id='par_1_75' title="bbox 2075 3109 3651 3180">
     <span class='ocr_line' id='line_1_75' title="bbox 2075 3109 3651 3180; baseline 0.005 -21"><span class='ocrx_word' id='word_1_500' title='bbox 2075 3121 2323 3164; x_wconf 86' lang='lat' dir='ltr'><strong>verentcr</strong></span> <span class='ocrx_word' id='word_1_501' title='bbox 2356 3109 2618 3180; x_wconf 72' lang='lat' dir='ltr'><strong>jungitur,</strong></span> <span class='ocrx_word' id='word_1_502' title='bbox 2651 3121 2902 3179; x_wconf 91' lang='lat' dir='ltr'><strong>tanquam</strong></span> <span class='ocrx_word' id='word_1_503' title='bbox 2937 3112 3124 3166; x_wconf 89' lang='lat' dir='ltr'><strong>beatus</strong></span> <span class='ocrx_word' id='word_1_504' title='bbox 3172 3113 3392 3168; x_wconf 67' lang='lat' dir='ltr'><strong>ISaSolns</strong></span> <span class='ocrx_word' id='word_1_505' title='bbox 3432 3127 3522 3167; x_wconf 92' lang='lat' dir='ltr'><strong>ant</strong></span> <span class='ocrx_word' id='word_1_506' title='bbox 3553 3130 3651 3168; x_wconf 92' lang='lat' dir='ltr'><strong>suo</strong></span> 
     </span>
    </p>
   </div>
   <div class='ocr_carea' id='block_1_76' title="bbox 2074 3201 3652 3272">
    <p class='ocr_par' dir='ltr' id='par_1_76' title="bbox 2074 3201 3652 3272">
     <span class='ocr_line' id='line_1_76' title="bbox 2074 3201 3652 3272; baseline 0.004 -20"><span class='ocrx_word' id='word_1_507' title='bbox 2074 3202 2285 3254; x_wconf 87' lang='lat' dir='ltr'><strong>abesset</strong></span> <span class='ocrx_word' id='word_1_508' title='bbox 2321 3201 2459 3261; x_wconf 86' lang='lat' dir='ltr'><strong>loco.</strong></span> <span class='ocrx_word' id='word_1_509' title='bbox 2501 3213 2590 3254; x_wconf 90' lang='lat' dir='ltr'><strong>aut</strong></span> <span class='ocrx_word' id='word_1_510' title='bbox 2618 3202 2770 3269; x_wconf 82' lang='lat' dir='ltr'><strong>quasi</strong></span> <span class='ocrx_word' id='word_1_511' title='bbox 2803 3202 3094 3256; x_wconf 88' lang='lat' dir='ltr'><strong>clementer</strong></span> <span class='ocrx_word' id='word_1_512' title='bbox 3125 3204 3306 3258; x_wconf 86' lang='lat' dir='ltr'><strong>ferens</strong></span> <span class='ocrx_word' id='word_1_513' title='bbox 3354 3205 3514 3257; x_wconf 91' lang='lat' dir='ltr'><strong>nollet</strong></span> <span class='ocrx_word' id='word_1_514' title='bbox 3559 3222 3652 3272; x_wconf 82' lang='lat' dir='ltr'><strong>pu-</strong></span> 
     </span>
    </p>
   </div>
   <div class='ocr_carea' id='block_1_77' title="bbox 2077 3289 3651 3360">
    <p class='ocr_par' dir='ltr' id='par_1_77' title="bbox 2077 3289 3651 3360">
     <span class='ocr_line' id='line_1_77' title="bbox 2077 3289 3651 3360; baseline -0.001 -18"><span class='ocrx_word' id='word_1_515' title='bbox 2077 3291 2193 3343; x_wconf 92' lang='lat' dir='ltr'><strong>nire</strong></span> <span class='ocrx_word' id='word_1_516' title='bbox 2222 3289 2454 3343; x_wconf 86' lang='lat' dir='ltr'><strong>facinus.</strong></span> <span class='ocrx_word' id='word_1_517' title='bbox 2491 3289 2595 3343; x_wconf 85' lang='lat' dir='ltr'><strong>Sed</strong></span> <span class='ocrx_word' id='word_1_518' title='bbox 2655 3290 2698 3342; x_wconf 93' lang='lat' dir='ltr'><strong>is</strong></span> <span class='ocrx_word' id='word_1_519' title='bbox 2742 3290 2833 3357; x_wconf 92' lang='lat' dir='ltr'><strong>qni</strong></span> <span class='ocrx_word' id='word_1_520' title='bbox 2881 3305 3097 3358; x_wconf 89' lang='lat' dir='ltr'><strong>semper</strong></span> <span class='ocrx_word' id='word_1_521' title='bbox 3125 3290 3296 3345; x_wconf 91' lang='lat' dir='ltr'><strong>fuerat</strong></span> <span class='ocrx_word' id='word_1_522' title='bbox 3330 3292 3535 3344; x_wconf 80' lang='lat' dir='ltr'><strong>amicus</strong></span> <span class='ocrx_word' id='word_1_523' title='bbox 3558 3307 3651 3360; x_wconf 85' lang='lat' dir='ltr'><strong>pu-</strong></span> 
     </span>
    </p>
   </div>
   <div class='ocr_carea' id='block_1_78' title="bbox 2074 3378 3652 3448">
    <p class='ocr_par' dir='ltr' id='par_1_78' title="bbox 2074 3378 3652 3448">
     <span class='ocr_line' id='line_1_78' title="bbox 2074 3378 3652 3448; baseline -0.001 -16"><span class='ocrx_word' id='word_1_524' title='bbox 2074 3379 2290 3441; x_wconf 73' lang='lat' dir='ltr'><strong>dicitiae,</strong></span> <span class='ocrx_word' id='word_1_525' title='bbox 2320 3393 2421 3431; x_wconf 93' lang='lat' dir='ltr'><strong>non</strong></span> <span class='ocrx_word' id='word_1_526' title='bbox 2452 3389 2532 3433; x_wconf 89' lang='lat' dir='ltr'><strong>est</strong></span> <span class='ocrx_word' id='word_1_527' title='bbox 2567 3393 2756 3446; x_wconf 89' lang='lat' dir='ltr'><strong>passus</strong></span> <span class='ocrx_word' id='word_1_528' title='bbox 2777 3379 2929 3448; x_wconf 79' lang='lat' dir='ltr'><strong>ju&#39;1la</strong></span> <span class='ocrx_word' id='word_1_529' title='bbox 2976 3393 3034 3432; x_wconf 86' lang='lat' dir='ltr'><strong>se</strong></span> <span class='ocrx_word' id='word_1_530' title='bbox 3083 3378 3346 3432; x_wconf 86' lang='lat' dir='ltr'><strong>nefariam</strong></span> <span class='ocrx_word' id='word_1_531' title='bbox 3381 3381 3652 3434; x_wconf 88' lang='lat' dir='ltr'><strong>temerita-</strong></span> 
     </span>
    </p>
   </div>
   <div class='ocr_carea' id='block_1_79' title="bbox 2076 3467 3654 3525">
    <p class='ocr_par' dir='ltr' id='par_1_79' title="bbox 2076 3467 3654 3525">
     <span class='ocr_line' id='line_1_79' title="bbox 2076 3467 3654 3525; baseline 0.001 -3"><span class='ocrx_word' id='word_1_532' title='bbox 2076 3479 2181 3522; x_wconf 85' lang='lat' dir='ltr'><strong>tem</strong></span> <span class='ocrx_word' id='word_1_533' title='bbox 2215 3469 2436 3522; x_wconf 91' lang='lat' dir='ltr'><strong>inultam</strong></span> <span class='ocrx_word' id='word_1_534' title='bbox 2487 3483 2786 3523; x_wconf 85' lang='lat' dir='ltr'><strong>remanere.</strong></span> <span class='ocrx_word' id='word_1_535' title='bbox 2839 3467 2971 3521; x_wconf 73' lang='lat' dir='ltr'><strong>Nam</strong></span> <span class='ocrx_word' id='word_1_536' title='bbox 3027 3468 3165 3522; x_wconf 90' lang='lat' dir='ltr'><strong>inter</strong></span> <span class='ocrx_word' id='word_1_537' title='bbox 3210 3469 3310 3523; x_wconf 87' lang='lat' dir='ltr'><strong>sibi</strong></span> <span class='ocrx_word' id='word_1_538' title='bbox 3362 3469 3654 3525; x_wconf 81' lang='lat' dir='ltr'><strong>familiares</strong></span> 
     </span>
    </p>
   </div>
   <div class='ocr_carea' id='block_1_80' title="bbox 2076 3559 3653 3630">
    <p class='ocr_par' dir='ltr' id='par_1_80' title="bbox 2076 3559 3653 3630">
     <span class='ocr_line' id='line_1_80' title="bbox 2076 3559 3653 3630; baseline 0.002 -19"><span class='ocrx_word' id='word_1_539' title='bbox 2076 3559 2324 3613; x_wconf 89' lang='lat' dir='ltr'><strong>tenebras</strong></span> <span class='ocrx_word' id='word_1_540' title='bbox 2350 3560 2590 3615; x_wconf 73' lang='lat' dir='ltr'><strong>dannone</strong></span> <span class='ocrx_word' id='word_1_541' title='bbox 2633 3560 2956 3628; x_wconf 72' lang='lat' dir='ltr'><strong>corripitur,</strong></span> <span class='ocrx_word' id='word_1_542' title='bbox 2989 3560 3244 3630; x_wconf 87' lang='lat' dir='ltr'><strong>gravique</strong></span> <span class='ocrx_word' id='word_1_543' title='bbox 3274 3562 3536 3630; x_wconf 87' lang='lat' dir='ltr'><strong>supplicio</strong></span> <span class='ocrx_word' id='word_1_544' title='bbox 3576 3563 3653 3614; x_wconf 79' lang='lat' dir='ltr'><strong>in-</strong></span> 
     </span>
    </p>
   </div>
   <div class='ocr_carea' id='block_1_81' title="bbox 2077 3652 3651 3722">
    <p class='ocr_par' dir='ltr' id='par_1_81' title="bbox 2077 3652 3651 3722">
     <span class='ocr_line' id='line_1_81' title="bbox 2077 3652 3651 3722; baseline 0.002 -17"><span class='ocrx_word' id='word_1_545' title='bbox 2077 3652 2304 3706; x_wconf 83' lang='lat' dir='ltr'><strong>feliciter</strong></span> <span class='ocrx_word' id='word_1_546' title='bbox 2343 3663 2455 3707; x_wconf 90' lang='lat' dir='ltr'><strong>toto</strong></span> <span class='ocrx_word' id='word_1_547' title='bbox 2496 3666 2720 3721; x_wconf 86' lang='lat' dir='ltr'><strong>corpore</strong></span> <span class='ocrx_word' id='word_1_548' title='bbox 2765 3653 3032 3716; x_wconf 69' lang='lat' dir='ltr'><strong>laniatur,</strong></span> <span class='ocrx_word' id='word_1_549' title='bbox 3076 3653 3423 3722; x_wconf 79' lang='lat' dir='ltr'><strong>astt&#39;iclisqtte</strong></span> <span class='ocrx_word' id='word_1_550' title='bbox 3456 3653 3651 3708; x_wconf 88' lang='lat' dir='ltr'><strong>fortius</strong></span> 
     </span>
    </p>
   </div>
   <div class='ocr_carea' id='block_1_82' title="bbox 2076 3741 3650 3811">
    <p class='ocr_par' dir='ltr' id='par_1_82' title="bbox 2076 3741 3650 3811">
     <span class='ocr_line' id='line_1_82' title="bbox 2076 3741 3650 3811; baseline 0.004 -17"><span class='ocrx_word' id='word_1_551' title='bbox 2076 3742 2205 3796; x_wconf 86' lang='lat' dir='ltr'><strong>loris</strong></span> <span class='ocrx_word' id='word_1_552' title='bbox 2237 3741 2552 3796; x_wconf 88' lang='lat' dir='ltr'><strong>nexualibus</strong></span> <span class='ocrx_word' id='word_1_553' title='bbox 2578 3753 2831 3811; x_wconf 88' lang='lat' dir='ltr'><strong>tanqttatn</strong></span> <span class='ocrx_word' id='word_1_554' title='bbox 2860 3744 3139 3796; x_wconf 91' lang='lat' dir='ltr'><strong>cllcratttm</strong></span> <span class='ocrx_word' id='word_1_555' title='bbox 3169 3744 3369 3797; x_wconf 89' lang='lat' dir='ltr'><strong>animal</strong></span> <span class='ocrx_word' id='word_1_556' title='bbox 3395 3745 3460 3798; x_wconf 85' lang='lat' dir='ltr'><strong>ad</strong></span> <span class='ocrx_word' id='word_1_557' title='bbox 3491 3746 3650 3800; x_wconf 69' lang='lat' dir='ltr'><strong>ariae--</strong></span> 
     </span>
    </p>
   </div>
   <div class='ocr_carea' id='block_1_83' title="bbox 2077 3831 3652 3903">
    <p class='ocr_par' dir='ltr' id='par_1_83' title="bbox 2077 3831 3652 3903">
     <span class='ocr_line' id='line_1_83' title="bbox 2077 3831 3652 3903; baseline 0 -19"><span class='ocrx_word' id='word_1_558' title='bbox 2077 3847 2187 3886; x_wconf 91' lang='lat' dir='ltr'><strong>rem</strong></span> <span class='ocrx_word' id='word_1_559' title='bbox 2222 3832 2478 3903; x_wconf 81' lang='lat' dir='ltr'><strong>religatur</strong></span> <span class='ocrx_word' id='word_1_560' title='bbox 2513 3832 2735 3884; x_wconf 89' lang='lat' dir='ltr'><strong>ulnnnn.</strong></span> <span class='ocrx_word' id='word_1_561' title='bbox 2774 3831 3115 3886; x_wconf 77' lang='lat' dir='ltr'><strong>Iltversorum</strong></span> <span class='ocrx_word' id='word_1_562' title='bbox 3155 3836 3336 3898; x_wconf 67' lang='lat' dir='ltr'><strong>utique</strong></span> <span class='ocrx_word' id='word_1_563' title='bbox 3384 3845 3652 3890; x_wconf 76' lang='lat' dir='ltr'><strong>monstrn-</strong></span> 
     </span>
    </p>
   </div>
   <div class='ocr_carea' id='block_1_84' title="bbox 2079 3922 3654 3978">
    <p class='ocr_par' dir='ltr' id='par_1_84' title="bbox 2079 3922 3654 3978">
     <span class='ocr_line' id='line_1_84' title="bbox 2079 3922 3654 3978; baseline 0.002 -3"><span class='ocrx_word' id='word_1_564' title='bbox 2079 3939 2193 3975; x_wconf 90' lang='lat' dir='ltr'><strong>rnm</strong></span> <span class='ocrx_word' id='word_1_565' title='bbox 2222 3938 2379 3977; x_wconf 70' lang='lat' dir='ltr'><strong>votes</strong></span> <span class='ocrx_word' id='word_1_566' title='bbox 2404 3922 2641 3977; x_wconf 86' lang='lat' dir='ltr'><strong>imitatus</strong></span> <span class='ocrx_word' id='word_1_567' title='bbox 2675 3939 2795 3976; x_wconf 90' lang='lat' dir='ltr'><strong>cum</strong></span> <span class='ocrx_word' id='word_1_568' title='bbox 2827 3937 3019 3975; x_wconf 79' lang='lat' dir='ltr'><strong>canum</strong></span> <span class='ocrx_word' id='word_1_569' title='bbox 3050 3922 3329 3978; x_wconf 90' lang='lat' dir='ltr'><strong>latratibus</strong></span> <span class='ocrx_word' id='word_1_570' title='bbox 3356 3940 3450 3978; x_wconf 93' lang='lat' dir='ltr'><strong>sna</strong></span> <span class='ocrx_word' id='word_1_571' title='bbox 3487 3941 3654 3978; x_wconf 84' lang='lat' dir='ltr'><strong>mem-</strong></span> 
     </span>
    </p>
   </div>
   <div class='ocr_carea' id='block_1_85' title="bbox 2078 4013 3649 4082">
    <p class='ocr_par' dir='ltr' id='par_1_85' title="bbox 2078 4013 3649 4082">
     <span class='ocr_line' id='line_1_85' title="bbox 2078 4013 3649 4082; baseline 0.002 -16"><span class='ocrx_word' id='word_1_572' title='bbox 2078 4014 2168 4066; x_wconf 84' lang='lat' dir='ltr'><strong>bta</strong></span> <span class='ocrx_word' id='word_1_573' title='bbox 2198 4014 2306 4081; x_wconf 84' lang='lat' dir='ltr'><strong>ipse</strong></span> <span class='ocrx_word' id='word_1_574' title='bbox 2335 4014 2671 4072; x_wconf 84' lang='lat' dir='ltr'><strong>exulceratis.</strong></span> <span class='ocrx_word' id='word_1_575' title='bbox 2717 4023 2833 4081; x_wconf 92' lang='lat' dir='ltr'><strong>post</strong></span> <span class='ocrx_word' id='word_1_576' title='bbox 2868 4013 3052 4082; x_wconf 90' lang='lat' dir='ltr'><strong>longos</strong></span> <span class='ocrx_word' id='word_1_577' title='bbox 3098 4014 3370 4068; x_wconf 90' lang='lat' dir='ltr'><strong>cruciatus</strong></span> <span class='ocrx_word' id='word_1_578' title='bbox 3398 4015 3463 4068; x_wconf 82' lang='lat' dir='ltr'><strong>ad</strong></span> <span class='ocrx_word' id='word_1_579' title='bbox 3503 4017 3649 4069; x_wconf 83' lang='lat' dir='ltr'><strong>invo-</strong></span> 
     </span>
    </p>
   </div>
   <div class='ocr_carea' id='block_1_86' title="bbox 2075 4103 3653 4175">
    <p class='ocr_par' dir='ltr' id='par_1_86' title="bbox 2075 4103 3653 4175">
     <span class='ocr_line' id='line_1_86' title="bbox 2075 4103 3653 4175; baseline -0.001 -15"><span class='ocrx_word' id='word_1_580' title='bbox 2075 4105 2343 4160; x_wconf 84' lang='lat' dir='ltr'><strong>eationcm</strong></span> <span class='ocrx_word' id='word_1_581' title='bbox 2388 4121 2573 4159; x_wconf 88' lang='lat' dir='ltr'><strong>rursus</strong></span> <span class='ocrx_word' id='word_1_582' title='bbox 2600 4106 2927 4175; x_wconf 73' lang='lat' dir='ltr'><strong>confessoris</strong></span> <span class='ocrx_word' id='word_1_583' title='bbox 2951 4104 3151 4158; x_wconf 72' lang='lat' dir='ltr'><strong>Christi</strong></span> <span class='ocrx_word' id='word_1_584' title='bbox 3186 4103 3358 4159; x_wconf 82' lang='lat' dir='ltr'><strong>llasoli</strong></span> <span class='ocrx_word' id='word_1_585' title='bbox 3389 4106 3653 4159; x_wconf 65' lang='lat' dir='ltr'><strong>tiiDlllOlllO</strong></span> 
     </span>
    </p>
   </div>
   <div class='ocr_carea' id='block_1_87' title="bbox 2075 4195 3652 4266">
    <p class='ocr_par' dir='ltr' id='par_1_87' title="bbox 2075 4195 3652 4266">
     <span class='ocr_line' id='line_1_87' title="bbox 2075 4195 3652 4266; baseline 0 -16"><span class='ocrx_word' id='word_1_586' title='bbox 2075 4198 2321 4258; x_wconf 86' lang='lat' dir='ltr'><strong>solvitur,</strong></span> <span class='ocrx_word' id='word_1_587' title='bbox 2343 4197 2551 4265; x_wconf 89' lang='lat' dir='ltr'><strong>nequid</strong></span> <span class='ocrx_word' id='word_1_588' title='bbox 2578 4197 2681 4250; x_wconf 91' lang='lat' dir='ltr'><strong>illic</strong></span> <span class='ocrx_word' id='word_1_589' title='bbox 2709 4206 2816 4248; x_wconf 90' lang='lat' dir='ltr'><strong>tam</strong></span> <span class='ocrx_word' id='word_1_590' title='bbox 2843 4195 3096 4250; x_wconf 85' lang='lat' dir='ltr'><strong>indecens</strong></span> <span class='ocrx_word' id='word_1_591' title='bbox 3113 4207 3462 4265; x_wconf 67' lang='lat' dir='ltr'><strong>prmsumcrct</strong></span> <span class='ocrx_word' id='word_1_592' title='bbox 3492 4212 3652 4266; x_wconf 77' lang='lat' dir='ltr'><strong>agere</strong></span> 
     </span>
    </p>
   </div>
   <div class='ocr_carea' id='block_1_88' title="bbox 2075 4284 2757 4355">
    <p class='ocr_par' dir='ltr' id='par_1_88' title="bbox 2075 4284 2757 4355">
     <span class='ocr_line' id='line_1_88' title="bbox 2075 4284 2757 4355; baseline -0.006 -15"><span class='ocrx_word' id='word_1_593' title='bbox 2075 4288 2362 4340; x_wconf 69' lang='lat' dir='ltr'><strong>dom-tero</strong></span> <span class='ocrx_word' id='word_1_594' title='bbox 2391 4284 2757 4355; x_wconf 84' lang='lat' dir='ltr'><strong>castigandus.</strong></span> 
     </span>
    </p>
   </div>
   <div class='ocr_carea' id='block_1_89' title="bbox 2074 4393 3649 4463">
    <p class='ocr_par' dir='ltr' id='par_1_89' title="bbox 2074 4393 3649 4463">
     <span class='ocr_line' id='line_1_89' title="bbox 2074 4393 3649 4463; baseline -0.003 -12"><span class='ocrx_word' id='word_1_595' title='bbox 2074 4397 2200 4451; x_wconf 69' lang='lat' dir='ltr'><strong>Car.</strong></span> <span class='ocrx_word' id='word_1_596' title='bbox 2240 4394 2374 4450; x_wconf 82' lang='lat' dir='ltr'><strong>.\&#39;ll|.</strong></span> <span class='ocrx_word' id='word_1_597' title='bbox 2421 4394 2492 4447; x_wconf 82' lang='lat' dir='ltr'><strong>De</strong></span> <span class='ocrx_word' id='word_1_598' title='bbox 2527 4395 2616 4447; x_wconf 86' lang='lat' dir='ltr'><strong>illo</strong></span> <span class='ocrx_word' id='word_1_599' title='bbox 2639 4395 2725 4463; x_wconf 76' lang='lat' dir='ltr'><strong>qui</strong></span> <span class='ocrx_word' id='word_1_600' title='bbox 2761 4394 2913 4447; x_wconf 81' lang='lat' dir='ltr'><strong>tertio</strong></span> <span class='ocrx_word' id='word_1_601' title='bbox 2943 4393 3170 4446; x_wconf 75' lang='lat' dir='ltr'><strong>monitus</strong></span> <span class='ocrx_word' id='word_1_602' title='bbox 3199 4393 3469 4446; x_wconf 78' lang='lat' dir='ltr'><strong>ecclesiam</strong></span> <span class='ocrx_word' id='word_1_603' title='bbox 3493 4393 3649 4447; x_wconf 81' lang='lat' dir='ltr'><strong>adiit.</strong></span> 
     </span>
    </p>
   </div>
   <div class='ocr_carea' id='block_1_90' title="bbox 2367 4464 3372 4533">
    <p class='ocr_par' dir='ltr' id='par_1_90' title="bbox 2367 4464 3372 4533">
     <span class='ocr_line' id='line_1_90' title="bbox 2367 4464 3372 4533; baseline -0.003 -14"><span class='ocrx_word' id='word_1_604' title='bbox 2367 4476 2412 4519; x_wconf 84' lang='lat' dir='ltr'><strong>ct</strong></span> <span class='ocrx_word' id='word_1_605' title='bbox 2442 4467 2718 4518; x_wconf 75' lang='lat' dir='ltr'><strong>sanitatem</strong></span> <span class='ocrx_word' id='word_1_606' title='bbox 2747 4464 3132 4533; x_wconf 67' lang='lat' dir='ltr'><strong>integerrima»;</strong></span> <span class='ocrx_word' id='word_1_607' title='bbox 3163 4464 3372 4529; x_wconf 83' lang='lat' dir='ltr'><strong>recepit.</strong></span> 
     </span>
    </p>
   </div>
   <div class='ocr_carea' id='block_1_91' title="bbox 401 4553 2171 4649">
    <p class='ocr_par' dir='ltr' id='par_1_91' title="bbox 401 4556 2171 4649">
     <span class='ocr_line' id='line_1_91' title="bbox 401 4556 2171 4649; baseline -0.004 -21"><span class='ocrx_word' id='word_1_608' title='bbox 401 4575 602 4629; x_wconf 82' lang='lat' dir='ltr'><strong>tiftcum</strong></span> <span class='ocrx_word' id='word_1_609' title='bbox 626 4573 950 4642; x_wconf 90' lang='lat' dir='ltr'><strong>subripuerit</strong></span> <span class='ocrx_word' id='word_1_610' title='bbox 974 4571 1071 4626; x_wconf 92' lang='lat' dir='ltr'><strong>sibi</strong></span> <span class='ocrx_word' id='word_1_611' title='bbox 1112 4571 1390 4625; x_wconf 89' lang='lat' dir='ltr'><strong>temeritas</strong></span> <span class='ocrx_word' id='word_1_612' title='bbox 1423 4571 1598 4640; x_wconf 89' lang='lat' dir='ltr'><strong>inepta</strong></span> <span class='ocrx_word' id='word_1_613' title='bbox 1632 4570 1966 4625; x_wconf 66' lang='lat' dir='ltr'><strong>Stecnlarinm</strong></span> <span class='ocrx_word' id='word_1_614' title='bbox 2001 4589 2051 4649; x_wconf 73' lang='grc' dir='ltr'><strong>Ι)</strong></span> <span class='ocrx_word' id='word_1_615' title='bbox 2147 4556 2171 4611; x_wconf 74' lang='grc' dir='ltr'>ε</span> 
     </span>
    </p>
   </div>
   <div class='ocr_carea' id='block_1_92' title="bbox 1880 4553 3650 4649">
    <p class='ocr_par' dir='ltr' id='par_1_92' title="bbox 1881 4553 3650 4649">
     <span class='ocr_line' id='line_1_92' title="bbox 1881 4553 3650 4649; baseline -0.001 -38"><span class='ocrx_word' id='word_1_616' title='bbox 1881 4586 1966 4622; x_wconf 73' lang='lat' dir='ltr'><strong>um</strong></span> <span class='ocrx_word' id='word_1_617' title='bbox 2001 4589 2051 4649; x_wconf 72' lang='grc' dir='ltr'><strong>Ι)</strong></span> <span class='ocrx_word' id='word_1_618' title='bbox 2147 4556 2253 4611; x_wconf 90' lang='lat' dir='ltr'><strong>Sed</strong></span> <span class='ocrx_word' id='word_1_619' title='bbox 2297 4571 2394 4610; x_wconf 88' lang='lat' dir='ltr'><strong>nec</strong></span> <span class='ocrx_word' id='word_1_620' title='bbox 2435 4555 2786 4618; x_wconf 86' lang='lat' dir='ltr'><strong>premendum</strong></span> <span class='ocrx_word' id='word_1_621' title='bbox 2832 4553 3079 4617; x_wconf 81' lang='lat' dir='ltr'><strong>silentio,</strong></span> <span class='ocrx_word' id='word_1_622' title='bbox 3134 4553 3276 4622; x_wconf 89' lang='lat' dir='ltr'><strong>quod</strong></span> <span class='ocrx_word' id='word_1_623' title='bbox 3328 4568 3429 4607; x_wconf 92' lang='lat' dir='ltr'><strong>non</strong></span> <span class='ocrx_word' id='word_1_624' title='bbox 3486 4567 3650 4622; x_wconf 85' lang='lat' dir='ltr'><strong>parvo</strong></span> 
     </span>
    </p>
   </div>
   <div class='ocr_carea' id='block_1_93' title="bbox 399 4661 1973 4738">
    <p class='ocr_par' dir='ltr' id='par_1_93' title="bbox 399 4661 1973 4738">
     <span class='ocr_line' id='line_1_93' title="bbox 399 4661 1973 4738; baseline -0.003 -19"><span class='ocrx_word' id='word_1_625' title='bbox 399 4677 754 4738; x_wconf 80' lang='lat' dir='ltr'><strong>potestatum;</strong></span> <span class='ocrx_word' id='word_1_626' title='bbox 799 4676 852 4720; x_wconf 89' lang='lat' dir='ltr'><strong>et</strong></span> <span class='ocrx_word' id='word_1_627' title='bbox 881 4666 968 4719; x_wconf 87' lang='lat' dir='ltr'><strong>ubi</strong></span> <span class='ocrx_word' id='word_1_628' title='bbox 998 4664 1220 4719; x_wconf 90' lang='lat' dir='ltr'><strong>abbates</strong></span> <span class='ocrx_word' id='word_1_629' title='bbox 1249 4673 1342 4716; x_wconf 83' lang='lat' dir='ltr'><strong>aut</strong></span> <span class='ocrx_word' id='word_1_630' title='bbox 1389 4661 1622 4734; x_wconf 81' lang='lat' dir='ltr'><strong>religiosi</strong></span> <span class='ocrx_word' id='word_1_631' title='bbox 1674 4663 1772 4715; x_wconf 90' lang='lat' dir='ltr'><strong>viri</strong></span> <span class='ocrx_word' id='word_1_632' title='bbox 1825 4663 1973 4731; x_wconf 86' lang='lat' dir='ltr'><strong>prius</strong></span> 
     </span>
    </p>
   </div>
   <div class='ocr_carea' id='block_1_94' title="bbox 397 4753 1970 4823">
    <p class='ocr_par' dir='ltr' id='par_1_94' title="bbox 397 4753 1970 4823">
     <span class='ocr_line' id='line_1_94' title="bbox 397 4753 1970 4823; baseline -0.005 -11"><span class='ocrx_word' id='word_1_633' title='bbox 397 4759 586 4813; x_wconf 86' lang='lat' dir='ltr'><strong>sedete</strong></span> <span class='ocrx_word' id='word_1_634' title='bbox 618 4765 1041 4816; x_wconf 90' lang='lat' dir='ltr'><strong>consueverant,</strong></span> <span class='ocrx_word' id='word_1_635' title='bbox 1092 4753 1456 4823; x_wconf 86' lang='lat' dir='ltr'><strong>insipientium</strong></span> <span class='ocrx_word' id='word_1_636' title='bbox 1491 4753 1603 4822; x_wconf 89' lang='lat' dir='ltr'><strong>jam</strong></span> <span class='ocrx_word' id='word_1_637' title='bbox 1654 4753 1794 4806; x_wconf 88' lang='lat' dir='ltr'><strong>facta</strong></span> <span class='ocrx_word' id='word_1_638' title='bbox 1840 4766 1970 4806; x_wconf 89' lang='lat' dir='ltr'><strong>con-</strong></span> 
     </span>
    </p>
   </div>
   <div class='ocr_carea' id='block_1_95' title="bbox 396 4842 1970 4904">
    <p class='ocr_par' dir='ltr' id='par_1_95' title="bbox 396 4842 1970 4904">
     <span class='ocr_line' id='line_1_95' title="bbox 396 4842 1970 4904; baseline -0.003 -4"><span class='ocrx_word' id='word_1_639' title='bbox 396 4848 666 4904; x_wconf 87' lang='lat' dir='ltr'><strong>venticula</strong></span> <span class='ocrx_word' id='word_1_640' title='bbox 717 4848 913 4902; x_wconf 89' lang='lat' dir='ltr'><strong>terreni</strong></span> <span class='ocrx_word' id='word_1_641' title='bbox 959 4845 1127 4899; x_wconf 90' lang='lat' dir='ltr'><strong>fastus</strong></span> <span class='ocrx_word' id='word_1_642' title='bbox 1167 4855 1222 4899; x_wconf 91' lang='lat' dir='ltr'><strong>et</strong></span> <span class='ocrx_word' id='word_1_643' title='bbox 1252 4859 1401 4897; x_wconf 75' lang='lat' dir='ltr'><strong>vana:</strong></span> <span class='ocrx_word' id='word_1_644' title='bbox 1447 4842 1814 4897; x_wconf 87' lang='lat' dir='ltr'><strong>multitudines</strong></span> <span class='ocrx_word' id='word_1_645' title='bbox 1858 4843 1970 4897; x_wconf 90' lang='lat' dir='ltr'><strong>loca</strong></span> 
     </span>
    </p>
   </div>
   <div class='ocr_carea' id='block_1_96' title="bbox 393 4929 1974 5012">
    <p class='ocr_par' dir='ltr' id='par_1_96' title="bbox 393 4929 1974 5012">
     <span class='ocr_line' id='line_1_96' title="bbox 393 4929 1974 5012; baseline -0.006 -17"><span class='ocrx_word' id='word_1_646' title='bbox 393 4939 774 5012; x_wconf 83' lang='lat' dir='ltr'><strong>possidebant,</strong></span> <span class='ocrx_word' id='word_1_647' title='bbox 809 4937 950 4991; x_wconf 85' lang='lat' dir='ltr'><strong>sicut</strong></span> <span class='ocrx_word' id='word_1_648' title='bbox 987 4937 1244 5005; x_wconf 87' lang='lat' dir='ltr'><strong>propheta</strong></span> <span class='ocrx_word' id='word_1_649' title='bbox 1291 4944 1510 4992; x_wconf 83' lang='lat' dir='ltr'><strong>sanctus</strong></span> <span class='ocrx_word' id='word_1_650' title='bbox 1535 4974 1549 4997; x_wconf 90' lang='lat'><strong>,</strong></span> <span class='ocrx_word' id='word_1_651' title='bbox 1602 4933 1804 5003; x_wconf 89' lang='lat' dir='ltr'><strong>lapides</strong></span> <span class='ocrx_word' id='word_1_652' title='bbox 1845 4929 1974 4987; x_wconf 36' lang='lat' dir='ltr'><strong>&#39;san-</strong></span> 
     </span>
    </p>
   </div>
   <div class='ocr_carea' id='block_1_97' title="bbox 395 5024 1972 5096">
    <p class='ocr_par' dir='ltr' id='par_1_97' title="bbox 395 5024 1972 5096">
     <span class='ocr_line' id='line_1_97' title="bbox 395 5024 1972 5096; baseline -0.004 -12"><span class='ocrx_word' id='word_1_653' title='bbox 395 5030 590 5085; x_wconf 87' lang='lat' dir='ltr'><strong>ctnarii</strong></span> <span class='ocrx_word' id='word_1_654' title='bbox 631 5030 900 5096; x_wconf 83' lang='lat' dir='ltr'><strong>dispersos</strong></span> <span class='ocrx_word' id='word_1_655' title='bbox 942 5027 1200 5096; x_wconf 80' lang='lat' dir='ltr'><strong>ingemuit</strong></span> <span class='ocrx_word' id='word_1_656' title='bbox 1237 5024 1452 5094; x_wconf 81' lang='lat' dir='ltr'><strong>(Tltrcn.</strong></span> <span class='ocrx_word' id='word_1_657' title='bbox 1486 5041 1559 5090; x_wconf 92' lang='lat' dir='ltr'><strong>tv,</strong></span> <span class='ocrx_word' id='word_1_658' title='bbox 1602 5025 1676 5093; x_wconf 84' lang='lat' dir='ltr'><strong>l),</strong></span> <span class='ocrx_word' id='word_1_659' title='bbox 1706 5033 1756 5077; x_wconf 94' lang='lat' dir='ltr'><strong>el</strong></span> <span class='ocrx_word' id='word_1_660' title='bbox 1802 5024 1972 5078; x_wconf 90' lang='lat' dir='ltr'><strong>sacris</strong></span> 
     </span>
    </p>
   </div>
   <div class='ocr_carea' id='block_1_98' title="bbox 393 5114 1970 5182">
    <p class='ocr_par' dir='ltr' id='par_1_98' title="bbox 393 5114 1970 5182">
     <span class='ocr_line' id='line_1_98' title="bbox 393 5114 1970 5182; baseline -0.007 -6"><span class='ocrx_word' id='word_1_661' title='bbox 393 5121 570 5176; x_wconf 86' lang='lat' dir='ltr'><strong>elatos</strong></span> <span class='ocrx_word' id='word_1_662' title='bbox 613 5116 936 5173; x_wconf 87' lang='lat' dir='ltr'><strong>stationilms</strong></span> <span class='ocrx_word' id='word_1_663' title='bbox 973 5115 1207 5169; x_wconf 89' lang='lat' dir='ltr'><strong>oraculis</strong></span> <span class='ocrx_word' id='word_1_664' title='bbox 1256 5115 1511 5168; x_wconf 90' lang='lat' dir='ltr'><strong>ostendit.</strong></span> <span class='ocrx_word' id='word_1_665' title='bbox 1569 5114 1666 5168; x_wconf 89' lang='lat' dir='ltr'><strong>llic</strong></span> <span class='ocrx_word' id='word_1_666' title='bbox 1707 5114 1970 5182; x_wconf 89' lang='lat' dir='ltr'><strong>siquidem</strong></span> 
     </span>
    </p>
   </div>
   <div class='ocr_carea' id='block_1_99' title="bbox 390 5206 1970 5281">
    <p class='ocr_par' dir='ltr' id='par_1_99' title="bbox 390 5206 1970 5281">
     <span class='ocr_line' id='line_1_99' title="bbox 390 5206 1970 5281; baseline -0.008 -12"><span class='ocrx_word' id='word_1_667' title='bbox 390 5213 482 5269; x_wconf 92' lang='lat' dir='ltr'><strong>cui</strong></span> <span class='ocrx_word' id='word_1_668' title='bbox 526 5209 841 5281; x_wconf 87' lang='lat' dir='ltr'><strong>possidenda</strong></span> <span class='ocrx_word' id='word_1_669' title='bbox 910 5218 1053 5262; x_wconf 70' lang='lat' dir='ltr'><strong>tarda</strong></span> <span class='ocrx_word' id='word_1_670' title='bbox 1106 5223 1191 5262; x_wconf 89' lang='lat' dir='ltr'><strong>res</strong></span> <span class='ocrx_word' id='word_1_671' title='bbox 1239 5206 1450 5267; x_wconf 88' lang='lat' dir='ltr'><strong>fuerat,</strong></span> <span class='ocrx_word' id='word_1_672' title='bbox 1513 5220 1714 5277; x_wconf 87' lang='lat' dir='ltr'><strong>genere</strong></span> <span class='ocrx_word' id='word_1_673' title='bbox 1755 5207 1970 5275; x_wconf 91' lang='lat' dir='ltr'><strong>quidem</strong></span> 
     </span>
    </p>
   </div>
   <div class='ocr_carea' id='block_1_100' title="bbox 393 5297 1973 5366">
    <p class='ocr_par' dir='ltr' id='par_1_100' title="bbox 393 5297 1973 5366">
     <span class='ocr_line' id='line_1_100' title="bbox 393 5297 1973 5366; baseline -0.006 -8"><span class='ocrx_word' id='word_1_674' title='bbox 393 5304 595 5366; x_wconf 79' lang='lat' dir='ltr'><strong>clarus,</strong></span> <span class='ocrx_word' id='word_1_675' title='bbox 618 5301 712 5356; x_wconf 89' lang='lat' dir='ltr'><strong>sed</strong></span> <span class='ocrx_word' id='word_1_676' title='bbox 741 5300 936 5353; x_wconf 90' lang='lat' dir='ltr'><strong>aninns</strong></span> <span class='ocrx_word' id='word_1_677' title='bbox 961 5309 1014 5353; x_wconf 90' lang='lat' dir='ltr'><strong>ct</strong></span> <span class='ocrx_word' id='word_1_678' title='bbox 1059 5299 1206 5353; x_wconf 88' lang='lat' dir='ltr'><strong>vnlttt</strong></span> <span class='ocrx_word' id='word_1_679' title='bbox 1242 5297 1564 5353; x_wconf 89' lang='lat' dir='ltr'><strong>cernebatur</strong></span> <span class='ocrx_word' id='word_1_680' title='bbox 1587 5297 1810 5351; x_wconf 79' lang='lat' dir='ltr'><strong>nimium</strong></span> <span class='ocrx_word' id='word_1_681' title='bbox 1839 5297 1973 5350; x_wconf 59' lang='lat' dir='ltr'><strong>ell‘c-</strong></span> 
     </span>
    </p>
   </div>
   <div class='ocr_carea' id='block_1_101' title="bbox 394 5391 1978 5425">
    <p class='ocr_par' dir='ltr' id='par_1_101' title="bbox 394 5391 1978 5425">
     <span class='ocr_line' id='line_1_101' title="bbox 394 5391 1978 5425; baseline 0 0"><span class='ocrx_word' id='word_1_682' title='bbox 394 5405 542 5425; x_wconf 72' lang='grc' dir='ltr'><strong>-ιιιη-</strong></span> <span class='ocrx_word' id='word_1_683' title='bbox 608 5394 718 5415; x_wconf 65' lang='grc' dir='ltr'><strong>¹¹¹ηιι</strong></span> <span class='ocrx_word' id='word_1_684' title='bbox 769 5391 932 5425; x_wconf 63' lang='lat' dir='ltr'><strong>initus-</strong></span> <span class='ocrx_word' id='word_1_685' title='bbox 973 5393 1072 5425; x_wconf 60' lang='lat' dir='ltr'><strong>nil-.3</strong></span> <span class='ocrx_word' id='word_1_686' title='bbox 1116 5391 1346 5425; x_wconf 69' lang='lat' dir='ltr'><strong>clnlinnn</strong></span> <span class='ocrx_word' id='word_1_687' title='bbox 1372 5404 1630 5425; x_wconf 68' lang='lat' dir='ltr'><strong>nnnnnccq</strong></span> <span class='ocrx_word' id='word_1_688' title='bbox 1683 5391 1764 5425; x_wconf 73' lang='lat' dir='ltr'><strong>vil-</strong></span> <span class='ocrx_word' id='word_1_689' title='bbox 1807 5405 1978 5425; x_wconf 69' lang='lat' dir='ltr'><strong>c-nmn-</strong></span> 
     </span>
    </p>
   </div>
   <div class='ocr_carea' id='block_1_102' title="bbox 2077 4644 3647 4718">
    <p class='ocr_par' dir='ltr' id='par_1_102' title="bbox 2077 4644 3647 4718">
     <span class='ocr_line' id='line_1_102' title="bbox 2077 4644 3647 4718; baseline -0.002 -16"><span class='ocrx_word' id='word_1_690' title='bbox 2077 4648 2356 4703; x_wconf 85' lang='lat' dir='ltr'><strong>excedenti</strong></span> <span class='ocrx_word' id='word_1_691' title='bbox 2392 4657 2631 4718; x_wconf 87' lang='lat' dir='ltr'><strong>tempore</strong></span> <span class='ocrx_word' id='word_1_692' title='bbox 2667 4661 2761 4714; x_wconf 89' lang='lat' dir='ltr'><strong>per</strong></span> <span class='ocrx_word' id='word_1_693' title='bbox 2793 4661 2952 4700; x_wconf 88' lang='lat' dir='ltr'><strong>aures</strong></span> <span class='ocrx_word' id='word_1_694' title='bbox 2974 4646 3250 4699; x_wconf 91' lang='lat' dir='ltr'><strong>clllnxerat</strong></span> <span class='ocrx_word' id='word_1_695' title='bbox 3276 4644 3647 4712; x_wconf 88' lang='lat' dir='ltr'><strong>plurimorum,</strong></span> 
     </span>
    </p>
   </div>
   <div class='ocr_carea' id='block_1_103' title="bbox 2076 4733 3654 4810">
    <p class='ocr_par' dir='ltr' id='par_1_103' title="bbox 2076 4733 3654 4810">
     <span class='ocr_line' id='line_1_103' title="bbox 2076 4733 3654 4810; baseline -0.004 -16"><span class='ocrx_word' id='word_1_696' title='bbox 2076 4740 2229 4810; x_wconf 89' lang='lat' dir='ltr'><strong>eujus</strong></span> <span class='ocrx_word' id='word_1_697' title='bbox 2277 4738 2399 4793; x_wconf 89' lang='lat' dir='ltr'><strong>facti</strong></span> <span class='ocrx_word' id='word_1_698' title='bbox 2431 4747 2513 4792; x_wconf 90' lang='lat' dir='ltr'><strong>est</strong></span> <span class='ocrx_word' id='word_1_699' title='bbox 2563 4737 2841 4790; x_wconf 87' lang='lat' dir='ltr'><strong>innumera</strong></span> <span class='ocrx_word' id='word_1_700' title='bbox 2892 4736 3107 4791; x_wconf 88' lang='lat' dir='ltr'><strong>testium</strong></span> <span class='ocrx_word' id='word_1_701' title='bbox 3140 4733 3444 4789; x_wconf 92' lang='lat' dir='ltr'><strong>multitudo.</strong></span> <span class='ocrx_word' id='word_1_702' title='bbox 3487 4735 3654 4789; x_wconf 76' lang='lat' dir='ltr'><strong>Masi-</strong></span> 
     </span>
    </p>
   </div>
   <div class='ocr_carea' id='block_1_104' title="bbox 2079 4824 3653 4896">
    <p class='ocr_par' dir='ltr' id='par_1_104' title="bbox 2079 4824 3653 4896">
     <span class='ocr_line' id='line_1_104' title="bbox 2079 4824 3653 4896; baseline -0.004 -13"><span class='ocrx_word' id='word_1_703' title='bbox 2079 4845 2222 4883; x_wconf 92' lang='lat' dir='ltr'><strong>mmn</strong></span> <span class='ocrx_word' id='word_1_704' title='bbox 2260 4829 2400 4883; x_wconf 91' lang='lat' dir='ltr'><strong>inter</strong></span> <span class='ocrx_word' id='word_1_705' title='bbox 2446 4827 2720 4896; x_wconf 87' lang='lat' dir='ltr'><strong>principes</strong></span> <span class='ocrx_word' id='word_1_706' title='bbox 2759 4826 2905 4895; x_wconf 88' lang='lat' dir='ltr'><strong>regni</strong></span> <span class='ocrx_word' id='word_1_707' title='bbox 2953 4824 3271 4879; x_wconf 72' lang='lat' dir='ltr'><strong>animositas</strong></span> <span class='ocrx_word' id='word_1_708' title='bbox 3321 4839 3552 4879; x_wconf 89' lang='lat' dir='ltr'><strong>accenso</strong></span> <span class='ocrx_word' id='word_1_709' title='bbox 3579 4826 3653 4879; x_wconf 66' lang='lat' dir='ltr'><strong>fa.</strong></span> 
     </span>
    </p>
   </div>
   <div class='ocr_carea' id='block_1_105' title="bbox 2078 4916 3649 4985">
    <p class='ocr_par' dir='ltr' id='par_1_105' title="bbox 2078 4916 3649 4985">
     <span class='ocr_line' id='line_1_105' title="bbox 2078 4916 3649 4985; baseline -0.001 -10"><span class='ocrx_word' id='word_1_710' title='bbox 2078 4923 2208 4977; x_wconf 90' lang='lat' dir='ltr'><strong>mite</strong></span> <span class='ocrx_word' id='word_1_711' title='bbox 2254 4921 2545 4974; x_wconf 90' lang='lat' dir='ltr'><strong>divortimn</strong></span> <span class='ocrx_word' id='word_1_712' title='bbox 2596 4918 2769 4974; x_wconf 91' lang='lat' dir='ltr'><strong>fuerat</strong></span> <span class='ocrx_word' id='word_1_713' title='bbox 2814 4917 3143 4973; x_wconf 90' lang='lat' dir='ltr'><strong>concitatum</strong></span> <span class='ocrx_word' id='word_1_714' title='bbox 3171 4957 3185 4980; x_wconf 95' lang='lat'><strong>,</strong></span> <span class='ocrx_word' id='word_1_715' title='bbox 3236 4916 3434 4985; x_wconf 91' lang='lat' dir='ltr'><strong>quibus</strong></span> <span class='ocrx_word' id='word_1_716' title='bbox 3475 4920 3649 4973; x_wconf 88' lang='lat' dir='ltr'><strong>neutri</strong></span> 
     </span>
    </p>
   </div>
   <div class='ocr_carea' id='block_1_106' title="bbox 2077 5007 3655 5084">
    <p class='ocr_par' dir='ltr' id='par_1_106' title="bbox 2077 5007 3655 5084">
     <span class='ocr_line' id='line_1_106' title="bbox 2077 5007 3655 5084; baseline -0.003 -20"><span class='ocrx_word' id='word_1_717' title='bbox 2077 5015 2212 5084; x_wconf 86' lang='lat' dir='ltr'><strong>parti</strong></span> <span class='ocrx_word' id='word_1_718' title='bbox 2243 5012 2560 5067; x_wconf 90' lang='lat' dir='ltr'><strong>cedentibus</strong></span> <span class='ocrx_word' id='word_1_719' title='bbox 2588 5020 2782 5065; x_wconf 89' lang='lat' dir='ltr'><strong>cuncta</strong></span> <span class='ocrx_word' id='word_1_720' title='bbox 2823 5009 3023 5061; x_wconf 91' lang='lat' dir='ltr'><strong>irarum</strong></span> <span class='ocrx_word' id='word_1_721' title='bbox 3052 5007 3307 5076; x_wconf 86' lang='lat' dir='ltr'><strong>pondera,</strong></span> <span class='ocrx_word' id='word_1_722' title='bbox 3339 5007 3503 5062; x_wconf 90' lang='lat' dir='ltr'><strong>castri</strong></span> <span class='ocrx_word' id='word_1_723' title='bbox 3529 5023 3655 5076; x_wconf 71' lang='lat' dir='ltr'><strong>qno~</strong></span> 
     </span>
    </p>
   </div>
   <div class='ocr_carea' id='block_1_107' title="bbox 2079 5096 3647 5173">
    <p class='ocr_par' dir='ltr' id='par_1_107' title="bbox 2079 5096 3647 5173">
     <span class='ocr_line' id='line_1_107' title="bbox 2079 5096 3647 5173; baseline -0.004 -16"><span class='ocrx_word' id='word_1_724' title='bbox 2079 5121 2186 5173; x_wconf 90' lang='lat' dir='ltr'><strong>que</strong></span> <span class='ocrx_word' id='word_1_725' title='bbox 2230 5102 2640 5159; x_wconf 85' lang='lat' dir='ltr'><strong>Catalaunensis</strong></span> <span class='ocrx_word' id='word_1_726' title='bbox 2700 5113 2922 5156; x_wconf 85' lang='lat' dir='ltr'><strong>sensere</strong></span> <span class='ocrx_word' id='word_1_727' title='bbox 2978 5098 3276 5167; x_wconf 87' lang='lat' dir='ltr'><strong>dispendia.</strong></span> <span class='ocrx_word' id='word_1_728' title='bbox 3330 5096 3463 5150; x_wconf 72' lang='lat' dir='ltr'><strong>Nam</strong></span> <span class='ocrx_word' id='word_1_729' title='bbox 3496 5099 3647 5167; x_wconf 78' lang='lat' dir='ltr'><strong>gravi</strong></span> 
     </span>
    </p>
   </div>
   <div class='ocr_carea' id='block_1_108' title="bbox 2078 5186 3655 5263">
    <p class='ocr_par' dir='ltr' id='par_1_108' title="bbox 2078 5186 3655 5263">
     <span class='ocr_line' id='line_1_108' title="bbox 2078 5186 3655 5263; baseline -0.004 -16"><span class='ocrx_word' id='word_1_730' title='bbox 2078 5196 2312 5263; x_wconf 91' lang='lat' dir='ltr'><strong>undique</strong></span> <span class='ocrx_word' id='word_1_731' title='bbox 2340 5193 2574 5247; x_wconf 84' lang='lat' dir='ltr'><strong>excitata</strong></span> <span class='ocrx_word' id='word_1_732' title='bbox 2615 5190 2980 5254; x_wconf 90' lang='lat' dir='ltr'><strong>multitudine,</strong></span> <span class='ocrx_word' id='word_1_733' title='bbox 3021 5188 3253 5257; x_wconf 89' lang='lat' dir='ltr'><strong>quodam</strong></span> <span class='ocrx_word' id='word_1_734' title='bbox 3284 5186 3488 5240; x_wconf 77' lang='lat' dir='ltr'><strong>llaSOne</strong></span> <span class='ocrx_word' id='word_1_735' title='bbox 3517 5203 3655 5256; x_wconf 82' lang='lat' dir='ltr'><strong>pra--</strong></span> 
     </span>
    </p>
   </div>
   <div class='ocr_carea' id='block_1_109' title="bbox 2078 5279 3663 5356">
    <p class='ocr_par' dir='ltr' id='par_1_109' title="bbox 2078 5279 3663 5356">
     <span class='ocr_line' id='line_1_109' title="bbox 2078 5279 3663 5356; baseline -0.003 -15"><span class='ocrx_word' id='word_1_736' title='bbox 2078 5293 2234 5355; x_wconf 86' lang='lat' dir='ltr'><strong>duce,</strong></span> <span class='ocrx_word' id='word_1_737' title='bbox 2270 5290 2409 5343; x_wconf 88' lang='lat' dir='ltr'><strong>facto</strong></span> <span class='ocrx_word' id='word_1_738' title='bbox 2445 5289 2647 5356; x_wconf 89' lang='lat' dir='ltr'><strong>impetu</strong></span> <span class='ocrx_word' id='word_1_739' title='bbox 2697 5285 2962 5341; x_wconf 72' lang='lat' dir='ltr'><strong>assistunt</strong></span> <span class='ocrx_word' id='word_1_740' title='bbox 2989 5283 3278 5346; x_wconf 74' lang='lat' dir='ltr'><strong>mwnibus,</strong></span> <span class='ocrx_word' id='word_1_741' title='bbox 3325 5295 3388 5334; x_wconf 92' lang='lat' dir='ltr'><strong>ac</strong></span> <span class='ocrx_word' id='word_1_742' title='bbox 3433 5279 3663 5338; x_wconf 86' lang='lat' dir='ltr'><strong>flatumis</strong></span> 
     </span>
    </p>
   </div>
   <div class='ocr_carea' id='block_1_110' title="bbox 2080 5372 3666 5425">
    <p class='ocr_par' dir='ltr' id='par_1_110' title="bbox 2080 5372 3666 5425">
     <span class='ocr_line' id='line_1_110' title="bbox 2080 5372 3666 5425; baseline 0 0"><span class='ocrx_word' id='word_1_743' title='bbox 2080 5385 2327 5425; x_wconf 71' lang='grc' dir='ltr'><strong>ιιιιίιοιηιςςι</strong></span> <span class='ocrx_word' id='word_1_744' title='bbox 2373 5381 2724 5425; x_wconf 74' lang='grc' dir='ltr'><strong>Νιιιιιιιίιιιιιιι</strong></span> <span class='ocrx_word' id='word_1_745' title='bbox 2748 5377 3185 5425; x_wconf 77' lang='lat' dir='ltr'><strong>alisnrlmnlibtls.</strong></span> <span class='ocrx_word' id='word_1_746' title='bbox 3211 5374 3299 5425; x_wconf 77' lang='lat' dir='ltr'><strong>tibi</strong></span> <span class='ocrx_word' id='word_1_747' title='bbox 3349 5372 3541 5425; x_wconf 90' lang='lat' dir='ltr'><strong>laxatis</strong></span> <span class='ocrx_word' id='word_1_748' title='bbox 3572 5374 3666 5425; x_wconf 84' lang='lat' dir='ltr'><strong>Ita-</strong></span> 
     </span>
    </p>
   </div>
  </div>
