4482 5524
435 420 540 473 669

1629 417 1713 469 DE
1756 416 1907 469 \'|T.\
1954 417 2007 467 5.
2054 415 2438 468 IiElttlllAllll.

3570 421 3671 473 670

432 531 521 584 cil.
546 529 828 584 Aclteriaui
864 531 1077 600 legitur)
1106 547 1136 581 α
1180 530 1468 600 latronibus
1501 529 1862 600 interfectum,
1898 527 2243 581 Adulbaldum
2292 528 2349 579 5.
2384 527 2664 600 Rectrudis
2711 532 2985 600 maritum.
3032 530 3341 583 Ethmrdum
3376 532 3669 600 Anglorum

434 615 610 667 regem
644 616 672 651 a
698 598 933 674 noverca
958 611 1229 674 necatum,
1258 598 1499 674 aliosque
1529 599 1875 674 quamplures
1906 606 2211 674 lnartyrpm
2253 598 2483 674 nomine
2508 610 2787 674 exornant.
2834 599 2888 651 In
2934 599 3096 674 Actis
3117 600 3172 652 5.
3197 669 3206 674 _
3234 598 3549 674 Leodegarii
3600 607 3667 656 ab

430 684 696 736 anonymo
724 669 1008 736 descriptis
1046 668 1290 737 leguntur
1317 668 1367 719 lti
1394 683 1601 720 versus.
1635 682 1750 736 cap.

1787 667 1855 719 δε
1896 666 2003 718 Nec
2039 666 2172 737 enim
2214 666 2343 717 adeo
2372 666 2733 737 (rstimnndum
2773 678 2867 729 est,
2900 684 3024 737 enni
3046 666 3462 737 (Leodegarium)
3487 671 3671 737 fanni-

432 734 586 790 dassé
614 734 940 804 martyrium.
975 734 1117 790 Nam
1144 752 1259 788 cum
1291 738 1488 803 pridem
1516 753 1607 804 per
1642 734 1916 804 quemdam
1944 734 2252 786 monachum
2294 736 2497 787 nomine
2538 734 2873 788 Berchnriun;
2917 737 2967 787 in
2998 734 3271 789 Dominicn
3314 734 3455 790 rwnn
3484 734 3547 791 de
3577 758 3670 791 suo

431 808 478 859 ei
501 807 679 872 {uisset
710 807 920 859 interitu
948 807 1263 866 nuntiatum,
1309 806 1391 857 die
1416 805 1671 872 passionis
1719 804 1926 857 Domini
1955 812 2224 872 cruentum
2257 804 2388 870 regis
2415 805 2546 856 adiit
2573 806 2849 869 palatium,
2879 815 2984 858 etc.
3020 807 3169 869 Quod
3195 823 3260 858 an
3294 807 3349 859 5.
3384 807 3671 860 liercltario

431 870 610 927 abbati
640 876 810 944 possit
852 876 1047 945 aptari,
1096 874 1310 945 lectoris
1349 870 1609 945 judicium
1642 884 1780 945 esto.
1811 870 2417 945 CerteS._l}_et-cltarius
2465 872 2785 945 li'ﬁaimerum
2833 883 3204 927 tormentorum
3249 875 3308 930 8.
3356 874 3665 945 Leodegurii

433 960 576 995 reum
600 940 779 997 secum
824 940 1137 1012 perduxisse
1171 942 1592 1012 Hierosolymam
1621 944 1817 997 dicitur
1855 944 1907 995 in
1940 944 2030 994 lib.
2077 940 2261 1012 Mirac.
2300 958 2446 993 num.
2484 944 2566 994 ll.

504 1013 555 1065 3.
614 1013 671 1065 S.
716 1010 1035 1066 Berclmrius
1060 1022 1251 1081 prteter
1296 1010 1441 1063 varia
1485 1013 1721 1064 oratoria
1763 1012 2048 1081 nidificavit
2078 1011 2559 1081 tluo_tnonasteria,
2594 1010 2985 1081 Altivillarcnse
3017 1013 3269 1080 pritnmn,
3316 1025 3497 1081 postea
3544 1015 3672 1067 fler-

431 1096 625 1145 vense,
676 1082 868 1149 quibus
916 1083 1028 1149 ipse
1093 1080 1322 1148 praefuit.
1373 1081 1769 1134 Altivillarense

1872 1079 2188 1132 Ilautvillet‘s

432 1096 625 1145 vense,
676 1082 868 1149 quibus
916 1083 1028 1149 ipse
1061 1076 1322 1148 'pntefuit.
1373 1081 1769 1134 Altivillarense
1845 1076 2239 1198 [llautvillet‘sL

432 1160 626 1216 quarto
667 1151 877 1204 tnilliari
917 1169 945 1203 a
975 1151 1191 1204 civitate
1220 1148 1547 1210 Remorum,
1594 1150 1876 1203 secundum
1915 1149 2149 1217 regulam

2289 1081 2536 1133 ditnt'csis
2608 1080 2885 1135 llentcusis
2938 1083 3001 1132 ad
3075 1080 3368 1133 Matronain
3416 1084 3663 1145 fluvium,

2244 1159 2414 1199 atrum
2460 1149 2519 1202 8.
2562 1149 2823 1202 Benedicti
2868 1161 2912 1202 et
2946 1149 3252 1203 llo/umboni
3281 1152 3379 1217 (uti
3416 1154 3465 1204 in
3513 1152 3671 1204 Νίνυ-

434 1219 518 1271 nis
547 1234 638 1290 seu
670 1218 1530 1290 Nivardi_llentorunrantistitis
1576 1217 1775 1290 Cliarta
1827 1234 1855 1270 a
1908 1218 2351 1290 Stultittartltattis
2388 1218 2698 1290 vulgata,_a
2741 1218 3062 1290 frodnardo
3112 1220 3320 1272 laudata
3367 1221 3669 1290 |ll':13rt'l‘llll‘)

433 1289 708 1357 conditum
738 1296 819 1357 est
852 1306 865 1339 τ
898 1288 1163 1341 Dervense
1209 1286 1751 1357 [Mousticr-en-Derl
1784 1302 1911 1357 vero
1944 1288 1999 1357 in
2028 1284 2271 1357 Partensi
2314 1285 2387 1355 [le
2412 1285 2703 1357 Patrtliois]
2728 1288 3034 1357 Campania:
3066 1304 3219 1357 pago,
3254 1284 3469 1341 diu-cesi
3507 1284 3669 1342 Catth

434 1356 672 1410 launensi
710 1356 1025 1433 subjectum,
1070 1354 1403 1433 'l'recassinte
1448 1354 1828 1433 litt_itit_numad
1883 1354 2382 1433 ﬂllVljlllelggl‘alp
2411 1356 2481 1433 [la
2526 1354 2707 1427 Voire]
2750 1354 3050 1433 sali-regula
3098 1354 3156 1409 8.
3196 1356 3453 1433 Benediqi
3486 1359 3669 1413 itident

430 1434 798 1494 constructum
834 1442 862 1478 a
895 1426 951 1479 S.
980 1426 1269 1479 Berchario
1314 1427 1484 1479 fertur
1516 1429 1568 1478 in
1600 1427 1960 1480 instrumento
2004 1422 2259 1476 Ludovici
2298 1422 2376 1475 Pii
2413 1422 2545 1489 itnp.
2592 1422 2731 1477 ann'o
2759 1424 2860 1477 815
2901 1422 3178 1494 concesso,
3212 1429 3353 1493 quod
3398 1426 3671 1479 Summar-

436 1493 584 1546 tltani
648 1504 767 1563 post
821 1494 1116 1548 Cltesnium
1166 1494 1482 1547 retulerunt.
1518 1494 1672 1563 Viget
1719 1494 1879 1563 etiam
1916 1501 2383 1563 nuncntrumque
2426 1494 2807 1563 tntniasterium
2863 1494 2961 1546 sub
3010 1492 3348 1547 Benedictum
3402 1498 3457 1547 5.
3497 1496 3669 1549 Vitont

432 1561 875 1630 congregatione;
922 1562 1320 1616 Altivillarense
1351 1564 1564 1631 quidem
1590 1561 1673 1616 _S.
1722 1562 1935 1615 Helena:
1990 1561 2337 1631 reliquiarum
2387 1561 2532 1614 cultu
2575 1562 2937 1623 illustratum;
2975 1563 3240 1616 Dcrvense
3273 1578 3398 1617 vero
3427 1563 3664 1630 ejusdem

431 1640 630 1701 sancta:
656 1633 851 1699 capite,
879 1632 1133 1700 oppidulo
1162 1641 1214 1685 et
1241 1630 1616 1701 jurisdictione
1641 1631 1932 1699 spirituali,
1978 1644 2137 1697 quam
2188 1630 2237 1681 in
2272 1630 2440 1697 ipsum
2473 1631 2780 1697 oppidulum
2813 1640 2866 1685 et
2894 1633 3039 1685 vicos
3068 1632 3305 1701 quinque
3345 1636 3671 1686 monasterio

433 1698 701 1767 subjectos
730 1698 976 1755 exercet.

1498 1997 2029 2075 PROLOGUS
2086 1999 2615 2079 AUCTUBIS.

498 2176 550 2228 ί.
608 2175 740 2228 Cum
799 2174 1056 2244 gloriosas
1076 2173 1315 2227 virorum
1358 2174 1641 2228 illustrium
1688 2175 1893 2243 palmas
1934 2189 1997 2228 ac
2024 2181 2068 2239 Α
2099 2177 2462 2245 perstringere
2495 2177 2794 2248 cupientes,
2845 2186 2992 2232 tanto
3036 2177 3303 2232 tlimcilius
3351 2179 3488 2233 lianc
3546 2197 3671 2233 nar-

426 2262 645 2332 prmmia
678 2264 1013 2326 meritorum,
1050 2270 1233 2315 sancta
1257 2278 1353 2331 per
1374 2266 1558 2316 orbem
1603 2273 1655 2316 et
1685 2263 2001 2317 universalis

424 2353 777 2421 eompetentis
832 2352 1071 2419 obsequii
1123 2352 1485 2406 functionibus
1534 2352 1846 2405 solenmiter
1883 2366 2001 2420 per-

424 2442 597 2496 solvat
629 2441 827 2510 passim
869 2454 1040 2495 mater
1078 2442 1317 2496 Ecclesia
1343 2442 1625 2504 catholica,
1656 2458 1755 2495 nos
1788 2456 2002 2510 quoque

423 2548 522 2601 pro
550 2532 863 2586 infructuosi
892 2532 1101 2601 ignavia
1133 2532 1331 2586 silentii
1363 2532 1664 2585 multandos
1696 2532 1811 2585 fore
1853 2531 1999 2584 arbi-

424 2631 558 2685 tror,
586 2623 629 2676 si
659 2632 807 2691 gesta
829 2622 942 2688 ejus
967 2622 1191 2684 lateant,
1217 2622 1367 2687 cujus
1392 2622 1696 2691 specialiter
1722 2623 1860 2690 apud
1890 2637 1988 2677 nos

424 2720 481 2765 et
514 2712 770 2765 virtutum
800 2711 1059 2765 exuberat
1102 2712 1275 2781 copia,
1305 2721 1361 2765 et
1386 2720 1585 2767 sancta
1637 2712 1990 2765 institutionis

424 2800 689 2869 refulgent
730 2802 1083 2864 incrementa,
1133 2802 1402 2870 praecipue
1437 2817 1558 2855 cum
1609 2802 1745 2855 facta
1797 2816 2001 2868 praece-

421 2889 683 2950 dentium,
713 2890 903 2943 salutis
945 2891 1013 2943 sit
1064 2892 1315 2945 materies
1352 2891 1417 2944 ad
1464 2892 1779 2945 memoriam
1827 2890 1997 2944 relata

421 2987 783 3043 posterorum.
814 2980 983 3032 Actus
1010 2979 1176 3047 igitur
1204 2994 1268 3033 ae
1310 2979 1552 3034 laborum
1595 2982 1890 3033 certamina
1933 2979 2000 3037 B;

421 3065 694 3121 Bercliarii
743 3068 954 3123 abbatis
1000 3078 1055 3123 et
1110 3071 1366 3141 martyris
1416 3070 1632 3140 gloriosi
1682 3071 1995 3126 summatim

2101 2266 2251 2318 randi
2286 2266 2562 2319 materiam
2596 2267 2876 2329 sumimus,
2931 2277 3132 2335 quanto
3180 2270 3245 2319 ad
3294 2268 3667 2337 explicandam

2098 2355 2253 2423 hujus
2283 2357 2461 2425 operis
2501 2357 2917 2426 magnitudinem
2961 2372 3057 2408 nos
3088 2357 3317 2425 impares
3345 2373 3462 2411 esse
3507 2359 3674 2411 senti-

2100 2460 2250 2508 mtts;
2275 2444 2367 2498 sed
2399 2460 2503 2498 non
2530 2453 2612 2497 est
2647 2444 2718 2497 illi
2764 2443 2975 2498 difficile
3003 2445 3265 2513 elinguem
3309 2445 3359 2496 in
3392 2445 3549 2498 verba
3586 2462 3672 2498 re-

2096 2535 2325 2596 solvere.
2360 2550 2518 2603 quem
2562 2544 2772 2587 constat
2801 2544 2943 2587 muta
2990 2536 3151 2587 ctiam
3191 2535 3451 2588 elementa
3483 2551 3674 2589 conso-

2098 2624 2181 2677 nis
2210 2623 2426 2677 vocibus
2456 2623 2771 2676 solcmniter
2804 2623 3121 2691 przedicare.
3170 2622 3241 2675 Ea
3275 2623 3453 2691 itaque
3482 2636 3671 2691 prose-

2092 2712 2181 2781 qui
2215 2712 2563 2774 intendimus,
2600 2726 2718 2778 quaa
2748 2710 2829 2764 vel
2860 2712 2926 2764 ab
2967 2711 3081 2779 ipso
3123 2711 3417 2763 domestico
3444 2711 3675 2762 sanctis-

2093 2800 2337 2867 sitnoque
2364 2796 2478 2864 ejus
2503 2798 2725 2866 collegio
2753 2806 2935 2852 notata
2978 2797 3310 2859 claruerunt,
3356 2795 3439 2848 vel
3483 2806 3670 2863 postea

2093 2890 2275 2943 divino
2328 2889 2589 2943 beneficio
2636 2890 2801 2958 ipsius
2861 2898 3204 2958 compensata
3249 2888 3475 2952 meritis,
3525 2888 3674 2941 ωηιιί

2093 2989 2291 3034 nostra:
2330 2978 2555 3048 perferri
2588 2986 2895 3049 potuerunt.

1790 3259 2302 3284 ﬂ

1524 3402 2058 3514 INCIPIT
2143 3403 2535 3516 VITA.

755 3634 1067 3688 Rere/rarius
1114 3634 1297 3689 nobilis
1327 3636 1615 3703 Aquitanus

482 3720 537 3775 9.
580 3722 781 3777 Prioris
817 3726 1141 3777 monimenta
1192 3725 1446 3793 temporis
1489 3739 1680 3795 pagum
1710 3724 1990 3792 Aquitani-

417 3825 535 3865 eum
559 3824 712 3866 ortus
736 3812 850 3878 ejus
880 3815 1144 3868 tradidere
1170 3829 1232 3867 ac
1268 3813 1475 3882 generis
1506 3813 1670 3868 fuisse
1686 3814 1984 3868 exordium.

417 3897 674 3956 Parentes
710 3902 823 3966 ejus
852 3902 958 3955 vita
1002 3902 1335 3954 venerabiles
1381 3910 1434 3954 et
1463 3901 1616 3955 valde
1658 3900 1889 3970 religiosi
1936 3900 1988 3953 in

415 3988 524 4041 vita
547 4006 662 4052 sua,
693 3991 957 4043 exteriore
985 3988 1257 4043 affluentia
1288 4004 1465 4043 rerum
1508 4005 1611 4042 non
1642 3990 1989 4043 mediocriter

416 4078 675 4142 decorati,
707 4092 760 4131 et
803 4080 963 4147 (quod
1015 4079 1170 4148 longe
1221 4088 1303 4132 est
1353 4078 1720 4148 excellentius)
1754 4079 1986 4146 quodam

415 4166 700 4235 singularis
730 4169 1047 4223 innocentia:
1076 4184 1137 4221 ac
1166 4170 1306 4221 inter
1334 4184 1459 4222 suos
1490 4167 1722 4221 felicium
1760 4183 1987 4236 proven-

414 4265 563 4310 tuum
591 4259 867 4327 privilegio
897 4260 1165 4329 insigniti;
1202 4260 1290 4328 qui
1343 4276 1462 4312 cum
1490 4259 1784 4326 coniugalis
1830 4260 1984 4327 pudi-

413 4349 691 4418 citizejura
723 4350 843 4403 fidei
870 4351 1177 4420 integritate
1216 4361 1493 4404 servarent
1521 4348 1814 4404 conunodis
1847 4358 1981 4402 tein-

410 4439 685 4507 poralibus
733 4440 1133 4508 praecedentes,
1183 4441 1485 4493 divinorum
1536 4452 1709 4493 tamen
1759 4454 1982 4508 operum

410 4530 497 4598 pia
535 4530 831 4583 intentione
865 4531 1043 4584 studio
1080 4529 1481 4600 perflagrantes,
1532 4545 1775 4599 superna:
1803 4529 1984 4598 dispo-

409 4625 605 4680 sitione
631 4625 928 4680 clementia:
958 4635 1159 4679 tantam
1210 4641 1272 4679 ac
1322 4626 1479 4678 talem
1534 4632 1847 4677 meruerunt
1896 4638 1983 4676 so-

406 4715 583 4769 bolem
638 4716 902 4784 acripere,
964 4716 1116 4784 cujus
1180 4714 1515 4768 institutione
1572 4722 1625 4766 et
1678 4712 1887 4766 meritis
1927 4712 1979 4765 in

406 4805 717 4861 cmlestibus
744 4806 940 4859 castris
977 4806 1161 4859 niveas
1202 4803 1542 4858 militantium
1574 4801 1980 4855 inntunerabilis

407 4894 689 4948 multitudo
736 4895 997 4948 bonorum
1036 4893 1302 4947 fructuum
1352 4893 1558 4962 palmas
1603 4892 1884 4961 perferret,
1928 4901 1979 4946 et

2012 3638 2057 3698 Β
2086 3634 2413 3689 ctilieatione
2441 3634 2678 3687 muneris
2710 3635 2760 3688 in
2791 3634 2907 3689 luce
2946 3637 3253 3704 prodeunti,
3306 3652 3453 3689 more
3497 3638 3663 3705 Aqui.

2090 3724 2265 3779 tanico
2295 3724 2546 3777 Bererum
2589 3721 2707 3793 [al.,
2740 3722 2991 3795 Bereutn]
3037 3742 3064 3776 a
3100 3725 3407 3792 parentibus
3440 3726 3663 3780 inditum

2089 3824 2298 3869 constat
2356 3814 2520 3868 fuisse
2568 3814 2905 3875 vocabulum,
2963 3824 3216 3881 tanquam
3270 3815 3336 3867 ab
3388 3817 3503 3883 ipso
3551 3816 3660 3885 jam

2090 3906 2341 3958 nascendi
2370 3904 2591 3957 exordio
2619 3905 2771 3958 both
2802 3903 3132 3956 ltasreditatis
3160 3905 3369 3957 lterum.

2370 3995 2606 4048 Nivardo
2654 4003 2837 4063 agente
2883 3995 3068 4046 litteris
3110 3994 3379 4045 imbuitur.

2154 4088 2204 4142 5.
2253 4087 2330 4141 Eo
2381 4095 2622 4152 tempore
2661 4083 2991 4137 Francorum
3038 4083 3318 4151 imperium
3365 4098 3487 4151 rege
3520 4084 3669 4136 Cluil-

2086 4176 2265 4228 derico
2296 4174 2407 4241 (24)
2454 4171 2766 4226 felicissime
2795 4171 3133 4238 disponente,
3163 4169 3281 4223 viro
3329 4170 3546 4237 quidem
3582 4187 3664 4222 re-

2084 4268 2183 4320 bus
2229 4265 2434 4319 bellicis
2478 4262 2867 4332 potentissimo.
2908 4262 3053 4315 circa
3088 4260 3450 4314 licclesiarunt
3483 4272 3661 4313 autem

2085 4355 2177 4408 Dei
2205 4353 2406 4407 cultum
2436 4350 2803 4414 devotissimo,
2837 4349 2895 4401 Β.
2946 4347 3181 4417 pontifex
3215 4346 3480 4400 Nivartlus
3531 4363 3665 4400 sau-

2082 4443 2284 4497 etitatis
2329 4457 2392 4495 ac
2434 4440 2709 4509 religionis
2755 4437 3123 4507 magnitudine
3178 4445 3288 4490 toto
3330 4434 3661 4491 Francorum

2081 4533 2209 4586 orbe
2243 4529 2655 4592 famosissimus,
2700 4528 2991 4597 apostolica
3033 4525 3355 4581 auctoritate
3384 4527 3666 4582 cmlestem

2083 4621 2134 4673 in
2174 4620 2333 4672 terris
2363 4619 2526 4671 vitam
2581 4634 2769 4687 agens,
2819 4625 3017 4671 sanctae
3066 4614 3355 4669 Remorum
3406 4617 3666 4684 prmsidc-

2081 4711 2171 4765 bat
2200 4710 2472 4764 Ecclesiae.
2503 4710 2604 4775 Qui
2635 4710 2759 4779 quia
2789 4719 2934 4763 esset
2981 4707 3169 4777 plenus
3218 4707 3560 4762 auctoritatis
3604 4717 3665 4765 et

2080 4802 2289 4872 gratim,
2342 4814 2463 4853 cum
2512 4808 2788 4869 peteretur
2839 4813 3051 4868 quoque
3103 4798 3345 4852 diversas
3392 4806 3676 4853 terrarum.

2082 4889 2165 4942 vel
2198 4890 2475 4942 nationum
2519 4898 2625 4942 tam
2665 4905 2760 4957 pro
2789 4888 2910 4941 vitae
2946 4888 3138 4941 merito
3168 4902 3328 4954 quam
3369 4888 3529 4940 etiam
3561 4888 3661 4943 do-

406 4982 678 5051 multiplex
707 4984 910 5050 antiqui
966 4982 1265 5051 deceptoris
1312 4981 1545 5035 versutia
1597 4980 1790 5034 ablatis
1847 4969 2046 5034 lide-C
2080 4979 2268 5033 ctrinze
2319 4977 2589 5032 aflluentis
2647 4979 2860 5048 eloquio
2926 4987 3111 5045 partes
3177 4978 3452 5041 invisere,
3524 4978 3661 5033 fines

406 5070 535 5123 lium
578 5071 876 5124 animarum
922 5071 1104 5138 spoliis
1150 5070 1436 5139 deperiret.
1484 5069 1637 5135 Quod
1689 5067 1846 5124 facile
1891 5078 1973 5123 est

406 5160 826 5229 deprehendere,
892 5159 934 5213 si
994 5162 1113 5229 quis
1161 5160 1439 5214 altioribus
1494 5158 1793 5221 abstinens,
1860 5160 1973 5214 hwc

404 5262 574 5318 pauca
619 5248 671 5301 in
717 5251 1171 5317 consequentibus
1224 5242 1476 5319 dignetur
1531 5248 1827 5302 advertere.
1877 5249 1974 5304 Cui

405 5338 651 5394 videlicet
678 5354 745 5394 ex
774 5340 961 5392 matris
994 5349 1151 5393 utero
1190 5354 1306 5392 cum
1341 5337 1505 5392 divini
1528 5337 1638 5405 jam
1683 5346 1809 5391 tunc
1852 5354 1977 5392 sane

477 5446 588 5490 ΘΜ
622 5447 873 5490 Sole-mna
905 5458 981 5490 net
1017 5448 1324 5490 mmlnrilmc
1375 5446 1462 5490 nni
1513 5459 1598 5490 res
1633 5455 1810 5490 nostris
1844 5464 1972 5490 can-

2080 5069 2383 5137 Aqnitania:
2437 5070 2729 5138 aliquando
2777 5069 3001 5138 contigit
3046 5068 3351 5134 expetisse,
3389 5076 3550 5135 atque
3596 5068 3663 5121 ad

2083 5161 2211 5215 illtnl
2262 5176 2431 5229 usque
2478 5161 2736 5231 praedium
2790 5160 3020 5213 traditur
3060 5157 3394 5225 pervenisse,
3448 5157 3500 5209 in
3556 5174 3667 5226 quo

2084 5252 2185 5305 viri
2218 5252 2310 5305 Dei
2362 5258 2614 5319 parentes
2654 5250 2973 5304 videbantur
3001 5247 3216 5316 propria
3249 5246 3481 5300 statione
3522 5262 3669 5302 resc-

2082 5344 2246 5401 disse.
2317 5343 2449 5399 Nam
2514 5345 2657 5397 inter
2705 5353 2899 5399 ca-tera
2959 5355 3078 5410 qua:
3129 5355 3195 5393 ex
3251 5337 3378 5391 dote
3419 5352 3670 5406 superna:

2082 5470 2186 5490 nun
2220 5458 2285 5490 nl.
2327 5455 2575 5490 rnsclncin
2632 5457 2725 5490 οιιιΙ
2775 5472 2800 5490 σι
2856 5452 3200 5490 \Vuldolsm-ln
3238 5464 3331 5490 ςρη
3382 5448 3670 5490 Witlliﬂl'ln
