4482 5524
353 356 457 409 673

1583 365 1669 419 DE
1710 366 1865 419 \‘ITA
1910 366 1965 419 S.
2009 367 2398 423 BERCIIARII.

3486 366 3590 419 cu
3672 318 3734 437 μ’

353 469 621 538 pontificis
659 483 715 523 se
753 469 937 523 maluit
968 486 1063 540 pro
1096 480 1335 542 tempore
1372 474 1449 529 ire
1480 477 1788 544 cepulatum
1811 518 1825 538 .
1863 486 1920 532 ut
1948 494 1993 550 Α
2023 496 2205 533 eorum
2252 480 2434 533 orbem
2485 477 2715 532 decretis
2768 477 3099 547 regularibus
3150 478 3313 532 fuisse
3360 495 3590 549 primum

353 562 405 612 in
449 574 554 627 quo
598 559 889 629 perfectam
930 562 1187 615 doctrina:
1226 564 1505 616 scientiam
1545 565 1921 633 intellexerat,

352 653 464 719 ipse
490 668 702 721 quoque
731 669 827 722 per
856 654 998 708 hunc
1026 657 1200 708 tetatis
1229 672 1337 709 sum
1362 673 1425 711 ac
1448 673 1657 713 morum
1686 662 1923 715 imbecil-

350 742 488 795 litati
518 743 822 807 cousulens,
855 760 960 799 non
996 756 1103 799 tam
1143 747 1380 803 scientia:
1410 764 1569 819 quam
1600 764 1799 806 sanctte
1826 769 1924 821 pu-

353 833 529 888 ritatis
555 834 877 889 commercia
911 845 1228 906 reportaret.

902 946 1187 1002 Luxovium
1222 950 1368 1018 petit.

421 1034 475 1087 6.
512 1035 720 1089 lnterea
760 1051 883 1090 cum
924 1036 1067 1090 beati
1110 1038 1210 1091 viri
1252 1038 1430 1107 justus
1480 1040 1790 1095 adolescens
1828 1059 1923 1111 per

348 1123 566 1192 aliquod
594 1133 803 1195 tempus
833 1127 1146 1195 magisterio
1172 1126 1459 1193 frueretur,
1483 1141 1536 1184 et
1566 1132 1801 1186 ccelestis
1828 1149 1923 1201 pro

347 1217 555 1271 viribus
593 1217 925 1286 prmlibasset
957 1220 1201 1272 haustum
1236 1221 1551 1285 sapientize,
1591 1221 1923 1279 Luxoviense

347 1309 735 1360 monasterium
783 1319 1003 1377 accepto
1056 1311 1177 1363 tulit
1224 1323 1514 1381 expetere,
1568 1314 1821 1381 quoniam
1861 1314 1919 1367 Β.

346 1394 665 1448 Columbani
695 1395 957 1449 districtis
985 1399 1359 1452 commendata
1392 1401 1609 1470 regulis,
1636 1402 1700 1453 ad
1725 1416 1782 1455 se
1804 1418 1924 1471 per-

346 1484 458 1537 lata
487 1484 663 1538 fuerat
686 1485 827 1539 fama
855 1487 1148 1557 religionis.
1185 1489 1314 1543 Erat
1336 1491 1479 1544 enim
1507 1507 1571 1545 eo
1600 1502 1837 1561 tempore
1871 1495 1921 1547 iu

345 1577 557 1630 cunctis
595 1576 887 1632 Galliarum
928 1581 1169 1649 partibus
1211 1582 1312 1636 hoc
1362 1584 1666 1637 cmuobium
1706 1601 1828 1637 cum
1870 1587 1921 1639 in

343 1667 677 1720 multimodis
704 1683 883 1721 rerum
916 1671 1361 1737 possessionibus,
1394 1682 1507 1725 tum
1539 1673 1700 1725 etiam
1729 1673 1925 1727 divinae

344 1754 713 1808 venerationis
741 1756 973 1809 cultibus
1004 1773 1197 1810 nomen
1227 1760 1499 1829 singulare
1531 1760 1753 1820 habens,
1780 1761 1922 1828 quod

2023 570 2277 623 decenter
2325 570 2699 621 illustratum?
2755 568 3078 622 Bcrcharius
3130 570 3309 638 itaque
3360 570 3594 625 famulus

2024 660 2222 714 Christi
2253 660 2317 712 ad
2349 659 2556 713 altioris
2580 659 2698 712 vita:
2723 674 2933 727 semper
2960 660 3203 713 instituta
3229 664 3593 715 conscendere

2022 749 2359 813 desiderans,
2398 749 2669 817 pontificis
2704 750 2787 802 sui
2834 750 3151 803 auctoritate
3181 761 3235 804 et
3276 752 3472 822 gratia,
3505 766 3593 805 cc-

2024 838 2120 893 leri
2144 853 2330 911 gressu
2365 839 2430 892 ad
2463 838 2635 891 locum
2679 839 2821 893 hunc
2845 855 2941 908 pro
2966 849 3089 893 voto
3129 848 3382 909 preparat
3412 858 3425 895 :
3456 855 3595 909 prae-

2024 928 2117 981 fati
2170 928 2347 982 Patris
2415 928 2526 997 ('27)
2585 928 2863 983 alacritate
2920 930 3217 1000 condiguus
3269 932 3595 1000 approbatur

2022 1032 2223 1075 sanctae
2290 1022 2674 1074 monachorum
2735 1022 2976 1083 cohorti,
3037 1036 3141 1076 non
3198 1031 3304 1075 tam
3371 1037 3595 1090 corpore

2024 1128 2183 1181 quam
2217 1120 2395 1165 mente
2424 1119 2476 1165 et
2505 1119 2625 1163 actu
2654 1110 2909 1164 sociatur.

2519 1198 2614 1253 l’ie
2654 1202 2808 1254 vitum
2857 1202 3099 1254 instituit.

2095 1289 2146 1343 '7.
2190 1289 2484 1359 Susceptus
2536 1299 2715 1343 autem
2768 1291 2818 1344 in
2869 1307 3152 1345 commune
3203 1306 3325 1346 cum
3364 1294 3595 1355 caeteris,

2025 1394 2415 1450 aggressusque
2447 1381 2621 1433 denuo
2655 1390 2911 1447 tanquam
2954 1381 3154 1435 athleta
3194 1385 3599 1440 recentissimus

2026 1468 2229 1520 militiae
2272 1469 2610 1536 gymnasium
2659 1469 2915 1532 cwlestis,
2968 1471 3362 1537 prteleritorum
3410 1474 3597 1528 innue-

2026 1572 2142 1609 tnor
2174 1557 2551 1621 certaminum,
2599 1567 2653 1611 et
2684 1560 2837 1626 quasi
2880 1561 2971 1627 qui
3016 1561 3273 1614 virtutum
3322 1562 3373 1615 in
3423 1578 3601 1618 scam-

2024 1658 2166 1700 tnate
2208 1648 2431 1715 positus,
2488 1648 2552 1700 ad
2603 1648 2987 1716 perfectionem
3038 1666 3226 1720 pugnae
3272 1653 3404 1705 nihil
3444 1654 3599 1721 plene

2025 1748 2149 1793 ante
2174 1741 2489 1810 peregisset,
2523 1743 2683 1809 coepit
2713 1758 2896 1795 rursus
2926 1742 3123 1797 divinis
3155 1745 3408 1813 operibus
3445 1746 3600 1814 spiri-

342 1844 453 1897 imc
492 1854 545 1897 ει
578 1845 873 1898 σίδιι-ίοιίοι-
922 1846 1209 1909 instituti",
1261 1858 1316 1901 ει
1363 1850 1597 1901 studium
1648 1849 1923 1917 sapientia:
1956 1837 1997 1894 Β
2031 1840 2137 1884 tum
2169 1846 2442 1895 coercere,
2468 1832 2630 1885 veluti
2658 1847 2779 1885 eum
2803 1848 3055 1886 cernercs
3081 1835 3394 1889 monasticae
3420 1836 3602 1890 distri-

340 1936 554 2003 plenius
586 1936 907 2000 haberetur;
931 1954 1089 2005 quem
1123 1937 1369 1992 videlicet
1398 1940 1547 1991 mir-.e
1576 1941 1924 2007 spectationis

341 2024 519 2078 locum
568 2024 708 2078 idem
752 2026 811 2078 Β.
858 2026 1224 2080 Columbauus
1266 2026 1428 2081 Pater
1462 2028 1513 2080 in
1549 2038 1698 2081 vasta
1730 2028 1923 2099 \‘osagi

338 2129 527 2167 eremo
570 2129 600 2166 a
642 2113 1005 2168 fundamentis
1034 2125 1451 2178 construxerat,
1500 2117 1732 2170 inventis
1776 2120 1920 2170 anti-

339 2204 587 2272 quissimi
623 2205 800 2273 operis
828 2205 1069 2258 aediliciis
1108 2222 1229 2259 cum
1274 2208 1430 2275 aquis
1472 2217 1664 2261 natura
1709 2208 1918 2262 ferven-

340 2296 487 2348 tibus
518 2309 547 2347 e
578 2303 736 2348 terra:
767 2296 915 2348 venis
947 2296 1087 2348 ultro
1128 2297 1516 2364 prodeuntibus
1538 2337 1552 2361 ,
1594 2298 1681 2351 ubi
1721 2309 1778 2352 et
1813 2300 1924 2367 ip-e

339 2384 683 2451 postmodum
708 2393 997 2455 aggregato
1025 2385 1259 2438 fidelium
1292 2402 1518 2439 tmmero
1540 2397 1921 2441 sescentorum

340 2475 513 2529 ferme
553 2478 939 2530 monachorum
974 2487 1151 2529 rector
1181 2478 1420 2539 exstitit,
1470 2478 1735 2546 longoque
1786 2489 1921 2531 tem-

339 2577 472 2631 pore
501 2563 674 2615 eidem
703 2564 1037 2617 monasterio
1071 2565 1402 2619 nobilissime
1435 2567 1677 2635 praefuit,
1712 2569 1924 2622 multis-

342 2667 449 2719 que
478 2652 859 2705 miraculorum
886 2654 1055 2722 signis
1086 2654 1135 2706 in
1162 2655 1349 2707 eodem
1375 2655 1494 2708 loco
1516 2656 1729 2719 claruit,
1756 2657 1925 2711 donec

339 2742 725 2799 Brunechildis
753 2745 935 2813 regina
970 2746 1285 2812 impiissima
1307 2785 1320 2807 ,
1353 2761 1417 2799 eo
1446 2748 1587 2814 quod
1620 2748 1755 2802 duos
1786 2748 1923 2802 tilios

341 2850 471 2888 suos
514 2849 649 2902 quos
688 2850 755 2888 ex
798 2835 1101 2889 adulterino
1132 2834 1455 2890 Theoderici
1492 2836 1708 2891 nefandi
1742 2840 1920 2909 regis,

342 2928 436 2981 tilii
471 2927 723 2983 videlicet
750 2929 891 2995 regis
921 2927 1188 2997 Sigeberti
1207 2967 1222 2991 ,
1252 2928 1501 2997 conjugio
1530 2928 1644 2998 (26)
1673 2945 1918 2999 suscepe-

340 3029 459 3082 rat,
492 3032 591 3071 suo
620 3016 891 3087 colloquio
922 3025 974 3070 et
1003 3018 1379 3071 benedictione
1412 3018 1660 3088 indignos
1687 3018 1923 3085 judicas—

342 3118 459 3170 set,
496 3109 565 3162 ab
593 3122 658 3163 eo
689 3106 807 3162 loco
839 3106 1097 3161 instinctu
1127 3106 1396 3161 diabolico
1428 3108 1782 3175 proturbavit.
1821 3108 1921 3175 Qui

2026 1922 2220 1975 ctionis
2266 1929 2390 1973 tunc
2436 1922 2667 1989 primum
2710 1923 3011 1975 rudimenta
3058 1926 3389 1993 suscepisse,
3423 1928 3601 1996 seipso

2025 2024 2239 2077 semper
2283 2010 2546 2073 validior,
2596 2020 2650 2063 et
2702 2012 2872 2079 gratia
2926 2027 3172 2080 Superum
3225 2014 3604 2070 illustrationis

2024 2100 2148 2151 vita:
2172 2098 2525 2166 praecedentis
2550 2100 2809 2167 qualitate
2832 2100 3141 2166 jocundior.
3172 2102 3289 2156 Jam
3322 2119 3449 2159 vero
3476 2106 3601 2174 styli

2024 2206 2131 2245 non
2156 2192 2361 2258 patitur
2389 2206 2577 2259 Opera,
2608 2202 2805 2259 quanta
2841 2192 2892 2245 in
2923 2193 3036 2246 viro
3066 2194 3160 2247 Dei
3202 2192 3364 2249 fuerit
3396 2197 3605 2249 humili-

2026 2288 2131 2343 tas,
2161 2291 2359 2349 quanta
2387 2282 2558 2335 virtus
2580 2282 2919 2345 obedientite,
2948 2293 3145 2351 quanta
3177 2284 3456 2339 modestia:
3482 2302 3605 2356 gra-

2028 2371 2188 2431 vitas,
2237 2379 2435 2439 quanta
2479 2371 2737 2435 charitas,
2788 2381 2986 2439 quanta
3029 2372 3355 2440 benignitas,
3400 2386 3602 2442 quanta

2027 2460 2406 2521 mansuetudo,
2438 2468 2636 2527 quanta
2673 2460 2834 2512 etiam
2864 2461 3133 2527 patientize
3161 2462 3439 2515 fortitudo.
3467 2461 3606 2517 Obe-

2027 2550 2241 2601 dientia:
2265 2548 2366 2601 sibi
2388 2548 2637 2615 iujuncta:
2656 2548 2927 2616 negotium
2957 2548 3027 2600 ita
3048 2546 3292 2613 jubentis
3340 2552 3607 2618 percurrit

2027 2637 2276 2705 imperio,
2304 2646 2360 2689 ut
2390 2647 2622 2690 mentem
2653 2637 2705 2689 in
2730 2638 2959 2691 sublime
3003 2639 3259 2708 dirigens,
3296 2654 3395 2693 nec
3431 2640 3604 2694 laudis

2026 2726 2277 2780 humanm
2332 2728 2647 2796 compendia
2707 2737 3007 2795 qutereret,
3058 2737 3113 2781 et
3167 2744 3276 2783 suae
3325 2731 3602 2799 praemium

2025 2815 2227 2885 gloriae,
2260 2816 2333 2870 rei
2364 2817 2643 2884 pereuntis
2668 2818 2844 2885 pretio
2876 2818 3020 2871 nullo
3048 2831 3442 2887 compensat-et.
3478 2821 3605 2874 Stu-

2026 2905 2189 2959 debat
2217 2907 2379 2958 etiam
2411 2905 2638 2959 aliorum
2684 2906 3117 2961 consideratione
3157 2908 3395 2977 seipsum
3428 2910 3607 2979 despi-

2026 3010 2174 3055 cere,
2211 3004 2263 3048 et
2296 3010 2419 3048 cum
2463 2997 2601 3063 apud
2651 3010 2708 3048 se
2743 2998 2954 3049 cunctis
2993 2997 3330 3065 judicaretur
3362 2999 3603 3067 inferior,

2027 3083 2081 3135 in
2111 3083 2431 3137 humilitatis
2474 3092 2649 3136 tamen
2695 3084 2930 3139 culmine
2960 3085 3203 3139 certabat
3246 3088 3496 3143 omnibus
3526 3091 3608 3142 in-

344 3169 454 3253 m",
478 3200 595 3253 sine
618 3214 813 3269 magno
834 3213 1069 3252 mmrore
1096 3206 1151 3252 ει
1172 3198 1317 3252 luctu
1341 3169 1580 3252 animum
1610 3169 1922 3254 recessu;us
1954 3169 1999 3230 C
2030 3174 2199 3227 veniri
2226 3173 2508 3227 sublimior
2539 3191 2550 3226 :
2584 3174 2992 3229 maestissimum
3018 3177 3296 3233 revolvens
3326 3180 3371 3234 si
3402 3183 3524 3249 quis
3552 3183 3603 3235 in

342 3289 487 3351 inde,
510 3287 817 3342 Eustasium
850 3288 1022 3340 virum
1050 3302 1201 3354 reque
1231 3288 1633 3341 sanctissimum
1664 3287 1925 3355 dignitate

339 3379 558 3449 generis
580 3387 634 3431 et
656 3378 764 3430 vita
791 3376 1236 3439 illustrissimum,
1261 3390 1421 3443 quem
1450 3376 1563 3443 ipse
1586 3391 1724 3445 pago
1744 3376 1924 3429 oriun.

339 3468 467 3521 dum
494 3468 790 3536 Lingonico
822 3482 850 3519 a
882 3481 1050 3535 puero
1079 3466 1409 3529 instituerat,
1434 3465 1607 3519 eidem
1638 3480 1925 3519 numeroso

338 3558 574 3611 fratrum
626 3557 851 3628 collegio
902 3566 1166 3610 rectorem
1218 3554 1479 3625 pra-fecit.
1539 3555 1665 3610 Inde
1714 3556 1923 3609 Italiam

344 3658 629 3717 expetens,
662 3646 926 3701 Bobiense
966 3646 1271 3700 ccenobium
1321 3661 1429 3700 non
1483 3649 1662 3701 minus
1712 3648 1924 3702 decenti

344 3718 751 3810 opere'statuit,
781 3739 834 3791 in
865 3752 970 3806 quo
999 3748 1402 3791 consummatus
1431 3737 1742 3802 virtutibus,
1769 3740 1927 3793 beato

342 3834 450 3884 line
480 3832 709 3900 quievit.
760 3829 991 3884 Sanctus
1019 3843 1148 3882 vero
1178 3828 1461 3881 Eustasius
1489 3827 1606 3881 loco
1638 3827 1814 3882 Patris
1845 3844 1928 3882 re-

339 3922 547 3984 sidens,
575 3938 678 3975 non
713 3922 991 3975 minimam
1024 3922 1408 3974 monachorum
1440 3920 1838 3973 multitudinem
1873 3921 1924 3973 in

342 4016 558 4069 Domini
604 4016 863 4069 servitute
902 4014 1080 4068 verbis
1129 4023 1183 4067 et
1233 4014 1495 4082 exemplis
1538 4014 1925 4081 praemunicns,

342 4108 581 4161 nominis
626 4116 680 4160 et
722 4106 901 4160 meriti
943 4106 1187 4173 magistri
1231 4103 1406 4156 haeres
1444 4102 1672 4155 exstitit.
1730 4102 1925 4154 Audita

341 4198 508 4267 igitur
542 4196 682 4249 fama
715 4195 847 4248 tanti
879 4193 1131 4256 nominis,
1168 4193 1265 4245 viri
1312 4192 1546 4260 religiosi
1591 4190 1717 4242 illuc
1759 4189 1929 4241 nude-

341 4302 561 4357 cunque
593 4285 907 4348 confluunt,
960 4298 1019 4336 se
1055 4298 1286 4350 suosque
1326 4282 1524 4335 liberos
1560 4279 1774 4349 plurimi
1807 4293 1924 4332 cer-

341 4376 495 4428 tatim
548 4374 863 4426 imbuendos
901 4368 1155 4433 offerunt,
1202 4370 1329 4422 illud
1362 4378 1486 4422 ante
1515 4368 1694 4422 omnia
1724 4368 1923 4422 ducen-

345 4475 425 4519 tes
458 4463 894 4535 permaximum,
940 4462 985 4515 si
1030 4460 1114 4514 vel
1158 4469 1278 4528 post
1323 4459 1615 4528 longaevam
1648 4458 1924 4527 probantis

345 4555 556 4623 injuria:
625 4552 1010 4615 tolerantiam,
1074 4551 1471 4618 quodannnodo
1536 4550 1743 4602 admitti
1810 4563 1925 4601 me-

345 4657 575 4702 reantur
624 4645 678 4698 in
723 4644 1217 4713 congregationem.
1272 4640 1389 4696 Jam
1436 4656 1562 4695 vero
1609 4640 1729 4709 quis
1777 4640 1928 4694 locus

346 4738 428 4791 vel
470 4737 665 4792 civitas
716 4752 821 4788 non
868 4734 1137 4803 gaudeat,
1190 4747 1255 4785 ex
1302 4732 1445 4784 beati
1496 4730 1593 4783 viri
1641 4728 1926 4798 disciplina

348 4838 616 4884 rectorem
653 4827 853 4880 habere
888 4825 1195 4894 pontificem
1234 4823 1315 4875 vel
1353 4822 1626 4883 abbatem,
1653 4835 1773 4873 cum
1802 4836 1926 4873 cou-

349 4929 455 4974 stet
488 4934 557 4973 ex
596 4918 753 4987 hujus
800 4918 996 4971 virtute
1031 4914 1331 4984 magisterii
1379 4929 1514 4982 pene
1546 4922 1716 4967 totum
1755 4912 1927 4966 Fran-

421 5081 531 5149 (26)
574 5077 740 5133 Faade
780 5074 1147 5151 hallucinatur
1182 5077 1387 5151 auctor,
1430 5065 1926 5151 sriIBru-neuchildem

388 5137 675 5205 utat'filios
715 5145 967 5217 pmprios
998 5142 1297 5217 suscepisse
1333 5154 1398 5191 ex
1434 5137 1768 5189 Theoderico
1786 5137 1926 5217 ,__qui

397 5208 728 5275 runechildis
756 5208 920 5284 nepos
944 5214 1064 5277 fuit,
1093 5208 1253 5281 eique
1283 5217 1606 5277 pronepotes
1637 5220 1702 5258 ex
1735 5208 1929 5275 pellice

348 5298 943 5430 Eustasius
986 5349 1235 5408 ctenobio
1268 5344 1930 5430 Luvoviensinprazfuirab

339 5416 474 5482 anno
503 5416 617 5482 315
646 5427 717 5479 ad
746 5422 871 5483 6M,
916 5438 1020 5492 quo
1077 5432 1316 5492 templ-re
1359 5416 1609 5492 ltemensi
1650 5418 1932 5492 cathedra

985 5496 1034 5524 ..:
1078 5483 1200 5524 πηιρῖ
1227 5485 1594 5524 ΙρηιιρσίςΙηιιι
1650 5483 1933 5524 ῘῖῗιιηίΙΙιον-

372 5506 565 5524 ...ιιι-η.
602 5493 868 5524 ΩΑηηοιΙίη

2029 3264 2121 3318 illo
2153 3274 2341 3318 sancto
2363 3265 2590 3335 collegio
2616 3266 2792 3334 aliqua
2817 3265 2975 3320 fortia
3005 3277 3341 3336 attrectaret,
3371 3287 3491 3341 qua:
3518 3274 3605 3326 ille

2027 3352 2239 3407 favente
2268 3354 2361 3407 Dei
2397 3354 2567 3424 gratia
2592 3355 2810 3424 segnius
2837 3356 3127 3425 attigisset.

2065 3462 2330 3518 Pincerna
2361 3465 2555 3534 factus,
2586 3466 2841 3519 miraculo
2882 3470 3276 3523 commendatur
3304 3472 3567 3528 obediens.

2098 3557 2153 3611 8.
2194 3555 2446 3611 Traditur
2488 3557 2753 3626 siquidem
2789 3574 2883 3626 per
2920 3559 3059 3612 idem
3106 3570 3338 3630 tempus,
3373 3562 3514 3618 hunc
3552 3568 3603 3619 in

2028 3662 2091 3702 eo
2124 3647 2239 3701 loco
2261 3646 2464 3700 factum
2490 3647 2778 3717 aliquando
2807 3648 3113 3703 tuinistrum
3145 3669 3174 3704 a
3203 3653 3444 3708 caliculis
3469 3655 3603 3724 (28),

2031 3739 2083 3791 in
2122 3753 2311 3792 curam
2355 3738 2733 3806 prompIUarii,
2769 3740 2994 3792 rectoris
3039 3748 3194 3803 nutu,
3242 3742 3449 3795 vicibus
3487 3759 3607 3798 suc-

2028 3827 2278 3881 cessisse.
2318 3827 2560 3895 Cumque
2607 3827 2693 3881 ille
2724 3828 2862 3882 hanc
2903 3827 3170 3883 oflicinam
3211 3846 3497 3900 corporum
3530 3836 3608 3888 di-

2029 3917 2388 3983 spensandam
2440 3917 2728 3984 acciperet,
2773 3919 2970 3987 quippe
3017 3938 3176 3990 quem
3222 3932 3499 3978 strenuum
3540 3928 3604 3977 ad

2028 4008 2209 4060 omnia
2237 4017 2420 4061 sancta
2451 4008 2755 4061 obedientia
2780 4010 3001 4079 fecerat,
3030 4030 3148 4081 qua:
3174 4018 3461 4070 commissa
3493 4017 3609 4071 fue-

2030 4108 2151 4150 rant
2204 4097 2496 4164 prudenter
2545 4097 2828 4150 inferebat.
2882 4098 3121 4163 Quadam
3177 4117 3303 4157 vero
3346 4105 3433 4159 die
3480 4106 3605 4160 dum

2031 4188 2227 4241 talibus
2277 4195 2489 4240 tenetur
2536 4186 2849 4256 implicitus,
2875 4190 3026 4258 jussu
3078 4193 3249 4260 patris
3297 4204 3383 4247 est
3429 4197 3607 4249 subito

2028 4286 2270 4331 vocatus.
2315 4275 2476 4330 Forte
2524 4276 2611 4331 ille
2656 4286 2782 4331 tunc
2828 4284 3259 4350 promptuarium
3310 4286 3604 4355 ingressus,

2031 4376 2155 4421 ante
2184 4382 2281 4420 vas
2311 4375 2566 4433 steterat,
2598 4376 2653 4422 et
2686 4369 2872 4422 sudem
2904 4386 3022 4439 qua:
3052 4373 3207 4442 vulgo
3237 4375 3545 4431 ducidulum
3576 4397 3604 4432 a

2031 4467 2158 4527 potu
2202 4457 2408 4512 scilicet
2442 4459 2719 4514 educendo
2747 4460 2943 4514 dicitur
2985 4463 3037 4515 in
3080 4479 3238 4517 manu
3276 4476 3481 4533 tenens,
3519 4486 3609 4523 ce-

2032 4548 2234 4603 realetn
2286 4547 2396 4618 (29)
2449 4550 2719 4617 amphorae
2763 4560 2944 4619 potum
3000 4552 3357 4609 infundebat:
3413 4559 3607 4613 mirum

2033 4639 2208 4693 dictu!
2254 4639 2319 4692 ad
2350 4638 2508 4691 unius
2532 4636 2792 4705 jussionis
2819 4650 3007 4695 nutum
3040 4644 3224 4697 audito
3269 4645 3483 4701 abbatis
3516 4665 3611 4700 uo-

2031 4730 2196 4794 miue,
2234 4730 2435 4783 relictis
2479 4745 2599 4798 quze
2645 4729 2879 4784 habebat
2924 4748 3035 4801 pta:
3083 4735 3330 4789 manibus
3366 4740 3611 4794 concitus

2031 4822 2293 4885 cucurrit,
2333 4820 2533 4874 oblitus
2578 4822 2773 4876 ardore
2803 4822 3122 4879 obedientiee
3153 4835 3207 4879 et
3249 4829 3392 4883 vasis
3421 4830 3610 4885 obser-

2034 4914 2269 4967 vantiam
2319 4921 2374 4966 et
2422 4914 2698 4981 amphora:
2742 4914 3029 4969 cautelam.
3086 4916 3329 4988 Cumque
3385 4931 3612 4976 vocatus

2034 5063 2217 5134 quiab
2243 5075 2386 5134 anno
2416 5058 2518 5134 625
2542 5060 2618 5134 ad
2636 5061 2739 5134 665
2765 5059 2938 5115 locum
2967 5063 3125 5134 rexit.

2107 5132 2218 5202 (9.8)
2259 5132 2494 5185 Tametsi
2538 5131 2791 5209 caliculus
2831 5145 2928 5199 pro
2957 5132 3198 5209 caliginis
3228 5150 3614 5209 nonnunquam

2038 5211 2299 5273 usurpant
2330 5211 2601 5273 auctores,
2652 5202 2740 5273 hic
2768 5211 2944 5253 tamen
2998 5202 3326 5273 intelligendi
3369 5202 3618 5268 videntur

2038 5268 2233 5344 Calices
2260 5285 2351 5344 seu
2384 5268 2595 5344 pocilla,
2628 5272 2704 5326 uti
2733 5285 2798 5323 ex
2826 5268 3445 5344 sequentibus'vappart-t.

2110 5342 2222 5412 (29)
2261 5341 2337 5393 lta
2385 5340 2673 5415 cervisiam
2717 5355 2813 5415 seu
2854 5341 3017 5415 situm
3049 5340 3358 5415 vocantpeo
3380 5355 3521 5415 quod
3549 5369 3615 5408 ex

2039 5410 2225 5467 cerere
2269 5425 2362 5464 seu
2406 5426 2470 5465 ex
2507 5411 2694 5480 granis
2741 5410 2924 5480 hordei
2970 5413 3306 5480 potissimum
3348 5410 3615 5476 eliciatur.

2041 5483 2093 5524 Ill
2145 5496 2314 5524 manus
2364 5477 2609 5524 mirnénli
2670 5477 2902 5524 I‘Pfﬂl'llll‘
2939 5477 2989 5524 iri
3044 5483 3160 5524 Vim
3212 5486 3249 5524 ς
3302 5486 3615 5524 (Tull-mlum:
