4482 5524
907 430 1007 485 ῧῖῧ

1991 429 2280 485 ADSOXIS
2319 428 2696 484 DERVENSIS
2735 428 3019 484 ABBATIS

4035 434 4137 489 676

904 553 1107 597 astarct
1137 554 1263 599 ante
1301 543 1510 597 abbatis
1539 551 1900 613 praesentiam,
1949 546 2161 596 mterim
2194 555 2352 612 potus
2384 543 2468 595 ille
2497 549 2542 602 Α
2574 541 2740 592 rantis
2782 540 3050 604 illinierat,
3096 541 3233 595 idem
3279 550 3432 611 pater
3473 542 3732 598 miriﬂcus
3772 558 3873 598 non
3916 547 4137 602 modicae

903 633 959 685 iu
990 633 1263 686 vasculum
1320 649 1423 686 nou
1470 647 1691 686 cessans
1729 629 1961 686 deﬂuere
1998 631 2181 684 subter
2220 633 2469 699 positum,

902 730 1187 788 postquam
1217 721 1282 772 ad
1330 720 1667 789 superficiem
1710 720 1852 772 vasis
1892 727 2239 786 pervenerat,
2273 719 2323 769 in
2360 733 2471 769 mo-

902 810 1030 861 dum
1061 809 1325 863 columna:
1352 824 1579 878 superne
1615 810 1977 877 constipatum
2013 809 2064 860 in
2094 823 2280 877 gyrum
2312 822 2468 861 coro-

901 901 1019 954 nari
1051 901 1234 969 cmpit.
1276 899 1424 954 Ultro
1467 914 1716 954 cerneres
1762 899 1885 952 illud
1934 913 2101 967 genus
2137 898 2464 966 liquaminis,

900 1004 1007 1058 quo
1038 991 1124 1042 vix
1155 989 1403 1043 claustris
1431 989 1689 1043 contineri
1732 988 1931 1048 valeat,
1966 996 2021 1037 ut
2064 986 2331 1053 quondam
2376 985 2467 1038 Dei

900 1088 1215 1133 transeunte
1248 1078 1439 1149 popqu
1469 1080 1670 1147 absque
1701 1077 1969 1130 littoribus
1998 1076 2248 1130 .lordauis
2269 1075 2465 1129 ﬂuenta

899 1171 952 1224 in
991 1171 1221 1225 sublime
1265 1171 1403 1236 tolli;
1447 1179 1504 1223 ut
1538 1170 1739 1239 liquido
1770 1179 2067 1239 patescerct
2097 1181 2295 1238 quamta
2326 1179 2469 1223 esset

898 1263 1070 1315 virtus
1099 1262 1437 1325 obedientiaz,
1479 1262 1630 1327 cujus
1655 1259 1860 1313 fructus
1894 1260 2196 1312 nullomodo
2223 1260 2387 1327 possit
2415 1260 2465 1313 in

897 1359 1098 1404 terram
1129 1352 1394 1419 deperire.
1422 1351 1490 1404 At
1520 1367 1646 1404 vero
1674 1350 1761 1404 ille
1788 1365 1891 1402 non
1919 1353 2035 1403 sine
2062 1351 2269 1403 abbatis
2296 1352 2469 1403 admi-

895 1443 1107 1495 ratione
1169 1457 1440 1504 reversus,
1489 1441 1689 1494 factum
1739 1442 1960 1509 stupuit,
2015 1442 2153 1509 quod
2198 1443 2343 1511 prius
2374 1458 2468 1510 po-

896 1534 1065 1585 tuisse
1103 1551 1130 1585 a
1163 1548 1219 1585 se
1258 1533 1375 1586 ﬂeri
1428 1533 1647 1585 onmiuo
1701 1547 1805 1584 non
1856 1534 2241 1600 praesumpsit:
2288 1543 2465 1586 tamen

892 1621 977 1672 vir
1005 1620 1091 1673 ille
1122 1630 1341 1673 sanctus
1369 1620 1471 1673 hoc
1501 1621 1641 1688 quod
1680 1621 1951 1673 acciderat
1981 1638 2083 1673 non
2120 1637 2235 1685 suo,
2268 1623 2359 1676 sed
2387 1632 2464 1676 to-

892 1718 1006 1762 tmn
1032 1711 1245 1763 abbatis
1273 1711 1351 1763 sui
1382 1713 1575 1764 merito
1604 1712 1897 1778 deputavit.

846 1857 849 1861 -
894 1820 1085 1875 Remos
1132 1838 1389 1884 reversus,
1451 1822 1688 1902 Nirardo
1746 1826 2114 1904 monasterium
2166 1836 2461 1880 construere

1414 1904 1661 1959 cogttanlt
1693 1905 1942 1946 θοι-ταίην.

961 1978 1011 2031 9.
1052 1976 1127 2029 lta
1178 1992 1304 2031 vero
1352 1993 1470 2032 cum
1510 1978 1620 2047 jam
1657 1990 1799 2033 esset
1847 1980 2183 2050 regularibus
2225 1984 2464 2051 apprime

890 2066 1188 2133 disciplinis
1217 2068 1458 2130 edoctus,
1495 2067 1688 2121 divinae
1718 2069 1924 2121 militiae
1953 2071 2003 2122 in
2031 2080 2314 2140 utramque
2343 2088 2464 2140 par-

889 2163 996 2205 tem
1045 2155 1208 2204 armis
1248 2156 1632 2220 praemunitus,
1682 2164 1739 2207 ut
1771 2156 2017 2211 videlicet
2061 2173 2157 2226 per
2200 2160 2313 2212 haec
2348 2177 2465 2228 quae

889 2239 1049 2307 longo
1080 2241 1334 2294 exercitio
1362 2241 1656 2306 didicisset,
1692 2244 1742 2295 in
1783 2243 1915 2296 lucri
1950 2246 2209 2298 Dominici
2242 2248 2463 2315 dispen-

890 2333 1150 2383 sationem
1172 2331 1279 2399 jam
1303 2331 1653 2399 plurimorum
1681 2334 1838 2386 saluti
1864 2335 2144 2389 consulere
2165 2339 2459 2405 potuisset;

890 2424 945 2476 in
977 2423 1305 2490 provinciam
1337 2422 1625 2475 Remorum
1655 2424 1720 2477 ad
1751 2425 1807 2477 S.
1840 2424 2128 2480 Nivardum
2156 2438 2285 2495 pont
2312 2428 2463 2482 ﬂcem

889 2513 1198 2576 revertitur,
1230 2512 1319 2579 qui
1362 2520 1468 2564 tam
1504 2514 1791 2567 virtutibus
1824 2530 1981 2582 quam
2027 2518 2206 2580 rebus,
2238 2527 2295 2571 ut
2328 2518 2465 2571 dixi-

890 2616 1031 2663 mus,
1059 2614 1219 2668 supra
1252 2600 1430 2668 grcgis
1458 2600 1539 2653 sui
1585 2604 1882 2656 custodiam
1918 2606 2161 2675 vigilans,
2190 2608 2359 2661 liostis
2386 2609 2465 2660 iu-

888 2694 1055 2747 sidias
1110 2694 1403 2758 rclidcbat,
1455 2705 1615 2763 atque
1661 2696 2086 2752 ecclesiasticam
2142 2701 2458 2769 dignitatem

887 2785 1119 2854 profusis
1159 2787 1495 2840 successibus
1544 2788 1876 2856 amplialtat:
1922 2790 2114 2859 cuique
2163 2792 2289 2845 olim
2345 2793 2461 2843 vnl-

888 2876 1140 2928 venlibns
1197 2876 1353 2929 annis
1404 2877 1595 2931 divinae
1648 2879 2013 2946 inspirationis
2066 2882 2319 2934 instinctu
2378 2884 2464 2936 ltic

889 2965 1052 3018 ardor
1082 2967 1326 3019 sensibus
1358 2967 1548 3031 iuerat;
1589 2968 1662 3019 uti
1699 2968 1751 3019 iu
1781 2970 2019 3036 quolibet
2062 2986 2171 3023 suae
2215 2973 2465 3025 diazcesis

888 3056 1244 3109 contubernio
1276 3071 1339 3109 eo
1376 3056 1475 3109 loci
1507 3057 1572 3108 ad
1613 3058 1953 3111 serviendum
1989 3060 2097 3113 Deo
2130 3061 2325 3114 viventi
2363 3063 2459 3114 do-

889 3164 1034 3201 mum
1078 3156 1445 3212 construeret,
1493 3150 1579 3203 nbi
1620 3166 1802 3203 rerum
1851 3153 2207 3220 competentia
2256 3155 2461 3223 aptiora

2574 630 2889 696 quantitatis
2922 630 3095 697 pretio
3135 631 3476 698 acquisierat,
3510 646 3573 686 ac
3604 630 3919 686 Remensem
3948 634 4134 690 Eccle-

2572 720 2727 781 siam,
2756 719 2839 772 cui
2882 728 3099 772 auctore
3126 719 3234 773 Deo
3261 721 3600 789 praesidebat,
3634 722 3897 775 liaeredem
3933 725 4134 779 consti-

2573 815 2764 859 tuerat.
2800 806 3039 875 Denique
3070 807 3482 876 gloriosissimus
3522 809 3613 862 Dei
3664 809 3904 877 pontifex
3948 811 4137 865 Nivar-

2572 899 2669 950 dus
2698 897 2983 965 pastoralis
3023 898 3253 952 solertia:
3295 901 3555 967 condigne
3600 899 3984 955 administrans
4022 902 4137 957 olli-

2570 989 2734 1049 cium,
2765 997 2873 1041 tum
2910 989 2975 1042 ad
3007 989 3111 1041 alia
3135 1005 3243 1043 suae
3274 990 3519 1045 (limcesis
3548 991 3662 1045 loca
3688 994 3988 1056 invisentla,
4022 1006 4133 1049 tum

2568 1092 2781 1145 quoque
2822 1077 2888 1131 ad
2933 1077 3075 1131 hunc
3126 1094 3265 1146 saepe
3309 1081 3482 1133 vicum
3533 1083 3830 1150 egrediens,
3872 1100 3977 1137 non
4028 1095 4133 1138 tam

2570 1171 2797 1239 propriae
2844 1186 3037 1224 causas
3079 1172 3268 1241 agebat
3310 1173 3592 1238 utilitatis,
3624 1190 3783 1242 quam
3834 1177 4040 1230 cunctis
4079 1192 4135 1231 se

2569 1257 2831 1311 affabilem
2884 1274 3096 1329 quoque
3149 1260 3434 1323 exhibens,
3492 1262 3717 1316 salutem
3775 1263 4134 1331 subjectornm

2569 1346 2787 1401 sedulus
2833 1347 3197 1416 impendebat.
3231 1348 3469 1418 Cumque
3501 1351 3616 1404 dies
3644 1367 3706 1405 ac
3742 1361 3926 1406 noctes
3966 1353 4135 1407 aedili-

2570 1437 2725 1489 caudi
2759 1438 3061 1490 caenobium
3097 1439 3148 1490 in
3181 1437 3358 1507 aliquo
3392 1441 3710 1507 praediorum
3747 1457 3989 1506 suorum,
4019 1445 4136 1510 qui-

2569 1527 2668 1579 bus
2700 1527 2951 1579 nobiliter
2992 1529 3268 1598 temporali
3318 1546 3527 1598 quoque
3575 1531 3936 1586 emolumento
3974 1534 4137 1601 pollc-

2566 1614 2678 1675 bat,
2712 1614 2963 1668 desiderii
3003 1618 3405 1670 continuatione
3436 1619 3718 1689 pervigiles
3760 1620 4001 1683 duceret,
4048 1636 4135 1673 as-

2567 1714 2781 1771 sumpto
2828 1720 2924 1758 suo
2970 1706 3082 1768 illo,
3112 1716 3163 1759 ut
3202 1722 3342 1775 saepe
3383 1708 3606 1767 solebat,
3649 1709 3942 1762 domestico
3983 1710 4138 1761 beato

2566 1793 2879 1857 Bcrchario,
2917 1810 3075 1847 causa
3122 1796 3347 1858 exstitit,
3377 1811 3476 1863 qua
3509 1795 3785 1863 praefatum
3833 1798 4010 1850 vicum
4040 1812 4132 1851 ex-

2494 1886 2535 1943 B
2568 1893 2747 1951 petere
2780 1899 2875 1952 pro
2910 1900 3057 1939 more
3086 1888 3364 1954 cogitaret.
3413 1886 3581 1955 llujus
3609 1903 3862 1955 processu
3906 1889 4137 1951 itineris,

2568 1991 2673 2043 quo
2707 1976 2772 2028 ad
2819 1978 3066 2031 eumdem
3113 1980 3288 2032 vicum
3323 1980 3577 2033 Maternae
3609 1980 3843 2035 ﬂuminis
3870 1981 4139 2037 littoribus

2567 2066 2875 2132 contiguum
2928 2067 3197 2130 tenditur,
3247 2069 3461 2135 quidam
3521 2069 3600 2122 sui
3645 2069 3781 2137 juris
3830 2070 3980 2125 locus
4023 2080 4141 2126 erat

2566 2155 2927 2222 gratissimus,
2970 2158 3059 2224 qui
3106 2157 3379 2224 paululum
3431 2160 3648 2213 reducto
3691 2160 3808 2213 sinu
3847 2161 3901 2213 in
3944 2161 4141 2215 montis

2567 2241 2734 2295 latere
2780 2245 3145 2298 amantissimo
3193 2246 3373 2299 herbis
3437 2248 3732 2301 virentibus
3773 2264 4139 2319 aquarumque

2568 2331 2753 2383 rivulis
2781 2345 2847 2385 ex
2891 2332 3108 2386 sublimi
3139 2334 3341 2387 vertice
3371 2334 3561 2388 leniter
3589 2335 3951 2398 eminentibus,
3984 2341 4140 2392 arbu-

2567 2422 2819 2489 ribusque
2852 2437 2913 2476 ac
2954 2424 3122 2477 vineis
3153 2424 3203 2476 iu
3258 2424 3452 2478 declivi
3495 2427 3916 2495 circmrquaquc
3947 2430 4140 2482 consti-

2566 2524 2739 2581 patos,
2774 2514 3095 2569 intuentium
3125 2514 3294 2568 oculis
3330 2516 3722 2570 oblectamenta
3752 2519 4067 2585 praestabat.

2567 2621 2805 2676 Nivartlo
2857 2625 2911 2675 in
2942 2640 3174 2695 soporem
3213 2641 3376 2695 uerso,
3426 2625 3538 2678 loco
3581 2644 3673 2694 per
3707 2627 3947 2695 angelum
3994 2630 4133 2683 desi-

2636 2704 2822 2772 gnato,
2855 2693 3159 2773 mandatum
3204 2694 3267 2746 de
3308 2693 3587 2747 condendo
3616 2693 3841 2749 εωιιοιὶἱυ
3878 2699 4140 2752 Atticilla-

2639 2778 2773 2814 renst
2812 2773 3015 2829 recipit.

2636 2871 2719 2925 10.
2748 2870 2980 2925 Sanctus
3001 2872 3162 2941 igitur
3177 2873 3415 2941 pontifex
3444 2874 3542 2928 hoc
3566 2874 3667 2928 iter
3689 2890 3993 2945 aggressus.
4019 2893 4137 2931 cum

2560 2963 2669 3031 jam
2698 2978 2790 3015 eas
2816 2973 2997 3030 partes
3025 2978 3121 3031 per
3150 2964 3344 3017 clivum
3378 2966 3574 3018 montis
3601 2966 3887 3029 attigisset,
3925 2982 4032 3035 qua
4069 2970 4135 3022 de

2566 3061 2750 3105 contra
2783 3052 2868 3104 illa
2904 3052 3004 3106 loci
3048 3054 3342 3121 gradientis
3371 3054 3573 3107 visibus
3604 3068 3662 3107 se
3706 3056 3990 3108 ammnitas
4018 3072 4141 3124 pro-

2567 3144 2686 3213 pius
2713 3142 3031 3211 objecisset,
3076 3160 3237 3213 super
3269 3156 3519 3213 equestre
3549 3159 3652 3213 quo
3683 3144 3957 3198 ferebatur
3992 3146 4139 3198 velii-

889 3240 1086 3293 divinae
1130 3241 1406 3294 servitutis
1436 3243 1712 3296 commoda
1753 3244 2091 3311 praetulisset.
2126 3245 2215 3297 illa
2261 3256 2377 3299 erat
2410 3248 2459 3299 in
2493 3216 2537 3276 Ο
2570 3238 2748 3291 Citium
2779 3253 2843 3291 (³0
2869 3240 3016 3306 gravi
3050 3253 3241 3307 SOPOI‘e
3269 3238 3607 3307 ὀρρτῑηιίιιιτ,
3640 3246 3697 3289 ιη
3721 3238 3863 3290 omni
3897 3238 4141 3306 βνοῑῖηηδ

888 3331 990 3382 bac
1020 3329 1406 3384 deliberatione
1445 3347 1717 3384 morarum
1743 3346 1903 3384 causa
1940 3336 2294 3400 permaxima,
2329 3350 2465 3402 quo-

889 3420 1032 3471 niam
1077 3421 1287 3473 deesset
1328 3434 1558 3489 persona
1611 3422 1715 3473 voti
1764 3421 1831 3473 ad
1887 3423 1939 3475 id
1980 3423 2244 3490 agendum
2282 3424 2460 3487 socia,

887 3522 1007 3576 qua:
1046 3517 1101 3562 et
1143 3509 1466 3563 desiderium
1507 3510 1775 3580 suppleret
1805 3512 2097 3579 pontificis,
2146 3523 2201 3565 et
2246 3523 2461 3567 strenua

886 3598 940 3650 in
971 3598 1063 3651 Dei
1086 3600 1247 3653 rebus
1275 3601 1608 3654 inveniretur
1636 3601 1887 3653 instantia
1922 3602 2272 3669 suscipiendae
2300 3612 2463 3656 tautae

885 3687 1342 3741 collaborationis.
1373 3687 1479 3742 Sed
1515 3690 1602 3741 ditt
1636 3690 1688 3741 in
1719 3688 1880 3742 dubio
1928 3704 2221 3758 suspensus
2253 3692 2464 3745 animus

886 3792 1229 3845 nequaquam
1292 3776 1540 3831 frustrari
1588 3777 1762 3845 potuit
1816 3792 1910 3846 spe
1962 3777 2282 3847 jampridem
2316 3796 2466 3850 ⁵ρους

887 3876 1058 3935 cepta:
1090 3865 1422 3919 intentionis.
1455 3866 1799 3919 Bcrcliaritun
1836 3868 2011 3936 itaque
2040 3870 2298 3937 praeripit,
2342 3882 2463 3923 voto

886 3957 1142 4025 applicat,
1184 3956 1427 4009 consultu
1478 3956 1758 4026 praeelgit,
1802 3957 1972 4010 virum
2007 3962 2220 4027 quidem
2270 3964 2322 4014 in
2373 3962 2462 4015 Dei

885 4052 1050 4104 rebus
1089 4050 1362 4111 idoneum,
1411 4050 1669 4121 religione
1720 4054 2022 4122 praeditum,
2071 4056 2250 4109 animo
2290 4055 2467 4110 eﬂica-

885 4155 1040 4204 cem,
1096 4142 1423 4195 exteriorum
1478 4145 1807 4213 CXperienlia
1868 4162 1973 4199 non
2035 4148 2211 4201 minus
2269 4149 2460 4218 agilem

884 4245 1049 4298 quam
1112 4232 1447 4300 prudentem.
1500 4231 1739 4303 Cumque
1795 4252 1889 4305 per
1935 4236 1985 4288 id
2036 4238 2291 4304 temporis
2340 4240 2466 4293 urbs

886 4321 1000 4384 illa,
1044 4331 1100 4373 ut
1128 4323 1380 4386 diximus,
1406 4332 1460 4376 et
1488 4324 1774 4378 multorum
1817 4326 2031 4381 ﬂoreret
2069 4329 2301 4397 ingenio,
2330 4340 2383 4383 et
2414 4332 2463 4384 iu

887 4413 1245 4467 admiratione
1278 4414 1606 4484 reipublicae,
1640 4418 1943 4471 divinorum
1977 4434 2199 4488 Operum
2242 4422 2466 4490 insignis

887 4503 1182 4557 haberetur
1213 4506 1560 4571 commercio,
1592 4508 1734 4561 hunc
1762 4517 1940 4562 tamen
1973 4510 2167 4571 solum,
2194 4511 2333 4565 hunc
2361 4512 2462 4565 sibi

885 4594 1141 4648 adsciscit
1169 4595 1517 4664 praecipuum,
1546 4598 1629 4650 cui
1663 4612 1691 4651 c
1731 4614 1898 4653 usoua
1924 4600 2245 4653 auctoritate
2270 4609 2323 4653 et
2351 4616 2462 4652 mc-
2498 4571 2542 4628 ί)

886 4688 993 4741 rito
1016 4684 1209 4740 futurae
1248 4685 1463 4741 fabricae
1495 4703 1677 4741 curam
1707 4689 2015 4758 deponeret,
2051 4699 2104 4744 et
2138 4691 2252 4743 sani
2282 4692 2463 4759 disgio-

884 4778 1097 4841 sitione,
1146 4778 1354 4831 consilii
1383 4779 1525 4831 omni
1563 4778 1633 4831 illi
1683 4787 1965 4833 structurae
1995 4781 2302 4848 specialiter
2330 4798 2464 4849 prac-

886 4869 1173 4921 ticiendum
1197 4870 1525 4922 decerneret.
1556 4869 1820 4923 Prandium
1842 4878 1923 4923 est
1944 4870 2213 4939 publicum
2244 4872 2295 4923 in
2325 4886 2461 4940 pago

886 4957 1139 5013 Remensi
1179 4969 1301 5013 octo
1336 4958 1570 5014 millibus
1610 4960 1677 5012 ab
1707 4962 1837 5013 urbe
1872 4961 2227 5027 disparatum,
2261 4962 2345 5014 cui
2388 4963 2433 5012 vi

886 5050 1080 5105 delieet
1107 5065 1218 5103 aevo
1245 5050 1571 5117 praecedenti
1605 5048 1915 5119 Spatrnaeus
1945 5048 2233 5120 (Epcrnxy)
2267 5066 2457 5104 nomen

885 5141 1052 5194 fuisse
1076 5149 1289 5195 constat
1338 5143 1666 5210 impositmn,
1712 5143 1853 5210 quod
1900 5142 2025 5195 olim
2059 5143 2295 5209 quidem,
2328 5150 2460 5193 tcm-

882 5245 1014 5282 Dore
1046 5230 1250 5282 scilicet
1280 5231 1566 5282 Chlodovei
1600 5231 1930 5282 Francorum
1974 5232 2147 5282 maeni
2183 5231 2456 5282 nriuciuis.

2567 3329 2725 3381 eundi
2786 3328 3039 3382 facultate
3081 3329 3442 3397 proscriptus,
3493 3338 3838 3397 symmystem
3884 3343 4038 3381 suum
4080 3326 4136 3379 Β.

2566 3413 2915 3468 Bercbariuut
2948 3416 3283 3479 iuclauuaret,
3312 3430 3635 3483 omnemque
3661 3417 3806 3468 illum
3831 3424 4138 3484 equestrem

2566 3507 2656 3573 qui
2704 3515 2831 3558 tunc
2870 3504 3009 3558 forte
3060 3521 3116 3558 se
3156 3505 3515 3559 comitabatur
3552 3506 3793 3560 ordinem
3842 3515 3987 3559 stare
4023 3506 4140 3561 loco

2568 3598 2898 3663 praeciperet,
2926 3604 2977 3648 et
3006 3596 3197 3664 quibus
3221 3597 3286 3650 ad
3316 3611 3559 3672 soporem
3591 3606 3877 3666 urgeretur
3906 3598 4140 3653 stimulis

2566 3689 2830 3756 patentius
2865 3688 3145 3741 iudicaret.
3193 3688 3351 3751 Ecce,
3403 3688 3595 3756 inquit,
3646 3688 3883 3741 irruente
3934 3691 4141 3755 soporis

2567 3778 2905 3829 immanitate
2938 3793 3093 3831 secus
3120 3777 3277 3830 solito
3312 3778 3606 3838 concutior,
3646 3778 3716 3830 ita
3750 3788 3804 3830 ut
3835 3778 3958 3831 hinc
3988 3796 4140 3849 gres-

2570 3886 2685 3922 sum
2724 3884 3064 3935 promovere,
3103 3870 3355 3937 impotem
3385 3884 3468 3923 me
3506 3884 3621 3923 esse
3664 3870 3882 3921 omnino
3912 3872 4172 3923 confide»

2572 3975 2706 4011 rem.
2754 3959 3082 4012 l’rocurctnr
3127 3974 3255 4026 ergo
3296 3959 3447 4011 fessis
3477 3959 3701 4012 artubus
3746 3959 3884 4011 inter
3924 3958 4037 4011 haec
4068 3960 4140 4010 vi-

2569 4060 2714 4105 recta
2758 4051 3043 4103 ammuitas
3084 4049 3355 4118 paululum
3407 4049 3723 4113 diverteudi,
3761 4058 3819 4101 ut
3864 4050 4137 4101 redeunti-

2568 4146 2666 4197 bus
2696 4159 2791 4212 per
2830 4146 3077 4211 sopbretn
3126 4142 3326 4193 viribus
3365 4149 3595 4207 carptum
3634 4140 3886 4193 reddatur
3918 4139 4139 4192 facultas

2569 4233 2672 4286 iter
2709 4232 3018 4301 peragendi.
3064 4232 3205 4283 Inter
3246 4230 3351 4282 late
3398 4230 3633 4298 patentia
3673 4244 3889 4282 nemora
3934 4228 4136 4282 diffusis

2568 4324 2866 4388 frondibus,
2913 4323 3213 4376 virentibus
3253 4321 3393 4375 foliis
3433 4321 3657 4376 instanti
3698 4325 3772 4376 rei
3803 4331 3953 4392 grata
3988 4322 4138 4393 fagus

2567 4416 2780 4486 cligitur

2730 4524 2844 4572 llaec
2868 4524 2985 4570 alias
3008 4525 3138 4570 inter
3164 4530 3345 4570 tantum
3373 4530 3512 4582 caput
3533 4522 3709 4570 extulit
3730 4520 3880 4579 aluos,

2722 4592 2959 4644 Quantum
2984 4586 3113 4633 lenta
3137 4586 3296 4632 Solent
3330 4586 3456 4632 inter
3482 4588 3677 4632 viburna
3702 4598 3803 4645 cup:
3820 4585 3934 4633 esui.

2643 4689 2776 4743 lluie
2836 4688 3015 4755 itaque
3078 4686 3258 4740 arbori
3322 4686 3471 4740 ocius
3537 4701 3593 4740 se
3646 4687 3831 4740 subter
3896 4685 4137 4752 injiciunt

2568 4781 2736 4850 gratia
2793 4778 3122 4847 quiescendi.
3190 4776 3267 4830 ita
3324 4775 3581 4828 individui
3651 4776 3729 4829 sui
3798 4777 4013 4829 comitis
4075 4777 4130 4829 Β.

2569 4869 2842 4924 Bercbarii
2900 4868 3013 4922 solo
3088 4867 3461 4921 decumbentis
3519 4865 3778 4920 festinans
3842 4870 4136 4937 compos-bo

2569 4962 2771 5016 vertice
2822 4960 3028 5030 gremio
3084 4958 3290 5025 recipi,
3342 4956 3601 5010 sternitur
3653 4956 3741 5010 hic
3798 4957 3993 5025 patula:
4057 4972 4137 5010 re-

2568 5055 2770 5106 cubans
2816 5051 2914 5104 sub
2966 5049 3197 5117 tegmine
3232 5046 3360 5117 fagi.
3404 5047 3538 5113 Quid
3586 5061 3711 5101 vero
3744 5057 3869 5101 tunc
3897 5046 4134 5101 miraculi

2567 5142 2776 5195 caelitus
2800 5140 2868 5193 sit
2891 5148 3163 5193 ostensum
3196 5177 3210 5201 ,
3236 5136 3357 5207 styli
3390 5136 3513 5188 duxi
3554 5133 3726 5190 officio
3753 5152 3857 5189 non
3896 5130 4135 5205 improbe

2568 5231 2944 5282 intimandum.
2974 5237 3031 5281 ut
3055 5242 3300 5282 soneruae
3332 5225 3703 5279 illustrationis
3729 5226 3928 5279 veritas
3954 5234 4132 5279 osten-
