4482 5524
296 462 396 515 677

1505 462 1590 517 DE
1630 464 1785 518 VITA
1828 462 1885 515 S.
1927 459 2309 513 lllillClHRll.

3431 449 3533 503 678

297 574 576 634 scandere,
604 572 758 627 niveo
787 572 990 642 fulgore
1028 573 1324 626 radiantem
1345 614 1357 633 ,
1386 582 1545 642 atque
1567 575 1738 627 eidem
1779 574 1861 626 cui
1894 576 1939 632 Α
1970 569 2183 622 testaris
2206 569 2443 631 illatum,
2478 565 2758 620 manifesta
2791 568 2881 620 ltei
2911 566 3105 621 virtute
3125 563 3341 620 noveris
3372 560 3535 614 etiam

299 662 549 715 substrati
575 671 879 715 rnanseraut
908 664 1085 715 arbori
1116 662 1308 716 leuiter
1338 665 1671 717 insidentem.
1706 665 1863 718 Cum-

299 768 401 819 qne
430 756 481 805 in
509 767 624 803 earn
657 751 934 805 oculorum
965 752 1217 821 dirigeret
1245 753 1435 815 acienr,
1460 753 1740 820 diligenter
1769 770 1865 807 ex-

299 839 511 909 plorare
551 839 770 906 cupiens
793 879 807 897 ,
838 854 1096 906 quasnam
1141 840 1191 891 in
1218 850 1395 909 partes
1421 840 1531 893 ales
1558 841 1642 893 ille
1683 842 1868 894 niveus

302 931 570 984 declinare
596 931 926 993 decerneret,
954 938 1169 996 repente
1193 929 1395 983 alarum
1424 931 1598 983 soluto
1627 930 1867 996 renrigio,

302 1023 369 1074 ab
407 1022 601 1073 arbore
650 1020 736 1073 cui
780 1019 1048 1072 insederat
1094 1019 1333 1087 prosilit.
1364 1028 1417 1072 et
1464 1035 1715 1087 rrunpens
1747 1034 1868 1071 aera

305 1125 557 1169 vacuum.
588 1110 777 1161 futurae
812 1109 1042 1176 spatium
1073 1107 1285 1161 fabrica:
1320 1108 1709 1162 circunrvolans
1734 1147 1748 1168 ,
1796 1106 1872 1161 lo-

304 1216 423 1255 cum
450 1201 502 1253 in
523 1215 627 1266 quo
648 1198 947 1253 coenobium
962 1198 1195 1252 construi
1219 1197 1431 1262 debeat,
1455 1212 1584 1267 gyro
1607 1197 1871 1266 designat,

305 1294 593 1357 prmsentia
626 1286 943 1347 sanctificat,
963 1286 1173 1353 expleto
1195 1285 1294 1338 hoc
1319 1284 1653 1344 lustramine,
1691 1299 1875 1338 rursus

309 1386 431 1429 nota
466 1376 721 1443 recipitur
754 1376 968 1427 arbore.
1000 1375 1241 1443 Cumque
1279 1375 1494 1428 eosdem
1528 1375 1607 1426 sui
1646 1374 1877 1427 arnbitus

308 1466 536 1519 circulos
565 1464 685 1517 creli
731 1465 948 1516 rnrntius
975 1464 1041 1517 ad
1074 1462 1266 1516 futura:
1298 1463 1372 1516 rei
1425 1463 1695 1515 firmitatis
1741 1462 1878 1514 indi-

308 1553 447 1606 cium
484 1555 642 1605 tertio
685 1555 1003 1619 repetisset,
1052 1552 1253 1620 patenti
1302 1552 1439 1604 cmlo
1478 1551 1801 1609 reconditur,
1826 1560 1881 1603 et

312 1645 659 1698 nihilominus
707 1644 1014 1697 hominibus
1067 1644 1119 1695 in
1172 1653 1312 1696 terra
1344 1641 1659 1710 degentibus
1688 1642 1883 1694 divina:

310 1732 599 1785 voluntatis
623 1733 939 1801 przesagium
967 1732 1227 1799 aperitur,
1258 1740 1311 1785 et
1339 1745 1488 1783 nova:
1514 1730 1881 1783 admirationis

310 1823 596 1892 vestigium
624 1822 958 1890 relinquitur.
985 1822 1237 1891 lntelligit
1265 1821 1352 1874 hic
1374 1820 1460 1874 vir
1484 1829 1724 1881 sanctus,
1749 1835 1882 1889 puro

1970 657 2317 724 corporaliter
2346 656 2507 710 fuisse
2544 656 2930 724 conspicatum.

1972 762 2263 818 Cltilderico
2286 766 2529 833 jumnte,
2554 764 2815 816 errlesinm
2846 764 2901 815 S.
2936 760 3111 829 Petro,
3136 763 3295 817 aliam
3318 762 3382 817 Β.
3410 764 3532 818 Ια-

2484 837 2574 886 ria:
2605 846 2749 886 rural
2784 835 3034 887 dedicari.

2042 926 2126 979 fl.
2168 925 2263 979 His
2299 926 2454 996 igitur
2502 926 2722 981 alternis
2775 927 2844 980 ita
2895 926 3319 989 conserentibus,
3368 925 3537 980 altero

1971 1020 2184 1090 quidem
2212 1020 2351 1087 quod
2382 1020 2432 1072 in
2467 1020 2669 1073 somnis
2702 1028 2970 1081 senserat,
3020 1019 3189 1073 altero
3231 1032 3361 1074 vero
3398 1018 3541 1088 quod

1972 1111 2139 1166 oculis
2160 1112 2433 1179 corporeis
2456 1119 2768 1179 aspexerat,
2801 1126 2887 1165 res
2912 1111 2963 1164 in
3002 1118 3343 1181 prospectum
3378 1110 3544 1163 dedu-

1974 1201 2115 1255 citur
2144 1200 2318 1255 locum
2351 1199 2495 1253 illrrm
2526 1201 2763 1270 angelica
2806 1200 3214 1269 perlustratione
3252 1201 3541 1267 signatum,

1975 1292 2040 1345 ad
2072 1291 2331 1361 agendum
2356 1291 2547 1345 divine
2572 1292 2845 1345 scrvitrrtis
2872 1292 3182 1360 obsequium
3210 1292 3340 1343 mira
3368 1291 3548 1357 dispo-

1978 1382 2173 1435 sitione
2201 1398 2227 1434 a
2261 1380 2369 1435 Deo
2395 1395 2515 1435 esse
2545 1397 2703 1449 quam
2734 1384 3015 1451 dignanter
3043 1382 3288 1435 elo-etum.
3324 1383 3394 1436 Ita
3422 1398 3547 1434 vero

1978 1479 2227 1536 percepta
2269 1478 2430 1522 tanta!
2463 1471 2801 1522 rev-elationis
2856 1471 2921 1523 de
2950 1470 3256 1523 cu‘lestibus
3293 1471 3448 1523 simul
3498 1482 3549 1523 et

1982 1556 2362 1610 conmlatiunis
2389 1558 2555 1623 gratia
2589 1558 2843 1610 Certiores
2867 1560 3079 1625 utrique
3126 1558 3273 1617 facti,
3311 1568 3365 1611 et
3411 1559 3550 1625 quol

1981 1655 2097 1698 erat
2124 1647 2429 1711 ambiguum
2476 1646 2573 1696 loci
2622 1646 2984 1712 designatione
3014 1646 3316 1711 specialiter
3345 1646 3514 1699 edocti
3538 1685 3552 1705 ,

1984 1734 2105 1786 imlc
2136 1734 2292 1786 ambo
2320 1741 2675 1800 consurgunt,
2711 1749 2771 1786 ac
2804 1734 2881 1786 sic
2904 1734 3083 1786 oculos
3118 1735 3337 1787 antistes
3366 1734 3557 1786 beatis-

1984 1824 2150 1877 simus
2175 1824 2223 1876 iu
2256 1823 2448 1876 cmlum
2493 1823 2745 1892 dirigens,
2780 1822 2921 1874 illum
2964 1824 3204 1890 protinus
3235 1832 3336 1874 tota
3383 1824 3557 1875 t'ortlis

312 1920 367 1963 ut
398 1922 514 1963 erat
542 1912 750 1971 animo,
776 1912 986 1977 signum
1017 1925 1136 1964 esse
1168 1911 1406 1975 ccelcste,
1432 1924 1538 1979 quo
1564 1920 1617 1963 et
1645 1910 1897 1963 dnbitau-
1928 1920 1969 1975 lt
1999 1913 2291 1966 intentione
2318 1912 2647 1973 collaudatis,
2672 1912 2870 1979 gratias
2895 1912 3002 1979 egit
3028 1913 3078 1964 in
3106 1927 3260 1981 quem
3288 1911 3354 1964 ab
3374 1912 3559 1965 aeterni

313 2004 443 2053 tirnn
468 2003 629 2053 animi
664 2002 1029 2065 firnrarentur,
1060 2010 1114 2055 et
1142 2002 1231 2054 diu
1278 2002 1502 2055 dilatum
1529 2017 1663 2069 opus
1706 2002 1757 2054 in
1794 2000 1885 2054 Dei

313 2092 573 2143 servitute
601 2089 932 2143 fundaretur.
970 2090 1013 2145 Ο
1042 2091 1256 2145 beatum
1287 2092 1457 2144 virum
1484 2092 1565 2144 cui
1594 2090 1892 2143 ostenditur

314 2179 577 2246 corporali
630 2180 821 2232 intuitu
856 2180 1110 2249 angelicae
1152 2181 1383 2250 dignitas
1414 2182 1657 2243 visionis,
1687 2182 1737 2233 in
1772 2194 1893 2247 spe-

316 2271 396 2321 cie
424 2269 684 2322 columba:
715 2270 1018 2331 rutilantis,
1066 2270 1133 2323 ad
1166 2271 1624 2339 camprobandum
1655 2270 1893 2322 testimo-

316 2361 462 2412 nium
494 2360 811 2414 innoceutize
840 2369 893 2415 et
919 2363 1190 2430 puritatis.
1220 2364 1311 2415 Est
1352 2364 1517 2415 etiam
1570 2362 1621 2414 in
1681 2362 1781 2415 hac
1836 2377 1892 2414 re

317 2448 445 2499 ilhnl
479 2463 691 2515 quoque
724 2464 826 2502 non
866 2450 1044 2503 minus
1080 2450 1391 2504 admirabile
1415 2491 1429 2513 ,
1466 2452 1590 2519 quia
1623 2452 1763 2518 quod
1793 2450 1893 2502 iste

315 2538 685 2606 corporalibus
724 2539 1149 2607 deprehemlcrat
1194 2541 1385 2604 oculis,
1415 2540 1515 2593 hoc
1546 2540 1685 2591 idem
1714 2540 1895 2605 quies-

316 2643 446 2682 cens
476 2636 693 2681 sanctus
723 2627 960 2695 pontifex
988 2638 1231 2682 senserat
1253 2644 1444 2698 sopore
1470 2626 1703 2682 cmlestis
1728 2628 1890 2680 visio-

319 2720 425 2772 nis.
462 2718 563 2783 Qui
616 2734 735 2771 ctrru
788 2729 908 2786 post
960 2718 1348 2786 alitpiautuhnn
1400 2726 1664 2786 percepta:
1703 2718 1898 2785 quietis

316 2808 549 2875 spatium
580 2823 767 2861 somno
803 2809 1043 2871 excitus,
1080 2818 1240 2876 caput
1282 2808 1349 2861 ab
1376 2810 1495 2861 imis
1526 2823 1756 2876 superna
1808 2823 1896 2860 re-

318 2896 591 2950 velatione
620 2897 955 2963 praedoctus
983 2899 1217 2965 erigeret
1247 2913 1261 2949 :
1292 2897 1334 2951 Ο
1355 2938 1367 2958 ,
1396 2898 1599 2966 inquit,
1649 2907 1896 2950 votorum

320 3002 564 3042 meorum
595 3002 817 3055 compar
850 2989 1154 3042 fidelissime
1175 3030 1187 3052 ,
1218 3006 1377 3058 quam
1409 3000 1617 3055 gratum
1649 2991 1775 3043 mihi
1819 3000 1901 3044 est

322 3080 426 3131 hac
455 3078 729 3147 paululum
765 3080 934 3149 gratia
968 3082 1175 3147 soporis
1194 3097 1290 3150 pro
1324 3092 1561 3151 tempore
1586 3082 1865 3135 divertisse
1884 3123 1898 3143 ,

318 3186 483 3238 quem
512 3179 721 3223 constat
773 3187 866 3238 per
918 3171 1009 3224 Dei
1068 3175 1293 3242 gratiam
1342 3184 1504 3228 tantm
1560 3174 1901 3228 revelatiouis

1996 2000 2173 2054 Patris
2201 2011 2407 2053 secreto
2455 2000 2685 2068 Spiritus
2730 2011 2947 2054 sam-tus
2998 2003 3259 2070 corporali
3299 2004 3476 2071 specie
3509 2004 3559 2056 in

1992 2095 2233 2149 columba
2262 2094 2555 2153 descendit,
2581 2111 2643 2146 ac.
2672 2093 2863 2147 fluenta
2887 2093 3135 2147 Iordanis
3158 2096 3292 2147 sacri
3324 2097 3565 2163 corporis

1994 2183 2250 2236 tinctione
2305 2183 2355 2235 in
2416 2191 2717 2233 nostrorum
2768 2182 3093 2235 ablutionem
3142 2184 3565 2238 scelerumeué'o

1993 2283 2206 2341 patente
2244 2273 2438 2326 beavit.
2494 2272 2834 2325 Puer-edente
2888 2272 3065 2340 itaque
3110 2274 3159 2324 in
3209 2275 3563 2327 conditionem

1992 2367 2173 2418 arterui
2206 2364 2528 2417 tabernaculi
2562 2373 2711 2416 tanto
2737 2378 2797 2417 ac
2826 2364 2915 2417 tali
2947 2364 3181 2432 auspicio
3208 2383 3218 2416 :
3252 2365 3567 2433 Tibi,inquit

1994 2456 2058 2507 ad
2087 2453 2141 2506 Β.
2176 2452 2520 2507 Berchariurn
2547 2451 2741 2521 prmsul
2766 2453 2993 2506 eximius
3013 2492 3027 2515 ,
3063 2464 3269 2521 tiaeque
3297 2454 3570 2507 industrim

1996 2546 2099 2597 hoc
2124 2553 2370 2597 sanctum
2395 2558 2527 2611 opus
2551 2543 2774 2611 dispono
2803 2543 3157 2604 committere,
3185 2553 3241 2595 ut
3269 2559 3423 2611 quem
3450 2560 3572 2609 pru-

1998 2634 2175 2687 dentia
2222 2642 2273 2687 et
2316 2633 2600 2686 sanctitate
2640 2632 2933 2701 perfectum
2993 2648 3111 2687 esse
3150 2649 3251 2686 non
3293 2634 3526 2687 dubitem
3557 2675 3570 2693 ,

2001 2725 2296 2794 principem
2329 2738 2541 2791 quoque
2570 2722 2621 2775 in
2651 2722 3048 2775 constructione
3079 2722 3314 2776 ccclestis
3360 2722 3574 2776 fabrica:

2002 2824 2051 2866 te
2081 2812 2202 2878 jure
2230 2812 2580 2864 consciscam.
2606 2809 2755 2875 Quod
2778 2811 2858 2861 vir
2892 2810 3117 2871 Domini,
3140 2812 3330 2865 ardens
3360 2821 3417 2864 ιιι
3438 2821 3573 2873 erat,

2002 2904 2129 2956 totis
2166 2901 2388 2954 afﬂuens
2432 2902 2483 2953 in
2524 2901 2805 2953 Dourinurn
2852 2900 3184 2963 visceribus,
3231 2902 3315 2953 cui
3366 2901 3574 2953 inimica

2001 2993 2239 3064 profecto
2260 2992 2435 3046 omnis
2462 2991 2693 3062 ignavia,
2726 2991 2895 3044 amica
2940 3005 3064 3044 vero
3093 2989 3351 3044 indefessa
3384 2990 3581 3045 laboris

2004 3082 2309 3140 eflieacitas.
2338 3082 2564 3134 liberator
2590 3078 2910 3149 suscipiens,
2945 3087 3094 3131 tanto
3124 3078 3467 3147 amplectitur
3491 3079 3584 3132 de-

2007 3170 2225 3232 siderio,
2258 3179 2454 3237 quanta
2488 3168 2540 3220 in
2571 3182 2635 3220 eo
2666 3181 2891 3234 snperna
2925 3166 3094 3235 gratia
3138 3166 3449 3219 meritorum
3491 3181 3584 3219 cx-

322 3259 641 3327 uzystcrium
677 3259 889 3313 caelitus
920 3262 1223 3330 agnovisse.
1257 3264 1394 3318 Ecce
1435 3264 1577 3316 enim
1626 3265 1749 3318 hinc
1793 3264 1902 3333 jam
1935 3270 1977 3328 C
2010 3269 2255 3314 creverat
2286 3256 2615 3326 magnitudo.
2646 3256 2710 3310 Et
2748 3257 3000 3324 quoniam
3041 3256 3273 3323 seipsum
3315 3254 3424 3323 jam
3461 3265 3585 3309 ante

320 3349 475 3401 lzetus
504 3350 836 3418 progredior,
868 3351 1126 3405 ccelorum
1178 3353 1323 3421 signa
1379 3368 1597 3421 sequor,
1626 3354 1767 3421 qrrod
1820 3355 1905 3405 diu

319 3434 580 3489 differens
610 3439 771 3491 corde
802 3449 1161 3506 gestaveranr,
1182 3441 1440 3493 mirandae
1466 3441 1689 3495 visionis
1713 3456 1911 3494 arcano

324 3528 599 3580 maturius
655 3529 1075 3598 aggrediendum
1135 3546 1254 3584 esse
1300 3531 1591 3598 compellor
1635 3548 1649 3584 :
1705 3534 1799 3585 sed
1849 3549 1913 3586 ne

321 3614 543 3685 longius
572 3632 658 3670 res
691 3618 963 3686 inopinata
1009 3629 1059 3672 te
1102 3621 1343 3682 duxerit,
1370 3622 1493 3688 quid
1548 3622 1770 3675 viderim
1818 3639 1912 3691 pa-

324 3717 510 3760 lcntcr
541 3708 786 3775 expedio.
817 3707 884 3760 Et
908 3710 1055 3777 prius
1080 3711 1394 3778 prtescntias
1426 3709 1513 3763 hic
1550 3725 1670 3763 esse
1701 3712 1914 3765 domum

320 3798 440 3863 Dei,
470 3808 530 3851 ut
567 3795 875 3852 felicissimo
903 3802 1170 3867 quondanr
1204 3801 1423 3867 antiquo
1465 3801 1817 3868 patriarchae,
1863 3810 1918 3853 et

322 3902 543 3961 portam
580 3892 700 3945 ρωιί
759 3892 888 3944 mihi
943 3892 1158 3958 indigno
1196 3892 1393 3946 Christi
1450 3892 1660 3945 Domini
1717 3890 1918 3945 famqu

319 3983 591 4035 divinitus
618 3990 913 4035 ostensam.
969 3981 1101 4035 Nam
1136 3999 1256 4036 mox
1316 3982 1599 4036 submissis
1648 3984 1874 4037 artubus
1905 4023 1919 4045 ,

320 4074 510 4126 subito
541 4073 631 4126 hic
658 4086 850 4141 sopore
882 4082 1201 4142 prmi-cptus,
1232 4089 1351 4126 cum
1388 4075 1476 4128 vix
1527 4076 1576 4127 in
1612 4073 1920 4127 utramlibet

321 4173 538 4231 partem
575 4162 657 4214 vis
703 4172 909 4215 naturze
945 4165 1309 4231 quiescentem
1366 4164 1688 4232 impelleret,
1736 4164 1922 4216 videre

322 4254 456 4305 mihi
495 4253 689 4305 videor
719 4268 744 4303 a
768 4254 1014 4321 supernis
1047 4254 1217 4307 instar
1248 4255 1385 4308 nivei
1412 4256 1661 4309 candoris
1686 4255 1919 4322 speciem

321 4344 524 4397 adesse
558 4342 846 4406 columba-,
876 4358 993 4411 qua:
1040 4354 1153 4413 post
1211 4345 1369 4412 hujus
1419 4345 1629 4399 arboris
1678 4360 1919 4406 sessum,

322 4452 430 4487 non
472 4437 688 4487 incerta
720 4450 825 4500 quo
852 4435 1111 4497 tenderet,
1144 4435 1317 4489 locum
1350 4435 1491 4488 hunc
1517 4435 1735 4504 praepeti
1762 4449 1923 4487 cursu

320 4525 565 4578 volando
592 4524 891 4593 praecingit,
922 4526 1167 4594 trinoque
1197 4540 1329 4594 gyro
1365 4540 1516 4593 teque
1557 4534 1774 4594 peracto
1802 4523 1921 4577 cadi

2012 3346 2245 3415 Spiritus
2271 3346 2441 3399 sancti
2480 3344 2732 3412 templum
2768 3344 2979 3396 virtutis
3005 3343 3278 3406 effecerat,
3316 3343 3429 3411 ipse
3454 3359 3587 3411 quo-

2013 3452 2115 3505 que
2145 3446 2373 3491 terrena:
2423 3435 2577 3489 molis
2619 3434 3013 3502 pulchritudine
3061 3434 3314 3503 templum
3362 3434 3589 3487 Domino

2014 3527 2186 3581 oculis
2214 3526 2375 3579 etiam
2411 3525 2703 3593 spectabile
2752 3522 2974 3576 fundare
3002 3523 3287 3592 exoptabat
3313 3563 3327 3583 ,
3357 3523 3591 3577 confisus

2015 3616 2263 3669 videlicet
2294 3614 2530 3682 undique
2564 3623 2669 3666 tam
2699 3613 2878 3667 divino
2908 3628 3067 3679 quam
3100 3614 3292 3666 srnnmi
3325 3613 3591 3682 pontificis

2017 3707 2070 3759 in
2099 3704 2305 3759 cunctis
2339 3702 2559 3756 auxilio.
2611 3700 2742 3754 Nam
2785 3710 2838 3753 et
2892 3700 3156 3754 universis
3201 3702 3279 3752 sui
3341 3703 3593 3769 temporis

2023 3797 2352 3850 Francorum
2378 3794 2611 3863 regibus,
2638 3793 2903 3861 episcopis
2924 3807 3135 3861 quoque
3156 3807 3218 3845 ac
3244 3793 3401 3861 regia:
3422 3791 3595 3860 digni»

2023 3887 2149 3940 tatis
2182 3885 2495 3954 proceribus
2543 3893 2650 3937 tam
2696 3893 2908 3952 gratum
2952 3883 3443 3952 acceptabilcnique
3472 3899 3595 3935 eum

2020 3988 2225 4032 certum
2258 3986 2339 4031 est
2380 3976 2685 4038 exstitisse,
2714 3984 2769 4027 ut
2804 3976 2846 4029 si
2882 3976 3009 4044 quid
3053 3974 3103 4029 in
3145 3975 3340 4029 divinis
3367 3975 3601 4028 cultibus

2023 4084 2114 4123 seu
2156 4067 2317 4121 etiam
2372 4076 2597 4119 terrente
2655 4064 3053 4118 commoditatis
3108 4064 3603 4134 opportunitatibus

2022 4156 2171 4211 cordi
2202 4164 2375 4217 esset,
2404 4156 2471 4208 ab
2501 4154 2578 4207 eis
2604 4152 2759 4206 facile
2788 4152 3057 4207 obtineret
3088 4169 3101 4204 :
3131 4153 3273 4221 quod
3322 4153 3372 4206 in
3404 4169 3598 4207 conse-

2024 4247 2311 4318 quentibus
2341 4259 2551 4318 quoque
2595 4243 2820 4311 diligens
2872 4242 3041 4296 lector
3071 4258 3168 4296 suo
3212 4243 3326 4296 loco
3355 4252 3608 4309 patenter

2022 4339 2220 4408 poterit
2252 4336 2510 4400 invenire,
2535 4336 2577 4391 si
2603 4350 2665 4389 ea
2688 4351 2805 4405 qua:
2828 4334 3057 4388 diversis
3087 4335 3413 4402 temporibus
3444 4335 3606 4403 regia:

2028 4426 2324 4496 maiestatis
2355 4440 2417 4479 ac
2431 4424 2761 4479 Francorum
2793 4422 3093 4491 principum
3118 4422 3479 4475 munificentia
3497 4423 3603 4474 siti

2027 4532 2283 4573 concessa
2311 4515 2531 4578 fuerint,
2568 4526 2851 4567 recensere
2890 4511 3114 4565 voluerit
3146 4510 3421 4565 beneficia.
3461 4510 3610 4577 Quo-

323 4630 598 4670 cacutnen
649 4616 840 4667 tendit.
892 4615 1061 4669 Credo
1091 4617 1339 4684 equidem
1379 4615 1478 4669 hoc
1505 4614 1615 4684 spei
1654 4625 1924 4683 concepta:
1957 4604 2004 4661 D
2032 4624 2148 4661 rum
2180 4606 2433 4660 videlicet
2465 4602 2634 4657 fultus
2656 4601 2981 4657 auctoritate
3008 4609 3062 4654 et
3083 4601 3273 4670 gratia,
3297 4599 3407 4667 jam
3438 4610 3605 4653 uratu-

323 4708 640 4775 prolicuum
670 4718 697 4755 a
727 4702 835 4757 Deo
870 4716 1198 4772 portentum,
1232 4714 1287 4756 ut
1336 4707 1477 4773 quod
1525 4714 1643 4759 erat
1674 4713 1797 4759 voto
1840 4722 1924 4758 su-

326 4805 621 4866 sceptum,
651 4792 762 4859 jam
790 4796 931 4847 ctelo
972 4804 1337 4863 pra-monente
1377 4794 1447 4848 sit
1495 4794 1725 4849 celerius
1771 4808 1923 4848 exse-

324 4888 634 4957 quendum.
695 4884 894 4938 Sancto
942 4886 1054 4940 ha-c
1110 4887 1362 4956 pontifice
1420 4894 1750 4956 perorante:
1798 4885 1919 4953 Mc,

326 4980 504 5050 inquit
534 4978 602 5031 Β.
643 4976 965 5031 Bcrrharius
995 4979 1083 5046 qui
1115 4988 1299 5031 sancto
1326 4978 1446 5030 viro
1481 4976 1669 5046 gremii
1702 4976 1784 5029 sui
1842 4991 1924 5030 re-

326 5070 689 5127 clinatorium
749 5070 976 5131 fecerat,
1031 5069 1322 5137 quidquid,
1355 5078 1507 5135 pater
1538 5067 1878 5120 sanctissime
1906 5106 1921 5132 ,

326 5161 541 5217 caelesti
601 5157 857 5230 prodigio
911 5157 962 5210 in
1014 5159 1217 5212 visione
1265 5157 1485 5224 spiritus
1533 5155 1787 5209 divinitus
1831 5156 1923 5209 tibi

330 5338 557 5383 somno,
592 5331 665 5369 ex
706 5310 1089 5390 Iaerymisejus
1116 5310 1305 5390 faciem
1346 5307 1443 5361 sibi
1486 5306 1697 5390 reperit.
1733 5306 1915 5390 rutam,

2029 4698 2141 4750 rius
2166 4693 2546 4764 eumponenda:
2576 4691 2792 4747 fabricae
2819 4692 3045 4759 negotiis
3074 4689 3393 4759 accingitur,
3421 4690 3607 4759 copias

2025 4799 2334 4856 sumptumn
2367 4792 2664 4854 praeparat,
2718 4790 2772 4836 et
2826 4782 3074 4835 universa
3118 4796 3235 4849 qua:
3279 4788 3425 4833 tanto
3454 4781 3605 4849 operi

2025 4878 2328 4935 necessaria
2362 4875 2682 4929 videbantur
2711 4871 2929 4927 sedulus
2953 4878 3203 4939 operator
3222 4870 3477 4937 assignat.
3506 4869 3607 4921 Ita-

2025 4986 2129 5041 que
2160 4972 2212 5025 in
2244 4966 2537 5038 supradicti
2574 4946 2775 5035 praedio
2801 4962 2902 5015 loci
2934 4963 3072 5030 quod
3103 4961 3154 5015 in
3181 4960 3371 5015 declivi
3411 4961 3617 5015 montis

2030 5063 2198 5118 latere
2226 5064 2306 5132 (ut
2356 5058 2611 5126 diximus)
2642 5056 2805 5109 situm
2834 5093 2849 5116 ,
2898 5053 3115 5106 reducto
3170 5050 3440 5119 profusius
3490 5050 3612 5105 sinu

2032 5151 2450 5223 pulcherrimam
2479 5144 2800 5201 blandientis
2828 5142 3156 5197 armenitatis
3180 5141 3454 5211 planitiem
3492 5142 3621 5195 red-

2032 5301 2141 5382 illic
2174 5301 2401 5359 habens,
2432 5296 2503 5349 ibi
2531 5293 2987 5390 leonservazrbatur;

2646 5373 2688 5390 al
2746 5362 2856 5390 Αἶα-η
2927 5362 3171 5390 ΑΛηιιηυῖΙ
3241 5362 3576 5390 νιιΙοιηΙσὶΙΔινι
