4482 5524
867 443 971 499 670

1973 427 2261 485 ADSONIS
2298 425 2433 482 DER
2445 423 2681 479 VENSIS
2721 424 3008 480 ABBATIS

4038 424 4140 481 680

867 558 966 620 dit,
999 564 1161 623 atque
1204 553 1258 606 in
1308 558 1600 622 prospectu
1655 561 1753 601 suo
1798 544 2129 614 subjacentua
2190 542 2446 595 Materna:
2477 546 2523 600 Α
2556 554 2652 592 nec
2675 554 2853 591 sermo
2881 552 3091 606 capere,
3126 552 3223 590 nec
3256 537 3432 607 lingua
3471 538 3576 590 ullo
3606 540 3763 593 modo
3790 540 3930 593 valet
3957 542 4131 609 CXplt-

866 645 1101 699 flumiuis
1131 643 1290 713 longe
1340 642 1554 709 lateque
1597 638 1778 691 littora
1826 633 2281 700 circumdcspicit,
2314 630 2447 683 mul-

867 736 1011 790 eenti
1039 737 1270 805 quadam
1301 732 1523 787 visionis
1554 729 1827 798 voluptate
1868 724 2178 795 compellat.
2215 724 2281 776 ab
2311 722 2447 774 anti-

867 840 974 895 quo
1000 822 1367 878 Altumvillare
1391 833 1586 875 nomen
1609 824 1908 886 acceperat,
1933 813 2183 883 angelicae
2207 812 2449 880 designa-

868 915 1032 969 tionis
1062 913 1294 983 spatium
1323 919 1381 964 ut
1408 907 1623 964 caelitus
1647 915 1920 961 ostensum
1952 902 2147 964 fuerat,
2174 914 2447 952 murorum

873 1005 1075 1058 ambitu
1126 1002 1289 1070 jactis
1332 996 1696 1053 fundamentis
1723 993 2116 1063 complectitur,
2157 1000 2450 1056 onmesque

868 1094 1013 1147 illius
1053 1092 1289 1161 parietes
1332 1088 1542 1143 mdificii
1594 1090 1660 1139 ad
1704 1084 1919 1153 modum
1950 1082 2208 1136 columhze
2240 1080 2292 1133 in
2325 1092 2450 1131 aere

866 1184 1196 1254 permeantis
1219 1188 1466 1250 suspecta
1501 1175 1881 1247 permensione
1909 1180 2166 1225 metatur.
2198 1168 2305 1223 Nec
2328 1178 2451 1222 ante

866 1276 1029 1330 divini
1082 1273 1304 1328 cultoris
1345 1284 1509 1340 opera
1559 1265 1997 1324 destitit.doncc
2050 1274 2286 1329 superna
2343 1274 2447 1310 an-

867 1374 1068 1420 nuente
1116 1362 1484 1432 providentia,
1517 1356 1806 1413 Childerici
1841 1354 2003 1408 etiam
2038 1352 2179 1420 regis
2210 1350 2447 1402 Franco-

867 1471 986 1508 rum
1028 1468 1089 1507 ac
1130 1452 1265 1506 saeri
1315 1448 1575 1503 antitistis
1628 1445 1926 1515 opitulante
1973 1440 2287 1500 clementia,
2317 1453 2451 1506 epns

868 1547 1011 1614 quod
1040 1546 1105 1599 ad
1157 1544 1367 1597 laudem
1425 1540 1519 1595 Dei
1565 1546 1877 1606 susceperat
1901 1544 2082 1604 eptata
2122 1531 2451 1601 perfectione

867 1634 1187 1705 compleret.

1082 1764 1138 1820 Μ
1144 1762 1464 1818 onasterium
1494 1758 1646 1812 rebus
1668 1765 1715 1810 et
1744 1754 1978 1825 personis
2010 1751 2237 1805 instruit.

2552 646 2697 683 care.

2554 716 2789 771 Nirardo
2820 729 3047 787 mortuo,
3082 720 3378 777 virtutibus.
3420 720 3687 774 miraculis
3726 730 3774 774 et
3816 721 4130 773 auctoritate

3219 791 3479 842 clarescit.

2626 896 2708 947 '15.
2735 896 2804 949 At
2830 913 2957 953 vero
2986 916 3107 954 cum
3140 900 3190 953 in
3231 900 3313 952 his
3344 908 3654 950 sanctorum
3687 913 3909 966 eperum
3940 899 4131 951 studiis

2551 997 2712 1051 quam
2762 985 2994 1055 gloriose
3038 996 3349 1042 tenerentur
3393 987 3579 1039 inserti
3608 1026 3622 1049 ,
3653 999 3851 1041 sanctzn
3877 988 4131 1041 exhorta-

2553 1074 2713 1128 tionis
2738 1076 2963 1144 gratiam
2997 1093 3092 1147 per
3114 1078 3337 1147 populos
3375 1076 3719 1131 infundentes
3767 1087 3822 1131 et
3859 1078 3925 1129 ad
3966 1087 4127 1129 tuter-

2551 1166 2737 1220 uitatis
2771 1168 2996 1235 gloriam
3056 1186 3490 1241 quaquaversum
3534 1172 3743 1223 animos
3788 1170 4019 1223 fidelium
4053 1170 4133 1222 in-

2551 1256 2813 1321 citantes,
2843 1272 2963 1311 eum
2989 1258 3101 1326 jam
3158 1276 3387 1331 superna
3422 1260 3705 1313 clementia
3755 1261 4015 1313 antistitis
4050 1260 4130 1313 sui

2552 1345 2768 1401 Nivardi
2834 1349 2996 1402 vitam
3065 1351 3388 1405 laudabilem
3452 1362 3719 1421 perpetuac
3776 1351 4134 1419 jucunditatis

2552 1439 2877 1492 commercio
2906 1454 3257 1510 compensare
3287 1451 3341 1494 et
3372 1458 3467 1509 pro
3500 1441 3681 1494 lahore
3717 1442 3865 1495 brevi
3899 1442 4131 1510 palmam

2552 1527 2878 1585 decrevisset
2925 1535 3292 1602 permanentis
3355 1538 3649 1603 rependere
3695 1535 3877 1604 gloria:
3905 1577 3917 1596 ,
3972 1551 4135 1603 opere

2558 1619 2853 1687 perfectus,
2888 1624 3180 1677 virtutibus
3212 1635 3636 1688 consummatus,
3680 1624 3997 1678 adveniente
4026 1622 4134 1677 Ka-

2553 1708 2830 1765 lendarum
2861 1712 3258 1783 Septembrium
3292 1718 3397 1779 die,
3430 1718 3619 1770 mortis
3644 1718 3869 1770 nexibus
3917 1717 4135 1771 absolu-

2555 1807 2640 1853 tus
2667 1802 2916 1871 migravit
2946 1807 3013 1858 ad
3049 1807 3353 1871 Dominum,
3388 1808 3557 1861 beaLe
3585 1807 4009 1861 immortalitatis
4032 1818 4138 1860 sto-

938 1906 1025 1961 12.
1056 1906 1131 1959 Ea
1173 1919 1305 1959 vero
1360 1900 1543 1963 arbor,
1572 1911 1691 1965 qua:
1726 1894 1997 1964 quondam
2041 1888 2445 1960 opulentissium
2482 1892 2523 1948 Β
2554 1894 2655 1947 lam
2681 1906 3027 1962 consecutus,
3051 1900 3362 1969 angelorum
3391 1900 3691 1969 agminibus
3718 1900 3767 1951 in
3794 1898 3883 1953 illa
3906 1899 4141 1953 caelestis

866 1996 1023 2065 fagus
1053 1999 1317 2065 steterat,
1358 1990 1411 2043 in
1448 2002 1555 2058 qua
1587 1985 1835 2040 columba
1874 1980 2086 2036 coalitus
2114 1978 2312 2032 emissa
2339 1977 2451 2045 pri-

865 2088 989 2141 dem
1014 2064 1312 2147 rcse.derat,
1339 2097 1402 2136 ac
1424 2095 1523 2135 suo
1544 2092 1676 2148 gyro
1703 2076 1863 2131 sitmn
1890 2070 2201 2126 monasterii
2227 2068 2454 2123 volando

866 2182 1230 2246 expresserat,
1268 2172 1449 2227 habita
1477 2166 1866 2224 deliberatione
1899 2162 2212 2223 succiditur,
2262 2168 2315 2213 et
2344 2158 2454 2213 col-

866 2268 989 2321 la.is
1033 2267 1085 2318 in
1133 2276 1419 2318 commune
1450 2259 1692 2314 omnium
1743 2255 1914 2317 votis,
1942 2254 1995 2306 in
2034 2252 2154 2305 loco
2184 2250 2268 2305 cui
2299 2249 2453 2302 afﬁxa

866 2358 1061 2420 fuerat,
1092 2367 1242 2408 aram
1300 2351 1352 2405 in
1383 2347 1731 2404 veneratione
1777 2342 1838 2396 Β.
1883 2342 2028 2395 Petri
2087 2338 2451 2409 apostolorum

864 2444 1123 2515 principis
1154 2440 1266 2512 (3|)
1304 2438 1512 2493 statuit.
1556 2436 1637 2490 Ad
1664 2431 2129 2489 consecrationem
2164 2442 2291 2481 vero
2319 2427 2456 2481 basi-

867 2538 985 2589 licae
1027 2550 1148 2590 cum
1205 2532 1263 2586 S.
1298 2528 1533 2585 Nivardo
1578 2524 1992 2593 metropolitano
2029 2519 2315 2590 pontifice,
2364 2518 2453 2571 ahi

866 2628 1031 2681 etiam
1061 2623 1299 2694 episcopi
1332 2620 1688 2681 conveniunt,
1728 2617 1905 2670 clerus
1958 2612 2134 2666 omnis
2176 2620 2230 2664 et
2275 2624 2455 2663 nume-

866 2732 1002 2772 rosae
1027 2716 1211 2784 plebes
1238 2714 1520 2781 utriusque
1566 2723 1727 2763 sexus
1776 2708 2008 2768 irruunt,
2041 2717 2293 2772 proceres
2318 2714 2451 2768 quo-

862 2822 969 2877 que
1000 2807 1329 2860 Francorqu
1358 2817 1463 2856 non
1508 2798 1704 2853 minori
1744 2805 1868 2850 voto
1897 2800 2245 2852 concurrunt,
2270 2800 2324 2843 et
2362 2802 2457 2857 per

864 2896 925 2948 il.
956 2894 1055 2947 viri
1085 2892 1359 2948 Bercharii
1391 2904 1527 2959 opus
1550 2886 1814 2941 laudabile
1846 2884 1898 2937 in
1929 2883 2020 2937 Dei
2064 2881 2311 2934 laudibus
2338 2877 2453 2947 pari

863 2998 1056 3038 omnes
1093 2980 1464 3051 magnitudine
1501 2973 1859 3045 jucunditatis
1915 2970 2207 3024 exsultant.
2262 2966 2318 3019 ln
2366 2981 2455 3017 au-

864 3074 1016 3131 strali
1050 3088 1177 3128 vero
1206 3070 1445 3140 ejusdem
1478 3071 1674 3123 montis
1721 3066 1922 3126 latere,
1954 3062 2113 3115 aliam
2145 3059 2341 3113 struxit
2372 3057 2457 3109 vir

866 3173 1090 3219 sanctus
1119 3163 1438 3224 ecclesiam,
1486 3173 1646 3228 quam
1675 3156 1953 3228 genitricis
1998 3154 2089 3206 Dei
2141 3160 2195 3205 et
2244 3148 2451 3203 Domini

2558 1988 2724 2042 curia;
2753 1989 3012 2057 dignitate
3034 1992 3271 2045 concivis
3300 1991 3474 2046 factus
3498 2032 3513 2057 ,
3559 1991 3919 2060 apostolorum
3972 1990 4142 2060 parti-

2562 2094 2711 2147 ceps,
2730 2092 3025 2152 martyrum
3040 2093 3093 2137 et
3110 2084 3479 2139 eonfessorum
3496 2086 3754 2147 cohan'es,
3774 2084 3912 2137 illius
3930 2082 4121 2136 insatia

2558 2167 2738 2224 biliter
2769 2183 2986 2239 aspectu
3019 2173 3214 2227 fruitur
3237 2215 3252 2238 ,
3298 2176 3451 2244 cujus
3478 2190 3633 2228 amor
3676 2175 3743 2226 ab
3774 2174 3890 2242 ejus
3924 2182 4143 2241 pectore

2559 2276 2835 2330 nunquam
2886 2265 3177 2320 recessisse
3212 2276 3419 2321 certum
3468 2276 3699 2321 tenetur.
3752 2265 3851 2332 Qui
3880 2266 4004 2319 licet
4046 2278 4142 2333 pro

2559 2352 2675 2423 lege
2700 2356 2880 2409 carnis
2927 2356 3170 2412 debitum
3230 2359 3454 2414 solverit
3500 2360 3747 2413 hun‘iame
3777 2358 4101 2411 conditionis
4125 2397 4140 2419 ,

2559 2444 2689 2497 vivit
2728 2454 2904 2499 tamen
2937 2447 2988 2501 in
3014 2448 3181 2516 gloria
3217 2461 3485 2520 perpetua:
3515 2450 3915 2513 exsultatiouis,
3946 2450 4145 2502 nostris

2558 2543 2736 2587 autem
2763 2535 2870 2590 illic
2901 2538 3269 2605 proculdubio
3297 2541 3529 2594 miseriis
3561 2539 3901 2609 praestantius
3934 2580 3948 2603 ,
3982 2540 4026 2593 si
4072 2554 4137 2592 ex

2558 2623 2719 2677 corde
2748 2635 2964 2693 rogatus
2990 2624 3169 2689 fuerit,
3196 2643 3483 2681 occurrere
3506 2637 3748 2696 paratus,
3774 2635 3975 2695 quanto
4001 2643 4141 2679 nunc

2558 2716 2832 2782 potentius
2857 2717 2927 2769 illi
2955 2732 3166 2771 summo
3207 2729 3368 2788 atque
3402 2720 3655 2773 invisibili
3709 2718 3919 2787 spiritui
3965 2717 4144 2771 cerni-

2560 2816 2647 2859 tur
2676 2821 2793 2860 esse
2823 2808 3144 2877 conjunctus
3172 2849 3186 2872 ,
3219 2824 3315 2877 per
3343 2809 3597 2862 virtutem
3626 2809 3875 2862 universa
3922 2807 4144 2862 scientis

2559 2896 2671 2964 ipse
2697 2897 2840 2950 scius
2878 2900 3116 2951 omnium
3160 2914 3224 2951 ae
3268 2900 3552 2953 exauditor
3596 2896 3838 2952 effectus.
3870 2897 3950 2950 Ad
3994 2895 4145 2964 cujus

2558 2989 2843 3057 exsequias
2869 2992 3113 3059 corporis
3148 3000 3253 3044 tota
3281 2990 3570 3045 Remorum
3597 2990 3790 3044 civitas
3813 2990 3941 3050 ruit,
3967 2989 4145 3041 clerus

2560 3090 2619 3128 ac
2643 3077 2867 3145 populus
2891 3080 3171 3148 utriusque
3194 3095 3355 3135 sexus
3376 3080 3651 3145 convenit,
3674 3095 3740 3134 ex
3770 3080 3961 3133 vicinis
3981 3080 4141 3134 etiam

2559 3165 2780 3221 urbibus
2806 3168 2958 3223 multi
2991 3169 3278 3223 adfuerunt
3319 3171 3447 3223 tanti
3479 3171 3711 3239 pastoris
3732 3185 4014 3225 excessum
4045 3172 4144 3222 ad-

867 3257 1037 3310 nostri
1068 3254 1195 3309 Jesu
1228 3252 1429 3308 Christi
1477 3264 1690 3318 semper
1720 3247 1948 3317 virginis
2005 3244 2185 3297 Maria:
2238 3240 2453 3294 nomine
2483 3233 2526 3292 C
2564 3257 2632 3309 mi

2374 3256 2453 3291 ιιιυ
2483 3233 2526 3292 C
2564 3257 2737 3311 mistis
2776 3259 2863 3327 pio
2908 3260 3125 3313 mmrori
3169 3260 3492 3330 hymnorum
3523 3260 3852 3315 solemnibus
3872 3260 4144 3329 obsequiis

866 3346 1113 3401 decrevit
1134 3344 1524 3399 honorandam.
1550 3342 1713 3410 Septa
1740 3339 1901 3392 etiam
1921 3333 2230 3389 monasterii
2256 3341 2309 3385 et
2337 3331 2456 3383 uni-

864 3455 1054 3495 versas
1076 3445 1449 3505 competentes
1489 3432 1696 3487 ordinis
1740 3428 1981 3483 officinas
2004 3465 2019 3490 ,
2048 3425 2113 3477 ad
2142 3421 2455 3477 sectandam

864 3532 990 3585 vita:
1036 3528 1301 3597 regularis
1340 3522 1739 3581 observantiam
1786 3516 2203 3589 prudentissime
2233 3526 2425 3581 compo

868 3622 1000 3685 sttit,
1016 3619 1331 3675 mouasticze
1354 3612 1780 3671 conversationis
1802 3609 1948 3662 viros
1966 3606 2244 3675 religiosos
2269 3616 2457 3672 aggre-

867 3712 1038 3782 gavit,
1061 3720 1115 3764 et
1130 3716 1323 3763 cuncta
1343 3720 1463 3775 quae
1484 3704 1611 3757 huic
1634 3699 1811 3756 ordini
1835 3696 2115 3753 commoda
2142 3693 2458 3763 judicaban-

871 3814 983 3868 tur,
1009 3802 1295 3871 diligenter
1336 3796 1596 3866 implevit.
1646 3793 1906 3862 Copiosos
1948 3804 2077 3843 vero
2132 3786 2455 3855 prmdiorum

872 3902 1119 3962 sumptus
1152 3889 1526 3946 sanctissimus
1553 3885 1800 3946 antistes,
1837 3892 1945 3936 tam
1975 3896 2036 3935 ea
2064 3895 2181 3948 qua:
2210 3878 2289 3933 sui
2319 3878 2457 3946 juris

866 4002 989 4042 esse
1012 3984 1529 4050 videbantur,qnam
1557 3994 1675 4047 qua:
1698 3977 1860 4030 etiam
1883 3976 2041 4029 beato
2066 3970 2458 4025 interveniente

867 4076 1159 4134 Berchario
1178 4074 1247 4130 ab
1270 4074 1397 4145 ipsis
1411 4072 1744 4127 Francorum
1766 4064 2093 4138 primoribus
2112 4061 2340 4118 obtineri
2366 4075 2458 4131 po-

868 4178 1065 4226 terant.
1083 4170 1137 4223 in
1164 4164 1500 4221 necessarios
1523 4173 1803 4216 servorum
1832 4157 1922 4212 Dei
1949 4154 2213 4224 delegavit
2234 4168 2381 4215 usus,
2400 4160 2458 4204 ut

867 4260 1122 4317 videlicet
1151 4259 1203 4311 in
1231 4257 1417 4312 eodem
1443 4252 1694 4309 ρωποι)ἰο
1720 4258 1774 4305 et
1795 4248 1991 4303 merito
2021 4257 2074 4301 et
2105 4260 2330 4300 numero
2358 4260 2454 4315 po-

866 4351 1027 4423 pulus
1072 4349 1181 4403 Deo
1208 4347 1449 4401 serviens
1497 4343 1778 4411 utriusque
1824 4339 2097 4393 laboribus
2147 4342 2453 4405 augeretur.

868 4442 995 4497 llzec
1016 4448 1142 4494 sunt
1169 4438 1335 4508 igitur
1358 4433 1517 4502 hujus
1554 4432 1611 4485 Β.
1640 4432 1818 4485 Patris
1842 4430 2009 4485 nostri
2033 4428 2307 4482 Bercharii
2340 4441 2455 4479 ma-

867 4545 1095 4602 gnorum
1118 4542 1339 4597 operum
1372 4533 1555 4580 sancta
1582 4521 1843 4592 principia
1874 4538 1886 4573 :
1913 4520 2007 4574 sed
2037 4519 2213 4573 adhuc
2247 4524 2455 4571 restant

2564 3348 2922 3418 assignantes.
2957 3349 3124 3417 Cujus
3154 3352 3370 3417 quidem
3400 3366 3594 3420 corpus
3640 3352 3871 3405 diversis
3919 3350 4142 3420 populo-

2564 3453 2679 3490 rum
2708 3439 2938 3491 catervis
2984 3440 3346 3508 constipatum
3404 3456 3574 3509 usque
3630 3442 3696 3494 ad
3747 3439 4026 3493 basilicam
4087 3439 4139 3491 S.

2562 3530 2792 3597 Remigii
2822 3546 2849 3583 a
2885 3530 2942 3584 S.
2976 3531 3265 3585 Berchario
3294 3548 3390 3586 nec
3418 3549 3521 3585 non
3550 3540 3605 3586 et
3632 3532 3835 3585 sanctis
3873 3529 4136 3600 pontiﬁci-

2560 3623 2662 3677 bus
2686 3624 2776 3690 qui
2807 3639 2867 3677 ea
2913 3624 2997 3676 die
3048 3623 3172 3677 illnc
3215 3624 3622 3685 confluxerant,
3674 3623 3923 3677 universa
3967 3622 4144 3690 gregis

2561 3715 2644 3766 sui
2673 3714 3010 3767 multitudine
3042 3725 3400 3783 prosequente
3425 3758 3438 3778 ,
3473 3715 3741 3785 condigne
3790 3715 3995 3768 honore
4048 3714 4142 3767 de-

2562 3803 2751 3869 fertur,
2787 3820 2850 3859 ac
2882 3804 3161 3857 excellenti
3212 3806 3485 3859 mausoleo
3518 3805 3856 3860 condentium
3885 3845 3901 3868 ,
3952 3806 4145 3857 decen-

2562 3896 2825 3950 tissitnam
2880 3896 3078 3949 ibidctn
3109 3896 3319 3964 accepit
3374 3895 3752 3964 sepulturam,
3802 3893 4146 3964 sanctissimo

2559 3987 2676 4040 viro
2731 3985 3028 4039 Bcrchario
3090 3985 3141 4039 in
3206 3962 3515 4054 supradicto
3560 3985 3844 4037 Altivillari
3892 3962 4144 4039 ccenobio

2560 4077 2794 4148 glorioso
2840 4076 3052 4147 prtesuli
3104 4078 3392 4146 superstite
3447 4076 3654 4131 relicto.
3694 4075 3794 4143 Qui
3832 4075 3958 4130 licet
4013 4075 4143 4129 tanti

2560 4170 2728 4238 patris
2760 4170 2919 4223 fuerit
2948 4168 3209 4223 solamine
3239 4168 3548 4232 destitutus,
3585 4183 3923 4236 nequaquam
3963 4176 4140 4219 tamen

2560 4275 2589 4313 a
2619 4259 2778 4328 empti
2808 4259 2986 4326 operis
3008 4258 3304 4312 intentione
3327 4257 3611 4321 desistens,
3642 4256 4007 4322 subjectorum
4033 4255 4143 4307 ani-

2561 4366 2676 4404 mos
2707 4350 2970 4417 exemplis
3016 4350 3322 4402 instruebat
3355 4358 3409 4401 et
3460 4347 3660 4401 verbis.
3711 4346 3912 4400 Locum
3971 4361 4101 4399 vero
4129 4385 4143 4410 ,

2562 4458 2719 4511 quem
2762 4443 3031 4495 :cdilicare
3081 4449 3319 4509 coeperat
3348 4480 3362 4503 ,
3412 4440 3574 4493 rebus
3626 4454 3689 4492 ac
3748 4437 3900 4490 vario
3950 4436 4145 4490 decore

2563 4530 2887 4583 collustrans
2907 4570 2919 4591 ,
2954 4528 3081 4581 nilnl
3114 4527 3381 4581 subtraxit
3409 4527 3706 4583 industria}.
3733 4525 3902 4579 donec
3929 4524 3996 4577 ad
4033 4523 4145 4577 cul-

867 4624 935 4678 ad
957 4621 1151 4676 divina:
1173 4617 1489 4685 obsequium
1518 4589 1816 4684 majestatis
1843 4612 2052 4681 piorum
2078 4610 2319 4663 laborum
2347 4623 2458 4661 ma-
2490 4589 2536 4647 Ῑ)
2564 4635 2637 4675 ,ηε

2372 4623 2458 4660 "3"
2490 4589 2536 4647 θ
2564 4635 2687 4675 men
2741 4620 3064 4689 proveheret
3091 4616 3437 4686 perfectionis
3478 4632 3725 4671 sumnue.
3771 4613 4142 4682 Spiritualium

864 4714 987 4783 jora
1016 4709 1337 4773 certamina,
1372 4722 1491 4777 quae
1524 4707 1577 4760 in
1611 4706 1712 4759 hoe
1763 4702 2100 4772 postmodum
2134 4699 2459 4754 monstrabit

867 4819 1032 4873 opere
1061 4816 1242 4855 rerum
1274 4796 1680 4866 consequentia.
1718 4794 1821 4861 Qui
1876 4791 2129 4847 videlicet
2167 4806 2287 4845 cum
2318 4799 2462 4843 esset

870 4898 924 4952 in
956 4894 1212 4966 spiritalis
1240 4891 1482 4947 exercitii
1515 4890 1844 4945 sublimitate
1870 4887 2163 4958 perfectus,
2185 4886 2237 4940 in
2267 4886 2460 4941 divina:

869 4986 1004 5056 legis
1028 4982 1375 5039 meditatione
1396 4980 1715 5045 continuus,
1747 4978 2095 5047 temporalem
2146 4987 2321 5031 tamen
2354 4991 2458 5030 non

870 5078 1185 5148 auspicatus
1219 5083 1304 5129 est
1334 5074 1580 5144 gloriam,
1614 5073 1708 5127 sed
1757 5072 1952 5127 mentis
2005 5070 2239 5141 puritate
2260 5068 2463 5139 jugiter

869 5168 1179 5238 concupivit
1205 5175 1486 5231 mternam,
1517 5180 1617 5219 nec
1650 5164 1752 5219 levi
1798 5163 2041 5218 felicitati
2073 5161 2317 5216 inclinari
2363 5175 2462 5216 nec

870 5259 1017 5316 inani
1060 5258 1230 5315 voluit
1273 5259 1432 5313 laude
1480 5256 1696 5312 resolvi.
1743 5255 1863 5310 Jam
1920 5268 2045 5309 vero
2086 5260 2457 5309 consummata

868 5353 1015 5408 omni
1044 5351 1185 5406 sacri
1236 5349 1379 5404 illius
1408 5348 1593 5418 templi
1634 5355 1905 5401 structura
1934 5386 1949 5408 ,
1980 5345 2063 5399 his
2094 5343 2303 5399 duobus
2330 5358 2458 5397 san-

869 5444 1128 5499 ctissimis
1149 5443 1280 5496 viris
1298 5448 1504 5512 quanta
1533 5439 1694 5493 fuerit
1719 5436 2454 5496 immensitasexsultatiouis.

2560 4712 2704 4766 enim
2754 4711 3014 4764 donorum
3052 4709 3301 4778 perfusus
3333 4723 3455 4762 rore
3484 4748 3499 4774 ,
3540 4708 3664 4761 vita:
3701 4707 3812 4778 jam
3863 4716 4146 4761 consertus

2563 4804 2840 4873 angelica),
2871 4802 3005 4857 civis
3032 4801 3267 4856 ccelestis
3292 4801 3483 4870 patriae

2637 4935 2894 5005 Dogmate
2916 4932 3157 5002 iustitiae,
3191 4932 3390 4987 Christi
3424 4930 3695 4987 refovebat
3729 4931 3904 4995 ovile,

2636 5028 2981 5083 Constituens
3011 5025 3151 5095 plebi
3189 5024 3428 5079 caalestia
3463 5025 3661 5095 templa
3698 5023 3862 5078 fideli.

2636 5115 2746 5169 Nec
2778 5116 2955 5169 minus
2990 5115 3042 5168 in
3083 5114 3294 5183 magnis
3318 5112 3553 5183 flagrans
3584 5112 3916 5183 resplenduit
3942 5115 4078 5172 actis
4108 5144 4122 5170 ο

2636 5205 2764 5271 Qua:
2788 5218 3002 5273 gessere
3035 5205 3222 5257 Patres
3256 5202 3373 5256 fulti
3404 5203 3601 5272 pietate
3631 5204 3840 5272 priores
3863 5244 3879 5264 ,

2639 5296 2853 5365 Optima
2878 5296 3012 5349 dans
3039 5294 3161 5347 vita:
3187 5292 3396 5364 populis
3419 5293 3733 5347 documenta
3767 5294 3935 5347 beatae

2641 5424 2851 5480 Domini
2882 5438 3113 5493 namque
3141 5424 3312 5493 gratia
3341 5431 3635 5492 praeeunte,
3661 5430 3842 5475 multis
3868 5420 4142 5479 intractilo—
