4482 5524
338 415 440 470 68!

1541 408 1626 462 DE
1669 404 1824 458 VITA
1868 403 1926 454 ὃ.
1963 401 2349 456 BERCHARII.

3478 404 3584 451 8Ωᾶ

332 521 501 575 multa
553 519 788 574 ςωιεειίε
838 517 1082 572 beneﬁcii
1131 517 1493 571 emolumenta
1538 513 1748 582 populis
1799 511 1898 561 im-
1942 519 1975 565 λ
2005 508 2156 569 adiit,
2191 519 2352 576 atque
2378 508 2480 561 sibi
2522 508 2588 560 ad
2635 508 2769 560 bona
2802 517 2920 560 vota
2959 509 3297 562 consortibus
3327 509 3458 561 viris
3488 509 3606 561 Dei'

328 611 632 679 pendebat:
666 609 924 663 sanitates
947 622 1258 676 corporum,
1301 605 1526 658 salutem
1575 602 1897 654 animarum.

328 699 660 754 Francorum
708 714 921 767 quoque
977 699 1192 765 regibus
1243 697 1456 748 diverso
1509 703 1750 759 tempore
1801 687 1903 742 sibi

331 789 747 844 succedentibus
803 802 866 841 ac
891 787 1074 856 palatii
1101 785 1448 855 optimatibus
1497 783 1566 835 ita
1622 782 1672 834 in
1700 777 1906 832 cunctis

332 889 452 934 erat
483 879 710 932 affabilis
735 921 748 942 ,
782 887 838 932 ut
863 893 1047 932 eorum
1094 892 1220 928 usus
1249 891 1344 944 pro
1372 883 1494 927 voto
1531 868 1909 925 familiaritati-

331 973 434 1026 bus
465 1012 478 1030 .
520 987 638 1039 qua:
678 969 978 1024 intenderet
1028 969 1184 1021 citius
1232 967 1502 1019 obtineret
1535 1005 1548 1029 ,
1598 972 1650 1017 et
1696 963 1746 1016 in
1779 978 1907 1017 con-

333 1063 606 1115 struendis
652 1077 928 1115 servorum
980 1061 1071 1114 Dei
1125 1059 1443 1112 habitaculis
1498 1067 1744 1125 sumptus
1773 1056 1820 1108 ei
1860 1063 1914 1109 et

337 1155 523 1221 copias
554 1170 740 1208 eorum
780 1154 1004 1224 largitas
1026 1153 1255 1222 pleniter
1292 1153 1646 1205 ministraret.
1705 1148 1760 1202 Si
1795 1149 1916 1216 quis

2006 613 2190 651 amore
2221 597 2551 652 ferventibus
2573 597 2902 668 Leodegario
2916 608 2969 651 et
2999 598 3356 652 Munimuleno
3382 601 3583 668 episco-

2007 687 2108 756 pis,
2137 687 2405 741 Amalrico
2429 704 2642 757 quoque
2684 698 2736 743 et
2769 688 3019 743 Wlfaudo
3051 691 3405 758 optimatibus
3429 731 3442 754 ,
3479 692 3582 745 im-

2007 781 2237 847 petravit
2268 796 2295 832 a
2345 795 2468 848 rege
2500 780 2770 834 licentiam
2815 781 3113 836 :edilicandi
3154 782 3253 836 sibi
3305 783 3356 835 in
3395 783 3584 837 eodem

2010 866 2127 922 loco
2178 869 2456 922 basilicam
2487 909 2499 932 ,
2543 885 2706 938 quam
2736 869 2795 922 Β.
2829 869 3040 923 Martini
3080 871 3131 924 iu
3158 871 3361 925 honore
3393 888 3584 926 conse-

2011 971 2216 1016 oratam
2237 962 2530 1031 praedictus
2560 979 2652 1018 rex
2697 963 3034 1019 Childericus
3062 965 3486 1036 circumquaque
3520 967 3587 1020 ab

2016 1050 2251 1106 Ecclesia
2299 1052 2443 1105 silvrc
2489 1051 2640 1106 leuca
2685 1068 2788 1106 una
2838 1052 3064 1122 benigne
3108 1054 3349 1109 donavit.
3397 1056 3593 1111 Beatus

2016 1157 2143 1196 vero
2183 1141 2507 1196 Bercharius
2544 1157 2716 1212 neque
2754 1145 2838 1199 his
2868 1154 3172 1209 contentus,
3211 1147 3455 1200 cellulam
3493 1149 3594 1202 sibi

338 1245 422 1298 his
457 1246 710 1299 hzesitans
759 1244 897 1298 forte
941 1255 1121 1297 manet
1175 1242 1514 1306 incredulus,
1544 1240 1782 1311 pI'IBdiCli
1814 1238 1917 1292 loci
2011 1231 2164 1302 juxta
2203 1234 2377 1287 locum
2419 1237 2508 1304 qui
2540 1236 2739 1290 dicitur
2769 1235 3023 1292 Puteolus
3057 1279 3070 1302 ,
3105 1254 3168 1292 ea
3218 1239 3269 1292 in
3301 1249 3451 1309 parte
3481 1256 3600 1308 qum.

339 1335 568 1389 miretur
600 1338 797 1390 mtenia
826 1378 838 1398 ,
891 1336 1117 1403 aspiciat
1148 1335 1371 1388 a‘diticia
1403 1375 1416 1396 ,
1464 1333 1755 1402 perlustret
1801 1330 1920 1382 dili-

340 1435 528 1493 genter
577 1441 740 1496 opera
773 1446 783 1479 :
816 1426 1020 1494 patebit
1049 1425 1189 1479 scire
1242 1425 1475 1493 cupienti
1523 1422 1704 1490 quanti
1760 1419 1921 1472 fuerit

340 1516 543 1578 meriti,
580 1531 675 1586 per
724 1532 881 1584 quem
916 1516 1173 1570 Dominus
1218 1523 1364 1568 tanta
1410 1529 1470 1567 ac
1502 1513 1625 1566 talia
1676 1513 1925 1581 dignatus

349 1606 421 1659 sit
447 1609 683 1676 operari.

560 1696 896 1752 Parthenona
927 1701 981 1751 in
1019 1698 1156 1752 saltu
1190 1697 1434 1750 Derrensi
1463 1698 1710 1763 aediﬁcat.

419 1789 503 1843 ιι.
524 1789 703 1843 Rebus
718 1790 878 1858 igitur
895 1798 1000 1843 tam
1024 1789 1384 1843 exterioribus
1402 1803 1562 1858 quam
1586 1785 1928 1839 interioribus

2021 1341 2162 1378 nunc
2213 1326 2654 1380 monasteriolum
2693 1327 2806 1396 (54)
2860 1330 3078 1392 dicitur,
3111 1331 3174 1383 ad
3230 1331 3486 1384 honorem
3539 1332 3596 1384 lt.

2025 1413 2274 1468 Mauricii
2308 1416 2584 1479 condidit,
2629 1431 2855 1485 sperans
2892 1429 3074 1487 aptum
3125 1434 3183 1472 se
3217 1421 3601 1474 nmnastcrimn

2025 1504 2324 1558 :cdilicandi
2381 1507 2555 1561 locum
2593 1509 2873 1575 reperisse.
2908 1510 3104 1564 Verum
3153 1525 3271 1564 cum
3309 1512 3408 1564 hoc
3439 1512 3602 1564 etiam

2029 1593 2127 1646 sibi
2181 1594 2358 1647 habile
2411 1612 2515 1648 non
2560 1597 2870 1662 videretur,
2918 1615 3075 1668 super
3126 1599 3344 1652 ﬂuvium
3400 1600 3607 1665 Vigera:

2031 1684 2105 1752 (la
2139 1685 2319 1738 riviére
2346 1686 2408 1738 de
2447 1685 2636 1756 γυνη»)
2677 1687 2965 1755 quamdam
2999 1689 3283 1743 ecclesiam
3333 1689 3391 1744 S.
3426 1690 3607 1759 Sulpi-

2033 1773 2092 1825 tii
2127 1773 2315 1828 honori
2347 1775 2564 1828 dicavit.
2605 1775 2787 1846 Neque
2818 1777 2890 1831 ibi
2926 1767 3322 1832 etiamstatum
3374 1781 3606 1834 cmuobii

344 1880 588 1949 pmdicti
618 1879 1032 1935 Altivillarensis
1057 1880 1292 1934 ctcnobii
1333 1881 1623 1932 secundum
1672 1878 1764 1932 Dei
1819 1876 1929 1930 cul-
1959 1849 2004 1908 Β
2034 1873 2215 1933 aptum
2267 1865 2379 1920 fore
2424 1867 2625 1922 ducens
2648 1908 2662 1932 ν
2693 1877 2872 1922 meme
2907 1869 3148 1939 Ρετνίὸιιί
3187 1883 3244 1923 ¹¹ι
3270 1872 3484 1939 8aPiens
3520 1886 3611 1923 δι”

345 1978 461 2022 tum
493 1969 790 2023 honorifice
829 1970 1093 2023 ordinatis
1122 2010 1134 2031 ,
1178 1968 1478 2035 jamdictus
1503 1967 1662 2020 Pater
1693 1966 1927 2020 Bercha-

351 2061 468 2114 rius
499 2075 777 2128 corporeae
809 2061 1006 2128 quietis
1035 2061 1340 2129 impatiens,
1364 2069 1661 2129 opportuna
1688 2057 1788 2112 sibi
1812 2059 1928 2112 loca

349 2149 685 2204 lucrificandi
700 2152 868 2220 gratia
895 2151 1258 2220 perquirebat.
1282 2150 1490 2204 Abinde
1506 2163 1734 2216 namque
1747 2163 1929 2218 egres.

348 2253 461 2299 sus,
495 2237 590 2291 Dei
641 2253 862 2293 munere
890 2248 1285 2308 praecurrente,
1323 2248 1530 2292 vastam
1575 2237 1742 2292 saltus
1795 2236 1928 2292 Der-

351 2329 534 2383 vensis
552 2329 891 2384 solitudinem
916 2342 1098 2400 petere
1122 2331 1397 2385 contendit
1428 2349 1438 2382 :
1472 2345 1578 2399 quo
1604 2331 1656 2384 in
1683 2330 1799 2382 loco
1824 2345 1928 2398 qua

353 2428 579 2473 venerat
607 2421 922 2475 intentionis
951 2437 1055 2476 non
1088 2422 1390 2487 immemor,
1425 2431 1606 2491 aptum
1629 2421 1930 2475 aedificandi

355 2509 589 2563 caenobii
637 2518 836 2564 statum
901 2511 1229 2579 invigilando
1286 2512 1514 2567 sollicite
1571 2511 1930 2566 scrutabatur.

356 2598 482 2655 Hzec
513 2600 678 2671 igitur
705 2601 848 2655 inter
889 2603 1230 2672 cogitandum
1261 2645 1275 2668 ,
1322 2603 1416 2658 Dei
1462 2605 1638 2674 gratia
1682 2603 1931 2672 przeduce

355 2690 588 2743 contulit
617 2705 675 2745 se
704 2692 769 2744 ad
797 2693 1084 2760 quamdam
1119 2703 1419 2747 matronam
1448 2734 1462 2756 ,
1497 2692 1804 2748 Waltildem
1838 2709 1935 2748 no-

357 2783 525 2843 mine.
556 2798 673 2852 qua:
699 2785 929 2853 superbo
957 2785 1237 2839 nobilitata
1272 2786 1556 2856 sanguine,
1579 2786 1932 2855 plurimorum

359 2886 392 2924 a
443 2871 659 2941 proavis
703 2873 1025 2942 praediorum
1064 2872 1334 2928 atlluentia
1381 2874 1661 2929 Iretabatur
1710 2892 1722 2927 :
1762 2890 1791 2928 a
1830 2891 1934 2945 qua

361 2963 445 3016 vir
477 2975 696 3019 sanctus
736 2964 969 3019 condicti
999 2966 1158 3034 pretii
1205 2967 1345 3020 dono
1391 2966 1524 3020 emit
1570 2967 1672 3021 sibi
1727 2975 1936 3036 partem

366 3052 533 3114 silvaz,
565 3068 685 3106 eum
730 3053 938 3108 scilicet
967 3053 1140 3107 locum
1184 3056 1272 3122 qui
1306 3055 1505 3110 dicitur
1541 3054 1698 3126 vulgo
1730 3054 1937 3126 Mangis

365 3140 552 3196 villare
585 3159 598 3195 :
634 3142 811 3212 ibique
838 3142 1084 3197 cellulam
1113 3144 1224 3214 (δὲ)
1253 3145 1529 3200 εεῶῐὶυειιιδ
1555 3187 1569 3208 ,
1607 3160 1835 3215 eamque
1875 3146 1934 3198 Β.

365 3234 550 3289 Mariae
581 3236 646 3289 ad
680 3237 936 3289 honorem
979 3250 1339 3300 consecrans,
1386 3236 1683 3308 puellarum
1742 3245 1943 3292 emtum

369 3323 480 3379 Deo
518 3325 784 3394 matrique
813 3326 1228 3389 serviturarum,
1253 3336 1414 3397 prout
1449 3343 1608 3398 posse
1654 3327 1797 3394 fuit,
1830 3328 1953 3383 dili-

375 3418 691 3489 gentissime
721 3418 1053 3490 aggregavit.
1107 3419 1239 3473 Nam
1295 3420 1436 3473 viam
1484 3419 1749 3490 publicam
1792 3421 1952 3491 vulgo

371 3509 654 3564 Camillam
680 3509 882 3563 dictam
903 3517 1182 3578 expetens,
1215 3511 1390 3579 pretio
1421 3524 1450 3562 a
1495 3511 1950 3580 prmtereuntibus

375 3599 615 3668 suscepit
645 3599 885 3667 captivas
911 3598 1118 3668 puellas
1141 3609 1292 3663 octo,
1330 3614 1463 3670 quas
1509 3599 1563 3652 in
1595 3608 1780 3654 sancta
1829 3599 1953 3654 reli-

371 3692 532 3761 gione
581 3691 810 3745 edocens
836 3731 851 3755 ,
881 3689 989 3745 Deo
1024 3691 1228 3746 dicatas
1261 3691 1332 3745 ibi
1380 3706 1600 3746 manere
1648 3693 1946 3747 constituit.

376 3783 450 3838 Ex
483 3785 585 3838 hoc
615 3785 776 3852 igitur
803 3783 1002 3839 Christi
1033 3784 1448 3838 adminiculante
1478 3783 1732 3854 suffragio
1767 3800 1952 3840 excre-

377 3881 455 3934 vit
481 3894 737 3934 numerus
783 3879 1051 3950 virginum
1101 3879 1342 3948 adusque
1389 3879 1727 3947 sexagenarii
1763 3894 1952 3933 cumu-

376 3972 487 4026 lum
513 4012 529 4036 ,
576 3972 770 4042 quibus
812 3972 974 4026 etiam
1026 3972 1312 4041 praadictus
1343 3980 1495 4040 pater
1542 3979 1756 4040 neptem
1790 3986 1952 4040 supra

379 4064 594 4132 scripta:
633 4071 893 4118 matrona:
937 4061 1210 4118 Waltildis
1257 4062 1570 4118 solemniter
1615 4062 1951 4118 abbatissam

380 4153 639 4222 prrefecit.

827 4241 1077 4297 Oratoria
1106 4245 1261 4298 etiam
1295 4245 1520 4298 diversa.

453 4335 542 4390 15.
570 4335 666 4389 His
694 4350 906 4405 quoque
935 4335 1036 4388 rite
1062 4336 1316 4405 peractis,
1350 4337 1641 4392 secretiora
1677 4338 1846 4393 saltus
1879 4339 1956 4392 in-

385 4425 732 4498 fatigabiliter
758 4426 1036 4481 excutiens
1062 4468 1075 4492 ,
1120 4441 1443 4497 cognoscere
1496 4442 1834 4497 summOpere
1865 4443 1957 4499 ge-

384 4519 614 4582 stiebat,
647 4517 816 4572 sicubi
848 4517 1232 4587 opportuniora
1264 4517 1379 4571 loca
1407 4517 1706 4572 aedificandi
1737 4518 1955 4574 cellulas

385 4606 696 4678 reperisset,
721 4607 940 4661 veniens
976 4607 1030 4660 in
1053 4607 1337 4676 quemdam
1362 4606 1558 4667 locum,
1585 4606 1814 4661 Lutosas
1841 4608 1953 4677 ('53)

385 4701 626 4764 nomine,
659 4699 845 4754 cellam
871 4702 1213 4756 construendi
1243 4709 1424 4770 aptum
1465 4710 1719 4769 reputans
1746 4743 1759 4765 ,
1791 4703 1958 4756 nimia

385 4793 747 4849 sollicitudine
776 4802 898 4848 vota
933 4794 1149 4863 explere
1175 4795 1448 4848 studebat.
1478 4793 1590 4849 Hoc
1621 4795 1787 4865 igitur
1825 4812 1954 4866 pro-

388 4886 520 4955 priis
548 4885 753 4939 viribus
799 4885 944 4940 nullo
993 4887 1149 4940 modo
1193 4887 1410 4955 dignum
1456 4888 1656 4942 ducens
1698 4891 1954 4959 aggredi,

390 4975 544 5046 cujus
572 4987 693 5031 erat
732 4977 830 5030 hoc
857 4977 1113 5046 praedium
1158 4979 1440 5046 potestatis
1490 4979 1645 5032 adiit.
1685 4979 1762 5035 Eo
1794 4979 1965 5050 siqui-

391 5069 512 5123 dem
560 5077 802 5137 tempore
838 5068 1176 5124 Childerieus
1221 5085 1314 5123 rex
1357 5084 1582 5139 regnum
1630 5070 1962 5128 Francorum

393 5159 724 5213 nobilissime
749 5159 1071 5228 gubernans,
1102 5158 1459 5214 libentissime
1499 5160 1668 5214 sancti
1693 5161 1796 5215 viri
1828 5164 1963 5233 peti-

396 5250 630 5305 tionibus
677 5248 1075 5318 acquiescebat.
1142 5250 1295 5304 llunc
1344 5264 1469 5320 ergo
1531 5259 1685 5320 pater
1735 5254 1966 5311 eximius

2029 1955 2312 2019 chitectus,
2341 1971 2462 2010 eum
2499 1959 2587 2026 qui
2618 1960 2921 2026 petentibus
2949 1975 3004 2013 se
3033 1960 3221 2014 adesse
3249 1963 3562 2030 comprobat
3593 2002 3606 2024 ,

2032 2044 2160 2099 dare
2193 2048 2329 2100 votis
2356 2063 2594 2118 congrua
2622 2048 2736 2102 loca
2770 2052 3048 2118 poscebat.

2033 2157 2351 2213 Monasterio
2384 2162 2650 2215 condendo
2681 2164 2848 2216 locum
2878 2165 3066 2218 invenit
3094 2204 3107 2227 ,
3146 2182 3258 2232 rege
3286 2167 3454 2220 locum
3493 2185 3616 2221 cou-

2709 2235 2937 2287 cedente.

2107 2320 2194 2373 l6.
2210 2320 2449 2386 Quodam
2467 2322 2626 2392 igitur
2653 2333 2892 2395 tempore
2910 2341 3031 2380 cum
3052 2325 3163 2393 jam
3178 2328 3353 2382 divina
3382 2329 3617 2384 clemen-

2038 2411 2111 2463 tia
2144 2411 2366 2466 ulterius
2416 2411 2727 2470 famulantis
2754 2418 2991 2471 animum
3022 2434 3116 2485 per
3146 2420 3353 2473 diversa
3389 2422 3618 2475 distrahi

2035 2501 2216 2567 nollet,
2233 2507 2687 2574 prmcurrentibus
2713 2508 2923 2564 indiciis
2951 2509 3126 2564 locum
3151 2512 3288 2565 votis
3313 2527 3607 2582 congruum

2038 2592 2102 2646 iri
2147 2605 2424 2663 repertum
2466 2596 2634 2651 dedit.
2669 2597 2800 2652 Nam
2841 2600 3023 2655 abdita
3072 2602 3217 2656 silvae
3262 2603 3620 2672 perlustrans,

2037 2696 2165 2737 casu
2193 2688 2480 2754 quemdam
2514 2689 2578 2741 ad
2633 2689 2807 2744 locum
2839 2691 3089 2756 devenit,
3138 2694 3227 2748 ubi
3257 2703 3502 2763 pastores
3529 2711 3623 2749 su-

2036 2772 2223 2829 bulcos
2269 2779 2468 2844 reperit
2517 2797 2528 2830 :
2584 2794 2718 2848 quos
2766 2781 2958 2836 blande
3006 2782 3306 2847 allocutus,
3361 2784 3621 2855 aureique

2038 2863 2157 2918 illos
2197 2867 2537 2923 numismatis
2575 2885 2798 2925 munere
2846 2873 3088 2938 donans,
3124 2875 3364 2943 poposcit
3407 2875 3624 2929 ostendi

2040 2956 2144 3010 sibi
2177 2972 2296 3026 qua:
2334 2960 2601 3016 habiliora
2635 2962 2922 3032 aliquando
2953 2964 3117 3020 silvas
3141 2966 3527 3021 circumeundo
3551 2968 3620 3022 ad

2041 3044 2392 3103 habitandum
2427 3051 2540 3106 loca
2570 3053 2963 3122 pervidissent,
3013 3055 3194 3109 dicens
3242 3055 3342 3110 sibi
3387 3056 3626 3109 animum

2042 3149 2185 3203 esse,
2220 3140 2292 3193 uti
2326 3155 2564 3212 congruo
2613 3144 2884 3199 habitandi
2931 3145 3049 3200 loco
3089 3146 3436 3215 exstirpanda
3466 3146 3632 3202 silvas

2054 3215 2454 3288 ccenobitaruni
2478 3237 2820 3292 tabernacula
2846 3240 3147 3310 designaret
3173 3259 3184 3294 :
3219 3255 3277 3296 se
3303 3242 3520 3311 quidem
3546 3242 3632 3296 di-

2054 3339 2209 3378 versa
2240 3334 2471 3381 tentasse
2495 3369 2507 3391 ,
2544 3331 2636 3383 sed
2689 3330 2832 3384 nullo
2860 3333 3073 3400 penitus
3110 3333 3226 3387 loco
3258 3334 3634 3389 commanendi

2051 3415 2355 3471 habitacula
2409 3418 2510 3472 fida
2545 3420 2831 3476 invenisse.
2882 3423 2950 3476 At
3001 3423 3071 3476 illi
3106 3424 3328 3493 praemio
3359 3436 3582 3496 accepto
3611 3466 3627 3491 ,

2054 3505 2247 3560 talibus
2274 3507 2437 3561 animi
2467 3509 2604 3564 votis
2619 3519 2804 3565 sancto
2830 3513 2945 3565 viro
2974 3514 3297 3580 respondent
3328 3533 3339 3566 :
3373 3513 3478 3569 Nos
3507 3516 3631 3584 qui—

2053 3595 2171 3649 dem
2213 3612 2333 3651 eum
2368 3598 2499 3652 fides
2551 3609 2735 3654 teneat
2760 3602 2936 3665 firma,
2964 3603 3228 3657 munerati
3259 3604 3362 3658 tuis
3408 3606 3473 3659 ad
3509 3614 3631 3659 vota

2050 3690 2394 3757 processibus
2447 3707 2636 3760 parere
2695 3693 3070 3757 decrevimus,
3136 3695 3418 3765 locumque
3469 3697 3625 3751 habi-

2055 3780 2198 3833 tandi
2257 3780 2487 3834 habilem
2556 3797 2652 3850 pro
2734 3793 2916 3838 nostro
2979 3785 3116 3838 scire
3195 3784 3478 3840 ostendere
3546 3803 3638 3856 pa-

2054 3873 2153 3925 rati
2185 3887 2407 3926 sumus:
2451 3888 2569 3926 nam
2607 3889 2847 3944 persaepe
2898 3874 3027 3929 inibi
3073 3875 3256 3930 suillos
3303 3892 3491 3947 greges
3524 3876 3636 3945 jam

2054 3963 2320 4031 desperati
2349 3963 2668 4029 invenimus,
2700 3980 2797 4019 nec
2838 3965 3087 4020 seductos
3114 3966 3367 4019 aliorsum
3402 3981 3526 4036 spes
3552 3977 3635 4022 est

2056 4055 2330 4122 requirere
2374 4069 2585 4122 porcos,
2624 4070 2743 4108 cum
2784 4055 2930 4109 illum
2972 4071 3183 4126 semper
3224 4058 3424 4126 absque
3456 4057 3635 4128 aliquo

2053 4150 2275 4204 ductore
2304 4149 2495 4219 perditi
2534 4163 2657 4203 sues
2690 4159 2939 4219 expetant
2977 4150 3170 4205 locum.
3218 4150 3385 4205 Adest
3425 4167 3639 4220 quoque

2055 4239 2150 4304 ibi,
2175 4240 2397 4294 Domine
2423 4249 2591 4309 pater,
2617 4240 2857 4308 quaedam
2884 4257 2985 4297 non
3012 4243 3172 4312 ignoti
3199 4243 3439 4297 miraculi
3465 4243 3641 4314 fagus,

2055 4331 2240 4386 subter
2274 4347 2432 4401 quam
2482 4332 2764 4385 luminaria
2811 4348 2950 4403 stepe
2996 4351 3116 4388 cum
3165 4349 3385 4388 accensa
3439 4335 3641 4406 absque

2056 4426 2336 4480 hominum
2377 4440 2594 4480 accessu
2625 4425 2936 4490 viderimus,
2977 4428 3140 4481 divini
3176 4429 3375 4498 aliquid
3404 4429 3517 4484 fore
3546 4448 3639 4484 su-

2060 4517 2344 4587 spicamur.
2388 4516 2558 4581 Nunc,
2600 4517 2773 4585 inquit
2797 4516 2854 4569 Β.
2888 4518 3227 4582 Bercharius,
3254 4521 3404 4573 ocius
3433 4522 3638 4589 prieite,

2062 4609 2196 4664 tanti
2223 4608 2460 4678 praesagii
2507 4606 2618 4661 loca
2651 4607 2972 4676 significate,
3010 4624 3198 4678 meque
3227 4620 3642 4678 consequimIcm

2053 4700 2386 4771 jamjamque
2427 4699 2516 4753 diu
2566 4714 2879 4768 suspensum
2937 4701 3114 4754 animo
3157 4701 3476 4770 quietiorem
3530 4703 3650 4755 rch

2060 4794 2253 4859 dendo,
2285 4801 2427 4845 tanta
2450 4806 2700 4845 curarum
2729 4792 2865 4844 mole
2889 4791 3164 4845 absolvite.
3210 4791 3304 4845 llis
3331 4792 3484 4846 dictis
3512 4808 3648 4859 prac—

2065 4891 2238 4946 dictus
2285 4896 2438 4956 pater
2479 4887 2544 4940 ad
2587 4885 2762 4940 locum
2791 4895 3042 4955 properat
3072 4886 3230 4939 fidem
3267 4886 3530 4940 dictorum
3561 4903 3650 4943 cx-

2064 4990 2318 5047 cepturus
2352 4996 2362 5030 :
2398 4992 2497 5031 nec
2521 4977 2750 5030 inaniter
2776 4975 2958 5031 ferens
2982 4976 3346 5052 testimonium
3377 4987 3650 5046 pastorum

2067 5070 2324 5124 divinitus
2350 5066 2575 5122 credidit
2607 5066 2804 5120 factum
2831 5079 2951 5120 esse
2995 5065 3336 5129 miraculum,
3371 5073 3425 5118 et
3467 5081 3496 5118 a
3545 5067 3656 5120 Deo

2067 5162 2165 5218 sibi
2223 5160 2396 5216 locum
2444 5165 2758 5218 ostensum,
2810 5156 2903 5222 qui
2963 5169 3067 5208 non
3113 5161 3388 5224 pateretur
3441 5168 3660 5209 servum

2067 5266 2224 5309 suum
2283 5247 2510 5306 diversis
2551 5234 2843 5308 intentum,
2899 5243 3118 5316 proprio
3168 5245 3351 5300 labore
3392 5239 3668 5299 frustrari.
