4482 5524
832 434 939 490 685

1942 422 2238 477 ADSONIS
2278 419 2662 475 DERVENSIS
2703 420 2992 475 ABBATIS

3993 419 4101 474 684

803 542 963 599 'Nam
1007 547 1097 611 qui
1138 556 1203 593 eo
1247 550 1445 591 emtum
1495 542 1753 591 honorum
1803 536 2150 589 exsecutione
2195 548 2415 595 operum
2444 536 2495 593 Α
2521 530 2661 593 ritis,
2704 544 2929 597 quorum
2984 530 3217 600 reliquiae
3263 530 3335 585 ibi
3386 530 3575 587 delatze
3622 540 3765 597 sunt,
3808 541 4104 603 praestante

828 634 1118 705 pollentem
1148 626 1489 682 adunandum
1530 633 1884 694 praenoverat,
1916 622 2075 690 digne
2104 620 2196 675 tali
2219 634 2415 690 praesa-

830 728 917 800 gio
944 722 1094 778 initia
1121 731 1342 789 operum
1372 716 1513 770 beati
1561 715 1661 768 viri
1711 714 2095 784 prmsignavit:
2132 713 2224 782 qui
2268 712 2417 768 locus

827 815 1037 873 duobus
1065 810 1287 880 integris
1320 807 1585 862 milliariis
1611 822 1640 860 a
1667 805 1892 876 praefato
1923 806 2062 872 loco,
2091 807 2181 876 qui
2221 805 2418 861 dicitur

825 904 1104 969 Puteolus,
1135 902 1458 971 disparatur.
1509 896 1584 952 Ibi
1627 912 1755 968 ergo
1800 896 1859 951 Β.
1897 896 2219 952 Bercharius
2250 894 2416 949 multo

824 1002 1015 1057 labore
1042 996 1190 1054 silvis
1218 993 1473 1050 radicitus
1499 992 1690 1056 erutis,
1720 992 1951 1047 caenobii
1982 991 2277 1047 aediﬁcandi
2309 1001 2416 1046 sta-

826 1104 942 1149 tum
964 1087 1256 1162 pmelegit.
1296 1086 1503 1141 Exinde
1542 1084 1609 1138 ad
1652 1083 1909 1154 palatium
1938 1084 2300 1154 progreditur,
2333 1098 2415 1138 re-

826 1185 910 1256 gis
931 1197 1091 1253 super
1126 1181 1226 1235 hoc
1254 1176 1466 1247 negotio
1503 1174 1801 1229 clementiae
1841 1173 2251 1243 supplicaturus.
2307 1174 2417 1227 Au-

825 1272 1140 1328 xiliantibus
1175 1282 1305 1324 vero
1331 1264 1433 1322 sibi
1461 1279 1558 1335 per
1581 1263 1817 1318 divinam
1865 1265 2115 1332 gratiam,
2158 1279 2222 1318 ex
2264 1263 2417 1333 cujus

826 1360 1094 1418 desiderio
1124 1359 1223 1413 ista
1245 1356 1457 1427 agebat,
1489 1353 1546 1408 S.
1572 1352 1902 1425 Leodegario
1928 1354 2181 1423 episcopo
2224 1363 2278 1408 et
2326 1353 2416 1407 Al-

826 1451 1034 1508 marico
1056 1449 1254 1517 Maiore
1276 1447 1488 1509 domus,
1513 1443 1803 1499 Fulcoaldo
1825 1459 2036 1513 quoque
2060 1454 2114 1498 et
2136 1443 2410 1509 Wlfaudo,

826 1542 1061 1598 Nivardo
1103 1549 1267 1594 etiam
1299 1545 1354 1591 et
1395 1533 1624 1589 Atelano
1652 1532 1764 1603 (55)
1791 1534 2074 1603 episc0pis,
2108 1532 2417 1602 impetravit

826 1634 929 1691 sibi
957 1632 1071 1688 dari
1099 1646 1128 1685 a
1162 1644 1287 1699 rege
1309 1627 1499 1683 silvam
1527 1639 1595 1680 ex
1620 1640 1718 1679 suo
1748 1624 1878 1679 ﬁsco
1908 1625 1999 1694 qui
2034 1633 2255 1678 vocatur
2282 1622 2416 1677 Vas-

825 1726 1006 1781 siacus
1031 1720 1145 1792 (36)
1185 1720 1238 1774 in
1278 1716 1506 1773 circuitu
1531 1713 1741 1786 prmfati
1773 1713 1896 1778 loci,
1922 1714 2061 1767 sicut
2089 1728 2153 1767 ex
2178 1713 2412 1767 auctori-

822 1824 934 1870 tate
962 1814 1108 1883 regia
1155 1817 1366 1865 tenetur
1409 1806 1852 1870 exterminatum,
1883 1804 2021 1859 unde
2046 1812 2289 1872 sumptus
2320 1803 2413 1857 lia-

2520 618 2734 675 Christo
2769 659 2785 685 ,
2838 620 3087 675 uberiora
3142 620 3385 676 ﬁdelibus
3436 622 3645 692 populis
3688 623 3944 679 beneﬁcia
3989 624 4107 681 lar-

2522 712 2762 784 giuntur.

2964 803 3172 857 Obitum
3212 822 3361 858 suum
3399 807 3658 875 pradicit.

2595 894 2679 949 I8.
2724 894 2908 949 Tantis
2940 893 3102 965 igitur
3129 894 3373 950 laborum
3413 896 3797 952 certaminibus
3846 899 3898 953 in
3933 898 4092 968 hujus

2520 984 2705 1039 mundi
2748 985 2922 1039 stadio
2957 1000 3053 1053 pro
3078 985 3203 1039 vita:
3245 984 3479 1041 celestis
3528 986 3713 1041 bravio
3754 990 4103 1055 transcursis,

2518 1086 2644 1128 eum
2687 1071 2799 1140 jam
2847 1073 3103 1127 Dominus
3150 1075 3455 1144 operarium
3502 1092 3656 1130 suum
3698 1077 3855 1148 digna
3901 1079 4105 1135 donare

2521 1165 2770 1219 mercede
2793 1165 3120 1235 diSponeret,
3149 1167 3494 1221 resolutionis
3515 1183 3787 1239 corporeae
3815 1170 4106 1225 imminens

2518 1262 2732 1324 tempus
2761 1264 2883 1310 ante
2923 1256 3069 1309 dedit
3104 1270 3415 1326 agnoscere.
3456 1256 3589 1312 Nam
3612 1257 3734 1326 jam
3764 1259 3998 1329 paschali
4030 1260 4108 1313 in-

2520 1354 2704 1400 stante
2731 1345 3091 1409 solemnitate,
3132 1344 3265 1400 feria
3308 1348 3494 1417 quinta
3541 1362 3644 1418 qua
3693 1362 3846 1403 caena
3894 1348 4106 1404 Domini

2520 1434 2841 1499 habebatur,
2873 1436 3051 1503 gregis
3083 1436 3184 1490 sibi
3214 1438 3485 1493 commissi
3525 1446 3678 1507 pater
3707 1439 3969 1495 sollicitus
3989 1454 4111 1496 mo-

2519 1525 2816 1579 nasterium
2845 1525 3141 1594 puellarum
3168 1528 3360 1582 devote
3387 1528 3539 1594 adiit,
3566 1543 3665 1598 pro
3700 1544 3851 1585 more
3873 1529 4108 1585 ﬁdelium

2516 1622 2785 1683 praecepta
2818 1614 3028 1668 Domini
3062 1616 3390 1685 expleturus.
3437 1617 3582 1682 Inter
3620 1620 3784 1689 igitur
3820 1619 3983 1674 multa
4014 1635 4109 1674 ex-

2518 1703 2887 1758 hortationum
2930 1706 3092 1759 verba
3129 1714 3183 1759 et
3228 1707 3655 1762 consolationum
3701 1707 3973 1772 aﬂ‘amina,
4005 1709 4110 1763 hoc

2516 1811 2729 1866 quoque
2780 1799 2859 1851 eis
2904 1798 3166 1868 praedixit,
3220 1799 3362 1867 quod
3417 1799 3482 1852 de
3528 1798 3854 1853 resolutione
3902 1802 4109 1869 proprii

819 1906 950 1960 bere
975 1881 1178 1958 valeret
1202 1917 1265 1956 ac
1286 1899 1484 1971 praedia
1508 1899 1575 1954 ad
1602 1897 1910 1953 coenobium
1938 1896 2047 1966 (57)
2080 1896 2411 1949 constituen-
2439 1881 2489 1941 B
2516 1888 2760 1957 corporis
2780 1888 3036 1943 divinitus
3060 1889 3160 1942 sibi
3192 1890 3523 1943 notiticatum
3548 1890 3818 1944 manebat.
3879 1890 4104 1956 Scitote,

821 2001 971 2052 dum
1015 1995 1152 2051 Cum
1192 1994 1356 2048 etiam
1405 1992 1515 2046 Deo
1562 1991 1877 2059 disponente
1922 1988 1987 2041 ad
2037 1986 2263 2056 plurima
2308 1986 2409 2041 sibi

821 2104 916 2144 rex
966 2086 1319 2142 libentissime
1366 2082 1605 2145 faveret,
1650 2080 1715 2133 ad
1767 2082 1870 2134 hoc
1915 2094 2084 2147 usque
2128 2080 2411 2149 processit,

818 2192 881 2237 ut
937 2180 1111 2234 aulam
1158 2178 1260 2234 sibi
1304 2175 1512 2231 decenti
1555 2182 1792 2235 ornatu,
1840 2181 1898 2225 ut
1940 2172 2143 2241 regiam
2191 2172 2415 2225 decebat

819 2269 1181 2339 majestatem,
1215 2268 1267 2320 in
1301 2267 1420 2321 loco
1449 2265 1540 2335 qui
1566 2263 1763 2317 dicitur
1791 2260 2041 2315 Puteolus
2069 2260 2409 2323 fabricatam,

818 2352 911 2417 ubi
968 2375 1131 2415 causa
1181 2358 1411 2413 venandi
1466 2356 1658 2410 crebro
1703 2354 1995 2408 adventare
2036 2358 2408 2413 consueverat,

822 2455 963 2508 dono
988 2449 1038 2504 ei
1064 2448 1432 2504 concederet:
1474 2444 1612 2498 unde
1656 2443 1768 2512 ipse
1813 2441 2043 2496 domnus
2088 2440 2411 2494 Bercharins

820 2541 1107 2598 ecclesiam
1134 2538 1244 2592 Deo
1271 2537 1324 2591 in
1358 2537 1562 2590 honore
1609 2532 1706 2587 SS.
1753 2532 2119 2601 apostolorum
2155 2532 2303 2608 Petri
2355 2539 2411 2585 et

819 2632 975 2689 Pauli
1025 2627 1447 2685 consecrandam
1498 2624 1823 2687 construxit,
1874 2638 2033 2691 quam
2082 2637 2148 2675 ex
2187 2619 2410 2691 praefato

820 2724 940 2779 loco
984 2720 1264 2776 Puteolum
1311 2716 1548 2789 (Puysie)
1595 2714 1905 2784 appellavit.

1040 2834 1239 2888 Locum
1275 2830 1565 2895 monachis,
1606 2828 1857 2896 reliquiis,
1900 2835 2001 2880 etc.
2043 2825 2194 2877 ditat.

895 2928 981 2981 l7.
1053 2924 1284 2979 Sanctus
1334 2935 1465 2975 vero
1512 2920 1595 2972 vir
1644 2918 1859 2988 quando
1913 2922 2412 2986 supramemoratas

823 3018 1027 3090 puellas
1054 3014 1206 3077 emit,
1240 3010 1399 3066 simul
1431 3025 1553 3065 cum
1599 3009 1730 3078 ipsis
1776 3007 1948 3076 pretio
1986 3005 2223 3073 suscepit
2268 3005 2412 3058 viros

822 3119 947 3165 octo
995 3105 1261 3175 captivos,
1312 3116 1449 3172 quos
1500 3102 1554 3154 in
1603 3107 1789 3153 sancta
1842 3096 2097 3167 religione
2158 3095 2412 3159 edocens,

823 3203 1026 3270 primos
1073 3197 1124 3250 in
1178 3193 1367 3249 eodem
1419 3192 1536 3246 loco
1584 3189 1877 3244 monachos
1926 3184 2223 3241 constituit.
2264 3182 2409 3237 Multi

824 3305 952 3344 vero
978 3296 1222 3343 sanctam
1260 3281 1726 3338 conversationem
1754 3278 1894 3332 illius
1917 3290 1980 3331 ac
2008 3276 2409 3345 religiositatem

823 3380 1174 3441 admirantes,
1220 3389 1316 3444 per
1361 3374 1530 3443 ipsius
1570 3369 2001 3425 exhortationem
2042 3367 2149 3420 Deo
2178 3364 2409 3428 favente,

823 3473 913 3543 qui
948 3468 1217 3526 neminem
1245 3465 1356 3520 vult
1378 3464 1581 3535 perire,
1607 3461 1966 3531 relinquentes
1997 3458 2177 3513 omnia
2212 3471 2330 3527 quae
2358 3457 2411 3510 in

825 3562 1019 3619 saeculo
1061 3561 1261 3615 habere
1296 3556 1634 3620 videbantur,
1672 3552 1771 3607 sub
1816 3552 2111 3607 monastica
2143 3564 2330 3604 norma
2359 3555 2414 3601 et

826 3656 925 3712 sub
965 3654 1211 3710 doctrina
1255 3649 1425 3705 sancti
1466 3647 1634 3717 ipsius
1664 3646 1832 3716 patris
1859 3644 1966 3698 Deo
1996 3659 2053 3698 se
2077 3642 2418 3713 mancipave-

828 3757 971 3804 runt.
1025 3746 1142 3817 Ipse
1170 3758 1300 3813 ergo
1329 3754 1524 3814 aquam
1550 3738 1617 3792 ad
1647 3738 1820 3807 ipsum
1844 3735 2148 3791 cmuobium
2176 3735 2239 3790 de
2262 3733 2416 3803 longe

827 3839 1097 3911 perduxit,
1127 3836 1367 3891 ollicinas
1396 3832 1463 3887 ad
1496 3831 1676 3886 omnia
1702 3828 2006 3884 necessaria
2051 3828 2277 3896 paravit,
2322 3826 2417 3878 ha-

828 3929 1060 3986 bitacula
1089 3938 1304 3998 quoque
1341 3922 1636 3995 puellarum
1668 3919 1913 3974 ordinate
1941 3917 2230 3985 disponens
2248 3953 2263 3977 ,
2292 3912 2418 3968 Hie-

830 4020 1153 4091 rosolymam
1195 4014 1330 4069 adiit
1368 4011 1501 4083 (58),
1530 4024 1818 4080 sacrasque
1845 4007 2133 4077 plurimum
2167 4002 2419 4071 reliquias

831 4111 1159 4184 impetravit,
1208 4105 1523 4175 tabulasque
1557 4104 1822 4158 eburneas
1849 4101 2082 4168 optimas
2110 4111 2291 4152 secum
2322 4096 2416 4149 de-

830 4202 1063 4274 portavit
1093 4214 1109 4254 :
1142 4199 1326 4267 sicque
1351 4196 1579 4249 Romam
1608 4191 1878 4246 multoties
1907 4190 2091 4244 adiens
2118 4229 2134 4255 ,
2159 4186 2419 4257 plurimo-

831 4312 948 4351 rum
992 4303 1301 4347 sanctorum
1358 4285 1613 4355 reliquias
1651 4282 1859 4347 detulit,
1892 4292 1945 4335 et
1976 4279 2268 4335 honoriﬁce
2296 4292 2419 4332 cum

830 4384 1095 4458 episc0pis
1126 4384 1179 4436 in
1223 4378 1464 4451 praefatis
1508 4375 1638 4431 locis
1684 4373 2084 4429 conservandas
2131 4368 2415 4425 condidit:

832 4479 883 4530 in
909 4475 1105 4544 quibus
1130 4472 1261 4526 locis
1282 4465 1699 4537 suifragantibus
1724 4463 1935 4517 illorum
1970 4469 2280 4517 sanctorum
2308 4473 2419 4514 me-

2516 1975 2713 2039 ﬁliolaa,
2738 1991 2966 2046 superna
3007 1978 3241 2031 instante
3286 1978 3590 2043 vocatione,
3632 1993 3717 2031 me
3748 1978 3801 2031 in
3833 1978 3934 2033 hoc
3962 1979 4103 2033 ulte-

2516 2068 2630 2122 rius
2659 2082 2886 2137 corpore
2928 2083 3145 2121 manere
3172 2067 3316 2123 nullo
3346 2068 3515 2122 modo‘
3530 2082 3717 2136 posse;
3752 2082 3852 2122 nec
3878 2082 4106 2123 maerea-

2516 2159 2586 2214 tis
2609 2160 2761 2230 quasi
2791 2169 3058 2230 pastorem
3086 2159 3341 2223 ablatum,
3373 2174 3493 2213 cum
3525 2174 3621 2213 vos
3658 2168 3859 2213 teter-no
3896 2159 4108 2215 custodi

2516 2252 2739 2322 regique
2763 2260 3043 2321 sponsatas
3079 2260 3223 2303 certa
3251 2250 3430 2304 cordis
3467 2250 3749 2305 devotione
3786 2250 4013 2305 teneatis
4044 2250 4107 2304 ῆς

2515 2358 2665 2398 xum.
2708 2343 2861 2398 Nullo
2891 2342 3054 2412 igitur
3082 2355 3339 2412 corporeo
3366 2356 3431 2395 ex
3460 2356 3546 2395 me
3583 2340 3845 2409 adjutorio
3876 2342 4104 2411 amplius

2512 2435 2915 2499 sustentandas,
2963 2432 3168 2487 ctelesti
3200 2433 3397 2487 rectori
3430 2439 3487 2485 ut
3517 2433 3762 2501 proprias
3782 2434 4101 2489 commendo

2513 2526 2673 2582 ﬁlias.
2713 2526 2793 2580 Ad
2837 2526 3024 2580 harum
3057 2540 3184 2595 ergo
3227 2523 3653 2580 consolationum
3700 2524 3951 2579 affamina
3980 2543 4101 2581 cum

2511 2618 2820 2672 vehementi
2863 2617 3067 2671 ululatu
3114 2626 3459 2687 erumpentes
3504 2618 3556 2671 in
3596 2616 3864 2688 lacrymas
3890 2658 3904 2681 ,
3949 2628 4103 2688 pater

2518 2720 2737 2765 sanctus
2816 2709 3052 2764 dolorem
3107 2710 3285 2763 verbis
3332 2709 3769 2763 exhortationum
3827 2709 4097 2778 mitigans,

2513 2801 2828 2856 valedicens
2850 2800 2928 2854 eis
2959 2808 3014 2853 et
3040 2799 3362 2853 benedicens
3387 2798 3665 2853 abscessit.
3707 2798 3839 2853 Cum
3882 2799 4101 2867 psalmis

2516 2900 2695 2946 autem
2736 2901 2791 2945 et
2831 2891 3044 2961 hymnis
3085 2888 3321 2959 peractis
3368 2888 3637 2953 omnibus,
3679 2889 3745 2942 ad
3792 2887 4098 2943 coenobium

2513 2980 2771 3036 redeundi
2801 2981 2905 3035 iter
2934 2979 3265 3049 aggreditur,
3294 2977 3481 3033 eadem
3526 2977 3803 3031 monachis
3850 2977 4102 3047 pauperi-

2516 3076 2614 3129 bus
2640 3083 2694 3127 et
2721 3073 3025 3143 peregrinis
3049 3070 3313 3124 facturus.

2649 3186 2691 3237 Α
2728 3181 2894 3251 ﬁliolo
2928 3197 3023 3233 suo
3057 3177 3447 3245 indisciplinato
3483 3177 3742 3249 appetitur
3776 3176 3961 3229 cultro.

2585 3275 2671 3331 I9.
2709 3274 2849 3329 Inter
2870 3271 3227 3327 ordinandum
3264 3272 3429 3340 igitur
3452 3269 3684 3339 plurima
3714 3266 3851 3323 forte
3880 3269 4097 3332 accidit,

2515 3377 2573 3421 ut
2606 3365 2827 3420 ﬁliolum
2887 3378 3043 3417 suum
3088 3376 3247 3431 quem
3279 3361 3346 3416 de
3388 3375 3545 3414 sacro
3590 3359 3738 3414 fonte
3794 3367 4099 3428 susceptum

2516 3459 2840 3514 monachum
2871 3470 2993 3511 esse
3033 3461 3316 3517 statuerat,
3372 3451 3669 3523 Daguiuum
3718 3451 3960 3516 nomine,
3988 3450 4103 3505 exi-

2516 3551 2766 3624 gentibus
2795 3548 2963 3617 culpis
2991 3547 3121 3613 suis,
3152 3546 3374 3601 verbere
3398 3543 3801 3624 increpationis,
3840 3552 3898 3597 ut
3934 3542 4103 3597 moris

2515 3622 2619 3707 est,
2654 3639 2952 3695 feriendum
2982 3638 3317 3692 decerneret.
3359 3622 3490 3689 Nam
3530 3636 3638 3698 hic,
3680 3644 3740 3689 ut
3775 3642 3958 3704 postea
3986 3633 4102 3687 cla-

2518 3736 2650 3803 ruit,
2678 3733 2948 3805 pessimus
2983 3738 3037 3783 et
3060 3727 3373 3801 ﬂagitiosus,
3404 3725 3578 3782 fronte
3605 3725 3770 3796 polita
3807 3724 3908 3781 sub
3946 3726 4107 3781 ovina

2516 3826 2672 3899 pelle,
2704 3822 2916 3894 rapacis
2951 3820 3272 3890 contegebat
3310 3818 3609 3889 gestamina
3656 3815 3864 3871 bellum.
3922 3816 4107 3887 Itaque

2517 3934 2583 3974 ex
2612 3916 2805 3971 merito
2846 3928 2955 3969 suae
2983 3910 3303 3981 iniquitatis,
3344 3907 3557 3963 diabolo
3602 3923 3721 3962 cum
3763 3905 3893 3961 Juda
3926 3908 4111 3976 prodi-

2520 4018 2636 4064 tore
2662 4005 2914 4067 traditus,
2942 4002 3158 4071 indigne
3184 4000 3364 4055 ferens
3392 3999 3706 4055 doctrinalia
3736 3998 3904 4068 patris
3925 3999 4110 4067 objur-

2519 4099 2771 4171 gamina,
2836 4096 3231 4149 intumescente
3285 4091 3519 4145 mascula
3567 4090 3663 4144 sub
3716 4100 3933 4159 pectore
3988 4090 4107 4154 bili,

2520 4188 2797 4247 contendit
2839 4186 3064 4241 insanus
3107 4192 3354 4238 sanctum
3401 4182 3574 4235 virum
3623 4180 3832 4249 injuste
3895 4182 4109 4235 tradere

2522 4289 2658 4343 neci.
2698 4284 2939 4353 Denique
2995 4295 3115 4335 cum
3162 4280 3352 4334 beatus
3390 4286 3545 4347 pater
3584 4277 3775 4330 diurno
3821 4276 4111 4330 anxietatis

2520 4375 2705 4431 labore
2732 4389 2835 4428 non
2875 4372 3084 4426 modice
3119 4369 3316 4436 fessus,
3350 4383 3456 4421 una
3482 4382 3603 4420 cum
3627 4365 3891 4421 fratribus
3914 4366 4111 4420 lectulo

2522 4467 2814 4524 reclinatus
2858 4461 3100 4516 membra
3143 4459 3319 4529 sopori
3352 4457 3605 4521 dedisset,
3651 4458 3776 4526 quia
3808 4456 3987 4510 odium
4020 4455 4106 4507 in-

905 4652 1017 4724 (55)
1057 4649 1142 4724 Al.
1176 4648 1430 4724 Azel_an0_,
1463 4642 1554 4715 qui
1582 4642 1792 4724 videqu
1817 4634 2414 4724 ΐιιξεεθᾼιξίιεξιθρπξερρ-
2442 4606 2491 4663 D
2525 4645 2748 4724 dictum.
2806 4637 2935 4707 Ejus
2979 4633 3272 4707 primordia
3318 4646 3459 4687 anno
3494 4632 3636 4687 circa
3668 4628 3772 4685 665
3798 4627 4108 4686 collocanda

832 4704 1457 4799 pusvla'audunens-istde
1481 4704 1592 4784 quo
1617 4710 1961 4799 Frodoardus
1997 4709 2051 4762 in
2092 4708 2219 4799 hisrt.
2242 4704 2416 4799 Rep).

834 4776 927 4853 lib:
953 4776 1014 4859 ll,
1046 4808 1163 4862 cap.
1197 4792 1249 4845 7.
1292 4776 1450 4842 Istius
1488 4776 1808 4862 donationis
1832 4780 2065 4862 diploma
2109 4777 2279 4862 refert
2316 4776 2420 4862 (3a-

834 4848 1083 4923 Sinistus
1108 4848 1160 4917 in
1191 4855 1587 4928 Promptuario,
1620 4853 1712 4928 fo__|.
1744 4851 1831 4928 8t).
1880 4848 2294 4928 AnAmalricus
2330 4848 2422 4903 hic

835 4920 1169 4994 memoratus
1210 4920 1375 4999 Major
1405 4929 1615 4999 Adomus
1650 4923 1845 4999 luerit,
1899 4921 2107 4999 dubitat
2150 4920 2420 4999 a‘drianus

836 4990 1085 5066 valesius
1130 5006 1184 5058 in
1231 4990 1357 5055 iter.
1402 4997 1596 5051 Franc.
1648 4994 1739 5066 lib.
1791 5008 1901 5058 xxx.
1951 4991 2107 5046 Certe
2157 4990 2421 5066 Nivardus

835 5060 999 5151 supra
1023 5091 1172 5151 num.
1205 5072 1295 5151 I5,
1331 5078 1575 5151 mortuus
1612 5063 1827 5151 dicitur.
1851 5060 2422 5151 eriterit-lamberent

838 5129 953 5207 iiiis;
973 5129 1331 5218 cogitareth
1356 5139 1604 5195 coenobio
1634 5136 1910 5218 Deciens},
1938 5129 2093 5215 cujus
2122 5129 2421 5212 primordia

840 5200 1168 5298 Ξιῖιῖρῖῖῖτφ
1200 5212 1679 5297 6653mm“-
1710 5205 2049 5298 999991315
2066 5200 2422 5298 3333.”???

1844 5276 1905 5298 -.ε
1937 5274 2028 5298 ΒἾΙ
2066 5275 2259 5298 ,νς-...κριζη
2297 5287 2393 5298 and.

2521 4723 2706 4853 Βυῖἑὲ)
2760 4780 2833 4853 Et
2862 4778 3094 4853 quidem
3140 4774 3335 4853 comite
3372 4770 3647 4853 Waimero
3675 4771 3761 4826 cui
3799 4769 3856 4853 S.
3894 4767 4107 4853 Leode-

2558 4840 2704 4909 arius
2755 4840 2933 4905 inedia
2983 4845 3380 4902 consumendus
3416 4845 3739 4899 commissus
3773 4850 3893 4906 est,
3934 4840 4009 4894 uti
4050 4840 4108 4893 in

2558 4872 2704 4909 artus
2756 4872 2933 4905 meum
2983 4872 3380 4902 cuusumcuuus
3416 4872 3739 4899 cunni-nasus
3773 4872 3893 4906 cat,
3936 4872 4009 4894 uu
4051 4872 4108 4893 ιιι

2522 4872 2659 4980 fihro
2690 4923 2875 4977 Mirae.
2906 4919 2963 4973 S.
2995 4917 3267 4973 Bercharii
3315 4931 3463 4969 num.
3516 4915 3577 4968 II
3629 4913 3846 4967 dicitur.
3894 4910 3972 4980 E3
4018 4909 4109 4964 illo

2525 4979 2721 5051 itinere
2746 4991 2804 5047 S.
2830 4989 3149 5044 Bercharius
3168 4985 3414 5043 retulisse
3434 4984 3605 5039 fertur
3626 4998 3821 5052 corpus
3844 4980 3902 5036 S.
3933 4979 4111 5052 Theo-

2524 5050 2690 5123 dosia:
2714 5104 2728 5129 ,
2760 5064 2824 5117 de
2857 5074 2963 5130 qua
3006 5060 3120 5113 haec
3168 5057 3394 5130 legimus
3424 5058 3476 5109 in
3519 5070 3618 5109 IIIS.
3652 5050 3771 5107 cod.
3806 5050 4057 5130 Dervensi
4091 5068 4105 5103 :

2531 5119 2731 5190 ἷᾸηῐιὸ
2763 5119 2922 5186 Verbi
2964 5119 3411 5190 incarnati'llos,
3451 5134 3638 5195 epaeta
3670 5122 3965 5195 xvttaldus
4014 5119 4111 5195 se-

2525 5206 2728 5298 ptemb.
2781 5201 3077 5268 eodemque
3102 5211 3245 5251 anno
3273 5211 3380 5267 quo
3420 5190 3553 5251 obiit
3584 5208 3687 5298 re:
3712 5194 4008 5298 Pgilippus,
4040 5190 4109 5298 Ill-

2547 5279 2733 5298 !_-.._.---
2772 5273 2881 5298 κιαι..
2910 5273 2959 5298 ζ..
2994 5284 3168 5298 una-nm
3199 5276 3389 5298 “uni-uo
3420 5276 3495 5298 ne!
3572 5282 3596 5298 η
3797 5282 3829 5298 n
3857 5278 3984 5298 curn
4016 5276 4042 5298 α
4067 5276 4109 5298 ὶ.

3754 5261 3984 5298 “nitrth
4016 5261 4111 5298 ala.

2860 5288 2881 5298 μ.
2910 5273 2959 5298 ἔκ
2994 5284 3168 5298 una-nm
3199 5276 3389 5298 auuol-Io
3420 5276 3495 5298 ne!
3572 5282 3596 5298 η
3644 5265 3687 5298 Π
