4482 5524
413 390 520 447 685

1648 388 1733 441 DE
1772 386 1927 440 VITA
1970 384 2025 439 S.
2065 382 2451 438 BERCHARII.

3544 387 3649 443 686

405 506 573 561 currit
594 520 685 575 qut
711 512 886 575 argutt
915 504 1237 559 criminosos
1263 544 1276 567 ,
1306 503 1445 557 idem
1485 502 1625 556 filius
1651 501 1859 557 Satanre
1890 517 1973 555 ar-
2007 512 2051 569 Α
2082 500 2184 553 hoc
2220 498 2422 552 scelere
2451 498 2740 553 immunem
2768 498 3036 563 exhibeat,
3068 498 3154 567 qui
3196 498 3396 569 ligandt
3436 499 3650 556 solven-

406 599 508 653 mis
533 599 821 667 impietatis
848 607 1102 657 armatus.
1133 607 1409 666 postquam
1438 610 1559 649 eum
1591 595 1786 649 fessqu
1820 611 1971 663 SOpO°

406 698 581 741 ratum
610 686 860 750 credidit,
892 687 1101 740 irruens
1131 686 1181 739 in
1212 700 1333 739 eum
1380 684 1589 738 mortali
1632 685 1850 737 vulnere
1897 693 1979 737 at-

406 775 649 830 tentavit.
694 773 825 828 Nam
855 774 1070 829 cultello
1096 774 1241 828 illum
1274 774 1493 828 rabidus
1536 774 1693 837 feriit,
1730 784 1782 826 et
1813 773 1979 841 patris

407 863 663 933 sanguine
689 877 876 915 manus
902 863 1143 931 proprias
1171 863 1452 930 impudens
1482 862 1622 916 filius
1665 862 1974 916 maculavit.

407 957 695 1025 Arreptum
734 969 862 1009 vero
892 954 1165 1027 Daguinus
1203 969 1309 1023 quo
1353 964 1593 1009 sanctum
1642 964 1982 1023 percusserat

410 1049 611 1105 ferrum
631 1088 647 1113 ,
694 1057 873 1102 reatus
908 1047 990 1101 sui
1032 1047 1277 1101 conscius
1304 1047 1355 1100 in
1386 1046 1665 1116 piscinam,
1696 1061 1814 1115 quae
1842 1046 1979 1099 intra

409 1138 641 1193 claustra
683 1137 991 1192 monasterii
1033 1148 1157 1191 tunc
1184 1136 1439 1207 temporis
1475 1137 1793 1196 habebatur,
1822 1151 1981 1205 quam

410 1232 666 1288 citissime
703 1231 875 1299 potuit
905 1230 1051 1283 velut
1079 1229 1455 1284 occultandum
1496 1229 1707 1298 dejecit.
1764 1229 1985 1283 V’ideres

413 1332 539 1377 tunc
568 1323 781 1376 laticem
813 1321 957 1375 velut
987 1321 1117 1374 tanti
1147 1320 1363 1375 sceleris
1392 1322 1739 1391 cognitorem,
1783 1318 1983 1374 ferrum

412 1413 553 1469 inse
586 1421 864 1481 receptare
892 1426 1267 1480 expavescere.
1318 1410 1450 1463 Nam
1506 1426 1624 1465 mox
1678 1419 1733 1463 ut
1790 1425 1986 1479 aquam

414 1504 605 1573 tetigit,
637 1503 779 1556 velut
809 1502 1091 1557 levissima:
1137 1502 1313 1571 pluma
1355 1501 1595 1554 materiei
1636 1516 1795 1569 super
1822 1516 1987 1570 aquas

413 1592 731 1648 mirabiliter
761 1592 993 1655 natavit;
1030 1592 1143 1661 ipse
1178 1603 1354 1644 autem
1396 1591 1659 1644 homicida
1694 1605 1879 1643 amens
1903 1589 1985 1643 fa-

411 1696 553 1748 ctus,
585 1684 866 1739 ecclesiam
910 1685 1081 1754 petiit,
1129 1684 1471 1753 cruentisque
1501 1681 1748 1737 manibus
1776 1682 1989 1754 signum

410 1775 622 1846 pulsare
654 1776 838 1845 coepit.

784 1866 1088 1920 Percussori
1129 1868 1332 1921 veniam
1379 1866 1629 1935 indulget.

480 1957 570 2011 20.
612 1956 829 2011 Fratres
867 1972 994 2011 vero
1024 1967 1079 2010 ut
1123 1956 1643 2026 audieruntsignum
1675 1955 1988 2009 inconsueta

412 2048 568 2111 hora,
596 2062 717 2101 cum
744 2062 931 2116 rnagna
961 2046 1318 2100 admiratione
1342 2055 1644 2115 surgentes,
1671 2054 1725 2098 et
1745 2055 1991 2098 sanctum

413 2139 582 2191 virum
613 2138 948 2191 interfectum
977 2138 1273 2201 audientes,
1303 2138 1367 2191 ad
1401 2137 1596 2191 lectum
1628 2136 1768 2188 illius
1803 2150 1995 2189 cucur-

413 2241 604 2285 rerunt
636 2248 648 2283 :
679 2231 772 2285 sed
800 2231 975 2285 adhuc
1011 2232 1279 2284 anxietate
1308 2240 1583 2284 nutantem
1626 2229 1678 2283 in
1729 2245 1793 2283 eo
1838 2230 1996 2298 spiri-

413 2330 525 2376 tum
577 2330 914 2390 repererunt.
973 2321 1428 2392 Comprehensum
1472 2323 1634 2393 igitur
1679 2322 1993 2392 prcedictum

414 2408 711 2480 Daguiuum
748 2411 945 2466 fratres
987 2421 1175 2465 sancto
1211 2412 1325 2465 viro
1348 2412 1679 2475 obtulerunt,
1725 2412 1863 2465 scire
1904 2429 1996 2465 cu-

413 2503 624 2570 pientes
653 2505 779 2573 quid
811 2505 875 2559 de
914 2505 1072 2557 admi
1092 2520 1151 2557 so
1181 2514 1327 2557 tanto
1360 2504 1561 2559 scelere
1604 2505 1861 2557 severitas
1892 2504 1995 2559 cle-

414 2595 627 2649 mentia:
670 2594 786 2663 ejus
837 2593 1124 2662 iudicaret.
1178 2594 1415 2665 Denique
1456 2604 1670 2649 sanctus
1697 2605 1848 2665 pater
1876 2612 1994 2649 ver—

415 2686 605 2740 borum
634 2686 845 2739 Domini
874 2703 977 2741 non
1005 2688 1309 2751 immemor,
1346 2688 1538 2756 quibus
1578 2689 1713 2757 patri
1754 2703 1849 2757 pro
1880 2702 1999 2757 per-

415 2775 753 2832 secutoribus
782 2778 1120 2847 supplicavit,
1154 2778 1337 2833 dicens
1367 2796 1378 2829 :
1413 2776 1571 2831 Pater
1592 2820 1604 2841 ,
1639 2780 1841 2847 ignosce
1870 2779 1998 2843 illis,

415 2871 539 2941 quia
583 2871 815 2923 nesciunt
856 2870 980 2939 quid
1032 2871 1268 2938 faciunt,
1313 2870 1601 2924 clementer
1653 2870 1860 2925 remisit
1902 2870 1998 2934 illi,

415 2975 576 3029 quam
622 2961 676 3014 in
717 2974 775 3015 se
818 2969 1137 3015 exercuerat
1184 2960 1415 3029 culpam.
1459 2960 1623 3014 Deum
1659 2960 1767 3021 tibi.
1814 2961 2000 3025 frater,

418 3051 693 3120 inquiens,
751 3051 1195 3122 pmuitentialiter
1235 3051 1550 3120 placabilem
1594 3050 1708 3105 ﬁeri
1742 3052 1951 3104 studeto
1985 3068 1997 3103 :

418 3157 539 3198 nam
572 3154 833 3213 quantum
866 3143 932 3197 ad
960 3157 1045 3198 me
1080 3143 1275 3197 attinet
1302 3143 1446 3197 omni
1476 3152 1526 3197 te
1554 3131 1779 3197 liberuni
1811 3141 2002 3211 impie-

2077 589 2236 656 dique
2265 597 2524 657 potestate
2550 599 2818 657 suscepta,
2847 590 3072 644 diversis
3100 592 3406 645 morborum
3438 593 3649 663 generi-

2076 675 2175 730 bus
2216 676 2464 731 subvenit
2506 678 2746 746 corporis
2796 679 3001 731 mnbra.
3048 678 3307 749 Egressus
3351 680 3512 750 igitur
3553 681 3655 734 Da-

2078 768 2287 835 guinus,
2326 782 2387 821 ex
2418 778 2684 837 praecepto
2723 768 2858 823 beati
2896 770 2991 823 viri
3024 769 3248 825 Romam
3295 773 3468 838 petiit,
3512 772 3655 828 unde

2080 866 2262 926 postea
2294 873 2397 911 non
2425 867 2505 912 est
2533 874 2798 914 reversus.

2084 966 2329 1022 Moritur.
2382 969 2448 1023 In
2498 971 2765 1025 ecclesiam
2806 974 3138 1042 transfertur.
3171 974 3357 1031 Oleum
3391 991 3419 1027 e
3452 977 3652 1032 tumulo

2760 1055 2954 1095 manat.

2152 1127 2239 1183 21.
2282 1128 2477 1186 Beatus
2499 1148 2625 1187 vero
2650 1129 2967 1189 Bercharius
2988 1135 3284 1193 diutissime
3309 1154 3510 1211 angore
3536 1142 3658 1196 vul-

2087 1221 2229 1275 neris
2260 1222 2552 1286 morbidus,
2584 1225 2794 1279 tandem
2826 1241 2985 1281 carne
3012 1228 3238 1293 solutus,
3262 1230 3498 1287 caelestis
3536 1234 3661 1288 vita:

2086 1314 2275 1382 gaudia
2297 1315 2581 1370 exsultauti
2606 1318 2794 1387 spiritu
2820 1318 2939 1372 felix
2965 1323 3170 1389 petivit.
3194 1325 3272 1377 Ad
3298 1327 3428 1380 tanti
3451 1343 3664 1397 quoque

2087 1405 2188 1457 viri
2213 1405 2417 1459 obitum
2450 1408 2581 1461 viris
2629 1410 2984 1479 undecunque
3041 1413 3307 1483 religiosis
3346 1416 3665 1472 conﬂuenti-

2088 1497 2210 1559 bus,
2240 1500 2481 1568 sepultus
2507 1508 2588 1553 est
2613 1504 2844 1569 quodam
2886 1504 3003 1555 loco
3046 1517 3195 1559 extra
3228 1508 3532 1563 emnobium
3564 1510 3659 1583 [αἱ.

2090 1589 2418 1660 ecclesiam],
2471 1592 2653 1646 multis
2683 1594 2807 1647 inibi
2865 1596 2974 1649 Deo
3006 1597 3240 1653 donante
3274 1601 3661 1657 miraculorum

2089 1682 2294 1752 pollens
2347 1681 2645 1738 effectibus.
2684 1686 2791 1745 Sed
2849 1702 2969 1739 cum
2996 1688 3106 1754 jam
3138 1689 3393 1745 Dominus
3439 1692 3666 1749 ulterius

2094 1778 2338 1823 sanctum
2367 1786 2521 1825 suum
2563 1773 2837 1827 occultare
2880 1776 3063 1839 nollet,
3110 1792 3174 1830 ex
3208 1779 3430 1848 prtefato
3461 1783 3663 1838 cultelli

2021 1885 2068 1943 Β
2098 1860 2360 1915 miraculo
2406 1864 2725 1933 ueterisque
2772 1866 2836 1917 ad
2864 1868 3125 1921 tumulum
3155 1872 3326 1924 sancti
3357 1872 3455 1926 viri
3480 1883 3665 1927 osten-

2098 1952 2191 2015 sis,
2244 1954 2415 2007 servis
2449 1956 2540 2008 Dei
2596 1957 2765 2009 visum
2824 1959 3061 2012 estinde
3089 1975 3284 2030 corpus
3312 1964 3451 2017 beati
3502 1968 3669 2034 patris

2098 2040 2295 2095 debere
2321 2046 2625 2107 transferri,
2653 2062 2713 2097 ac
2743 2047 2815 2099 illi
2841 2048 2962 2101 inde
2999 2050 3314 2104 translatum
3364 2056 3663 2108 ltlltlttlat'tt-

2096 2142 2221 2187 runt
2255 2145 2396 2188 retro
2425 2134 2596 2189 altare
2628 2138 2677 2189 iu
2719 2138 2934 2191 basilica
2986 2139 3084 2194 SS.
3119 2144 3477 2211 apostolorum
3524 2146 3667 2202 Petri

2095 2235 2149 2279 et
2170 2225 2340 2289 Pauli,
2376 2242 2533 2295 quam
2585 2229 2695 2296 ipse
2733 2231 2915 2283 vivens
2942 2232 3320 2297 :cdilieaverat,
3365 2235 3451 2288 ubi
3482 2236 3669 2291 suffra-

2097 2315 2349 2381 gantibus
2378 2314 2493 2382 ejus
2526 2320 2734 2370 meritis
2763 2321 2925 2371 multa
2962 2321 3274 2374 tribuuntur
3303 2324 3441 2377 dona
3490 2341 3664 2394 popu-

2098 2404 2183 2458 lis.
2243 2404 2317 2457 Ex
2376 2406 2528 2475 cujus
2585 2407 2831 2475 sepulcro
2885 2409 3041 2479 longo
3069 2421 3187 2479 post
3218 2423 3456 2481 tempore
3490 2415 3669 2472 oleum

2097 2494 2363 2563 pullulaus
2388 2496 2438 2549 in
2464 2512 2555 2550 vas
2578 2498 2643 2551 ad
2660 2498 2759 2551 hoc
2791 2514 2854 2568 pa
2866 2509 3039 2555 ratum
3064 2502 3238 2555 visum
3256 2513 3339 2557 est
3362 2504 3671 2573 deﬂuxisse,

2099 2595 2310 2643 cunctis
2347 2581 2536 2645 morbo
2565 2592 2803 2647 obsessis
2830 2594 3055 2648 nimium
3095 2597 3329 2652 salubre.
3380 2598 3547 2669 llujus
3576 2602 3675 2671 igi-

2102 2690 2207 2745 tur,
2241 2684 2365 2750 quia
2412 2693 2757 2752 peccatorum
2804 2688 3041 2755 pondere
3095 2693 3415 2760 praegravati
3463 2709 3676 2751 summa

2098 2786 2320 2841 operum
2358 2775 2572 2844 assequi
2597 2777 2827 2846 propriis
2861 2765 3067 2833 viribus
3102 2797 3443 2851 nequaquam
3472 2801 3674 2855 prman-

2102 2862 2318 2928 mimus,
2353 2862 2466 2931 ejus
2497 2866 2587 2935 qui
2618 2865 2757 2920 dixit
2811 2884 2822 2919 :
2873 2866 3001 2922 Sine
3054 2884 3138 2925 me
3167 2870 3301 2925 nihil
3348 2874 3573 2942 potestis
3600 2875 3675 2928 fa-

2100 2970 2243 3020 cere,
2296 2956 2643 3025 imploremus
2695 2958 2951 3013 auxilium
3008 2962 3217 3032 gratiae,
3272 2973 3537 3033 quatenus
3583 2966 3676 3034 qui

2106 3049 2297 3102 merito
2341 3058 2687 3119 peccatorum
2751 3050 3127 3123 deprimimur,
3185 3056 3405 3110 dextera
3460 3057 3677 3112 virtutis

2105 3156 2214 3195 suae
2251 3141 2614 3208 sublevemur,
2652 3142 2745 3212 qui
2789 3158 2911 3198 cum
2935 3143 3096 3200 Patre
3148 3154 3202 3200 et
3247 3147 3450 3217 Spiritu
3488 3158 3678 3203 sancto

419 3245 527 3291 tate
556 3237 792 3292 remitto.
834 3236 1061 3291 Romam
1110 3250 1257 3305 ergo,
1302 3234 1395 3299 tili,
1446 3233 1790 3306 progredere,
1844 3242 1902 3287 ut
1949 3243 2000 3289 te
2026 3249 2072 3311 ρ
2104 3234 2235 3288 vivit
2261 3244 2317 3289 et
2355 3233 2616 3305 gloriatur
2648 3234 2791 3291 Deus
2813 3236 2867 3291 in
2894 3238 3087 3293 saecula
3111 3240 3453 3298 saeculorum.
3480 3242 3676 3297 Amen.

1840 3450 2270 3513 APPENDIX

553 3638 658 3717 Ea:
698 3658 811 3703 ms.
850 3640 987 3703 cod.
1019 3638 1314 3701 Dervemi
1338 3655 1450 3718 per
1493 3638 1560 3700 Β.
1598 3637 1672 3699 Ρ.
1715 3638 2087 3701 Filt'bertum
2113 3640 2470 3722 Bouianger
2498 3656 2787 3721 congreg.
2816 3642 2884 3706 S.
2926 3644 3139 3710 Πιοηὶ
3170 3651 3537 3715 monachum

1606 3739 2001 3800 Benedictum
2047 3741 2520 3802 communicato.

1016 3928 1141 3984 Dies
1198 3931 1387 3985 obitus.

488 4022 578 4076 22.
599 4021 795 4076 Beatus
817 4017 1137 4074 Bercharius
1172 4020 1441 4075 durissimi
1472 4020 1726 4091 languore
1754 4020 1991 4075 vulneris

423 4113 719 4177 morbidus,
750 4112 875 4166 licet
903 4112 1120 4165 trahens
1150 4111 1302 4182 longa
1333 4113 1563 4182 suspiria
1596 4114 1679 4165 vix
1708 4112 1992 4182 proloque-

424 4216 595 4267 rctur,
627 4203 768 4258 fesso
794 4202 1033 4257 anhelitu
1082 4212 1256 4255 tamen
1312 4202 1602 4257 Dominica:
1645 4204 1911 4272 passionis
1939 4212 1993 4256 et

423 4295 836 4351 resurrectionis
874 4294 1158 4358 solemnia,
1196 4310 1306 4349 suae
1333 4295 1493 4349 etiam
1524 4295 1873 4364 depositionis
1898 4297 1993 4349 ob-

423 4385 670 4454 sequium
715 4398 779 4436 ac
832 4382 1006 4437 locum
1043 4382 1331 4451 sepulturae
1385 4383 1659 4437 humiliter
1713 4385 1991 4448 ordinans,

423 4473 700 4540 discipulis
756 4472 922 4526 multa
980 4482 1199 4527 ventura
1255 4475 1522 4543 praulixit,
1574 4476 1861 4530 indicendo
1916 4475 1995 4529 eis

423 4562 835 4619 sollicitudinem
888 4562 1054 4615 divini
1089 4563 1297 4616 timoris
1326 4578 1390 4617 ac
1435 4565 1834 4618 observantiam
1866 4580 1995 4618 san-

2461 3928 2845 3987 Tramlationis
2872 3932 2984 3990 dies
3011 3946 3059 3990 et
3089 3940 3294 3996 modus.

2169 4021 2259 4077 23.
2287 4020 2394 4077 Sed
2415 4036 2537 4077 cum
2556 4020 2669 4090 jam
2699 4024 2959 4081 Dominus
2982 4028 3210 4086 ulterius
3237 4044 3485 4093 sanctum
3517 4055 3675 4099 suum

2101 4114 2373 4170 occultare
2420 4115 2606 4179 nollet,
2637 4130 2705 4170 ex
2734 4116 2962 4187 praefato
2987 4122 3188 4177 cultelli
3234 4127 3493 4185 miraculo
3515 4142 3680 4191 caete-

2103 4222 2281 4275 msque
2312 4207 2379 4261 ad
2419 4206 2678 4261 tumulum
2727 4211 2901 4264 sancti
2949 4213 3049 4267 Viri
3080 4220 3336 4284 ostensis,
3370 4225 3541 4279 servis
3582 4225 3677 4284 Dei

2101 4299 2277 4353 visum
2304 4310 2387 4353 est
2419 4299 2539 4353 inde
2561 4314 2759 4368 corpus
2783 4301 2922 4357 beati
2946 4307 3118 4373 patris
3146 4309 3343 4366 debere
3368 4317 3674 4377 transferri.

2104 4390 2295 4445 Habita
2352 4392 2531 4462 itaque
2565 4392 2851 4448 collatione
2895 4410 3016 4450 cum
3058 4398 3293 4468 plurimo
3329 4404 3555 4478 collegio
3585 4425 3675 4464 sa-

2101 4481 2379 4536 cerdotum
2407 4485 2476 4538 ob
2506 4482 2606 4538 hoc
2633 4485 2683 4537 in
2714 4501 2877 4539 unum
2907 4490 3363 4559 convenientium,
3396 4497 3674 4557 decretum

2102 4574 2155 4627 id
2183 4573 2295 4628 fieri
2339 4584 2493 4629 sexto
2538 4576 2748 4631 decimo
2787 4577 3052 4634 Kalendas
3094 4581 3289 4638 Martii.
3336 4586 3546 4644 Nullam
3592 4601 3678 4647 ta-

423 4660 525 4745 ctae
579 4651 872 4745 religionis.
932 4649 1166 4704 Tandem
1221 4652 1567 4723 triumphanti
1619 4653 1843 4707 Domino
1874 4669 1997 4707 eum
2033 4664 2077 4722 ι)
2106 4679 2227 4718 men
2257 4674 2545 4734 capessunt
2598 4668 2877 4721 audaciam
2921 4673 3169 4741 tangendi
3201 4673 3411 4745 glebam
3451 4683 3680 4738 sanctis-

423 4744 601 4815 palma
629 4743 872 4799 victoriae
927 4758 1273 4807 occursurus,
1323 4761 1478 4799 mane
1510 4745 1784 4800 Dominica
1828 4746 1996 4816 ipsius

425 4843 786 4891 sacrosanctae
812 4834 880 4889 ab
905 4832 1090 4889 inferis
1120 4833 1555 4891 Resurrectionis
1581 4853 1744 4892 carne
1768 4837 1992 4902 solutus,

424 4926 660 4983 calcatis
710 4927 837 4981 vitae
884 4926 1076 4998 gaudia
1123 4926 1412 4981 exsultanti
1458 4930 1655 4998 spiritu
1694 4928 1819 4986 felix
1862 4932 1996 5003 peti-

424 5019 505 5073 vit
530 5018 661 5092 (59).
689 5019 770 5074 Ad
796 5018 932 5073 tanti
954 5018 1053 5071 viri
1084 5032 1296 5087 quoque
1325 5019 1530 5073 obitum
1558 5020 1689 5075 viris
1721 5023 1996 5079 undecun-

424 5127 532 5182 que
560 5110 828 5183 religiosis
856 5106 1268 5173 conlluentibus,
1303 5111 1545 5179 sepultus
1568 5123 1652 5166 est
1678 5122 1733 5166 ut
1759 5113 1998 5182 jusserat

423 5206 652 5276 quodam
706 5204 830 5260 loco
855 5211 1006 5257 extra
1053 5202 1363 5269 ecclesiam,
1406 5203 1588 5259 multis
1611 5206 1738 5261 inibi
1772 5208 1881 5267 Deo
1907 5209 2001 5265 do-

422 5308 585 5354 nante
611 5295 996 5355 miraculorum
1036 5296 1245 5369 pollens
1270 5294 1571 5352 effectibus.

462 5429 615 5524 “(392'
644 5434 703 5489 In
752 5430 938 5524 eodem
957 5434 1245 5524 [επις.ῇῂωὲ
1277 5429 1566 5524 leguntur}
1611 5450 1627 5482 ι
1678 5431 1999 5524 Extremum

995 5506 1007 5519 α
1028 5522 1033 5524 .
1088 5504 1128 5524 n
1202 5500 1242 5524 n
1299 5500 1460 5524 n’._-|_

2103 4754 2222 4809 simi
2271 4757 2555 4827 corporis;
2609 4773 2787 4830 neque
2837 4758 3094 4833 fatigandi
3145 4763 3303 4837 longa
3352 4768 3681 4835 bajulationo

2104 4847 2296 4916 lapidei
2328 4865 2435 4919 quo
2491 4851 2773 4921 tegebatur
2800 4854 3142 4926 sarcophagi,
3196 4861 3290 4916 sed
3320 4861 3681 4924 humillimam

2103 4954 2264 5009 quam
2288 4950 2596 5011 potuerunt,
2621 4944 2923 5001 deliberant
2946 4948 3312 5008 transferendi
3342 4952 3684 5016 facilitatem.

2104 5028 2239 5084 Nam
2299 5031 2507 5087 decenti
2564 5032 2766 5089 fornice
2813 5035 3087 5105 perforata
3140 5041 3396 5097 orientali
3453 5050 3692 5105 maceria

2106 5121 2273 5192 ipsius
2323 5122 2563 5178 ecclesia:
2615 5140 2735 5193 quae
2774 5126 3021 5195 proxima
3069 5126 3187 5197 ejus
3226 5131 3523 5205 sepultura:
3550 5146 3695 5203 erat,

2110 5214 2234 5269 inde
2278 5230 2344 5270 eo
2398 5214 2543 5268 aditu
2600 5215 2739 5270 infra
2788 5231 2913 5271 cum
2956 5222 3302 5296 sarcophago
3352 5221 3701 5294 translatum,

2112 5309 2351 5363 secundo
2390 5306 2789 5364 tumulaverunt
2840 5318 2989 5365 retro
3017 5310 3197 5371 altare
3230 5318 3287 5374 in
3335 5314 3452 5383 ipsa
3478 5314 3710 5375 basilica

2116 5442 2220 5524 {5'24
2252 5440 2541 5524 incidebat.
2648 5442 2975 5524 Derchar'ius
3002 5444 3407 5524 inscribiturin
3435 5447 3621 5504 Addit.
3646 5452 3714 5524 ad
