4482 5524
842 326 946 380 687
1938 335 2226 391 ADSONIS
2267 336 2645 389 DEItVENSlS
2682 336 2973 390 ABBATIS
3987 334 4088 389 688

851 451 1167 499 sanctorum
1222 456 1587 516 apostolorum
1632 449 1771 505 Petri
1821 460 1875 503 et
1910 450 2060 503 Pauli
2117 466 2277 519 quam
2316 450 2427 517 ipse
2456 465 2500 519 Α
2534 460 2693 503 ucute
2719 451 2897 505 domui
2926 450 3159 505 Adsonis
3194 458 3430 521 tempore
3469 448 3571 503 hoc
3597 444 3899 503 cmnobium
3928 442 4091 513 coepit

839 533 1029 589 vivens
1059 534 1441 606 mdiﬁcaverat,
1492 542 1584 596 ubi
1612 542 2030 611 satiragantibus
2060 545 2175 613 ejus
2211 543 2418 597 meritis
2526 543 2850 613 germinare,
2882 528 3012 608 ete.,
3041 552 3096 595 ut
3119 542 3259 615 infra
3289 557 3432 596 num.
3475 541 3561 596 15.

841 625 1014 681 multa
1058 629 1370 685 tribuuntur
1399 633 1535 687 dona
1571 634 1801 704 populis.
1831 634 2058 701 Quando
2087 633 2197 689 Deo
2232 634 2415 702 dispo-

866 792 4080 824 MM

1317 943 1499 1059 DE
1587 941 2357 1058 MIRACULIS
2446 940 2564 1054 S.
2655 935 3591 1058 WALDEBERTI

1969 1183 2229 1227 ABBATIS
2275 1180 2689 1227 LUXOVIENSIS
2729 1182 2966 1227 TERTII.

2310 1347 2613 1424 LIBER

1671 1518 2179 1629 Auctore
2242 1520 2696 1627 Adsone
2768 1523 3207 1629 abbate.

980 1738 1160 1814 (Apud
1184 1742 1415 1811 Mabill.,
1447 1747 1580 1799 Acta
1609 1740 1709 1799 SS.
1739 1741 1935 1797 Bened.
1968 1743 2103 1798 Sane.
2140 1742 2226 1865 lCll,
2263 1742 2473 1864 putat}
2494 1759 2555 1794 ca?
2584 1759 2677 1822 ηις.
2710 1745 2825 1883 (uti).
2848 1743 3159 1798 Lna‘ouiensi
3194 1755 3372 1798 erutus
3398 1759 3433 1798 a
3460 1741 3528 1798 R.
3559 1741 3625 1797 Ρ.
3644 1739 3951 1799 Constantio

2195 1829 2310 1864 rare
2357 1828 2425 1876 10,
2482 1830 2565 1864 mn
2592 1829 2782 1880 priore.

2195 1828 2425 1876 ravellto,
2458 1828 2565 1864 tum
2592 1829 2782 1880 priore.

1818 2097 2657 2178 OBSERVATIONES
2717 2100 3157 2182 P‘UEVIIE.

912 2388 955 2439 l.
990 2385 1228 2457 Eloginm
1295 2386 1465 2439 sancti
1506 2385 1838 2457 iqa.ocucrti
1896 2402 1989 2438 seu
2039 2386 2302 2440 Walberti
2333 2387 2570 2457 abbatis
2612 2388 2997 2450 Luxoviensis,
3036 2398 3300 2457 quatenus
3354 2405 3419 2442 ex
3474 2388 4089 2445 vetustis’monumentis

824 2454 1141 2509 concinnari
1198 2457 1390 2523 potuit,
1434 2454 1779 2509 exhibuimus
1813 2456 1866 2509 in
1898 2456 2108 2511 Saeculo
2146 2455 2402 2511 secundo.
2435 2457 2627 2513 Postea
2660 2458 2853 2513 librum
2887 2462 2951 2513 de
2985 2454 3100 2525 ejus
3150 2458 3425 2514 miraculis
3452 2460 3519 2513 ad
3570 2476 3654 2514 me
3681 2460 3982 2514 transmisit
4013 2461 4080 2514 lt.

822 2525 887 2600 ξ’.
912 2526 1261 2600 Constantius
1284 2525 1611 2600 Gi-aviﬂlius,
1646 2535 1763 2600 tum
1793 2525 2018 2600 Luxnvii
2038 2527 2203 2600 prior
2229 2545 2257 2579 e
2282 2525 2661 2600 ﬂorentissima
2694 2530 3110 2600 congregatione
3136 2527 3191 2581 S.
3236 2528 3435 2600 Vitoni,
3467 2546 3585 2583 cum
3618 2531 3717 2584 hac
3747 2531 4036 2600 epigraphe
4068 2547 4078 2580 :

822 2595 1018 2663 Incipit
1060 2594 1177 2648 Vim
1210 2597 1525 2648 sanctissimi
1552 2612 1611 2647 ac
1638 2594 1744 2648 Deo
1776 2594 2121 2665 acceptissiini
2165 2595 2344 2649 Patris
2372 2596 2656 2660 Walberti,
2696 2594 2998 2652 mon'asIErii
3047 2597 3382 2651 Lnxoviensis
3426 2600 3663 2661 abbatis;
3698 2594 4085 2654 tatnelsi‘libel-

823 2666 962 2728 lum,
991 2682 1095 2719 non
1131 2667 1195 2719 de
1225 2667 1355 2727 vita,
1386 2665 1478 2718 sed
1513 2666 1576 2717 de
1621 2666 1896 2720 miraculis
1930 2667 2086 2736 longe
2116 2678 2237 2735 post
2268 2666 2600 2722 Waldeberti
2647 2668 2850 2721 obitum
2882 2668 3108 2735 patratis
3151 2669 3386 2721 scribere
3427 2669 3657 2723 instituit
3703 2681 3910 2735 auelur,
3938 2672 4086 2725 Adso

820 2737 1095 2809 videlicet,
1128 2737 1232 2790 alio
1256 2737 1469 2789 nurnine
1500 2736 1673 2809 dictus
1701 2736 2056 2809 Hermirieus,
2082 2739 2172 2809 qui
2201 2746 2321 2807 post
2345 2738 2578 2791 medium
2605 2738 2857 2792 smculmn
2891 2755 2921 2791 x
2951 2738 3189 2792 Luxovio
3212 2738 3423 2809 praefuit
3446 2748 3564 2809 post
3583 2740 3898 2803 Aaloucum,
3924 2757 4082 2809 quem

821 2806 1057 2859 abbatem
1088 2817 1133 2878 et
1162 2809 1458 2875 episcopum
1489 2805 1725 2878 appellat
1761 2823 1773 2859 :
1810 2816 1863 2859 et
1889 2808 2033 2878 Adsn
2058 2805 2113 2861 iu
2136 2805 2361 2878 Prolngo
2385 2824 2483 2861 suo
2513 2819 2777 2861 meruerat
2807 2809 3042 2861 volumen
3074 2809 3136 2860 de
3157 2805 3310 2877 gestis
3339 2807 3394 2861 S.
3436 2805 3773 2871 Waldeberti,
3800 2826 3917 2878 qum
3942 2805 4086 2864 tem-

815 2890 1014 2945 porum
1058 2875 1251 2944 injuria
1313 2878 1581 2947 excidisse
1633 2877 1901 2931 dolemus.
1955 2876 2008 2930 ln
2045 2875 2337 2931 veterrimi)
2388 2878 2711 2933 Kalendario
2748 2878 3079 2942 Corheieusi,
3129 2875 3252 2931 ante
3282 2894 3449 2933 annos
3488 2891 3786 2947 nongentos
3817 2875 4081 2941 'exarato.

817 2950 971 3019 quod
1012 2948 1262 3019 mutilum
1294 2956 1345 2999 ct
1381 2946 1768 3019 imperfectum
1800 2947 1992 3019 lsidori
2038 2948 2372 3018 Hispalensis
2414 2950 2654 3019 episcopi
2706 2949 2856 3001 lilris
2912 2950 2977 3001 de
3006 2963 3217 3001 summo
3272 2949 3410 3019 bona
3441 2946 3680 3019 assulum
3720 2952 4082 3019 przemittimr,

816 3016 878 3070 S.
907 3016 1237 3071 Waldcberti
1272 3018 1537 3071 memoria
1579 3018 1905 3086 exprimitur
1934 3016 2019 3072 his
2048 3016 2232 3073 verbis
2267 3038 2278 3072 ;
2305 3035 2354 3072 vr
2403 3016 2587 3072 Nonas
2607 3016 2835 3073 'Madias
2863 3018 3117 3087 depositio
3139 3018 3305 3071 sancti
3333 3017 3648 3074 Waldebcrti
3680 3016 3905 3085 abbatis,
3940 3022 4083 3074 nulla

813 3087 1143 3156 episcopalis
1176 3088 1410 3141 nominis
1438 3088 1723 3141 mentione
1751 3087 1917 3149 facta,
1945 3090 2021 3142 uti
2054 3105 2155 3144 nec
2187 3090 2238 3142 in
2271 3088 2453 3143 lihelle
2484 3088 2744 3156 subjecto.

888 3157 940 3209 9..
972 3159 1043 3212 De
1068 3159 1318 3227 emnobio
1347 3156 1673 3211 Luxoviensi
1708 3156 1865 3226 plura
1903 3159 2045 3227 leges
2074 3160 2126 3211 in
2157 3158 2368 3213 Saeculo
2398 3169 2586 3212 nostro
2614 3160 2875 3221 secundo,
2907 3168 3022 3212 tum
3055 3157 3109 3212 in
3148 3157 3490 3220 Prtel‘atione,
3544 3168 3653 3213 tum
3687 3161 3741 3215 in
3776 3161 3927 3215 Actis
3954 3176 4081 3215 san-

812 3235 1027 3280 ctorum
1061 3226 1384 3302 Columbani
1423 3238 1475 3282 et
1502 3229 1742 3302 l:_2ustasii
1773 3226 2052 3302 abbatum.
2088 3229 2324 3302 Tempus
2366 3244 2474 3302 quo
2503 3229 2867 3302 Lelumbanus
2916 3228 3185 3302 Vesagum
3221 3229 3457 3283 incolere
3483 3231 3668 3299 cmpit,
3694 3232 3895 3302 signavi
3925 3232 4084 3301 paulo

811 3307 942 3370 ante
964 3299 2180 3370 annumquingentesimumgnonagesimum.
2234 3300 2489 3370 Calculus
2543 3300 2643 3370 iste
2675 3300 2987 3353 conﬁrmari
3040 3300 3253 3353 videtur
3293 3313 3362 3370 ex
3396 3302 3625 3367 quadam
3670 3299 3935 3359 clausula.
3963 3317 4084 3370 quae

813 3368 1047 3441 habetur
1070 3369 1130 3441 in
1164 3368 1269 3422 ﬁne
1294 3366 1668 3441 Expositionis
1702 3366 1759 3422 S.
1794 3366 2081 3441 Augustini
2137 3370 2190 3423 in
2223 3368 2519 3441 epistolam
2554 3369 2801 3441 Joannis,
2836 3371 2886 3423 in
2937 3385 3129 3423 novem
3158 3366 3725 3441 homilias’distinctae,
3773 3374 3823 3426 in
3851 3366 4081 3441 quarum

816 3436 925 3491 ﬁne
950 3440 1041 3511 _sie
1069 3438 1266 3509 legitur
1294 3436 1731 3511 Ain'pervetusto
1782 3440 2091 3511 apographo
2123 3436 2368 3511 ecclesiae
2400 3440 2457 3493 ὃ.
2494 3439 2639 3493 Petri
2686 3439 3103 3511 Bellovacensis,
3150 3440 3453 3511 uncialilms
3489 3440 3683 3495 litteris
3714 3436 4004 3511 descripto
4053 3459 4083 3493 a

816 3454 925 3491 nne
963 3455 1041 3493 sue
1069 3454 1266 3509 lcgtllll‘
1322 3455 1375 3492 in
1454 3454 1731 3493 ervetusm
1782 3454 1808 3491 a
1852 3454 2091 3509 ograpno
2123 3454 2366 3494 ecetesize
2400 3454 2457 3493 δ.
2494 3454 2639 3493 rem
2686 3454 3103 3501 uertovacensis,
3150 3454 3453 3493 unetanrus
3489 3454 3683 3495 ltllel'lS
3738 3454 4004 3511 descripto
4053 3459 4083 3493 a

816 3509 1049 3577 quodam
1085 3509 1363 3564 monacho
1403 3456 1730 3563 fuxoviensi
1769 3530 1778 3561 :
1806 3454 2128 3579 Explicitum
2167 3525 2302 3578 opus
2346 3508 2559 3564 favente
2588 3512 2813 3580 Domino
2846 3510 2983 3580 apud
3028 3510 3337 3564 cmnubium
3366 3508 3681 3571 Lussovium
3715 3528 3854 3565 anno
3885 3512 4086 3566 duode-

810 3581 954 3653 cimo
985 3581 1129 3649 regis
1153 3580 1566 3653 Chlothacharii
1590 3621 1605 3646 ,
1640 3580 1945 3653 indictione
1963 3582 2121 3635 tertia
2153 3580 2387 3653 deejuia,
2426 3595 2566 3653 anno
2592 3579 2798 3653 Xlsimo
2826 3579 2916 3635 Pis
2939 3580 3001 3633 Ni
3041 3580 3273 3653 feliciter
3296 3591 3549 3653 peracto,
3571 3582 3620 3635 id
3654 3593 3735 3637 est
3760 3584 3840 3653 (ut
3866 3582 4083 3653 quidem

815 3650 1169 3720 interpretor)
1194 3666 1332 3703 anno
1355 3651 1760 3721 quadragesimo
1794 3649 1974 3704 Patris
2010 3651 2193 3715 nostri,
2236 3650 2558 3704 Columbani
2591 3650 2840 3705 videlicet
2870 3668 2882 3704 :
2914 3653 3002 3718 qui
3045 3651 3270 3719 proinde
3297 3666 3439 3721 anno
3466 3649 3898 3721 quingentesimo
3926 3662 4071 3706 octo.

808 3720 1025 3843 ίξεξδίιιιο
1057 3722 1246 3789 quinto
1295 3721 1349 3774 in
1384 3720 1654 3791 Vosagum
1689 3722 1976 3776 advenisse
2015 3722 2275 3777 dicendus
2304 3730 2407 3785 est,
2440 3721 2706 3788 siquidem
2745 3738 2913 3773 annus
2938 3722 3279 3775 duodecimus
3310 3720 3568 3775 Clotharii
3598 3720 3729 3792 regis
3761 3724 3812 3778 in
3835 3722 4082 3794 Burgun-

851 3792 896 3843 ia
960 3790 1259 3843 recitantis.
1302 3801 1350 3843 et
1405 3792 1622 3843 indictio
1684 3791 1745 3843 l3
1798 3792 2130 3843 conveniunt
2179 3792 2231 3843 in
2263 3806 2465 3843 annum
2497 3790 2694 3843 Christi
2752 3792 2875 3843 6‘25.
2905 3792 3017 3843 Oua
3073 3792 3125 3843 in
3159 3792 3430 3843 scriptura
3480 3792 3609 3843 illud
3639 3794 3801 3843 etiam
3828 3795 4082 3843 observa-

851 3792 896 3843 ia
960 3790 1259 3860 regnantis,
1302 3801 1350 3844 et
1405 3790 1622 3845 indictio
1684 3791 1745 3844 l3
1798 3792 2130 3847 cenveniuut
2179 3792 2231 3844 in
2263 3806 2465 3845 annum
2497 3790 2694 3845 Christi
2752 3792 2875 3845 6'25.
2905 3792 3017 3857 Qua
3073 3792 3125 3843 in
3159 3792 3430 3860 scriptura
3480 3792 3609 3846 illud
3639 3790 3801 3848 etiam
3828 3790 4085 3849 observa-

808 3860 958 3913 tione
1004 3864 1225 3932 dignum
1266 3869 1369 3927 est,
1404 3862 1757 3918 indictionem
1819 3872 2141 3934 usurpatam
2192 3860 2489 3931 aliquando
2548 3861 2717 3916 fuisse
2748 3863 2800 3915 in
2840 3861 3049 3916 calculo
3098 3860 3377 3918 Gallieano
3402 3902 3419 3929 ,
3448 3862 3882 3935 Merovingorum
3912 3864 4085 3933 stirpe

804 3940 1092 4001 regnante.

3938 4122 4076 4145 .-

1871 4271 2281 4350 PROLOG
2300 4270 2422 4349 US
2485 4269 3023 4349 AUCTOBIS.

869 4537 1295 4597 Luxoviensium
1316 4536 1712 4593 coanobitarum
1738 4552 1908 4593 sacrae
1929 4540 2179 4596 concioni
2203 4540 2384 4612 (40)...
2417 4542 2466 4604 Β
2494 4538 2806 4596 Eustasium
2861 4535 3117 4593 videlicet
3180 4544 3343 4608 atque
3416 4533 3823 4592 Waldebertum
3852 4576 3867 4603 ,
3918 4539 4083 4594 etiam

793 4633 969 4704 quiet
1000 4631 1356 4696 Henumicus,
1389 4630 1605 4685 nomine
1636 4631 1822 4694 abbas,
1857 4646 1964 4685 non
1996 4633 2193 4688 merito
2221 4648 2382 4689 voca-
2496 4641 2684 4688 nostra
2713 4638 2873 4686 aetate
2918 4638 3067 4701 gesta
3119 4643 3241 4685 esse
3301 4628 3481 4684 divina
3535 4630 3707 4699 gratia
3764 4640 4082 4696 noscuntur,

794 4732 907 4787 tus,
940 4730 1253 4791 perpetuam
1283 4721 1337 4775 in
1358 4719 1574 4775 Christo
1607 4721 1817 4775 Domini
1842 4722 2093 4777 salutem.
2299 4786 2307 4795 η
2496 4724 2639 4795 style
2670 4720 3127 4777 commendarem.
3155 4718 3293 4774 Nam
3316 4719 3459 4775 inter
3484 4719 3571 4774 illa
3602 4734 3721 4789 qua:
3754 4718 3867 4789 jam
3902 4731 4081 4775 trans-

868 4811 1247 4869 Consideranti
1299 4812 1432 4867 mihi
1470 4827 1533 4867 ac
1579 4812 1776 4882 saepius
1824 4828 1917 4868 ore
1965 4828 2028 4869 ac
2086 4823 2264 4870 mente
2298 4831 2383 4872 re-
2496 4817 2715 4881 ierunt,
2771 4823 2827 4869 et
2877 4828 2940 4867 ea
3004 4826 3123 4882 quae
3168 4819 3393 4867 ventura
3448 4820 3767 4882 sperantur,
3804 4809 4086 4881 profunda!

793 4906 1055 4970 volventi,
1082 4906 1209 4975 quid
1240 4905 1487 4958 utilitatis
1533 4914 1587 4959 et
1616 4907 1885 4960 commodi
1912 4906 2029 4963 loco
2056 4909 2378 4972 conferrem,
2494 4909 2745 4980 caliginis
2768 4908 2921 4976 quasi
2952 4906 3186 4976 quodam
3217 4904 3414 4961 nebulo
3445 4904 3806 4975 interpolante
3845 4905 4081 4959 humana

792 5002 849 5056 in
876 5017 983 5069 quo
1008 5015 1035 5051 a
1070 4999 1388 5069 parentibus
1418 4996 1644 5052 traditus
1691 4999 1933 5069 primaevi
1978 5001 2209 5055 tirocinii
2230 5000 2386 5069 juve-
2491 5000 2835 5071 perspicacia
2871 4999 3095 5052 liberam
3123 4997 3332 5053 nutitize
3354 5011 3459 5051 non
3482 5004 3657 5067 potest
3687 4996 3889 5050 habere
3910 4994 4082 5049 facul-

788 5089 921 5143 nilia
957 5090 1258 5142 rudimenta
1292 5089 1433 5141 inter
1467 5088 1627 5143 dubia
1668 5087 2039 5159 Pythagoricae
2081 5092 2274 5147 litterae
2305 5092 2385 5146 bi-
2493 5103 2681 5157 tatem,
2735 5091 2839 5145 nisi
2870 5091 3113 5145 exterius
3162 5089 3419 5144 litteralis
3461 5088 3737 5144 industriae
3794 5088 4082 5143 traditione

790 5182 978 5235 cornia
1048 5180 1323 5251 peregisse
1388 5182 1763 5245 memineram,
1833 5183 1960 5237 illud
2040 5186 2381 5254 petissimum
2483 5184 2723 5254 juvetur,
2774 5199 2873 5253 per
2928 5198 3088 5252 quam
3141 5198 3201 5237 ea
3232 5196 3352 5251 quae
3382 5196 3572 5237 cursus
3602 5180 3844 5235 anterior
3895 5181 4084 5235 absor-

785 5273 1050 5333 occurrit.
1107 5283 1164 5325 ut
1197 5272 1265 5327 ad
1316 5276 1674 5343 reparandum
1708 5277 2113 5331 succedentium
2151 5278 2385 5333 solertia:
2495 5277 2631 5342 ιιυίι,
2660 5293 2770 5347 pra:
2819 5274 2993 5329 oculis
3020 5275 3277 5337 adducta.
3311 5275 3462 5343 quasi
3502 5274 3787 5345 pmsentia
3816 5288 4081 5329 censean-

789 5363 1189 5429 practeritarum
1219 5378 1397 5416 rerum
1425 5365 1762 5429 memoriam,
1791 5381 1853 5419 ea
1877 5381 1994 5434 qnze
2021 5382 2116 5435 per
2140 5369 2384 5437 egregios
2493 5381 2595 5423 tur.
2631 5371 2796 5441 Cujus
2845 5368 2925 5423 rei
2968 5367 3144 5423 studio
3179 5382 3283 5423 nos
3320 5375 3647 5435 provocante
3677 5381 3896 5421 manum
3930 5365 4081 5420 misi-

791 5454 990 5508 Christi
1028 5455 1235 5509 Domini
1269 5454 1610 5511 confessores
1638 5468 2016 5513 sescentorum
2059 5460 2231 5514 l‘ermc
2270 5475 2383 5513 mo-
2487 5477 2630 5524 mus,
2654 5471 2710 5514 ut
2756 5476 2818 5514 ea
2868 5475 2993 5524 quae
3021 5461 3086 5513 ad
3128 5461 3395 5514 honorem
3422 5458 3616 5513 divinae
3659 5456 3960 5524 majestatis
3990 5472 4080 5524 ge-
