4482 5524
398 447 501 503 689

1314 457 1516 515 LIBER
1558 459 1644 515 DE
1682 457 2052 517 MIRACULIS
2092 461 2147 516 S.
2195 462 2668 519 WALDEBERTI.

3519 476 3625 531 690

400 562 632 631 torporis
688 564 900 635 ignavia
955 583 1060 623 non
1120 569 1340 633 lateant,
1393 576 1662 643 praecipue
1715 590 1837 628 cum
1867 577 2265 644 eosAquirat,
2322 578 2409 631 ubi
2462 579 2720 647 perfacile
2758 580 2984 635 inveniri
3037 583 3251 651 poterit,
3307 588 3522 655 quantis
3576 597 3635 643 et

398 654 554 707 nobis
597 654 775 711 divina
826 660 1159 728 providentia
1214 673 1468 734 tanquam
1527 667 1775 735 specialis
1817 668 1961 723 dono

398 746 658 816 privilegii
709 759 964 818 patronos
1018 755 1388 819 destinaverit,
1444 773 1671 826 quorum
1727 774 1963 829 praesens

401 834 711 907 suffragium
742 857 838 896 nos
881 845 1135 909 muniret,
1161 848 1545 902 miraculorum
1574 850 1745 904 virtus
1764 852 1964 908 clarius

398 926 711 984 illustraret.
766 930 873 987 Sed
908 950 1032 989 cum
1088 937 1369 993 laudamus
1418 941 1563 995 viros
1602 942 1864 1011 gloriosos
1908 944 1962 997 in

396 1018 506 1072 vita
552 1035 672 1085 sua,
724 1038 1061 1095 nequaquam
1112 1028 1258 1083 illum
1320 1034 1799 1101 praetermittimus,
1854 1037 1965 1091 imo

396 1110 608 1164 cunctis
646 1114 892 1169 onmibus
922 1120 1330 1187 proponendum
1358 1133 1501 1177 recta
1529 1123 1631 1177 fide
1659 1141 1961 1191 censemus,

394 1214 492 1269 per
515 1217 673 1272 quem
706 1206 819 1260 hmo
846 1210 1025 1263 omnia
1057 1226 1150 1265 eos
1198 1215 1563 1283 promeruisse
1592 1227 1647 1271 et
1668 1218 1963 1273 obtinuisse

395 1307 503 1345 non
546 1294 867 1360 dubitamus.
900 1301 989 1369 qui
1034 1312 1117 1357 est
1144 1304 1404 1373 gloriosus
1430 1308 1481 1361 in
1509 1310 1708 1363 sanctis
1736 1312 1869 1375 suis,
1908 1320 1963 1365 et

395 1384 741 1442 admirandus
772 1391 822 1443 in
866 1394 1076 1448 cunctis
1100 1397 1351 1463 operibus
1369 1399 1497 1453 suis.
1541 1399 1615 1453 Ea
1646 1401 1823 1469 itaque
1844 1418 1963 1471 qua;

394 1472 554 1528 iidem
588 1478 796 1544 praefati
823 1479 1009 1537 Patres
1032 1485 1113 1538 vel
1139 1486 1190 1539 in
1218 1488 1349 1552 vita,
1382 1490 1463 1543 vel
1486 1501 1633 1545 certe
1664 1507 1783 1561 quae
1807 1492 1963 1561 paulo

392 1572 513 1631 post
542 1566 889 1627 discessionis
936 1590 1047 1629 sua:
1071 1584 1310 1647 tempora
1343 1582 1549 1650 operati
1592 1592 1733 1647 sunt,
1763 1599 1963 1653 nequa-

391 1671 551 1723 quam
597 1662 907 1727 tangimus:
942 1667 1034 1722 sed
1089 1671 1229 1737 quod
1257 1682 1376 1741 post
1423 1672 1579 1742 longe
1626 1677 1964 1731 succedentis

390 1746 568 1799 aetatis
615 1764 927 1819 excursum,
977 1758 1135 1812 nobis
1177 1760 1382 1815 scilicet
1409 1761 1758 1828 intuentibus,
1783 1766 1961 1819 divina

392 1834 677 1892 clementia
705 1856 801 1910 per
828 1858 921 1899 eos
947 1845 1225 1904 declarare
1266 1850 1453 1915 voluit,
1477 1867 1543 1905 ex
1572 1854 1817 1921 pluribus
1844 1871 1963 1923 quae

2064 666 2310 735 qualibus
2348 668 2604 720 virtutum
2662 678 2888 739 uterque
2916 686 3102 725 eorum
3131 674 3427 744 insignibus
3456 677 3636 732 clare-

2063 766 2197 810 $03!.

2133 846 2185 900 2.
2219 846 2487 918 Suscipiat
2535 865 2665 921 ergo
2709 860 2886 906 vestra
2943 864 3131 909 sancta
3184 860 3486 925 paternitas
3534 861 3640 918 hoc

2064 948 2260 993 nostra:
2298 940 2601 996 devotionis
2646 944 2961 1013 epusculum
3016 965 3027 998 :
3061 962 3181 1018 qua!
3226 951 3327 1004 etsi
3362 952 3640 1021 imperitos

2062 1044 2163 1083 nos
2217 1029 2479 1085 facundia:
2511 1031 2694 1101 lepore
2738 1036 3065 1100 considerat,
3099 1047 3278 1093 tamen
3302 1040 3516 1097 dedisse
3541 1060 3641 1099 nos

2065 1138 2282 1191 operam
2314 1134 2626 1194 cognoscat,
2671 1141 2738 1180 ne
2793 1129 2858 1180 ad
2898 1127 3302 1196 glorificaudam
3334 1134 3640 1191 divinorum

2064 1229 2285 1282 operum
2335 1216 2787 1285 magnificentiam
2837 1228 3023 1273 nostra
3081 1220 3292 1290 ignavia
3345 1233 3643 1293 torpescat.

2064 1304 2139 1358 Ita
2184 1312 2361 1359 tamen
2407 1306 2509 1360 ista
2559 1308 2957 1377 prosequimur,
3009 1320 3066 1363 ut
3116 1314 3158 1365 si
3214 1314 3295 1367 vel
3330 1317 3530 1372 rectius
3558 1318 3646 1372 vel

2064 1394 2288 1447 facetius
2320 1396 2383 1447 ad
2409 1395 2669 1464 explenda
2715 1398 2825 1451 haec
2856 1399 3181 1467 scriptorum
3214 1404 3441 1471 quilibet
3465 1421 3649 1461 emer-

2065 1485 2213 1547 serit,
2267 1485 2310 1537 si
2356 1486 2476 1554 quis
2516 1502 2579 1538 ex
2612 1487 2694 1539 his
2749 1498 2841 1541 aut
2877 1488 3048 1541 laudis
3081 1507 3173 1545 seu
3212 1495 3455 1550 mortalis
3485 1498 3649 1554 nobis

2064 1574 2285 1627 honoris
2328 1574 2535 1629 fructus
2578 1578 2861 1644 provenire
2893 1580 3085 1646 possit,
3139 1580 3370 1638 libenter
3397 1602 3495 1641 nos
3538 1587 3648 1643 hoc

2064 1664 2378 1731 profitemur
2431 1680 2617 1718 carere
2647 1667 2945 1736 privilegio,
3006 1670 3130 1723 dum
3161 1672 3498 1731 solummodo
3540 1693 3642 1736 nos

2068 1754 2183 1808 loco
2207 1756 2447 1809 cedimus
2486 1796 2500 1819 ,
2530 1756 2573 1810 si
2604 1756 2739 1811 alter
2766 1760 2942 1826 potior
2988 1761 3068 1812 vel
3124 1761 3405 1819 facundior
3436 1769 3633 1825 subro-

2065 1854 2250 1914 getur,
2297 1855 2503 1899 tantum
2553 1848 2937 1915 pernosceudae
2979 1852 3216 1905 materia:
3263 1855 3405 1909 viam
3448 1868 3636 1913 osten—

391 1927 667 1984 memoriae
716 1933 958 1988 mandari
992 1946 1303 2006 potuerunt,
1327 1942 1394 1995 ad
1419 1942 1779 1997 exhibendam
1812 1953 1961 1998 tena—
1989 1930 2036 1991 Β
2064 1938 2161 1991 dis!

1867 1960 1961 1998 na—
1989 1930 2036 1991 Β
2064 1938 2205 1991 disse
2246 1937 2491 1992 sufliciat.
2556 1938 2665 1993 Nec
2722 1940 2874 1993 nobis
2930 1956 3139 1996 merces
3170 1943 3391 2010 laboris,
3425 1957 3483 2002 ut
3513 1964 3637 2019 spe-

391 2015 509 2071 CIUS
553 2028 821 2077 tantorum
861 2026 1099 2081 virorum
1151 2033 1507 2086 reverentiam
1551 2048 1655 2087 non
1704 2044 1959 2090 tacemus.

390 2103 525 2161 Nam
560 2111 604 2163 si
653 2114 775 2181 quis
804 2128 989 2170 eorum
1021 2128 1167 2187 gesta
1219 2120 1430 2189 plenius
1461 2138 1623 2178 nosse
1672 2125 1956 2189 desiderat,

390 2210 580 2253 eorum
610 2210 762 2261 actus
815 2205 907 2273 qui
952 2206 1311 2264 voluminibus
1365 2212 1596 2282 propriis
1636 2212 1704 2266 ab
1738 2214 1959 2268 exordio

391 2302 573 2344 rerum
603 2300 878 2361 gestarum
930 2294 1090 2353 latius
1132 2300 1509 2368 continentur,
1540 2300 1846 2374 diligentius
1884 2304 1951 2357 iu-

2065 2046 2274 2095 ramus,
2329 2047 2358 2084 a
2416 2032 2641 2087 Domino
2692 2033 3064 2098 frustrabitur,
3114 2038 3159 2091 si
3217 2041 3361 2095 vocis
3410 2040 3644 2101 facultas

2062 2121 2313 2187 defuerit,
2346 2138 2469 2178 cum
2502 2133 2783 2194 promptus
2810 2126 3080 2181 exstiterit
3117 2138 3313 2187 nostra;
3339 2132 3655 2195 devotionis

2061 2212 2301 2269 affectus.
2724 2212 2725 2215 “

1510 2678 2046 2793 INCIPIT
2132 2680 2523 2793 VITA.

498 2933 821 2991 Cotumbano
844 2933 1076 2993 Luxavio
1101 2940 1273 3008 pulso,
1301 2942 1529 2997 succedit
1559 2942 1860 2999 Eustasius.

464 3054 515 3103 5.
537 3051 705 3120 Igitur
734 3062 1017 3121 postquam
1039 3054 1385 3111 beatissimus
1409 3067 1561 3126 pater
1580 3057 1963 3123 Columbanus,

397 3152 455 3196 ut
486 3143 620 3198 liber
660 3144 902 3199 historia:
934 3145 1001 3200 de
1029 3146 1149 3201 Vita
1180 3157 1235 3201 et
1269 3149 1555 3205 virtutibus
1585 3153 1699 3221 ejus
1732 3156 1967 3223 scriptus

2070 2943 2334 3000 ﬂoruisse.
2383 2942 2484 3010 Qui
2532 2944 2739 2999 SCIsICCl
2786 2958 2913 3000 cum
2961 2954 3661 3030 esseLluelytaprosapia

2069 3033 2422 3096 clarissimus,
2456 3034 2505 3086 in
2540 3050 2676 3104 pago
2710 3036 2801 3104 qui
2836 3037 2996 3111 vulgo
3026 3041 3287 3101 Pontivus
3310 3049 3529 3115 dicitur,
3565 3054 3661 3105 ho-

2071 3128 2290 3181 noribus
2316 3137 2370 3181 et
2408 3144 2583 3180 rerum
2630 3129 2894 3198 dignitate
2926 3134 3081 3202 juxta
3114 3141 3321 3194 natales
3355 3157 3480 3196 suos
3508 3144 3663 3197 ditis-

397 3230 614 3297 indicat,
654 3234 753 3289 sub
792 3250 916 3305 rege
959 3234 1289 3291 Francorum
1336 3218 1626 3309 Sigeberto
1659 3218 1967 3310 patrim-Hi-
1995 3252 2039 3313 α
2072 3218 2259 3282 Simus,
2291 3228 2469 3313 “‘mc'f
2501 3220 2600 3274 5""
2630 3222 2793 3313 rebus
2832 3228 3012 3282 5‘90""
3046 3233 3193 3301 ιἐειιί
3224 3248 3328 3286 ηοη
3375 3235 3660 3291 immemor

393 3323 593 3379 bernire
639 3324 835 3381 finibus
867 3328 1017 3383 exsul
1072 3327 1432 3401 Burgundiam
1466 3349 1751 3404 aggressus
1789 3337 1965 3391 locum

393 3414 494 3469 sibi
531 3415 841 3484 specialiter
877 3419 1169 3490 delegerat,
1202 3423 1287 3476 cui
1325 3424 1393 3476 ab
1418 3426 1637 3493 antiquo
1667 3425 1965 3483 Luxovium

395 3507 477 3575 (ut
504 3506 613 3561 illic
642 3507 856 3579 legitur)
900 3524 1092 3566 nomen
1122 3522 1263 3577 erat,
1304 3522 1503 3569 tantam
1548 3530 1577 3568 a
1609 3517 1834 3573 Domino
1860 3518 1969 3572 effi-

394 3596 704 3651 ciendorum
730 3613 955 3667 operum
988 3602 1215 3669 gratiam
1245 3612 1329 3658 est
1354 3615 1701 3669 consecutus,
1728 3618 1785 3661 ut
1810 3610 1861 3662 in
1903 3625 1969 3666 eo

394 3685 513 3743 Ioco
560 3688 730 3758 signis
776 3697 831 3744 et
876 3691 1133 3762 prodigiis
1174 3696 1556 3761 prmeuntibus,
1590 3706 1968 3753 sexcentorum

394 3776 565 3834 ferme
598 3781 984 3835 monachorum
1023 3782 1076 3837 in
1104 3784 1257 3838 brevi
1284 3786 1706 3854 multitudinem,
1742 3789 1974 3859 disposi-

396 3866 467 3922 tis
510 3861 607 3938 per
650 3867 765 3923 loca
805 3869 907 3924 sibi
953 3871 1143 3942 exigua
1178 3872 1259 3941 (ut
1300 3889 1469 3943 usque
1511 3876 1668 3933 hodie
1708 3879 1968 3949 cernitur)

394 3957 697 4029 agminibus
736 3968 1072 4035 aggregaret.
1114 3961 1321 4029 Quibus
1368 3965 1421 4018 iu
1472 3967 1618 4020 omni
1663 3969 1968 4035 sanctitate,

397 4047 686 4115 sapientia,
739 4034 984 4103 doctrina
1036 4062 1093 4105 et
1137 4051 1394 4123 religione
1445 4055 1645 4123 optime
1686 4057 1968 4124 institutis,

394 4137 469 4193 ita
505 4147 565 4193 ut
611 4138 767 4211 longe
807 4138 1021 4210 lateque
1069 4156 1167 4211 per
1216 4146 1379 4200 urbes
1422 4145 1507 4199 vel
1554 4148 1877 4203 monasteria
1905 4165 1972 4206 ex

394 4231 689 4301 disciplinae
715 4231 859 4288 beati
887 4235 1058 4304 patris
1079 4234 1395 4292 Columbani
1422 4239 1698 4309 discipulis
1725 4250 1972 4310 pastores

394 4321 721 4393 eligerentur
746 4332 802 4377 et
824 4332 1083 4389 rectores,
1116 4324 1407 4398 instigante
1427 4329 1639 4385 diabolo
1664 4332 1732 4384 ab
1764 4332 1972 4401 impiis-

395 4414 531 4469 sima
558 4412 1129 4485 Bruneehilde-regina
1156 4418 1430 4487 expulsus,
1464 4436 1712 4490 egressus
1738 4437 1767 4476 a
1794 4421 1972 4479 Luxo-

393 4505 481 4560 vio
509 4506 714 4562 Italiam
754 4509 929 4579 petiit,
961 4510 1225 4567 Bobiense
1268 4516 1655 4570 monasterium
1686 4517 1973 4588 magnifice

395 4599 654 4665 condidit,
685 4601 738 4655 in
768 4616 876 4671 quo
912 4602 1128 4657 tandem
1162 4604 1345 4659 multis
1382 4606 1762 4662 miraculorum
1800 4610 1968 4679 signis
1996 4603 2049 4663 D

395 4688 572 4744 clarus
612 4689 768 4746 beato
807 4690 914 4748 fine
940 4694 1162 4762 quievit.
1190 4694 1285 4750 Cui
1334 4695 1401 4749 ad
1446 4698 1737 4767 regendam
1786 4699 1967 4755 Luxo—

393 4780 659 4836 viensium
689 4784 1073 4839 monachorum
1099 4789 1571 4857 congregationem
1595 4790 1786 4845 beatus
1816 4802 1970 4861 pater

394 4870 675 4927 Eustasius
712 4874 971 4943 providus
996 4876 1328 4947 gubernator
1358 4880 1640 4945 successit,
1677 4882 1766 4949 qui
1815 4882 1970 4938 nobi-

394 4960 513 5018 liori
565 4963 986 5035 Lingonensium
1025 4982 1223 5037 genere
1266 4977 1511 5033 exortus,
1559 4971 1971 5039 prmdecessoris

393 5060 476 5111 sui
507 5056 561 5111 in
592 5056 843 5113 omnibus
889 5058 1133 5114 instituta
1164 5069 1399 5125 secutus,
1448 5078 1601 5131 aeque
1632 5064 1892 5131 sapientia
1919 5073 1973 5120 et

394 5148 681 5203 sanctitate
718 5148 915 5218 ubique
950 5148 1187 5205 locorum
1233 5148 1375 5205 fama
1405 5160 1457 5205 et
1484 5152 1775 5209 virtutibus
1806 5156 1973 5210 notis-

392 5237 561 5295 simus
589 5239 842 5310 migravit
864 5240 933 5296 ad
953 5242 1259 5306 Dominum,
1292 5241 1347 5297 in
1385 5243 1575 5298 eodem
1598 5242 1720 5300 loco
1743 5258 1972 5316 corpore

394 5328 708 5385 tumulatus.

780 5399 914 5454 Dein
938 5400 1236 5459 Walbertus
1259 5419 1325 5457 ex
1358 5403 1544 5459 milite.

665 5490 721 5524 {in
1033 5502 1249 5524 Annaliun

462 5490 492 5524 ι
538 5488 638 5524 nil:
1033 5502 1249 5524 Annaliun
1279 5508 1561 5524 nouantur-an-
1589 5496 1796 5524 ﬂ-h.:l:.
1821 5498 1942 5524 “1-!

1279 5508 1561 5524 οΙιΑΑΛοοΛ-
1589 5496 1748 5524 ιιι-ηοξ·
1758 5498 1771 5524 2
1781 5506 1796 5524 ι

2071 3309 2279 3373 aeterni,
2307 3308 2613 3363 sectabatur
2634 3310 2856 3368 sedulus
2877 3330 3041 3385 opera
3064 3320 3468 3382 misericordia.
3492 3340 3659 3395 agens

2071 3416 2189 3467 quae
2220 3399 2313 3453 Dei
2363 3409 2505 3463 sunt,
2550 3415 2657 3454 non
2688 3418 2809 3472 quce
2841 3407 3141 3463 hominum.
3174 3411 3359 3478 Qualis
3390 3423 3567 3470 autem
3601 3426 3660 3473 et

2071 3500 2269 3559 quanta
2303 3492 2355 3545 in
2397 3508 2462 3545 eo
2499 3492 2600 3547 sub
2630 3493 2719 3549 illo
2750 3497 2968 3554 militari
3002 3502 3187 3557 habitu
3233 3505 3495 3562 bonorum
3523 3526 3652 3581 ope-

2072 3601 2189 3639 rum
2211 3586 2381 3639 virtus
2404 3584 2683 3652 ell‘ulserit,
2718 3605 2896 3646 sermo
2918 3593 3097 3650 nullus
3117 3596 3385 3667 explicare
3416 3600 3609 3657 sufﬁcit
3639 3623 3653 3659 :

2072 3691 2193 3730 cum
2224 3677 2274 3729 in
2306 3676 2515 3730 caeteris
2558 3681 2987 3749 quampluribus,
3028 3694 3139 3739 tum
3171 3689 3333 3743 etiam
3368 3690 3419 3744 in
3456 3692 3538 3746 his
3567 3694 3664 3747 in-

2072 3767 2435 3831 teutissimus,
2468 3768 2675 3825 scilicet
2726 3772 2968 3843 algentes
2998 3778 3215 3841 vestire,
3266 3782 3454 3851 inopes
3484 3783 3661 3853 alere,

2072 3859 2425 3914 imbecillibus
2471 3871 2730 3929 priestare
2764 3865 3037 3932 solamen,
3067 3884 3333 3940 pauperes
3379 3888 3661 3940 recreare,

2072 3948 2317 4004 refovere
2349 3959 2589 4016 IIICBSIOS,
2624 3953 2689 4006 ad
2726 3970 2910 4023 pacem
2939 3973 3195 4013 revocare
3233 3962 3529 4019 discordes.
3562 3965 3667 4020 Sic

2072 4043 2227 4098 miles
2256 4044 2489 4114 Optimus
2526 4045 2666 4099 inter
2695 4046 2866 4102 fasces
2887 4051 3214 4106 constitutus
3251 4064 3307 4108 et
3332 4070 3499 4119 arma,
3531 4072 3664 4124 per-

2072 4133 2229 4188 ituris
2281 4149 2600 4205 prazponens
2625 4150 2838 4207 semper
2865 4148 3089 4207 aeterna,
3120 4142 3302 4197 sedula
3332 4146 3662 4201 versabatur

2073 4225 2413 4295 cogitatione,
2472 4226 2615 4295 quod
2665 4238 2850 4297 postea
2890 4230 3114 4287 devotus
3139 4235 3431 4305 complevit
3467 4251 3653 4307 opere.

2071 4315 2236 4384 Cujus
2288 4316 2503 4386 quidem
2545 4316 2646 4372 sub
2692 4318 2780 4373 illo
2828 4319 3090 4377 bonorum
3131 4326 3394 4380 exercitio
3439 4327 3655 4385 initium

2073 4405 2345 4475 signorum
2378 4406 2482 4461 hoc
2510 4407 2755 4463 referunt
2778 4410 3077 4467 exstitisse.

2269 4539 2335 4594 In
2364 4558 2497 4612 pago
2520 4541 2826 4598 Meldicensi
2856 4544 3096 4600 clarescit
3126 4550 3447 4607 adolescens.

2143 4674 2195 4727 5.
2228 4674 2371 4729 Intra
2401 4677 2535 4731 fines
2563 4676 2828 4745 Francize,
2854 4680 2906 4734 in
2933 4696 3071 4751 pago
3092 4683 3339 4768 videlicet
3359 4684 3665 4768 Mehdense,

2072 4762 2263 4820 famosi
2290 4765 2439 4821 vicus
2468 4777 2553 4822 est
2581 4769 2837 4833 nominis,
2864 4771 3044 4840 prisco
3068 4764 3467 4836 nomine‘Nav/u
3498 4762 3665 4857 [infra

2071 4876 2124 4912 η.
2154 4858 2244 4931 14]
2272 4868 2494 4915 vocatus
2522 4880 2535 4915 :
2560 4863 2654 4932 qui
2692 4863 2898 4918 scilicet
2924 4866 3075 4921 vicus
3110 4866 3211 4921 sibi
3237 4884 3266 4922 a
3289 4879 3663 4945 progenitori-

2070 4949 2172 5004 bus
2200 4949 2321 5018 jure
2352 4951 2695 5007 haereditario
2736 4958 3097 5023 competebal,
3131 4970 3256 5013 ortu
3291 4976 3512 5035 quoque
3549 4970 3664 5038 ejus

2071 5049 2126 5095 et
2160 5042 2452 5111 puerilibus
2483 5046 2831 5100 incrementis
2857 5047 2943 5101 hic
2968 5048 3119 5104 locus
3141 5066 3324 5123 usque
3344 5055 3399 5109 in
3424 5076 3665 5128 praesens

2070 5133 2358 5188 admodum
2410 5136 2639 5189 habetur
2672 5137 2917 5207 insignis.
2964 5139 3046 5193 Ad
3086 5140 3308 5200 laudem
3338 5150 3507 5204 etiam
3548 5156 3665 5225 ejus

2070 5224 2303 5279 nominis
2360 5222 2479 5279 fons
2536 5224 2645 5280 illic
2695 5228 2940 5282 exoritur
2987 5234 3385 5300 memorabilis,
3444 5254 3508 5293 ex
3559 5222 3667 5311 quo

2068 5314 2286 5385 perfusa
2318 5317 2473 5371 turba
2514 5318 2788 5387 popularis
2832 5319 3105 5376 hetiorum
3144 5323 3243 5397 [an
3272 5328 3561 5404 latiorem]
3611 5350 3679 5389 se

2070 5407 2369 5463 arbitratur
2414 5407 2479 5461 ad
2522 5422 2621 5463 sua
2666 5408 2874 5464 referre
2900 5411 2970 5466 ob
3014 5417 3341 5472 memoriam
3370 5418 3515 5474 beati
3566 5424 3679 5479 visi.

2068 5494 2219 5524 lngo“..-
2258 5497 2637 5524 ξ-ιριιιιιηιξιιιιξ-
2691 5500 2744 5524 Ι..
2780 5500 2880 5524 ι.--
2909 5501 3092 5524 εΑ..----
