4482 5524
890 453 983 520 691
1991 470 2279 527 ADSONIS
2316 471 2695 527 DERVENSIS
2732 470 3017 527 ABBATIS

4031 470 4137 527 ὅθί

893 580 975 634 t'as
1010 578 1122 649 (41)
1152 590 1368 643 vocant,
1399 581 1614 650 agmine
1655 582 1876 639 collecto
1906 582 2170 652 frequenti
2214 586 2458 654 ruptione
2486 588 2540 645 Α
2567 585 2858 637 tentamina
2909 598 3012 637 non
3061 597 3227 651 parvo
3279 592 3519 654 tempore
3565 586 3902 654 singu.ariter
3942 585 4131 640 decer-

889 669 960 723 ab
993 669 1109 738 ipso
1134 669 1281 739 jactu
1312 671 1533 725 seminis
1565 680 1620 725 et
1661 674 1884 727 sationis
1920 675 2253 729 incremento
2279 687 2460 730 vasta-

890 759 1039 812 bant.
1086 758 1328 816 Minister
1380 763 1715 834 indignatus,
1751 780 1870 820 cum
1917 780 2011 820 eas
2054 767 2194 819 nulla
2238 768 2288 820 vi
2340 768 2463 822 inde

891 862 1076 921 posset
1099 854 1337 926 abigere,
1385 856 1649 913 familiare
1682 859 1936 915 damnum
1961 862 2177 916 domino
2212 871 2466 930 procurat

891 944 1152 1001 intimari.
1180 947 1250 1002 At
1288 949 1376 1004 ille
1420 950 1731 1022 imperans:
1762 950 1930 1019 Vade,
1970 955 2161 1022 inquit,
2194 955 2371 1022 citius,
2412 962 2465 1010 et

891 1023 1354 1107 ordine‘pedestri
1386 1057 1608 1097 numero
1636 1044 1845 1115 integro
1883 1046 2219 1115 subsequens
2248 1047 2465 1102 reclude

891 1140 985 1180 eas
1024 1126 1185 1182 domi.
1239 1127 1358 1183 Mox
1407 1145 1563 1187 servo
1609 1134 1945 1203 praecedente
1990 1137 2199 1192 videres
2244 1146 2465 1192 n‘itnstas

890 1216 1139 1273 volucres
1167 1220 1363 1275 mirum
1392 1221 1449 1275 in
1485 1223 1699 1292 globum
1732 1226 1973 1294 deposita
2005 1225 2217 1280 feritate
2262 1226 2460 1298 colligi,

890 1323 953 1363 ac
984 1324 1081 1378 pro
1109 1309 1350 1378 jubentis
1380 1323 1509 1369 nutu
1555 1325 1705 1371 certo
1744 1320 1960 1372 tramite
1997 1334 2104 1388 quo
2134 1320 2463 1374 ducebantur

890 1407 1094 1453 tectum
1123 1402 1478 1457 subintrasse.
1512 1404 1586 1457 Ita
1626 1404 1739 1472 jam
1793 1409 2025 1462 triduum
2066 1424 2193 1463 aves
2224 1409 2324 1462 illa:
2350 1410 2463 1464 sine

889 1488 1012 1543 cibo
1037 1500 1276 1561 agentes,
1306 1492 1445 1547 beati
1476 1495 1574 1548 viri
1609 1496 1822 1552 tandem
1855 1498 2183 1569 indulgentia
2212 1500 2460 1554 relaxan-

892 1586 999 1642 tur,
1054 1580 1268 1649 dempta
1319 1582 1526 1637 scilicet
1568 1600 1671 1638 una
1724 1586 1789 1640 de
1841 1602 2064 1641 numero
2112 1600 2459 1652 camerarum,

889 1681 1050 1736 quam
1084 1687 1220 1726 unus
1265 1687 1295 1727 e
1326 1672 1525 1727 familia
1574 1674 1719 1731 furto
1749 1677 2073 1748 sublegerat,
2116 1688 2169 1733 et
2197 1680 2295 1733 sibi
2329 1680 2462 1734 male

888 1756 1137 1812 conscius
1192 1759 1245 1813 in
1298 1776 1451 1815 escas
1513 1778 1677 1817 vorax
1733 1773 2022 1820 temerator
2069 1767 2458 1836 absumpserat.

885 1844 993 1901 Illa
1022 1856 1201 1903 tamen
1234 1849 1480 1908 volucres
1508 1854 1700 1908 soluta:
1724 1856 1789 1909 de
1822 1871 2062 1919 carcere,
2102 1857 2244 1913 elato
2275 1860 2336 1911 in
2380 1858 2458 1911 al-

2564 682 2707 729 tasse
2715 714 2725 726 .

2808 767 3053 822 Eustasio
3079 769 3346 838 sufﬁcitur.
3374 768 3501 821 Rem
3525 769 3712 837 optime
3735 772 3883 839 gerit.

2636 861 2687 912 7.
2719 859 2986 915 Praeterea
3013 869 3167 930 pater
3190 861 3494 925 Eustasius,
3522 862 3660 916 icut
3690 878 3848 931 supra
3880 860 4135 931 praeliba-

2563 950 2759 1017 vimus,
2790 950 2957 1020 signis
3002 962 3057 1006 et
3091 952 3375 1006 virtutibus
3404 952 3827 1021 quampluribus,
3877 965 3935 1007 ut
3962 954 4015 1007 in
4044 954 4135 1007 de-

2565 1042 2855 1111 scriptione
2884 1053 3097 1098 actuum
3147 1043 3313 1113 ipsius
3364 1042 3687 1098 sufﬁcienter
3727 1043 3939 1113 legitur,
3987 1058 4140 1097 eom-

2564 1131 2843 1199 probatus,
2868 1147 2986 1187 cum
3020 1132 3195 1202 palma
3222 1133 3484 1188 bonorum
3513 1147 3759 1202 operum,
3792 1132 4013 1186 Domino
4042 1146 4137 1185 vo-

2566 1232 2743 1287 cante,
2792 1222 3011 1278 cmleste
3060 1224 3371 1293 capitolium
3425 1224 3722 1292 ingreditur
3776 1222 4133 1277 coronandus.

2566 1310 2665 1377 Qui
2694 1311 2856 1365 etiam
2883 1322 3004 1382 post
3028 1328 3239 1367 sacram
3268 1313 3409 1367 beati
3437 1312 3580 1367 Petri
3604 1312 3963 1383 apostolorum
3993 1311 4137 1380 prin-

2567 1402 2700 1471 cipis
2740 1419 2890 1457 aram
2922 1404 3062 1459 intra
3110 1406 3307 1459 muenia
3341 1404 3653 1475 principalis
3681 1406 3943 1469 ecclesiae,
3972 1419 4134 1473 quam

2565 1493 2679 1562 ipse
2706 1508 2827 1547 cum
2858 1504 3010 1563 patre
3048 1494 3377 1551 Columbano
3399 1497 3732 1561 condiderat,
3767 1498 4132 1567 magnilicam,

2566 1594 2624 1638 ut
2655 1600 2752 1652 par
2781 1595 2935 1649 erat,
2985 1586 3313 1656 sepulturam
3367 1598 3619 1643 retentat.
3672 1587 3780 1643 Nec
3824 1589 4023 1657 patitur
4057 1586 4138 1640 di-

2564 1672 2688 1725 vina
2715 1675 3043 1741 providentia
3083 1690 3294 1729 sacrum
3325 1676 3465 1730 ovile
3493 1685 3704 1731 rectore
3730 1676 3967 1731 destitui.
4001 1672 4135 1728 Nam

2566 1763 2619 1815 in
2650 1763 2739 1817 illo
2767 1774 3076 1819 sanctorum
3123 1766 3349 1837 collegio
3378 1782 3500 1821 cum
3532 1766 3707 1822 forent
3732 1765 3968 1836 plurimi,
4002 1778 4139 1836 quos

2566 1862 2621 1906 et
2648 1854 2910 1922 sapientia
2940 1864 2994 1908 et
3040 1857 3144 1909 vita
3181 1858 3623 1922 commendarat;
3672 1866 3847 1911 tamen
3898 1855 4137 1912 universi

888 1948 1000 1996 tum
1041 1945 1242 2014 gemitu
1279 1946 1517 2002 clamore
1547 1950 1815 2019 replentes
1856 1968 2001 2016 aera,
2039 1961 2177 2007 tecta
2225 1955 2458 2009 cireum-
2488 1946 2536 2005 B
2564 1958 2658 2012 P3r

2366 1972 2458 2009 ιηι-
2488 1944 2681 2012 Bpari
2744 1954 2869 1998 voto
2921 1946 3145 2013 parique
3191 1962 3457 2002 consensu
3511 1946 3913 2002 Waldebertum
3962 1947 4136 2001 virum

884 2036 1087 2103 volant,
1137 2048 1299 2109 atque
1344 2041 1399 2094 in
1425 2056 1583 2096 aures
1635 2044 1807 2099 sancti
1854 2045 1954 2097 viri
1986 2047 2239 2099 damnum
2269 2046 2465 2101 sociale

886 2126 1180 2181 resolvunt.
1234 2128 1334 2195 Qui
1367 2145 1491 2184 mox
1538 2146 1755 2185 causam
1787 2134 2111 2203 intelligens,
2162 2135 2461 2203 depositum

884 2219 1133 2288 inquirit,
1164 2236 1352 2290 poenas
1371 2221 1597 2290 jussisse
1628 2224 1838 2279 debitas
1864 2242 1958 2295 pro
1991 2227 2215 2282 crimine
2240 2228 2462 2297 profite-

886 2315 994 2373 tur,
1029 2324 1133 2363 non
1164 2325 1325 2365 neces
1376 2311 1643 2367 intulisse.
1692 2312 2053 2385 Pracsnmptor
2080 2325 2137 2370 ut
2182 2317 2306 2371 furti
2340 2334 2463 2373 reus

886 2398 1093 2466 pudore
1147 2400 1534 2471 deprehensus,
1579 2404 1879 2475 plumarum
1924 2422 2057 2474 quas
2087 2407 2223 2461 forte
2259 2409 2461 2462 subdu-

885 2499 1040 2544 xerat
1066 2506 1131 2547 ac
1160 2506 1386 2563 qumque
1415 2496 1627 2549 residua
1660 2497 1862 2565 profert
1895 2499 1944 2551 in
1989 2498 2243 2553 medium.
2281 2498 2353 2553 lta
2380 2502 2463 2553 vir

886 2590 1106 2637 sanctus
1141 2581 1284 2639 facta
1330 2586 1573 2640 sratione
1596 2588 1900 2642 exanimem
1942 2604 2218 2658 reparans,
2257 2600 2460 2645 restau-

884 2683 1007 2728 rato
1056 2689 1285 2729 numero
1335 2676 1465 2729 sinit
1515 2678 1664 2732 abire
1716 2679 1981 2744 laetantes,
2024 2696 2299 2749 nunquam
2342 2691 2463 2752 post

884 2766 1001 2821 lucc
1033 2766 1171 2821 infra
1212 2782 1402 2836 agrum
1456 2769 1605 2823 illum
1638 2771 1989 2843 irruptionem
2032 2772 2209 2827 facere
2260 2790 2464 2844 praesu-

884 2866 1113 2913 mentes.
1160 2858 1286 2913 Haec
1311 2874 1440 2930 ergo
1462 2859 1573 2927 jam
1626 2872 1752 2918 tunc
1784 2864 2039 2919 Dominus
2091 2866 2143 2919 in
2175 2881 2333 2921 servo
2363 2882 2462 2921 suo

883 2946 1207 3016 dignabatur
1231 2949 1516 3004 ostendere
1536 2991 1550 3014 ,
1578 2966 1735 3021 quem
1767 2954 2085 3023 disponebat
2118 2959 2459 3027 postmodum

882 3048 1073 3093 sancto
1104 3039 1178 3093 illi
1214 3039 1632 3113 Luxoviensium
1664 3048 2049 3102 monachorum
2085 3052 2233 3120 gregi
2280 3060 2461 3120 pasto-

884 3129 980 3183 rali
1012 3132 1335 3186 auctoritate
1366 3133 1656 3201 praeficere.
1686 3135 1784 3202 Qui
1821 3139 1987 3193 etiam
2022 3141 2065 3193 si
2096 3142 2175 3194 sic
2215 3142 2265 3195 in
2300 3144 2459 3197 mini-

882 3224 986 3277 mis
1014 3223 1184 3280 laicus
1214 3226 1407 3294 potuit,
1449 3234 1651 3295 quanto
1678 3230 1847 3298 magis
1877 3231 1929 3284 in
1962 3234 2213 3288 maximis
2236 3235 2459 3289 creden-

882 3316 982 3369 dus
1009 3326 1091 3370 est
1120 3317 1219 3371 sub
1250 3326 1440 3372 sancto
1465 3317 1649 3373 habitu
1673 3319 1935 3375 valuisse!

883 3403 1118 3459 ICnstusii
1146 3407 1357 3460 monitis
1383 3406 1673 3462 Luxovium
1698 3426 1750 3463 se
1777 3412 1971 3481 recipit.
1997 3413 2276 3469 Solitarius
2316 3417 2457 3470 vivit.

953 3498 1006 3552 6.
1044 3497 1178 3554 Hinc
1204 3499 1314 3570 jam
1346 3517 1465 3555 cum
1495 3503 1561 3556 ad
1590 3503 1782 3558 altiora
1820 3507 2079 3572 tenderet,
2120 3509 2317 3566 saeculo
2346 3525 2462 3566 om-

884 3592 1012 3646 nino
1053 3593 1364 3647 renuntiare
1403 3594 1696 3661 desiderat,
1728 3596 1823 3653 Dei
1858 3606 1990 3653 nutu
2023 3616 2087 3657 ac
2117 3603 2260 3658 beati
2291 3606 2463 3674 patris

882 3684 1113 3741 Eustasii
1166 3686 1416 3741 consultu
1474 3685 1811 3745 Luxoviense
1847 3694 2267 3760 monasterium,
2316 3698 2461 3766 quod

882 3795 994 3849 prae
1024 3779 1235 3834 car-teris
1267 3794 1332 3834 eo
1378 3790 1617 3850 tempore
1666 3782 1900 3854 regulari
1931 3786 2121 3841 ordine
2162 3786 2463 3844 districtius

882 3881 1021 3936 crat,
1053 3872 1204 3942 copia
1238 3887 1418 3926 rerum
1447 3882 1504 3926 et
1527 3887 1752 3929 numero
1779 3877 2165 3933 monachorum
2193 3880 2460 3935 excellen-

883 3963 990 4017 tius
1019 3961 1385 4033 praepollebat,
1412 3965 1645 4021 devotus
1660 3968 1886 4036 expetiit
1910 3987 1921 4022 :
1956 3984 2018 4024 ac
2041 3970 2253 4026 traditis
2281 3987 2460 4027 rerum

885 4069 1104 4109 suarum
1134 4053 1242 4110 illic
1269 4070 1389 4125 qua:
1414 4070 1511 4126 per
1539 4056 1751 4113 diversa
1781 4058 1895 4113 loca
1930 4060 2259 4131 amplissime
2284 4078 2464 4133 posse-

887 4146 1041 4198 derat
1069 4145 1307 4215 praadiis,
1332 4148 1606 4217 armisque
1647 4148 1922 4218 depositis,
1954 4168 2073 4221 qua:
2095 4169 2264 4223 usque
2302 4155 2462 4210 hodie

885 4236 937 4289 in
973 4236 1338 4291 testimonium
1370 4252 1537 4293 sacrae
1561 4238 1765 4294 militia:
1795 4240 1911 4311 ejus
1945 4243 1997 4296 in
2027 4259 2092 4299 eo
2117 4242 2234 4299 loco
2260 4244 2462 4299 haben-

888 4335 993 4391 tur,
1029 4342 1308 4382 servorum
1336 4327 1429 4383 Dei
1464 4345 1690 4386 numero
1720 4331 1851 4387 adiit
1877 4334 2180 4389 sociandus.
2210 4335 2311 4402 Qui
2340 4352 2462 4391 san-

887 4428 987 4474 cla:
1016 4421 1385 4476 conversionis
1425 4422 1653 4493 gratiam
1684 4432 1831 4478 tanta
1860 4432 1944 4478 est
1978 4424 2308 4495 perfectione
2336 4427 2465 4481 ade-

886 4521 1028 4582 ptus,
1076 4522 1131 4567 ut
1163 4513 1325 4567 etiam
1358 4523 1546 4569 saneto
1588 4512 1792 4583 Spiritu
1840 4514 2145 4570 illustrantc
2172 4517 2325 4586 signa
2357 4517 2462 4570 vir-

888 4612 1059 4679 tutum
1134 4606 1481 4671 ostenderet,
1535 4623 1657 4662 cum
1721 4607 1777 4662 in
1834 4608 2056 4663 alterius
2106 4608 2460 4679 dispositione

882 4678 1222 4753 consisteret.
1273 4696 1606 4753 Monstratur
1663 4698 1834 4753 adlmc
1864 4699 1975 4769 (42)
2004 4699 2238 4768 denique
2289 4699 2457 4766 locus,

879 4788 1090 4843 duobus
1131 4804 1162 4843 a
1205 4791 1536 4846 monasterio
1582 4790 1817 4846 millibus
1846 4791 2174 4861 diSparatus,
2202 4792 2304 4846 sub
2328 4807 2461 4849 saxo

880 4878 1097 4948 quidem
1147 4880 1516 4949 praeminenti
1560 4896 1845 4947 concavus,
1899 4896 2037 4950 aqua
2080 4897 2208 4936 vero
2248 4900 2281 4935 e
2316 4892 2456 4937 terra

880 4970 1180 5037 prodeunte
1206 4968 1455 5026 blandius
1498 4971 1751 5041 irrigutts,
1778 4971 1867 5025 ubi
1900 4970 2144 5025 cellulam
2176 4972 2277 5025 sibi
2321 4971 2460 5026 refe-

880 5071 1005 5115 rant
1034 5063 1288 5119 statuisse
1314 5080 1378 5119 ac
1404 5074 1589 5120 contra
1615 5065 1699 5119 vel
1733 5064 1915 5120 carnis
1942 5064 2023 5118 vel
2053 5064 2261 5133 antiqui
2289 5064 2459 5119 hostis

948 5232 1059 5305 (41)
1079 5233 1183 5312 __Sic
1213 5245 1398 5290 sancta
1444 5234 1767 5312 Amalberga
1801 5234 1953 5305 virgo
1982 5248 2049 5287 ex
2076 5247 2208 5312 agro
2236 5246 2350 5312 suo_
2376 5231 2457 5312 fu-

875 5300 1257 5376 gaSse'dicitur
1290 5321 1418 5361 aves
1447 5300 1869 5376 quasdam’quas
1890 5300 2162 5358 communi
2204 5300 2454 5356 vocabulo

875 5385 1059 5443 gantns
1088 5374 1348 5445 appellare
1373 5374 1559 5447 placet.

950 5468 1055 5490 .‘lCI\
1087 5468 1339 5490 n-_-:.--_
1365 5469 1428 5490 ,γι
1470 5470 1567 5490 ι---
1590 5483 1612 5490 ι.
1642 5481 1807 5488 --ο-η--

1843 5468 1978 5490 .81-...
2037 5466 2374 5490 L-‘..u..--..-
2405 5465 2455 5490 2..

2565 2050 2715 2103 aeque
2766 2037 3165 2091 sanctissimum
3215 2038 3333 2093 loco
3379 2040 3548 2108 patris
3588 2039 3897 2094 decedentis
3946 2038 4137 2095 decer-

2564 2136 2718 2190 nunt,
2774 2142 2835 2180 ac
2871 2127 2975 2181 loci
3019 2138 3281 2183 rectorem
3324 2130 3677 2197 constituunt,
3722 2130 3855 2184 certi
3903 2130 3969 2184 de
4023 2129 4139 2200 ejus

2564 2216 2760 2270 virtute
2812 2227 2865 2271 et
2909 2220 3117 2273 meritis
3159 2238 3171 2272 :
3221 2236 3338 2287 qua:
3379 2221 3479 2275 etsi
3528 2222 3580 2273 in
3628 2235 3692 2275 eo
3731 2229 3978 2290 poterant
4012 2236 4139 2290 aug-

2564 2310 2831 2371 mentari,
2892 2310 3021 2364 nulli
3076 2311 3295 2365 dubium
3348 2313 3475 2381 quin
3523 2321 3740 2381 possent
3785 2312 3889 2366 ﬁxa
3942 2311 4139 2366 delibe-

2563 2401 2771 2453 ratione
2804 2402 3027 2454 moveri.
3065 2401 3205 2455 Nihil
3248 2403 3390 2456 enim
3425 2420 3452 2456 a
3483 2404 3713 2473 pristino
3741 2403 3924 2475 vi'gore
3974 2418 4138 2474 agens

2564 2492 2843 2547 remissius
2870 2533 2883 2556 ,
2938 2494 3222 2563 exquisitis
3266 2495 3512 2548 arctioris
3556 2496 3682 2550 vita:
3740 2511 3796 2550 se
3843 2495 4135 2551 districtio-

2563 2581 2720 2634 nibus
2770 2584 3073 2635 coercebat.
3123 2582 3179 2636 Si
3228 2583 3353 2651 quid
3403 2598 3532 2637 vero
3590 2584 3643 2638 in
3699 2585 3859 2639 rebus
3908 2584 3995 2638 vel
4035 2600 4137 2640 cre-

2565 2669 2696 2723 teris
2747 2672 3027 2740 utriusque
3066 2672 3189 2727 vita:
3229 2674 3698 2727 commoditatibus
3748 2684 3988 2744 tempore
4015 2675 4135 2729 illo-

2565 2778 2685 2815 rum
2738 2762 2964 2815 duorntn
3012 2772 3247 2831 patrum,
3297 2761 3619 2820 Columbam
3667 2767 4137 2827 videlicetet.Eu-

2561 2853 2736 2915 stasii,
2762 2854 3132 2922 imperfectum
3183 2856 3445 2922 restabat,
3479 2857 3566 2911 hic
3589 2868 3772 2927 pastor
3797 2860 4138 2918 beatissimus

2562 2943 2943 2999 Waldebertus
3018 2947 3163 2999 omni
3239 2948 3502 3002 industria
3582 2950 3881 3020 supplevit,
3954 2953 4134 3019 auxit,

2562 3044 2616 3090 ct
2663 3036 2729 3090 ad
2775 3052 3002 3106 unguem
3052 3036 3347 3105 perfectius
3388 3039 3646 3095 elimavit.
3707 3041 3871 3096 Villas
3926 3057 4137 3112 quoque

2561 3127 2835 3195 etprazdia
2875 3128 3091 3195 cepiosa
3131 3128 3417 3183 traditione
3458 3131 3667 3199 publice
3719 3132 3857 3188 facta
3906 3134 3958 3185 in
4009 3147 4138 3188 usus

2561 3217 2870 3273 Monasterii
2925 3218 3149 3272 contulit
3198 3237 3211 3272 :
3273 3220 3415 3274 inter
3462 3237 3581 3291 qua:
3645 3223 3822 3276 vicum
3886 3238 4134 3292 quoque,

2485 3298 2530 3361 C
2562 3326 2720 3380 quem
2763 3313 3011 3381 superius
3064 3311 3209 3366 Nunt
3260 3324 3505 3369 vocatum
3550 3315 3803 3381 diximus,
3845 3319 4138 3386 genuinum

2563 3402 2812 3457 videlicet
2833 3402 2949 3469 ejus
2976 3403 3088 3473 (45)
3122 3404 3315 3472 solum,
3344 3422 3465 3460 cum
3490 3407 3748 3463 membris
3768 3408 4138 3477 adjacent'rbus

2562 3476 2662 3546 sub
2686 3493 3121 3548 interminatione
3159 3495 3382 3550 tradidit
3410 3514 3422 3549 :
3448 3506 3509 3550 ut
3534 3498 3622 3566 qui
3660 3512 3785 3552 eum
3815 3476 3845 3552 a
3895 3497 4016 3554 loco
4043 3514 4139 3553 au-

2562 3583 2745 3650 ferret,
2804 3595 3020 3641 aeterna:
3064 3587 3425 3643 maledictioni
3483 3590 3878 3660 succumberet.
3912 3590 3972 3645 In
4000 3604 4140 3661 pago

2563 3693 2780 3750 quoque
2815 3678 3077 3735 Tarnensi
3103 3680 3215 3751 (44)
3253 3681 3429 3735 vicum
3456 3679 3736 3735 Herlerum
3768 3681 3986 3737 nomine
4014 3696 4140 3737 cum

2562 3770 2813 3828 omnibus
2841 3771 2908 3825 ad
2956 3786 3016 3825 se
3044 3772 3462 3840 pertinentibus,
3501 3785 3595 3825 seu
3624 3770 3886 3841 quidquid
3916 3772 3967 3825 in
4003 3771 4141 3826 Pon-

2565 3864 2675 3918 tivo
2703 3861 2875 3918 solido
2898 3860 3019 3929 jure
3064 3862 3399 3931 possederat,
3431 3860 3663 3915 obtulit:
3692 3871 3746 3917 et
3771 3860 4012 3916 omnium
4056 3875 4143 3916 re-

2563 3969 2682 4008 rum
2736 3968 2955 4008 suarum
3012 3954 3227 4015 beatum
3262 3951 3482 4005 Petrum
3506 3952 3807 4020 apostolum
3842 3952 3894 4006 in
3948 3960 4142 4022 perpe-

2564 4056 2713 4101 tuum
2740 4045 3009 4101 haeredem
3036 4060 3157 4100 esse
3179 4046 3482 4100 constituit.
3525 4046 3673 4101 Inter.
3704 4055 3899 4102 caetera
3926 4061 4142 4117 quoque

2561 4141 2679 4211 ejus
2702 4136 2951 4195 donaria
2980 4140 3210 4194 contulit
3255 4140 3417 4193 etiam
3461 4139 3863 4209 pretiosrssimae
3914 4152 4143 4209 gemma:

2561 4233 2815 4302 poculum
2839 4247 2907 4288 ex
2922 4249 3029 4288 uno
3060 4233 3293 4302 topazio,
3332 4232 3469 4287 miro
3498 4233 3658 4288 modo
3685 4231 3909 4302 guttulis
3932 4232 4138 4297 aureis,

2569 4333 2630 4378 ut
2655 4323 2771 4391 ejus
2802 4333 2885 4379 est
2916 4333 3136 4389 natura,
3169 4323 3491 4391 interlitum,
3543 4324 3863 4396 interposito
3906 4324 4137 4378 anathe-

2564 4425 2726 4479 mate,
2756 4424 2813 4469 ut
2839 4415 3083 4486 quisquis
3107 4432 3428 4488 quacunque
3467 4418 3752 4473 occasione
3780 4415 3975 4471 exinde
4007 4413 4137 4469 illud

2564 4507 2929 4575 subtraheret,
2955 4508 3038 4563 vel
3065 4510 3402 4565 subtractum
3426 4526 3559 4565 ausu
3586 4510 3873 4565 temerario
3900 4508 4137 4563 retinere

2566 4608 2821 4667 tentaret,
2851 4614 2976 4654 cum
3007 4600 3221 4655 diabolo
3250 4611 3305 4656 et
3346 4601 3554 4672 angelis
3598 4598 3714 4669 ejus
3739 4599 3957 4654 aternis
3988 4597 4139 4653 flan-

2568 4694 2670 4747 mis
2702 4694 2755 4746 in
2785 4702 3102 4762 perpetuum
3129 4694 3453 4749 cruciandus
3479 4694 3710 4753 adesset,
3748 4689 3897 4747 salva
3926 4701 4144 4759 quoque

2564 4786 2886 4841 auctoritate
2906 4784 3236 4839 Francorum
3268 4800 3452 4855 regum
3474 4791 3530 4839 et
3552 4796 3860 4854 procerum,
3891 4778 3986 4850 qui
4013 4791 4140 4836 usus

2564 4860 2852 4931 admodum
2880 4892 2945 4932 eo
2971 4887 3209 4947 tempore
3237 4876 3534 4937 ferebatur.

2639 4967 2848 5021 Nicetio
2873 4969 3107 5037 episcopo
3135 4969 3437 5037 familiaris,
3471 4967 3596 5021 obit.
3625 4966 3702 5022 Ab
3731 4982 3790 5022 eo
3816 4962 4070 5036 sepultus.

2635 5062 2686 5113 8.
2718 5060 2920 5114 Sancto
2965 5059 3173 5114 Nicetio
3223 5062 3476 5131 episcopo
3515 5074 3833 5132 magnarum
3879 5057 4144 5113 virtutum

2566 5231 2832 5304 discipulo
2860 5231 2917 5304 ξς
2952 5230 3204 5304 Βεξιπιὶηῑλε
3246 5243 3347 5304 nec
3393 5225 3449 5280 S.
3500 5224 4023 5304 Fam_germanum,
4043 5223 4143 5304 ‘ant

2565 5287 2822 5356 Ecclesiae
2869 5300 3207 5356 Meldicensis
3259 5300 3571 5369 episcopum
3643 5287 3833 5355 fuisse,
3882 5289 3960 5344 nti
4008 5287 4141 5341 alias

2564 5374 2873 5443 probatum.

2643 5464 2688 5490 ll
2708 5463 2751 5490 ιλ
2784 5463 2873 5490 ρει.
2908 5474 3285 5490 ..-........-...ηη
3312 5452 3603 5490 ηηηιιοσιηιία
3632 5450 3829 5490 lium-ie
3851 5446 4040 5490 modico.
4065 5460 4137 5490 m-
