4482 5524
365 490 467 542 693

1318 502 1512 557 LIBER
1554 505 1639 557 Ι)ιέ
1682 504 2053 559 MIRACUJS
2095 511 2149 560 ὃ.
2199 509 2672 567 WALDEBERTI.

3494 516 3595 571 69‘

360 614 475 651 viro
518 602 835 656 fatnmarius
921 604 1227 671 dltaareuat,
1280 610 1593 680 interposita
1648 617 1923 683 utriusque
1952 622 2001 673 Λ
2030 613 2215 678 defuit,
2248 631 2295 672 et
2329 623 2634 688 temporalis
2652 623 2869 676 subsidii
2893 626 3042 693 copia
3064 641 3231 695 usque
3260 632 3324 679 ad
3353 627 3596 683 ultimum

352 692 660 747 conditione
686 695 847 763 pacti,
883 705 940 748 ut
968 698 1087 764 quis
1115 715 1301 754 eorum
1331 704 1536 771 primus
1563 705 1791 759 Omnino
1820 722 1920 760 vo-

357 790 514 835 caute
538 784 699 836 rebus
725 783 978 839 humanis
1010 790 1315 855 excederet,
1365 792 1501 846 alter
1530 806 1804 863 superstes
1840 796 1921 848 lo-

357 886 476 923 cum
508 872 609 924 sibi
664 874 951 940 sepultura:
1008 882 1367 948 competentis
1414 883 1735 938 ordinasset.
1771 885 1923 951 Quod

354 971 408 1013 ct
436 962 505 1014 ita
530 965 774 1032 contigit.
812 965 942 1019 Nam
992 985 1112 1022 cum
1144 985 1241 1038 per
1269 976 1624 1043 quadraginta
1659 992 1921 1031 annorum

359 1055 591 1120 spatium
618 1055 884 1124 gloriosus
908 1058 1187 1115 confessor
1213 1062 1814 1122 DominiWaldebertus
1844 1069 1922 1123 lo-

354 1156 473 1194 cum
502 1144 599 1197 sibi
620 1145 943 1214 delegatum,
969 1152 1113 1204 omni
1142 1153 1355 1207 virtutis
1378 1170 1571 1224 genere
1592 1158 1791 1225 optimc
1814 1160 1921 1213 dis-

354 1235 583 1303 positum
620 1249 841 1307 augeret
871 1242 1032 1296 rebus
1059 1254 1113 1297 et
1157 1260 1383 1300 numero
1414 1246 1523 1303 Deo
1549 1250 1921 1315 servientium,

352 1325 534 1380 multis
566 1328 948 1385 miraculorum
994 1334 1283 1389 virtutibus
1315 1338 1607 1393 adornatus
1654 1340 1921 1411 migravit,

351 1414 417 1467 ad
470 1414 754 1471 Dominum
787 1434 839 1472 vt
883 1418 1063 1475 Nonas
1105 1422 1292 1487 Maias,
1343 1441 1697 1495 supernorum
1728 1430 1923 1484 civium

351 1503 533 1558 socius
558 1513 614 1559 et
641 1522 866 1563 consors
918 1510 1237 1577 eﬁectus,et
1286 1517 1350 1569 ad
1393 1516 1614 1585 januani
1657 1531 1926 1588 perpetua:

347 1590 699 1659 iucunditatis
725 1596 950 1654 feliciter
973 1602 1327 1659 introductus.
1360 1606 1416 1661 In
1438 1606 1588 1675 cujus
1608 1610 1925 1680 obsequium

350 1681 557 1739 funeris
582 1687 974 1747 conﬂuentibus
1012 1696 1249 1765 undique
1302 1697 1536 1753 ﬁdelium
1593 1704 1814 1768 turmis,
1872 1704 1925 1758 in

348 1774 578 1830 ecclesia
630 1779 772 1833 beati
824 1781 1037 1837 Martini
1069 1785 1180 1853 (45)
1221 1802 1340 1855 qua:
1369 1798 1450 1842 est
1504 1784 1813 1845 constructa
1858 1808 1922 1847 ex

350 1862 520 1920 latere
561 1873 871 1926 monasterii
905 1874 955 1928 in
1010 1886 1162 1943 parte
1188 1878 1506 1947 aquilonari,
1551 1884 1844 1952 composita
1891 1899 1923 1938 a

349 1970 537 2015 sancto
560 1960 766 2019 Nicetio
794 1967 1045 2035 pontiﬁce
1070 1980 1191 2038 post
1234 1986 1387 2027 aram
1421 1984 1608 2043 crypta
1639 1991 1801 2046 Opere
1825 1977 1924 2032 mi-
1954 1959 2001 2019 Β

350 2052 521 2118 riﬁco,
546 2054 773 2112 Domino
816 2059 1130 2129 disponente
1166 2064 1477 2134 dignissima
1509 2068 1704 2123 ibidem
1735 2072 1923 2127 condi-

350 2150 435 2197 tus
467 2153 550 2198 est
570 2148 865 2216 sepultura.

426 2219 628 2310 Corpus
657 2228 771 2295 ejus
799 2232 1102 2297 praesidium
1133 2237 1358 2290 maxime
1384 2250 1566 2292 contra
1590 2258 1841 2310 paganos.

421 2299 472 2353 9.
503 2301 559 2355 ln
586 2319 692 2373 quo
720 2307 969 2363 videlicet
994 2311 1132 2377 loco,
1187 2324 1304 2383 post
1333 2299 1620 2385 gloriosum
1649 2299 1772 2374 vita:
1808 2322 1924 2392 ejus

348 2401 653 2456 excessum,
683 2394 748 2448 ad
778 2396 1036 2461 honorem
1069 2401 1236 2455 divini
1276 2405 1509 2459 nominis
1544 2406 1773 2474 plurima
1798 2418 1926 2463 sunt

284 2464 293 2477 “
346 2486 563 2533 ostensa
591 2482 874 2551 miracula,
900 2502 1021 2541 cum
1074 2492 1288 2545 ca:catis
1315 2493 1550 2549 vultibus
1578 2497 1723 2552 visus
1750 2500 1927 2555 reddi-

350 2576 456 2632 tur,
486 2569 690 2628 claudis
727 2586 883 2645 rupta
919 2594 1207 2634 nervorum
1237 2586 1557 2655 compagine
1586 2603 1802 2657 gressus
1841 2607 1924 2646 re-

348 2658 637 2738 statuitur,
673 2662 902 2721 inﬁrmis
923 2669 1127 2737 aspirat
1152 2672 1377 2737 sanitas,
1424 2690 1453 2726 a
1482 2677 1735 2732 membris
1757 2696 1925 2748 :egro-

350 2750 573 2805 tantium
603 2752 818 2822 pellitur
848 2758 1020 2815 invisa
1047 2761 1317 2829 debilitas,
1345 2768 1551 2822 incestis
1586 2770 1797 2836 solatia,
1832 2774 1925 2827 ad-

347 2840 518 2894 versis
550 2840 925 2904 decidentibus
955 2860 1279 2919 prmstantur
1306 2854 1566 2911 beneﬁcia
1594 2878 1607 2911 ι
1642 2859 1783 2914 inter
1807 2878 1925 2929 qua:

347 2928 507 2982 etiam
533 2930 714 2987 divina
752 2945 880 2991 sunt
909 2938 1125 2995 virtutis
1160 2947 1506 3000 commercia.
1558 2946 1614 3001 ld
1656 2959 1801 3003 certa
1830 2928 1922 3003 ira-

349 3016 491 3073 tione
523 3022 672 3090 prior
688 3035 820 3081 aetas
848 3029 1041 3084 dicitur
1068 3036 1472 3103 comprobasse,
1504 3040 1645 3107 quod
1681 3041 1924 3097 exhibita

347 3110 434 3179 pio
458 3113 640 3171 debito
657 3118 858 3188 jacenti
886 3122 1107 3178 honoris
1144 3128 1467 3194 reverentia,
1490 3130 1728 3199 quandiu
1758 3148 1921 3187 manu

349 3200 584 3259 hominis
604 3209 891 3266 exstiterat
919 3215 1056 3269 sacri
1072 3219 1317 3287 corporis
1336 3222 1635 3290 sepultura,
1662 3238 1762 3278 nec
1791 3240 1919 3294 pra-

2025 722 2210 759 eorum
2244 710 2516 774 abbatem,
2552 713 2765 765 nomine
2791 712 3066 777 Melinum,
3101 732 3355 785 prospere
3405 721 3599 788 perdu-

2026 797 2186 848 ravit.
2214 795 2337 850 llaec
2369 815 2464 851 nos
2496 801 2758 868 siquidem
2789 806 2940 870 quasi
2960 818 3052 872 per
3082 808 3598 875 prmoccnpalionetn

2025 889 2265 940 materia:
2288 889 2520 943 breviter
2556 891 2919 958 praelibantes,
2951 910 3069 947 cum
3089 897 3243 949 nobis
3267 898 3599 966 propositum

2028 992 2135 1029 non
2173 975 2335 1030 fuerit
2394 980 2789 1047 praeteritorum
2836 992 3133 1051 temporum
3166 995 3280 1039 acta
3317 986 3599 1055 replicare,

2028 1066 2112 1119 liis
2147 1068 2362 1123 omissis
2388 1071 2453 1121 ad
2504 1082 2703 1124 nostra:
2734 1073 2908 1126 aetatis
2941 1082 3202 1144 tempora,
3248 1078 3384 1130 sicut
3414 1093 3601 1133 sumus

2026 1158 2273 1225 polliciti,
2303 1161 2604 1215 redeamus.

2027 1237 2203 1308 Drogo
2233 1242 2390 1293 etiam
2421 1242 2579 1294 abbas
2630 1241 2985 1325 Luxoviensis.
3042 1246 3155 1312 Quo
3209 1252 3389 1304 mortis
3419 1267 3603 1321 genere

2673 1326 2949 1368 exlmclus.

2098 1388 2183 1441 ll.
2216 1388 2342 1443 Post
2392 1392 2794 1447 memorabilem
2825 1396 2999 1449 Caroli
3032 1396 3207 1467 Magni
3261 1400 3374 1469 (47)
3419 1409 3468 1473 et
3498 1401 3603 1471 glo-

2028 1478 2154 1531 riosi
2195 1479 2537 1547 imperatoris
2568 1484 2796 1547 obitum,
2850 1495 2969 1539 orta
3016 1486 3180 1541 fuisse
3236 1490 3433 1542 dicitur
3462 1491 3603 1544 inter

2026 1576 2257 1636 quatuor
2287 1585 2437 1637 reges
2465 1571 2814 1627 dissensionis
2845 1589 3049 1643 magna:
3080 1579 3469 1642 controversia,
3496 1578 3598 1634 Ca-

2028 1658 2200 1712 rolum
2235 1660 2443 1713 scilicet
2487 1672 2539 1715 et
2588 1662 2892 1732 Pippinum,
2943 1665 3261 1722 Lutharium
3291 1686 3505 1739 quoque
3548 1683 3602 1729 et

2026 1748 2383 1815 Ludovicurn,
2416 1753 2716 1809 rixantibus
2742 1771 2954 1827 quoque
2976 1768 3031 1813 et
3062 1760 3114 1813 vi
3146 1776 3339 1830 magna
3369 1764 3510 1816 inter
3542 1781 3600 1819 se

2026 1840 2454 1906 decertantibns,
2513 1846 2597 1899 cui
2656 1863 2843 1902 eorum
2900 1851 3065 1905 solius
3113 1853 3261 1923 regni
3311 1853 3604 1910 dominatio

2027 1930 2274 1987 Francia:
2300 1936 2588 2003 specialius
2608 1940 2909 2007 obveniret,
2942 1944 3083 2012 quod
3102 1943 3214 2011 jam
3245 1946 3460 2015 quidem
3492 1964 3607 2016 ger-

2032 2039 2225 2078 manus
2258 2042 2443 2079 eorum
2466 2028 2651 2096 junior
2677 2029 2904 2086 Carolus
2930 2043 3059 2088 nutu
3108 2036 3277 2103 patris
3300 2038 3606 2093 decedentis

2030 2115 2379 2185 singulariter
2423 2130 2726 2187 acceperat.
2758 2119 2885 2187 Qua:
2916 2121 3167 2178 fraterna:
3218 2126 3324 2179 litis
3357 2128 3605 2196 impietas

2027 2218 2149 2258 cum
2182 2206 2324 2259 nulla
2355 2216 2533 2275 posset
2571 2209 2780 2263 ratione
2811 2212 3035 2276 revinci,
3086 2229 3150 2267 eo
3179 2230 3351 2283 usque
3378 2217 3602 2271 deducta

2028 2305 2130 2361 est,
2180 2307 2234 2350 ut
2266 2301 2573 2354 convocatis
2622 2302 2872 2370 utrinque
2934 2320 3218 2375 regnorum
3268 2310 3600 2373 cohortibus,

2028 2387 2306 2456 dispositis
2350 2390 2660 2447 bellantium
2719 2395 2925 2457 cuneis,
2968 2397 3020 2450 in
3050 2396 3317 2454 fraternas
3344 2402 3488 2455 acies
3514 2418 3601 2456 νεα

2028 2478 2153 2532 xilla
2210 2480 2560 2535 solverentur.
2618 2483 2672 2536 In
2717 2500 2820 2553 qua
2890 2488 3005 2542 acie
3060 2488 3306 2545 Lutharii
3362 2491 3601 2563 fugiente

2028 2570 2294 2632 exercitu,
2346 2569 2570 2636 juvante
2620 2572 2839 2628 Warino
2877 2575 3200 2645 Burgundia:
3236 2582 3369 2636 duce
3409 2594 3596 2652 poten-

2034 2658 2243 2713 tissimo
2274 2657 2498 2715 Carolus
2547 2663 2789 2717 victoria:
2845 2666 2997 2732 signa
3051 2671 3366 2737 reportavit,
3412 2686 3473 2726 ac
3522 2674 3603 2728 sic

2030 2765 2252 2819 regnum
2286 2750 2530 2806 Francia:
2554 2754 2742 2808 divisis
2790 2756 2841 2808 in
2868 2766 3091 2812 cmteros
3124 2775 3409 2830 regnorum
3439 2766 3605 2831 parti-

2030 2842 2129 2895 bus
2151 2842 2297 2896 solus
2323 2845 2551 2911 accepit.
2589 2846 2889 2913 ltrogonem
2922 2848 3033 2918 (48)
3078 2865 3206 2904 vero
3232 2854 3500 2920 quintum,
3534 2871 3606 2909 ze-

2028 2946 2133 3000 que
2189 2933 2448 3003 regnandi
2493 2934 2731 3000 avidum,
2778 2938 2868 3006 qui
2946 2938 3259 2995 clarissima:
3306 2953 3491 3012 utpote
3536 2960 3605 3000 ex

2028 3021 2216 3075 eodem
2253 3038 2450 3093 genere
2495 3024 2780 3079 videbatur
2823 3042 2943 3081 esse
2999 3028 3214 3095 indolis,
3268 3031 3319 3085 in
3343 3034 3598 3087 clericum

2030 3114 2332 3177 attondeant,
2356 3130 2420 3169 ac
2451 3115 2502 3168 in
2552 3116 2678 3169 sede
2714 3115 2969 3171 Metettsis
2997 3118 3252 3174 Ecclesia:
3291 3122 3603 3191 pontiﬁcem

2027 3210 2381 3262 constituunt.
2432 3206 2584 3260 Hunc
2642 3209 2804 3261 etiam
2839 3210 2902 3262 ad
2934 3211 3213 3280 amplioris
3263 3214 3605 3283 supplemen-

349 3291 487 3347 viias
515 3294 836 3365 inﬁdelium,
887 3318 986 3358 nec
1037 3304 1142 3359 una
1189 3307 1297 3362 iuic
1347 3312 1639 3380 praevalere
1685 3291 1923 3385 ροιάοτίι
1948 3308 1992 3371 C
2026 3308 2136 3354 tum
2164 3299 2385 3353 honoris
2415 3298 2656 3353 Luxovio
2684 3310 2953 3369 pastorem
3000 3319 3249 3373 prseesse.
3279 3306 3596 3362 decernunt.

350 3397 483 3437 saeva
513 3385 741 3458 irruptio
762 3406 1112 3463 paganorum.
1133 3400 1205 3451 At
1237 3410 1543 3470 postquam,
1575 3420 1667 3458 seu
1696 3406 1765 3460 ob
1786 3421 1920 3475 pau-

349 3473 509 3530 cioris
542 3481 794 3546 praeconii
839 3486 1111 3552 meritum,
1138 3504 1232 3543 seu
1263 3491 1428 3546 etiam
1482 3494 1661 3563 aliquo
1687 3498 1923 3567 compel-

348 3565 491 3623 lente
537 3586 686 3639 casu,
742 3580 1238 3646 supervenientium
1294 3598 1477 3639 rerum
1530 3600 1739 3658 sumpta
1794 3565 1922 3647 inde

349 3664 631 3720 reverendi
668 3671 925 3739 corporis
957 3686 1079 3728 ossa
1132 3674 1354 3732 alterius
1388 3680 1569 3750 templi
1604 3692 1729 3737 sunt
1772 3684 1921 3740 illata

346 3753 622 3842 sacrariis,
667 3772 768 3813 nec
809 3762 1053 3817 nocitura
1105 3764 1356 3835 impietas
1396 3784 1791 3850 perversorum.
1825 3791 1924 3831 nec

346 3833 631 3905 defuerunt
651 3860 859 3925 strages
886 3867 941 3911 et
965 3833 1256 3915 infortunia
1281 3835 1575 3919 crudelidm
1605 3870 1918 3935 nationum:

344 3951 469 3992 cum
498 3942 661 3997 etiam
690 3944 847 4017 longe
863 3959 991 4017 post
1015 3954 1211 4022 pagani
1226 3954 1337 4026 (46)
1364 3957 1543 4013 subito
1566 3959 1693 4015 illuc
1720 3962 1919 4017 irrum-

345 4040 555 4100 pentes,
595 4038 740 4092 omni
790 4043 1074 4098 conamine
1124 4046 1227 4101 nisi
1281 4048 1500 4111 fuerunt
1534 4056 1921 4111 monasterium

347 4120 653 4191 incendere,
700 4129 796 4183 sed
853 4131 996 4186 relisi
1040 4135 1325 4192 manifesta
1359 4137 1455 4194 Dei
1477 4140 1698 4205 virtute,
1741 4144 1921 4199 incas-

345 4223 463 4265 sum
493 4213 593 4267 visi
640 4224 765 4271 sunt
809 4234 905 4273 sua
956 4221 1201 4279 incendia
1234 4227 1561 4285 admovisse.
1612 4230 1728 4298 Quo
1754 4234 1922 4290 etiam

346 4307 609 4373 tempore,
660 4315 720 4361 ut
747 4319 869 4378 post
912 4313 1140 4381 dicetur,
1179 4319 1422 4375 nonnulli
1470 4324 1856 4381 monachorum
1889 4342 1922 4382 a

342 4397 569 4464 paganis
596 4398 799 4457 inventi
827 4414 953 4467 sunt
976 4407 1309 4482 interempti.

888 4482 1223 4545 Successores
1244 4492 1380 4561 ejus.

412 4551 836 4645 10.3ecedente
879 4562 1063 4634 itaque
1090 4568 1158 4622 ab
1187 4551 1289 4625 hac
1332 4572 1442 4627 vita
1462 4614 1477 4639 ,
1506 4583 1565 4628 ut
1593 4576 1803 4645 praefati
1831 4594 1921 4634 su—

2027 3390 2196 3456 Quem
2226 3388 2314 3442 ille
2336 3388 2513 3443 locum
2542 3400 2817 3458 acceptum
2848 3392 2920 3445 ita
2953 3402 3173 3449 strenue
3202 3406 3323 3464 post
3357 3398 3599 3468 priorum

2026 3482 2202 3535 studia
2227 3488 2282 3534 et
2331 3480 2704 3549 potentissime
2763 3482 3102 3552 gubernavit,
3136 3494 3194 3539 ut
3220 3496 3374 3542 aucta
3418 3505 3598 3544 rerum

2026 3572 2179 3641 copia
2210 3572 2262 3626 in
2309 3572 2616 3641 quindecim
2672 3588 2982 3629 mansorum
3017 3578 3181 3633 millia
3233 3596 3333 3637 suo
3364 3590 3601 3653 tempore

2027 3663 2355 3717 recensenda
2388 3663 2682 3718 videretur.
2714 3664 2813 3719 Hic
2848 3666 3116 3723 interdum
3144 3670 3235 3725 ille
3268 3673 3425 3728 solito
3452 3690 3601 3730 com-

2026 3766 2287 3821 moratus,
2320 3756 2445 3810 dum
2472 3758 2785 3813 animnitate
2802 3758 3042 3815 locorum
3064 3760 3284 3829 fruitur,
3302 3763 3597 3837 Lignonem

2025 3847 2258 3901 vicinum
2282 3845 2503 3902 ﬂuvium
2536 3848 2709 3919 gratia
2753 3850 2993 3919 piscandi
3024 3868 3331 3924 aggressus,
3361 3858 3486 3913 dum
3517 3861 3601 3929 pi-

2026 3952 2171 3993 scem
2224 3939 2512 3995 immanem
2552 3943 2818 4011 sequitur,
2848 3944 3003 4015 aquis
3029 3945 3212 4016 lapsus
3238 3949 3414 4004 subito
3464 3967 3605 4020 pla:-

2025 4028 2254 4096 focatur,
2279 4029 2563 4101 Mettisque
2594 4032 2803 4088 delatus
2833 4035 2886 4089 in
2919 4037 3092 4091 sancti
3142 4038 3350 4093 Arnulﬁ
3387 4042 3602 4096 confes-

2023 4121 2163 4176 soris
2197 4121 2397 4177 Christi
2428 4122 2656 4178 ecclesia
2689 4124 3003 4180 tumulatur.
3036 4126 3167 4184 Post
3202 4129 3317 4184 haec
3358 4139 3598 4200 tempora

2023 4212 2342 4278 Ludovicus,
2367 4226 2723 4284 cognomento
2748 4216 2895 4283 Pius,
2931 4219 2982 4273 in
3014 4219 3264 4276 Francia'
3294 4238 3429 4292 papa
3479 4223 3601 4276 Ste-

2021 4306 2200 4377 phano
2229 4317 2522 4363 coronante
2568 4308 2863 4379 imperator
2888 4310 3134 4366 efﬁcitur.
3161 4312 3256 4368 llis
3287 4314 3476 4369 diebus
3502 4331 3598 4384 per

2023 4400 2252 4470 plurima
2274 4401 2723 4455 monasteriorum
2759 4402 2873 4458 loca
2927 4404 3194 4475 regularis
3221 4407 3356 4461 ordo
3386 4405 3599 4461 defece-

2023 4500 2129 4559 rat,
2159 4501 2213 4548 et
2238 4507 2416 4548 rerum
2443 4494 2819 4563 temporalium
2848 4496 3246 4553 administratio
3268 4501 3597 4569 quotidianis

2022 4580 2289 4636 malorum
2322 4582 2537 4639 casibus
2567 4585 2866 4654 deperibat.
2896 4584 2992 4643 Hic
3022 4598 3198 4644 tamen
3228 4589 3598 4660 frequentibus

340 4652 478 4704 mus,
506 4639 852 4704 Waldeberto
880 4663 1097 4721 pastore
1150 4659 1483 4729 beatissimo,
1515 4639 1734 4721 sanctus
1760 4667 1915 4739 lngo—
1944 4656 1996 4716 Β
2022 4671 2366 4743 synodalibus
2392 4639 2650 4729 conciliis.
2684 4684 2884 4731 statum
2916 4677 3278 4734 Ecclesiarum
3314 4639 3378 4734 in
3408 4683 3596 4751 pristi-

341 4728 517 4751 νηιη,
582 4749 594 4751 _
708 4738 719 4749 .
787 4740 797 4750 .
841 4749 847 4751 Α

340 4728 542 4797 fredus,
571 4738 721 4791 omni
750 4740 1008 4797 virtutum
1054 4761 1251 4817 genere
1297 4752 1627 4820 conspicuus
1658 4765 1713 4810 et
1737 4728 1918 4827 perfe-

338 4826 476 4885 ctus,
508 4821 626 4877 loco
649 4826 766 4895 ejus
812 4840 897 4884 est
951 4832 1266 4892 solernniter
1311 4841 1655 4912 subrogatus.
1712 4821 1916 4903 deinde

336 4910 549 4977 prolixa
578 4913 930 4984 plurimorum
961 4932 1262 4995 temporum
1298 4930 1438 4985 serie
1474 4910 1818 5001 decurrente,
1857 4938 1912 4993 in

338 4997 428 5052 illo
453 5003 685 5059 candido
730 5008 874 5064 nivei
928 5015 1313 5071 monachorum
1357 5022 1588 5089 agminis
1641 5034 1911 5081 conventu

331 5091 600 5162 patribus,
630 5106 690 5152 ut
735 5099 789 5153 in
842 5104 1085 5177 catalogo
1112 5122 1299 5164 eorum
1346 5110 1506 5167 facile
1532 5123 1618 5169 est
1649 5114 1907 5183 inveniri,

331 5182 436 5241 sibi
468 5186 695 5244 invicem
720 5195 1153 5265 succedentibus,
1184 5216 1284 5257 nec
1306 5206 1596 5270 pastoralis
1615 5209 1911 5265 auctoritas

402 5302 785 5389 'Ecclesia
815 5312 916 5367 ista
945 5315 1202 5372 hactenus
1236 5330 1479 5389 superest
1537 5326 1593 5381 in
1619 5325 1913 5382 meditullio

329 5375 513 5445 oppidi
538 5375 783 5445 Luxovii,
810 5394 996 5454 estque
1018 5375 1336 5457 parmcialis.

2019 4776 2147 4816 num
2174 4775 2272 4831 pro
2292 4761 2495 4819 viribus
2521 4763 2827 4834 reparabat.

2118 4834 2133 4846 ’
2508 4883 2518 4893 -
2556 4854 2836 4925 Amegisus
2872 4858 3051 4937 abbas.

2086 4942 2172 4997 12.
2208 4942 2283 4997 Ea
2313 4953 2633 5015 tempestate
2671 4946 3091 5006 Luxoviensium
3122 4964 3339 5021 quoque
3362 4950 3596 5023 dignitas

2020 5034 2161 5089 inter
2209 5044 2404 5089 cetera
2459 5036 2693 5105 pristino
2742 5038 2921 5109 rigore
2970 5039 3277 5096 tabescente
3319 5039 3430 5109 jam
3460 5057 3601 5111 pene

2019 5125 2321 5181 vacillabat.
2369 5125 2521 5194 Quod
2572 5127 2752 5184 Caesar
2802 5130 3105 5187 Ludovicus
3144 5141 3438 5203 expertus,
3491 5133 3601 5188 An-

2020 5217 2259 5287 segisum
2311 5216 2428 5288 (49)
2478 5218 2658 5274 virum
2692 5221 3094 5291 dignissimum,
3156 5231 3429 5292 comptum
3485 5239 3603 5279 mo-

2021 5325 2276 5383 Ludovici
2314 5327 2541 5396 Augusti
2578 5329 2824 5395 fratrem,
2875 5342 2927 5389 et
2972 5348 3036 5387 eo
3067 5333 3281 5390 vivente
3314 5330 3607 5391 Metensem

2022 5397 2330 5472 episcopum
2354 5410 2595 5455 creatum
2621 5402 2782 5457 fuisse
2808 5412 3036 5458 constat.
