4482 5524
802 326 905 381 699

1726 328 1815 383 DE
1855 326 1911 382 S.
1952 327 2262 382 AYMARDI
2298 326 2585 383 ABBATIS
2620 325 2935 383 CLUNIAC.
2976 323 3044 380 Ill

3938 319 4043 375 700

797 452 896 508 per
934 446 1133 492 terram
1162 451 1356 507 repens
1386 452 1466 491 ire
1513 453 1619 493 non
1662 448 1905 509 poterat,
1938 440 2041 494 nisi
2084 440 2167 495 vel
2203 455 2374 510 equo,
2404 445 2453 503 Α
2483 452 2622 496 trato
2652 441 2795 510 quod
2824 442 2913 495 diu
2946 446 3260 509 rogaverat,
3289 435 3669 493 maestissimus
3702 434 4041 490 abscedebat.

798 528 881 581 vel
910 527 1065 581 asino
1094 541 1304 581 sessore
1331 536 1586 582 uteretur.
1618 526 1715 582 Hic
1748 531 1927 599 itaque
1954 530 2021 583 ad
2052 531 2225 584 locum
2251 546 2370 599 pcr-

799 618 989 673 ductus
1021 626 1102 671 est
1130 633 1249 672 cum
1276 633 1485 671 summa
1512 618 1827 681 devotione,
1858 628 1964 688 quo
1998 622 2168 673 sancti
2216 622 2372 689 hujus

800 706 1109 762 venerabile
1144 708 1335 776 pignus
1364 700 1689 778 cognoverat
1728 709 2057 764 constitisse.
2088 709 2246 764 Venit
2273 712 2369 780 igi-

801 808 917 861 tur,
953 796 1206 868 lacrymis
1234 798 1453 852 humum
1480 798 1747 868 perfudit,
1788 801 1956 853 sancti
1995 814 2185 853 nomen
2223 801 2373 852 invo-

797 899 905 953 cat,
933 887 1240 959 suffragium
1272 892 1552 959 exposcit:
1589 907 1688 946 nec
1729 901 1851 945 ante
1881 909 1910 946 a
1953 892 2074 946 loco
2108 892 2371 957 discedit,

799 965 972 1037 donec
1004 982 1180 1036 divina
1216 984 1413 1039 virtute
1454 985 1626 1055 ruptis
1649 1001 1937 1039 nervorum
1977 986 2206 1041 nexibus
2236 986 2377 1039 redit

801 1072 866 1125 ad
900 1072 1140 1142 propria,
1175 1073 1399 1141 pristina
1433 1075 1801 1129 incolumitate
1824 1076 2071 1130 donatus.

812 1162 837 1201 ο
867 1162 958 1215 20.
1003 1162 1067 1216 Et
1095 1164 1348 1231 quoniam
1383 1166 1644 1234 temporis
1673 1176 1727 1219 et
1765 1165 2005 1235 ejusdem
2043 1165 2287 1219 beneficii
2320 1180 2377 1219 se

798 1253 1171 1320 opportunitas
1203 1255 1364 1318 dedit,
1384 1271 1487 1308 nou
1507 1256 1653 1324 piget
1686 1255 1878 1309 iterum
1898 1255 2039 1309 aliud
2069 1256 2135 1308 ad
2166 1256 2376 1308 laudem

800 1345 967 1399 divini
1016 1347 1247 1401 nominis
1295 1349 1514 1410 referre,
1572 1348 1713 1418 quod
1760 1350 1811 1401 in
1855 1364 1912 1402 re
1942 1348 2103 1402 simili
2156 1349 2236 1401 vir
2277 1348 2379 1401 iste

800 1447 1023 1492 sanctus
1052 1439 1387 1494 dissimiliter
1416 1451 1498 1494 est
1534 1452 1808 1510 operatus.
1840 1440 1898 1494 In
1932 1456 2067 1511 pago
2111 1441 2377 1509 siquidem

800 1531 1126 1585 rusticorum
1168 1548 1265 1586 usu
1301 1531 1622 1586 Warascum
1677 1532 1789 1603 (56)
1834 1542 2175 1602 nuncupata,
2220 1540 2380 1586 astate

798 1622 981 1688 priore
1029 1622 1193 1676 fuisse
1242 1623 1527 1689 quemdam
1564 1624 1742 1679 virum
1792 1626 2079 1687 novimus,
2110 1625 2201 1695 qui
2251 1639 2379 1692 pro-

806 1712 925 1780 prio
954 1712 1127 1767 fuerat
1164 1712 1484 1769 Bernericus
1513 1717 1731 1769 nomine
1778 1716 1973 1769 dictus.
2016 1715 2116 1781 Qui
2160 1716 2378 1784 quidem

796 1803 1012 1873 generis
1038 1812 1158 1857 erat
1204 1803 1449 1857 libertate
1482 1806 1713 1874 politus,
1755 1807 1848 1859 sed
1884 1815 2059 1858 tamen
2107 1813 2215 1859 toto
2260 1820 2380 1859 cor-

796 1909 928 1963 pore
977 1902 1033 1948 et
1088 1894 1267 1949 nervis
1315 1896 1605 1959 astrictus,
1661 1897 1807 1951 nulla
1857 1896 2114 1951 facultate
2164 1904 2377 1966 poterat

798 1985 968 2038 solide
1009 1985 1171 2040 terris
1212 1983 1426 2055 alligere
1463 2002 1697 2055 gressus.
1752 1987 1849 2041 Hie
1899 1988 2075 2043 birolo
2119 1997 2381 2055 carpento

799 2076 1087 2144 impositus
1134 2091 1454 2145 quocunque
1492 2088 1638 2132 esset
1666 2079 1963 2143 ducendus,
2020 2081 2177 2132 unius
2228 2078 2381 2131 bovis

800 2175 855 2219 et
881 2163 1065 2219 famuli
1096 2165 1383 2220 videbatur
1411 2182 1534 2222 esse
1577 2176 1879 2222 contentus.
1914 2168 2013 2234 Qui
2061 2169 2239 2221 audita
2274 2168 2381 2219 vir-

803 2264 915 2310 tute
938 2258 1130 2322 sancti,
1162 2256 1350 2325 juncto
1376 2259 1511 2312 bove
1556 2273 1618 2313 ac
1660 2259 1910 2313 ministro
1955 2258 2233 2327 praemisso
2260 2273 2381 2311 car—

801 2356 961 2417 pento
1009 2348 1311 2417 impositus,
1361 2350 1602 2419 pervenit
1650 2349 1717 2402 ad
1754 2349 1965 2414 locum,
1998 2364 2103 2417 quo
2150 2366 2207 2402 se
2257 2348 2380 2402 duci

801 2439 980 2493 fuerat
1007 2439 1349 2509 deprecatus.
1392 2440 1533 2495 Ante
1558 2441 1895 2510 praesentiam
1939 2440 2111 2494 sancti
2145 2440 2197 2492 in
2238 2450 2380 2493 terra

801 2540 1104 2600 prostratus
1124 2529 1216 2585 diu
1240 2530 1491 2596 decubat,
1518 2547 1638 2585 eum
1668 2531 1921 2602 lacrymis
1951 2547 2138 2600 preces
2165 2533 2374 2595 miscet,

801 2634 857 2680 et
887 2624 1204 2680 familiarem
1234 2625 1424 2680 bovem
1448 2635 1635 2679 sancto
1658 2624 2000 2679 Waldeberlo
2025 2639 2129 2678 non
2165 2625 2383 2678 tardans

805 2714 1080 2784 polliceri,
1112 2714 1157 2771 si
1198 2716 1301 2771 hac
1327 2716 1570 2786 corporis
1614 2716 2054 2771 incommoditate
2084 2725 2384 2769 mereretur

804 2808 1028 2863 absolvi.
1053 2807 1216 2877 Cujus
1242 2810 1455 2879 quidem
1484 2814 1567 2864 vir
1587 2820 1805 2865 sanctus
1831 2825 1933 2863 non
1963 2818 2045 2864 est
2066 2809 2387 2879 dedignatus

806 2900 1081 2969 suscipere
1108 2902 1366 2971 gemitum
1409 2902 1758 2971 supplicantis
1779 2942 1792 2965 ,
1823 2902 1914 2954 sed
1947 2911 2124 2955 tamen
2154 2916 2386 2969 przeseu-

808 3000 913 3045 tem
947 2993 1153 3047 distulit
1178 2993 1488 3064 impendere
1530 2996 1836 3049 sanitatem.
1886 2994 2016 3049 Nam
2060 3010 2165 3048 non
2214 2995 2385 3062 impe-

880 3129 991 3201 (56)
1032 3129 1309 3204 Eustasius
1351 3131 1516 3187 abbas
1540 3143 1593 3187 et
1634 3148 1756 3187 cum
1782 3150 1846 3189 eo
1887 3134 2070 3204 Agilus
2103 3133 2383 3188 Warasros

811 3202 878 3254 ab
901 3202 1177 3256 erroribus
1208 3218 1489 3256 revocasse
1521 3204 1793 3257 dicuntur.

881 3271 991 3342 (57)
1033 3271 1292 3342 Rcliquia:
1327 3273 1384 3327 S.
1418 3270 1742 3328 Waldeberli
1773 3274 2033 3329 hactenus
2065 3274 2117 3326 in
2154 3275 2387 3329 ecclesia

810 3340 1138 3426 Luaoviensi
1162 3340 1620 3426 coluntur,.caput
1647 3345 1885 3426 quidem_
1903 3346 1955 3397 in
1985 3354 2239 3415 argentea
2268 3343 2382 3399 elli-

811 3413 931 3483 gie,
977 3412 1197 3484 reliquae
1236 3413 1481 3483 corporis
1524 3412 1707 3485 partes
1751 3415 1806 3469 in
1850 3417 2003 3470 theca
2049 3412 2115 3469 ex
2165 3425 2391 3488 argento

2472 534 2710 603 Cumque
2754 531 3142 601 aliquantulum
3192 528 3405 585 itineris
3443 527 3653 582 rediens
3702 529 4043 596 peregisset:

2472 626 2516 681 Ο
2538 636 2757 689 sancte,
2814 625 3019 693 inquit,
3051 621 3420 685 Waldeberte,
3472 627 3717 689 plaeetne
3772 618 3864 672 tibi
3899 616 4045 687 quod

2475 719 2645 772 tristis
2685 718 2826 780 veni,
2858 717 3067 771 tristior
3094 713 3327 768 recedo?
3363 710 3488 766 Haec
3528 711 3715 765 dicens
3743 707 4042 776 plaustrum

2474 821 2617 863 stare
2639 807 2824 876 jubet,
2862 816 3061 860 terram
3092 805 3256 874 petit,
3288 804 3585 871 bovemque
3634 800 3687 853 in
3735 812 3930 868 pascua
3963 812 4042 851 re.

2473 902 2632 956 solvit
2657 917 2669 954 :
2704 916 2827 955 cum
2858 899 3036 953 subito
3062 912 3226 953 sanus
3254 895 3429 951 factus
3473 894 3716 949 concitus
3742 890 3897 953 redit,
3926 903 4051 958 gra-

2476 995 2579 1048 tias
2605 994 2734 1062 agit,
2774 992 2965 1045 bovem
2996 990 3271 1044 duetorem
3310 984 3525 1049 obtulit,
3558 998 3623 1038 ac
3650 982 3876 1038 firmatis
3897 994 4053 1051 gres-

2476 1086 2627 1139 sibus
2649 1084 2715 1136 ad
2743 1082 2960 1136 domum
2989 1078 3297 1134 laetissimus
3323 1075 3481 1130 redit.

2545 1173 2634 1225 ‘2l.
2675 1171 2928 1236 Quaedam
2972 1170 3168 1224 iterum
3210 1166 3409 1220 femina
3436 1176 3631 1235 genere
3659 1160 3854 1215 nobilis
3876 1201 3889 1224 ,
3926 1175 4055 1230 gra-

2475 1266 2697 1319 vissimo
2750 1264 3031 1315 tenebatur
3092 1260 3282 1314 morbo
3335 1257 3575 1328 ejusdem
3622 1253 4048 1317 contractionis,

2478 1357 2731 1411 destituta
2758 1353 2947 1407 solatio
2992 1365 3265 1420 corporea:
3294 1346 3586 1401 facultatis.
3624 1343 3754 1411 Quae
3794 1357 3915 1395 eum
3941 1342 4052 1411 jam

2477 1447 2870 1514 consequenda:
2893 1445 3083 1498 salutis
3107 1440 3433 1497 commercio
3452 1439 3738 1507 desperata
3758 1434 4055 1497 videretur,

2479 1541 2543 1594 ad
2577 1540 2693 1593 locu
2706 1555 2753 1591 m
2787 1536 3034 1591 eumdem
3063 1533 3174 1604 (57)
3208 1548 3265 1587 se
3295 1530 3452 1602 petiit
3482 1526 3773 1598 deportari.
3805 1522 3904 1579 Ubi
3933 1536 4056 1577 cum

2480 1631 2701 1685 diutinis
2732 1627 2982 1697 precibus
3012 1634 3067 1678 et
3108 1622 3364 1693 laerymis
3394 1620 3690 1683 insisteret,
3726 1624 3943 1686 repente
3970 1628 4058 1666 sae

2481 1729 2605 1774 nata
2641 1734 2745 1773 non
2774 1717 2889 1770 sine
2920 1713 3282 1768 admiratione
3326 1710 3613 1764 multorum
3659 1710 3711 1760 in
3740 1704 3903 1776 pedes
3927 1717 4059 1757 con-

2408 1807 2455 1866 B
2484 1812 2645 1866 stitit.
2673 1808 2777 1863 Sed
2815 1823 2937 1861 cum
2967 1807 3155 1873 adepta
3188 1804 3420 1857 sanitate
3440 1800 3603 1855 vellet
3627 1797 3750 1853 inde
3774 1794 4058 1860 recedere,

2484 1903 2536 1956 in
2567 1902 2757 1955 itinere
2778 1898 2889 1967 jam
2918 1898 3089 1967 posita
3112 1895 3289 1949 subito
3318 1895 3369 1947 in
3404 1904 3602 1948 terram
3631 1889 3886 1951 concidit,
3913 1895 3969 1939 et
4001 1885 4057 1939 in

2484 1993 2731 2048 eumdem
2777 1988 3161 2045 contractionis
3205 1987 3450 2041 morbum
3507 1983 3792 2037 astrictam
3838 1994 3895 2034 se
3940 1990 4062 2031 esse

2484 2088 2754 2156 cognovit.
2789 2082 3101 2151 Sespiciens
3132 2079 3325 2135 coelum
3353 2075 3633 2147 ingemuit,
3666 2081 3719 2128 et
3760 2084 3946 2125 rursus
3979 2068 4049 2122 ad

2485 2178 2663 2231 locum
2691 2190 2749 2229 se
2778 2173 2966 2227 referri
3003 2172 3145 2225 fecit.
3179 2169 3278 2224 Ubi
3316 2181 3436 2222 cum
3467 2164 3750 2235 pristinam
3777 2158 4062 2214 sanitatem

2487 2268 2819 2335 recepisset,
2878 2264 3027 2332 quasi
3079 2258 3470 2330 aliquantulum
3527 2256 3638 2324 jam
3694 2268 3924 2315 secura,
3978 2263 4065 2303 res

2487 2358 2822 2413 necessarias
2854 2355 3089 2408 revisere
3111 2352 3332 2420 cupiens
3358 2365 3388 2403 a
3419 2347 3536 2403 loco
3564 2344 3810 2407 discedit,
3835 2350 3887 2395 et
3916 2339 4067 2393 abire

2480 2451 2593 2520 jam
2642 2449 2826 2518 coepit.
2857 2448 3055 2515 Sicque
3081 2446 3131 2499 in
3164 2440 3488 2510 itinerejam
3519 2438 3808 2495 constituta
3832 2474 3848 2499 ,
3880 2444 4067 2487 rursus

2490 2546 2542 2598 in
2573 2558 2736 2597 unum
2784 2539 3026 2609 corporis
3054 2536 3265 2607 globum
3292 2532 3630 2589 contrahitur
3651 2569 3665 2595 ,
3707 2536 3866 2596 atque
3891 2527 4068 2578 denuo

2493 2635 2557 2687 ad
2588 2634 2759 2686 locum
2802 2629 3048 2683 refertur.
3076 2626 3294 2695 ‘Sicque
3338 2623 3542 2680 factum
3571 2629 3655 2676 est
3681 2660 3696 2685 ,
3735 2627 3795 2671 ut
3831 2613 4067 2685 quoties-

2495 2738 2705 2791 cunque
2734 2721 2854 2775 inde
2869 2719 3016 2773 abire
3035 2718 3384 2781 voluisset,'in
3409 2714 3655 2771 eumdem
3684 2709 4068 2765 morbumcon-

2497 2814 2699 2867 eideret
2728 2852 2741 2875 ,
2786 2811 2956 2864 (loiiec
3014 2810 3224 2862 tandem
3277 2815 3493 2875 recepta
3543 2802 3777 2859 sanitate
3830 2797 4067 2852 animum

2496 2904 2631 2969 ﬁxit,
2657 2916 2710 2956 et
2741 2916 2909 2970 usque
2928 2900 2992 2953 ad
3017 2898 3262 2953 ultimum
3291 2898 3410 2951 vita:
3432 2909 3543 2951 suae
3564 2902 3775 2962 tempus
3800 2888 3854 2943 in
3878 2884 4067 2942 eodem

2496 2998 2614 3051 loco
2650 2994 2968 3067 permansit.

2492 3134 2771 3195 deaurato,
2797 3142 2856 3184 ut
2883 3145 2967 3183 me
2988 3126 3198 3200 monuit
3219 3124 3330 3200 jam
3359 3122 3603 3200 laudatus
3625 3117 3696 3200 Β..
3716 3111 4073 3200 Ρηίξρξιεξξῗ

2664 3181 3104 3264 ξιῖᾷνόἰιί⁷ίιὲζὲὶιί
3136 3181 3437 3267 plu'rimum
3451 3194 3515 3267 in_
3527 3181 4070 3267 liisAadnotationibtls

2872 3247 2882 3253 ’
2894 3247 3245 3342 ιῖιὲῄἔήῇ
3256 3247 3558 3342 ranslatio
3582 3256 3786 3342 (forsan
3817 3253 3963 3342 elevat

2496 3324 3057 3398 Lor-xiiiiiiﬁcelebratur
3086 3338 3210 3394 Maii
3238 3337 3326 3392 die
3368 3335 3453 3400 l6,
3486 3332 3562 3387 uti
3590 3324 3656 3386 'et
3704 3326 3803 3383 SS.
3834 3324 4069 3379 Eustasii

2497 3424 2551 3469 et
2579 3413 2915 3470 Columbani.

818 3590 4068 3654 Μ

1977 3790 2145 3837 ANNO
2189 3791 2423 3837 DOMINI
2468 3774 2887 3837 nececxcrv.’

1428 3985 2273 4148 SANCTUS
2384 3978 3439 4146 AYMARDUS

2000 4256 2222 4315 ABBAS
2259 4252 2758 4313 CLUNIACENSIS
2791 4254 2879 4310 ΙΙΙ.

1168 4543 1556 4612 VETERUM
1597 4547 1703 4610 DE
1743 4547 1805 4609 S.
1853 4545 2255 4610 AYMARDO
2298 4544 2616 4609 ABBATE
2655 4541 2938 4606 CLUNIA

1959 4545 2255 4609 'MARDO
2298 4544 2616 4609 ABBATE
2655 4540 3173 4606 CLUNIACENSI
3208 4532 3729 4604 TESTIMONIAI

1734 4712 1839 4784 (Ex
1858 4711 2181 4769 Bibliotheca
2210 4710 2567 4778 Cluniacensi,
2593 4710 2786 4767 edente
2808 4711 2869 4765 D.
2897 4706 3168 4779 Marrier.)

1598 4999 1640 5055 ἰ.

823 5089 897 5187 8..
919 5089 1078 5148 Odilo
1105 5090 1267 5147 abbas
1303 5089 1665 5187 Cluniacensis
1701 5093 1757 5146 in
1788 5090 1913 5175 _Vita
1951 5094 2011 5148 δ.
2054 5091 2244 5147 Maioli
2272 5109 2409 5160 prte-

1406 5163 1691 5218 decessoris
1716 5164 1820 5217 sui.

896 5254 1269 5327 ﬂuic(0doni)
1295 5256 1556 5327 successit
1575 5253 1745 5311 felicis
1768 5254 2041 5327 memoriae
2071 5253 2405 5327 Heymardus

824 5323 1079 5391 nomine,
1129 5323 1299 5383 beatae
1350 5326 1710 5396 simplicitatis
1758 5336 1811 5380 et
1866 5325 2186 5380 innocentia:
2237 5323 2401 5396 filius.

824 5397 926 5455 Hic
968 5399 1020 5453 in
1068 5395 1899 5469 augmentationepraediorum.
1940 5406 2001 5469 et
2038 5395 2399 5469 acquisilione

832 5466 1439 5524 tentnoralis'commodi
1472 5468 1606 5520 adeo
1635 5468 1906 5520 studiosus
1932 5466 2031 5520 fuit
2055 5474 2109 5519 et
2136 5466 2187 5517 in
2215 5466 2405 5520 obser-

2435 5002 2489 5062 D
2516 4998 2735 5063 tientiae,
2764 4994 3022 5064 simplicis
3046 5001 3100 5048 et
3127 4979 3439 5049 innocentis
3455 4989 3601 5064 vitae,
3631 4992 3783 5064 tanto
3820 4978 4022 5064 talique
4048 4996 4081 5036 a

2512 5055 2733 5124 Christo
2756 5055 2956 5121 ditaius
2976 5075 3060 5121 est
3084 5076 3327 5128 munere,
3351 5069 3411 5116 ut
3437 5058 3555 5129 ejus
3581 5055 3820 5129 tempore
3840 5055 3906 5129 ad
3930 5066 4085 5129 amo-

2513 5123 2624 5195 rem
2650 5138 2934 5192 monastiei
2967 5135 3172 5190 ordinis
3202 5123 3482 5189 auctorem
3510 5123 3709 5186 nostrae
3738 5125 3931 5184 salutis
3951 5123 4083 5179 bea-

2510 5220 2622 5265 tum
2656 5207 2906 5263 Maiolum
2932 5206 3183 5277 dignatus
3212 5214 3295 5260 est
3327 5214 3626 5258 accersere.

2594 5422 2595 5429 ‘
2651 5411 2841 5466 Glaber
2891 5401 3188 5477 Rodolphus
3214 5406 3303 5459 lib.
3331 5418 3390 5457 ιιι
3438 5400 3706 5465 Historiae,
3736 5413 3852 5467 cap.
3884 5394 3936 5449 5.
