4482 5524
396 398 489 454 701

402 621 585 677 Petrus
643 621 927 675 Damianus
992 620 1307 683 cardinalis,
1362 621 1449 673 lib.
1494 634 1530 674 l
1582 617 1960 687 Epistolarum,

1015 692 1229 759 epistola
1269 690 1350 744 Η.

470 804 511 856 Α
537 804 859 875 venerabilis
883 803 1039 875 plane
1068 803 1439 858 Cluniacensis
1464 802 1692 875 cmnohii
1709 801 1966 875 fratribus

402 872 657 945 didicisse
680 888 765 929 me
795 872 1018 945 contigit
1048 875 1276 944 insignia
1297 876 1399 928 duo
1426 882 1623 945 sancta:
1653 873 1968 925 humilitatis

400 943 662 1013 exempla,
711 943 965 1011 quorum‘
992 943 1173 999 unum
1195 961 1299 999 non
1343 944 1688 998 mediocriter
1724 957 1968 1012 quosque

402 1012 673 1082 prtela’tos,
719 1015 945 1071 alterum
993 1017 1131 1069 valet
1182 1015 1448 1069 :edilicare
1497 1012 1782 1081 subjectos.
1835 1012 1971 1065 Mar-

403 1085 631 1138 cuardus
684 1083 1038 1155 [Aymardus,
1072 1086 1145 1139 vel
1187 1083 1507 1155 Ademarus]
1540 1095 1685 1138 certe
1729 1084 1968 1152 ejusdem

407 1164 582 1208 rector
606 1156 849 1210 ecclesiae
877 1155 1122 1209 Maiolum
1152 1156 1365 1209 sibimet
1395 1155 1689 1216 substituit,
1720 1164 1773 1207 ct
1811 1169 1968 1222 gran-

402 1224 563 1294 tlaii'm
606 1224 717 1292 jam
753 1227 1012 1280 senectuti
1057 1242 1165 1279 sua:
1212 1226 1405 1294 quietis
1434 1226 1600 1279 otium
1642 1224 1967 1293 procuravit.

404 1293 502 1348 llic
553 1295 731 1365 itaque
779 1298 901 1349 dum
953 1299 1191 1364 privatus
1234 1293 1293 1348 in
1347 1295 1679 1349 inﬁrmorum
1732 1302 1973 1347 maneret

405 1364 899 1432 mdicula,quadam
931 1366 1406 1435 advesperascente
1435 1366 1518 1418 die
1556 1382 1765 1418 caseum
1798 1365 1969 1431 petiit,

405 1448 561 1501 quem
606 1435 911 1489 cellerarius
958 1438 1216 1505 punit-ns,
1267 1446 1317 1487 ut
1368 1436 1483 1487 ﬁeri
1517 1437 1667 1492 solet.
1715 1436 1971 1495 intentus,

406 1518 512 1557 non
562 1506 717 1558 modo
765 1508 943 1568 dedit,
976 1508 1069 1559 s:_-d
1115 1517 1167 1560 et
1214 1506 1361 1559 duris
1414 1507 1631 1573 insuper
1669 1505 1971 1558 ministrum

406 1574 523 1640 ejus
573 1577 1009 1642 respousionibus
1040 1578 1212 1643 lregit.
1244 1576 1585 1643 Couqnestus
1612 1586 1693 1627 est
1722 1576 1973 1626 abbatum

408 1644 641 1707 turbam,
692 1660 788 1711 nec
827 1659 978 1710 posse
1018 1662 1073 1698 se
1101 1655 1176 1698 tot
1205 1646 1541 1697 dominorum
1581 1644 1817 1711 perferre
1861 1659 1975 1697 nio-

408 1711 636 1766 Iestiam.
671 1713 786 1778 Quo
832 1730 987 1767 senex
1043 1716 1245 1775 audito,
1294 1730 1397 1767 non
1450 1716 1715 1767 mediocre
1753 1716 1976 1767 scanda-

410 1782 516 1835 lum
547 1784 761 1851 pertulit
788 1802 798 1835 :
840 1795 890 1835 et
920 1784 1041 1849 quia
1073 1784 1249 1837 lumen
1277 1784 1553 1836 oculorum
1588 1800 1807 1851 prorsus
1836 1784 1969 1835 ami—

1624 394 1949 450 VETERUM
1989 392 2429 447 TESTIMONIA.

1995 510 2045 567 Α

3538 386 3643 439 ’ῖθῖ

2802 501 2906 555 V'll.

2071 592 2353 646 Wernerus
2410 591 2750 646 Roleuiinkius
2799 596 2851 645 in
2894 591 3169 716 Sosidi-nlo
3214 602 3533 659 temporum,
3574 592 3643 645 ad

2672 680 2865 715 annum
2950 678 2982 715 ο
3026 702 3038 714 .

2672 682 2701 714 ιι
2709 680 2865 715 unum
2916 678 3017 715 904
3026 702 3038 714 .

2141 754 2440 824 ᾼιιειηιπιιε
2458 755 2551 824 _\'ir
2579 763 2818 817 sanctus.
2846 769 3125 809 successor
3146 750 3203 807 S.
3229 750 3459 808 Othonis
3481 752 3642 824 [Odo-

2072 822 2175 894 nis]
2205 824 2414 878 abbatis
2443 822 2833 878 Cluniacensis.

2788 914 2917 969 V'Ill.

2070 1004 2302 1059 Joannes
2330 1004 2639 1061 Trithemius
2667 1008 2754 1059 lib.
2789 1024 2847 1061 Ill
2879 1009 2942 1061 de
2975 1007 3113 1063 Viris
3137 1008 3425 1063 illustribus
3450 1008 3647 1062 ordinis

2531 1077 2584 1131 S.
2617 1076 2906 1142 Benedicti,
2937 1096 3051 1147 cap.
3082 1080 3205 1135 218,

2141 1171 2447 1225 Adamarus
2496 1182 2614 1239 post
2648 1170 2887 1226 Odoncm
2928 1172 3195 1227 secundus
3227 1174 3393 1226 abbas
3432 1170 3649 1225 Clunia-

2076 1243 2255 1294 ccnsis
2305 1242 2648 1304 monasterii,
2678 1243 2758 1295 vir
2787 1243 2836 1295 in
2878 1244 3158 1311 scripturis
3192 1245 3361 1297 sacris
3388 1242 3650 1311 eruditus,

2076 1327 2283 1364 morum
2310 1313 2720 1366 conversatione
2771 1310 3167 1378 sanctissimus,
3220 1314 3421 1367 lumine
3467 1310 3649 1365 oculo-

2078 1397 2191 1433 rum
2249 1385 2499 1446 orbatus,
2561 1382 2699 1436 velut
2750 1384 2883 1435 alter
2927 1382 3045 1447 Job,
3107 1386 3155 1437 in
3209 1385 3382 1436 medio
3428 1385 3653 1436 fratrum

2075 1466 2292 1503 Suorutu
2335 1452 2607 1519 exetnplar
2659 1454 2927 1519 paticiitia-
2976 1464 3025 1504 et
3080 1454 3400 1507 humilitatis
3438 1452 3651 1507 euiluit.

2075 1520 2277 1573 Clarnit
2314 1539 2453 1574 anno
2482 1523 2688 1575 lbnnini
2719 1524 2821 1576 932
2850 1524 3019 1589 (93-2).
3039 1525 3227 1576 electus
3245 1526 3375 1575 enim
3395 1540 3479 1574 nn.
3505 1522 3651 1588 9M).

2075 1590 2240 1712 (ﬁl'jtls
2266 1593 2461 1646 l'estum
2486 1594 2662 1663 agitur
2685 1596 2821 1661 apud
2844 1595 3226 1648 Cluniaccuses
3248 1594 3379 1647 Idib.
3410 1592 3655 1661 Septem-

2119 1678 2212 1712 ‘t'IS.

2119 1678 2212 1714 {'IS.

408 1838 571 1915 serat',
604 1852 840 1925 dolorm
870 1838 985 1919 ejus
1013 1855 1174 1907 corde
1213 1854 1453 1925 tenacius
1487 1838 1659 1925 bzes'it.
1704 1853 1834 1906 Nam
1864 1869 1968 1919 quo
2000 1866 2045 1925 Β
2081 1838 2178 1892 Μαλ

1882 1869 1968 1919 luo
2000 1866 2045 1925 Β
2081 1838 2513 1911 Martyrologium
2541 1845 2883 1925 nteitasticmit
2915 1842 3329 1925 flenetlictinum,
3364 1843 3432 1896 ad
3455 1858 3513 1897 ιιι
3546 1839 3652 1896 Νο-

410 1936 580 1991 czecus
607 1937 635 1973 a
660 1924 859 1975 visibus
891 1934 1060 1978 vacat.
1087 1940 1149 1977 eo
1171 1924 1423 1991 quicquid
1451 1924 1700 1983 audierit,
1732 1925 1780 1976 iu
1806 1924 1969 1977 corde

408 1990 656 2071 subtilius
697 2002 913 2073 versati:
947 2004 997 2073 et
1038 1994 1158 2073 quia
1192 2011 1284 2073 per
1309 1990 1586 2073 exteriora
1610 2011 1971 2073 iluzciluo_iitin

411 2064 702 2129 spargitur.
734 2064 976 2117 interiori
1011 2064 1107 2117 zeli
1140 2063 1356 2116 stimulo
1384 2063 1733 2117 truculentius
1768 2064 1973 2116 initam-

410 2141 605 2183 matur.
641 2131 791 2185 Mane
824 2146 949 2186 vero
995 2132 1156 2197 facto,
1205 2134 1452 2187 ministro
1495 2149 1609 2194 suo,
1661 2146 1717 2187 ut
1752 2150 1868 2186 sese
1907 2132 1972 2186 ad

410 2214 624 2253 manum
652 2203 704 2255 in
735 2203 965 2270 capitulo
996 2204 1234 2267 duceret,
1258 2203 1437 2270 jussit.
1467 2204 1738 2256 Adductus
1770 2214 1970 2265 autem,

411 2270 619 2342 talibus
645 2272 905 2342 Abbatem
944 2288 1227 2342 aggressus
1276 2283 1360 2327 est
1391 2273 1602 2327 verbis:
1649 2273 1857 2334 Frater,
1895 2274 1974 2325 in-

408 2340 548 2407 quit,
575 2340 781 2404 Maiole,
800 2357 903 2396 non
927 2340 1031 2410 ego
1053 2352 1105 2396 te
1128 2358 1287 2411 super
1312 2360 1414 2405 me,
1446 2352 1503 2395 ut
1523 2357 1605 2394 me
1625 2357 1973 2410 persequere-

409 2411 504 2481 ris,
540 2412 788 2479 imposui,
820 2427 918 2465 nec.
950 2423 1005 2464 ut
1037 2422 1291 2481 tauquam
1338 2422 1548 2480 emptor
1590 2414 1853 2481 mancipio
1884 2416 1975 2465 do-

411 2480 731 2551 minarcris:
778 2482 867 2536 sed
901 2492 958 2534 ut
1002 2480 1184 2536 revera
1220 2482 1355 2551 patri
1398 2485 1535 2535 lilius
1564 2484 1972 2550 compatereris,

409 2549 565 2620 elegi.
615 2552 679 2605 Et
707 2563 823 2622 post
865 2551 1163 2621 hujusmoJi
1204 2549 1385 2615 multa,
1420 2549 1801 2622 propemodum
1831 2570 1977 2605 com-

411 2632 606 2685 motus,
668 2621 908 2689 adjecit:
970 2622 1130 2685 Esne,
1184 2639 1383 2690 qureso,
1423 2621 1582 2676 mens
1649 2624 1977 2677 monachus?

412 2690 526 2763 Quo
576 2694 973 2761 reSpoudente:
1028 2692 1177 2758 Sum,
1210 2704 1466 2763 tuumque
1514 2710 1596 2747 me
1648 2711 1749 2745 non
1810 2697 1978 2761 magis

412 2759 623 2834 fuisse,
655 2759 813 2831 quam
864 2772 918 2815 et
973 2778 1111 2817 nunc
1164 2778 1299 2828 esse,
1354 2759 1627 2834 p'rohteor.
1673 2759 1977 2817 EtilleISi

413 2846 582 2903 gneus,
615 2833 808 2902 inquit,
838 2846 896 2885 es
938 2834 1253 2898 monachus,
1306 2833 1549 2903 protinus
1583 2836 1711 2887 cede
1762 2835 1893 2893 sedi,
1926 2842 1981 2887 et

412 2899 608 2974 locum,
663 2899 820 2971 q'uem
870 2913 993 2957 ante
1040 2899 1541 2974 noveram-repete.
1595 2905 1710 2969 Quo
1759 2903 1980 2957 Maiolus

414 2973 616 3035 audito,
650 2982 869 3040 repente
901 2976 1155 3035 surrexit,
1188 2973 1441 3028 humilem
1477 2975 1649 3027 locum
1687 2984 1839 3042 prout
1866 2976 1981 3040 jus-

413 3056 505 3096 sus
530 3042 725 3115 fuerat,
754 3045 1028 3112 expetivit.
1062 3044 1404 3098 Marcuardns
1428 3044 1770 3115 [Aymard'ts]
1803 3046 1982 3112 itaque

413 3113 564 3237 quasi
588 3114 913 3182 postliminio
936 3130 1203 3179 revi-rsas,
1225 3113 1509 3169 vacanteai
1530 3126 1753 3182 occupat
1773 3116 1975 3168 sedem.

456 3184 782 3237 ellerarium.
811 3186 895 3237 cui
923 3185 1097 3237 fuerat
1120 3186 1380 3237 infensus-
1408 3196 1646 3237 accusat.
1674 3201 1831 3237 ouem
1858 3200 1975 3237 mox

456 3184 782 3247 ellerarium,
811 3186 895 3238 cui
923 3185 1097 3240 fuerat
1120 3186 1380 3249 infensus,
1408 3196 1646 3245 accusat,
1674 3201 1831 3252 quem
1858 3200 1978 3238 mox

413 3263 570 3309 terrae
609 3264 935 3324 prostratum
990 3256 1176 3310 durius
1215 3257 1460 3325 corripit,
1493 3258 1816 3323 tandemque
1866 3270 1981 3325 tuo-

414 3326 537 3396 dutu
568 3325 930 3396 ptenitentiaz,
958 3326 1048 3393 qui
1098 3325 1197 3380 sibi
1230 3327 1546 3389 videbatur,
1581 3326 1829 3396 iujungit.
1862 3324 1988 3377 Per-

415 3393 856 3467 functusitaque
904 3406 1011 3467 tam
1057 3396 1197 3467 longi
1216 3398 1537 3467 tribunatus
1567 3393 1760 3455 ofﬁcio,
1796 3408 1989 3463 prasto

414 3465 819 3521 dethronizatus
874 3466 1080 3520 assistit
1125 3465 1401 3529 :Maiolo,
1459 3477 1517 3521 ut
1559 3468 1624 3520 ad
1696 3481 1845 3519 suam
1906 3480 1989 3518 se-

414 3536 782 3659 dﬁnLIedeat,
835 3537 1101 3608 praecipit.
1142 3536 1234 3592 llle
1260 3536 1543 3593 confestim
1596 3536 1670 3590 nil
1706 3544 1989 3591 cunctatus

414 3625 445 3659 o
484 3619 514 3659 e
555 3621 611 3659 ι.

414 3619 567 3659 υυεαι
576 3619 611 3659 ι.

1154 3697 1243 3753 ιν.

419 3806 710 3877 Sigebertus
759 3807 1048 3864 Monachus
1101 3808 1501 3953 (Eénﬁlacensts,
1542 3814 1609 3865 ad
1658 3829 1852 3867 annum
1886 3811 1988 3867 937

489 3986 633 4043 Obiit
681 3999 901 4045 sanctus
944 3987 1059 4045 Odo
1096 3990 1261 4045 abbas
1290 3988 1696 4049 Cluniacensis:
1749 3995 1990 4049 succedit

420 4058 480 4136 ei
525 4058 839 4136 A_demar_us.
885 4058 965 4136 Et
1002 4060 1069 4113 ad
1123 4077 1258 4136 ann.
1303 4061 1406 4136 ἔξιό
1443 4061 1630 4136 ’[9541
1690 4064 1990 4136 Ademarus

422 4128 853 4253 {Signiacensium
883 4130 1049 4188 abbas
1092 4131 1389 4187 substituit
1413 4128 1515 4188 sibi
1544 4128 1792 4191 abbatem
1825 4133 1990 4191 Maio-

442 4216 472 4252 ll
538 4238 551 4253 ο

442 4216 551 4253 um.

1177 4295 1243 4350 ν.

436 4402 728 4462 Vincentius
756 4405 1130 4463 Bellovncensis
1161 4409 1403 4535 libhgxw
1430 4408 1636 4480 Speculi
1667 4409 1990 4478 Historialis,

1076 4497 1188 4535 can.
1316 4522 1327 4533 .

1076 4497 1188 4549 cap.
1242 4497 1327 4535 οδ.

503 4585 670 4641 Porro
723 4596 911 4641 sancto
982 4585 1153 4643 Odoui
1220 4596 1479 4646 successit
1525 4594 1825 4647 Ademarus
1878 4572 2071 4649 siveD

428 4655 740 4711 lleimardus
764 4657 1127 4726 simplicitatis
1154 4670 1207 4713 et
1234 4661 1551 4716 innocentia:
1581 4663 1737 4717 ﬁlius.
1788 4662 1884 4717 Hic
1936 4666 1990 4719 in

426 4735 859 4801 augmentatione
886 4732 1231 4797 praediorum,
1262 4742 1314 4787 et
1346 4733 1699 4801 acquisitioue
1722 4735 1990 4789 commodi

431 4797 741 4873 temporalis
765 4797 867 4873 fuit
896 4801 1188 4873 studiosus,
1221 4802 1348 4873 etin
1381 4797 1720 4857 observantia
1754 4803 1990 4873 regulari

426 4868 1074 4943 devotus._At_iiissionern
1111 4870 1328 4943 luminis
1374 4873 1704 4941 temporalis,
1752 4868 1991 4943 et'quic-

425 4938 555 5006 quid
597 4937 698 4991 sibi
727 4939 1067 5014 adversitatis
1110 4942 1355 4996 accidere
1398 4937 1590 5014 possit,
1616 4944 1818 5014 absque
1841 4937 1994 5003 omni

427 5023 698 5065 murmure
723 5018 779 5065 et
800 5010 1165 5079 indignatione
1193 5010 1582 5083 patientissime
1606 5010 1744 5069 tulit.

1172 5125 1255 5180 Vl.

562 5230 858 5291 Chronicon
891 5234 1249 5293 Lemovicense
1286 5253 1382 5291 ms.
1411 5239 1479 5291 ad
1507 5254 1701 5293 annum
1724 5238 1843 5295 9M.

493 5349 604 5405 Sub
625 5353 725 5407 hoc
756 5361 862 5405 tem

869 5365 996 5420 pore
1134 5354 1249 5430 Odo
1278 5352 1440 5407 abbas
1471 5352 1829 5430 Cluniacensis
1864 5362 2013 5430 dor.

421 5423 574 5476 mivit
622 5423 672 5477 in
717 5421 959 5493 Christo,
986 5427 1073 5479 cui
1118 5428 1414 5479 Ademarns
1438 5428 1705 5490 successit,
1741 5428 1823 5494 qui
1856 5421 2012 5494 ριῖξη

2011 3218 2055 3278 C

2641 1930 2735 1966 nas
2802 1912 3062 1966 Octobris.
3438 1935 3469 1969 ο

2147 1999 2201 2071 ln
2253 2002 2501 2055 coenobio
2560 2001 2895 2055 Cluniacensi
2950 2002 3212 2069 depositio
3288 2002 3344 2055 S.
3402 2001 3655 2071 Aymardi

2076 2070 2307 2133 abbatis,
2356 2072 2645 2126 sanctitate
2686 2080 2739 2126 et
2784 2073 3168 2126 miraculorum
3200 2072 3370 2142 gloria
3408 2070 3654 2126 celebris.

2824 2161 2889 2214 Χ.

2479 2252 2771 2307 Chronicon
2837 2252 3199 2308 Cluniacense.

2149 2344 2447 2407 Avmardus
2477 2346 2701 2412 primus,
2741 2345 2905 2399 abbas
2937 2346 3125 2400 tertius
3147 2345 3656 2415 Cluniaco.cligitur

2079 2426 2220 2485 anno
2245 2416 2647 2485 nongentvsinm
2688 2416 3097 2485 quadragesimo
3139 2426 3351 2483 quarto.
3391 2414 3533 2469 Nam
3552 2416 3659 2469 fra-

2081 2483 2250 2554 tribus
2278 2501 2435 2550 super
2483 2484 2744 2538 Cil'CllOﬂC
2784 2483 2994 2539 abbatis
3034 2487 3313 2554 agentibus
3351 2485 3656 2551 concilium,

2082 2552 2220 2625 idem
2254 2555 2621 2625 sanctissimus
2652 2555 2953 2625 Aytnardus
2982 2571 3010 2608 a
3035 2552 3268 2609 Caviniis
3290 2571 3380 2609 sua
3408 2556 3661 2608 obedien-

2084 2621 2152 2672 lia
2190 2624 2421 2683 rediens,
2449 2640 2643 2692 equum
2688 2621 2849 2690 super
2891 2640 3049 2693 quem
3090 2628 3279 2679 sedere
3308 2634 3662 2679 consueverat

2082 2702 2210 2742 ante
2240 2710 2297 2745 se
2326 2694 2437 2759 ipse
2469 2695 2635 2761 pedes
2666 2696 2898 2762 piscibus
2924 2704 3172 2749 onustum
3206 2696 3407 2749 ducens
3433 2696 3661 2747 concilio

2081 2777 2265 2813 cntutu
2292 2764 2639 2827 ttiillllst'ellll‘,
2674 2766 2923 2819 oumibus
2964 2766 3313 2819 humilitatem
3345 2766 3461 2831 ejus
3494 2764 3661 2817 admi-

2085 2832 2341 2903 rantibus.
2409 2834 2591 2897 Itaque
2642 2836 2758 2903 ejus
2823 2836 3120 2889 humilitate
3178 2836 3454 2889 obtinente
3497 2835 3662 2889 abbas

2081 2900 2309 2967 obgilur,
2337 2912 2383 2953 et
2413 2906 2479 2954 ab
2506 2900 2734 2957 Ednonsi
2754 2906 3023 2972 episcopo,
3059 2906 3273 2959 nomine
3291 2904 3657 2971 Rothmundo,

2088 2983 2343 3035 t'egnanlc
2366 2972 2659 3035 Ludovico,
2679 2986 3048 3029 consecratur.

2156 3042 2253 3114 iste
2284 3044 2585 3114 Aymardus
2619 3045 2715 3097 fuit
2772 3042 2911 3098 ﬁlius
2968 3045 3386 3114 Engolismcnsis
3424 3045 3660 3107 comitis,

2085 3122 2141 3161 ut
2174 3106 2345 3162 refert
2380 3113 2676 3167 llic-bardus
2726 3115 2776 3167 in
2826 3131 2919 3168 sua
2974 3106 3259 3169 Clironica.
3307 3114 3406 3182 Qui
3439 3106 3661 3183 propter

2090 3197 2295 3231 morum
2332 3182 2685 3247 honestatem,
2710 3193 2762 3237 et
2808 3199 2956 3238 suam
2987 3185 3315 3240 nobilitatem
3349 3182 3665 3239 multismu-

2091 3252 2341 3304 nasteriis
2365 3253 2414 3303 in
2447 3255 2729 3320 Aquitania
2762 3254 2989 3320 praefuit.

2162 3320 2397 3391 Subisto
2438 3323 2706 3391 Aytnardo
2753 3320 2851 3377 fuit
2888 3324 3059 3379 lactus
3104 3326 3400 3380 monachus
3444 3334 3665 3381 sanctus

2090 3388 2313 3465 alaiolus
2354 3388 2687 3465 Matiscensis
2712 3395 3139 3465 archidiaconus,
3172 3394 3437 3449 nobilibus
3463 3411 3660 3465 paren-

2092 3461 2232 3514 tibus
2265 3462 2330 3515 ab
2355 3462 2576 3515 infantia
2621 3464 2869 3517 nobiliter
2908 3466 3196 3520 enutritus.

2162 3529 2494 3605 Venerabilis
2522 3534 2700 3603 itaque
2725 3546 2877 3603 pater
2905 3537 3205 3604 Aymardus
3233 3536 3333 3590 fuit
3357 3536 3667 3605 simplicita-

2091 3602 2160 3677 I_i_s
2188 3611 2243 3654 ct
2274 3602 2587 3657 innocentia:
2631 3602 2786 3659 ﬁlius.
2834 3605 2931 3660 llic
2955 3602 3011 3660 in
3058 3602 3494 3677 augmentatione
3520 3622 3664 3677 prte-

2089 3674 2316 3747 diorum,
2368 3681 2421 3725 et
2487 3676 2841 3747 acquisitione
2899 3674 3163 3731 commodi
3203 3674 3536 3747 temporalis
3560 3675 3662 3733 fuit

2089 3742 2407 3819 studiosus,
2469 3754 2523 3819 et
2584 3746 2635 3819 in
2700 3747 3042 3819 observantia
3110 3742 3341 3819 regulari
3419 3749 3664 3819 devotus.

2088 3813 2446 3888 Ausissiouem
2502 3814 2716 3888 luminis
2768 3817 3095 3887 temporalis,
3160 3813 3211 3873 ἐι
3256 3818 3512 3888 quidquid
3565 3818 3669 3874 sibi

2091 3884 2435 3958 adversitatis
2465 3885 2707 3942 accidere
2744 3884 2935 3955 potuit,
2976 3889 3177 3958 absque
3215 3884 3359 3943 omni
3389 3884 3665 3944 murmure

2091 3963 2145 4007 ct
2182 3954 2959 4037 indignati-onepotentissime
3006 3954 3141 4012 tulit.
3175 3958 3274 4037 Qui
3309 3958 3524 4037 tandem
3558 3968 3668 4037 tota

2092 4024 2334 4091 corporis
2365 4024 2673 4082 valetudine
2721 4030 3024 4092 destitutus,
3056 4038 3111 4083 et
3154 4024 3429 4085 oculorum
3465 4028 3667 4084 lumine

2090 4094 2350 4161 privatus,
2379 4096 2562 4151 habito
2619 4097 2847 4152 fratrum
2892 4099 3118 4154 concilio
3156 4115 3297 4154 anno
3335 4099 3439 4153 954
3468 4100 3520 4152 in
3550 4097 3670 4153 loco

2093 4180 2190 4219 suo
2216 4174 2463 4239 sanctum
2506 4166 2754 4239 Maiolum
2788 4169 3038 4223 instituit.
3064 4170 3166 4236 Qui
3207 4172 3258 4225 in
3285 4169 3520 4239 capitulo
3548 4169 3671 4224 exi-

2094 4235 2342 4310 stet_is,in
2394 4237 2514 4310 huic
2535 4237 2616 4291 vel
2670 4240 2863 4293 similia
2922 4235 3276 4310 prorumpens
3328 4235 3667 4310 v'erba,_ait.

2099 4323 2117 4355 ι
2162 4305 2238 4379 iis
2272 4308 2594 4379 magnanimi
2648 4310 2788 4379 regis
2817 4305 3039 4364 audacia
3090 4305 3337 4365 novimus
3386 4310 3437 4363 in
3471 4308 3671 4365 milites

2095 4375 2339 4448 spiritum
2367 4375 2734 4434 'fortitudinis'
2787 4382 3018 4434 derivari
3057 4399 3068 4432 :
3106 4381 3246 4435 sicut
3305 4380 3373 4434 ab
3419 4379 3665 4448 opposito

2096 4445 2415 4515 negligentia
2470 4450 2680 4503 remissi
2720 4451 2871 4505 ducis
2914 4450 3369 4505 commilitonibus
3429 4445 3671 4504 animum

2097 4516 2462 4590 dissolutionis
2491 4518 2735 4588 inspirat.
2791 4522 3027 4575 Adversa
3066 4522 3257 4590 capitis
3291 4519 3538 4573 valetudo
3562 4527 3673 4574 toto

2102 4586 2360 4660 redundat
2410 4589 2461 4643 in
2487 4586 2731 4659 corpore,
2757 4592 2894 4645 sicut
2920 4606 2983 4645 eo
3024 4586 3274 4645 incolumi
3300 4599 3670 4660 permanente,

2096 4659 2335 4731 membra
2360 4669 2504 4731 certa
2522 4658 2777 4731 sospitate
2798 4672 2851 4715 et
2871 4662 3066 4731 gaudio
3082 4658 3668 4729 penitus'hilarescunt.

2094 4726 2205 4802 Res
2235 4730 2433 4802 etenim
2460 4726 2836 4802 formidolosus
2858 4726 2913 4786 ἐι
2945 4726 3191 4802 pavidus,
3225 4731 3270 4786 si
3300 4740 3449 4800 terga
3476 4738 3672 4802 vertat,

2096 4798 2138 4851 si
2170 4799 2573 4873 fueritelapsus
2602 4802 2655 4857 in
2684 4801 2891 4873 fugam,
2915 4798 3155 4873 nunquid
3184 4817 3290 4856 non
3311 4798 3493 4873 statim
3524 4800 3675 4873 quis:

2094 4883 2198 4942 que
2234 4867 2561 4942 fortissimus
2588 4882 2642 4926 et
2670 4867 2841 4928 virilis
2872 4867 3105 4928 femineo
3153 4887 3351 4942 pavore
3397 4867 3677 4942 solvetur?

2096 4939 2224 5020 Quis
2279 4939 2332 4992 in
2364 4944 2537 5020 capite
2592 4942 2891 5020 molestiam
2924 4939 3223 5020 sustinens,
3271 4942 3407 5020 etin
3435 4940 3678 5020 membro

2104 5011 2313 5080 patiens
2349 5013 2649 5081 principali,
2682 5030 2787 5068 non
2817 5014 2958 5068 illico
2981 5016 3107 5069 totis
3138 5014 3303 5067 animi
3336 5022 3391 5069 et
3436 5011 3681 5081 corporis

2106 5079 2310 5135 viribus
2330 5079 2715 5165 elanguescat?
2740 5084 3008 5165 Quorsum
3040 5085 3235 5165 evadat
3259 5084 3455 5165 oratio,
3480 5079 3684 5165 perspi-

2107 5167 2265 5207 cuum
2292 5161 2393 5207 est.
2433 5151 2542 5221 Ego
2567 5154 2709 5209 enim
2746 5151 2898 5210 vobis
2949 5157 2999 5209 in
3028 5153 3237 5211 cmlesti
3297 5151 3487 5221 militia
3519 5151 3679 5221 duca-

2110 5232 2219 5277 tum
2246 5218 2588 5300 prieliens,_et
2614 5240 2762 5300 more
2794 5225 2988 5300 capitis
3020 5224 3115 5281 toti
3161 5222 3399 5300 humano
3432 5218 3687 5300 Ecclesize

2109 5296 2319 5370 corpori
2349 5294 2735 5370 providentiam
2774 5296 3036 5370 eghibens
3074 5297 3409 5367 generalem,
3451 5294 3601 5345 senio
3626 5298 3685 5370 et

2115 5366 2384 5423 debilitate
2420 5365 2715 5430 confectus,
2767 5366 2943 5422 cilicio
2981 5365 3103 5423 meo
3144 5378 3468 5436 responsum
3515 5365 3697 5436 operis

2117 5437 2367 5493 exhibere
2425 5451 2529 5490 non
2584 5451 2817 5492 DOSSltttt.
2872 5437 3122 5492 Processi
3188 5430 3261 5490 id.
3312 5440 3427 5490 dies
3477 5430 3691 5490 multos.
