4482 5524
854 443 957 498 703

1879 440 1937 495 S.
1981 439 2291 494 AYMARDI
2331 437 2619 495 ABBATIS
2655 438 2967 496 CLUNIAC.
3011 437 3071 493 Ill

3994 438 4097 493 7M

853 553 1003 609 Licet
1026 553 1091 608 si“.
1111 554 1333 625 animus
1357 567 1724 622 perseverans,
1748 565 1803 608 ct
1822 557 2042 625 spiritus
2070 557 2240 610 victor
2262 572 2429 608 anno-
2456 564 2504 620 Α
2537 567 2618 609 tus
2654 557 2984 621 loqueretur,
3015 566 3066 608 et
3091 553 3155 607 ad
3183 552 3298 625 ejus
3327 553 3530 608 vultum
3564 563 3617 606 et
3665 553 3825 625 verba
3852 552 4091 625 'circnm-

853 640 994 688 rum,
1027 624 1186 678 totius
1215 633 1393 678 tamen
1417 626 1656 693 corporis
1698 624 1903 679 ruinam
1957 641 2143 694 passus
2172 625 2428 681 excubias

850 694 1058 748 ordinis
1094 695 1367 748 celebrare
1396 711 1499 748 non
1533 709 1769 762 possum.
1803 696 2204 750 Providcatsibi
2229 699 2426 749 disi-rc-

853 764 929 834 tio
958 775 1134 818 vestra
1164 776 1454 834 pastorem,
1487 765 1575 834 qui
1599 767 1866 834 prmcedat
1899 781 1993 820 vos
2024 767 2074 819 in
2121 767 2202 818 via
2237 767 2349 822 I)ei.
2375 775 2429 819 ct

849 833 1015 887 veluti
1065 833 1308 888 columna
1360 833 1655 888 luminisiu
1685 847 1840 890 nocte
1886 837 2195 893 offensionis
2231 837 2428 903 dirigat

850 919 1070 974 gressus
1101 917 1327 960 vestros.
1359 905 1519 958 Navis
1543 906 1657 959 sine
1688 907 1889 976 remige
1915 907 2198 962 commissa
2231 914 2426 970 ventis,

847 989 955 1046 non
979 976 1263 1046 enavigare
1285 976 1350 1029 ad
1375 986 1609 1045 portum,
1639 979 1731 1030 scd
1767 977 1892 1030 illiili
1945 978 2196 1046 scopulis,
2226 987 2274 1030 ct
2312 992 2425 1029 iae-

848 1044 953 1114 diis
976 1044 1243 1114 insepeliri
1277 1044 1520 1101 fluctibus
1553 1049 1848 1101 consuevit.
1886 1044 2186 1101 Castrensis
2217 1048 2417 1101 militia:

848 1113 1156 1181 multitudo,
1189 1117 1291 1170 nisi
1337 1117 1488 1172 ducis
1513 1115 1717 1182 legibus
1768 1118 2105 1173 informelur.
2139 1119 2421 1185 praesentia

848 1186 1144 1250 muniatur,
1199 1187 1443 1241 ﬁrmetur
1489 1187 1709 1249 auxilio,
1769 1204 1933 1241 srcvas
1977 1187 2420 1242 cimuufremeu-

850 1254 980 1306 tium
1011 1257 1240 1310 hostium
1286 1273 1476 1311 manus
1512 1257 1776 1312 incurrit:
1813 1258 2048 1312 Ecclesia
2092 1258 2303 1310 viduata
2338 1274 2421 1310 rc-

847 1332 1018 1395 ctore,
1051 1330 1176 1379 dum
1201 1343 1304 1382 non
1330 1327 1484 1381 habet
1518 1328 1727 1380 oculum
1753 1329 2116 1395 providentur},
2140 1345 2246 1395 quo
2274 1343 2427 1395 rega-

847 1343 1018 1386 c:ore,
1051 1343 1176 1379 num
1201 1343 1304 1382 non
1331 1343 1484 1381 habet
1518 1343 1727 1380 ocutnm
1793 1343 2116 1387 rovutcntue,
2140 1345 2246 1395 quo
2274 1343 2427 1395 rega-

847 1393 1192 1466 tur,fovcam
1232 1398 1668 1466 praecipitationis
1711 1343 1950 1452 oﬁendit.
2000 1417 2018 1449 ι
2058 1400 2189 1452 Cum
2231 1399 2342 1452 lucc
2374 1407 2428 1450 et

847 1464 1041 1519 similia
1069 1464 1405 1523 venerabilis
1421 1483 1584 1523 senex
1621 1469 1923 1539 Aymardus
1954 1469 2006 1522 in
2035 1469 2235 1522 virtute
2269 1468 2429 1538 Spiri-

861 1649 3744 1683 Μ*

2509 907 2736 959 arbitrii
2779 906 3104 969 libertatem,
3135 907 3199 958 de
3224 904 3428 957 [Domini
3459 903 3822 957 misericordia
3850 905 3934 970 pic

2531 627 2830 680 sedentium
2852 635 3057 678 mentes
3072 635 3124 677 et
3144 623 3280 677 oculi
3301 633 3632 692 raperentur.
3648 622 3872 690 adjecit:
3905 642 3920 672 ι
3939 623 4096 676 Vobis

2529 698 2742 762 quidem
2776 695 3034 749 incumbit
3075 694 3284 755 electio,
3322 704 3376 746 ct
3403 703 3636 748 vestrmn
3666 705 3780 746 erat
3827 694 4096 746 communi

2533 767 2864 836 providentia
2891 765 3192 836 praefecisse
3222 773 3543 836 pastorem.
3587 762 3688 817 Sed
3741 762 3993 836 quoniam
4042 762 4093 836 in

2532 831 2727 889 nostrae
2760 831 3103 890 discretionis
3140 831 3342 902 judicio
3385 833 3546 888 vestri
3590 831 3803 902 quoque
3848 831 4097 902 posuistis

4000 916 4100 954 rm.

2530 990 2768 1039 sumens,
2806 977 2989 1029 hortor
3015 985 3178 1043 atque
3227 989 3543 1028 ronuuonco
3584 983 3640 1026 ut
3685 973 3898 1043 fratrem
3925 972 4100 1043 Maio.

2527 1045 2634 1099 lum
2667 1047 2716 1100 in
2739 1046 3035 1100 custodiam
3069 1041 3245 1115 gregis
3277 1045 3482 1097 Domini
3533 1041 3865 1115 substituatis
3886 1041 4101 1115 vigilem

2530 1126 2585 1169 ct
2615 1129 2895 1169 rei-torem.
2937 1136 2952 1164 ι
2988 1110 3104 1182 Quo
3135 1110 3276 1168 facto
3303 1116 3473 1183 ipsmu
3497 1113 3564 1166 ab
3593 1112 3856 1183 episcopo,
3877 1110 4088 1183 Gabilo-

2533 1187 2682 1240 Itcnsi
2714 1188 2926 1239 iuuniuc
2957 1181 3262 1240 llohlcbado
3287 1181 3524 1237 ordinari
3565 1181 3790 1248 rogavit.
3824 1182 3884 1234 Et
3910 1181 4101 1234 deinde

2533 1267 2654 1336 post
2675 1257 3088 1336 resignatioucm
3112 1257 3257 1336 vixit
3273 1255 3536 1336 gloriosus
3587 1251 3885 1336 Maia-[dus
3909 1265 4100 1336 novem

2533 1319 2688 1379 annis
2714 1327 2762 1379 in
2784 1319 3074 1390 ἶζΙιηιίίὶςο,
3125 1337 3177 1380 ct
3227 1319 3295 1378 ibi
3323 1325 3454 1378 Obiit
3499 1319 3648 1376 {Innov
3685 1322 3809 1383 953,
3837 1336 3892 1374 III
3924 1319 4100 1373 Nonas

2539 1397 3024 1466 Octob..jacetquc
3094 1397 3145 1449 in
3185 1395 3436 1466 praedicta
3493 1393 3659 1448 veteri
3687 1391 3914 1446 ceclcsia
3981 1399 4100 1444 ctro

2535 1468 2704 1520 altare
2737 1469 2904 1521 beatae
2927 1467 3124 1520 Maria).

3745 1641 4096 1675 Μ

1642 1807 2306 1920 εΔΝατι
2381 1803 3276 1916 ΔῨΜΔΒΙΠ

1880 2036 3049 2152 CHARTULARIUM.

1403 2269 1579 2341 (Apud
1606 2268 1669 2323 D.
1703 2262 1946 2327 Marrier,
1989 2259 2310 2320 Bibliotheca
2341 2256 2724 2323 Cluniacensis,
2757 2270 2818 2311 cs
2848 2256 3128 2311 chartario
3155 2254 3518 2310 Cluniacensi.

1611 2569 1653 2625 Ι.

844 2657 1184 2730 Privitegium
1226 2657 1406 2713 damni
1458 2658 1680 2728 Agapeti
1706 2676 1855 2731 papa:
1896 2662 2089 2714 domno
2138 2658 2407 2728 Aymardo

1467 2746 1792 2784 concessum.

840 2823 1020 2894 (Vide
1084 2825 1229 2880 inter
1276 2822 1536 2894 epistolas
1609 2833 1665 2878 et
1732 2823 2015 2895 privilegia
2071 2822 2300 2894 Agapcti
2363 2821 2427 2887 Il,

1014 2920 1172 2989 hujus
1201 2929 1403 2974 nostra;
1428 2919 1750 2989 Patrologia:
1780 2929 1912 2974 tom.
1945 2917 2254 2985 CXXXIII.)

837 3123 1167 3195 Praeceptum
1239 3125 1493 3197 Ludovici
1556 3131 1692 3197 regis
1740 3127 2075 3184 Francorum
2139 3131 2201 3182 de
2247 3137 2428 3182 sancto

1089 3201 1092 3203 ’
1175 3204 1198 3222 “
1316 3195 1526 3252 Joanne
1556 3195 1953 3254 Matisconensi.

1405 3288 1590 3359 (Anno
1621 3288 1773 3360 946.)

903 3397 962 3452 In
991 3411 1211 3452 nomine
1257 3396 1473 3452 Domini
1512 3397 1609 3453 Dei
1648 3407 1702 3454 et
1739 3398 2040 3454 Salvatoris
2085 3399 2260 3453 nostri
2298 3397 2428 3453 Jesu

833 3488 1077 3557 Christi,
1135 3489 1443 3547 Lunovtcﬂs
1499 3489 1682 3544 divina
1740 3491 2030 3546 ordinante
2087 3489 2428 3561 providentia

835 3597 950 3636 rex.

907 3675 963 3730 Si
999 3676 1144 3731 enim
1177 3676 1431 3747 precibus
1465 3689 1747 3731 servorum
1779 3674 1907 3741 Dei,
1959 3688 2058 3746 pro
2098 3679 2301 3728 sancta:
2331 3671 2428 3727 Dei

835 3767 1113 3831 Ecclesiae,
1140 3777 1195 3822 et
1215 3782 1404 3822 eorum
1430 3765 1753 3820 utilitatibus
1783 3779 2066 3820 assensum
2094 3765 2424 3832 praebemus,

836 3859 1072 3929 regalem
1108 3859 1296 3928 procul
1321 3857 1485 3913 dubio
1515 3871 1836 3912 exercemus
1866 3856 2207 3926 dignitatem,
2237 3862 2293 3908 et
2325 3853 2429 3908 hoc

835 3951 1188 4020 imposterum
1223 3949 1348 4018 jure
1386 3948 1700 4004 ﬁrmissimo
1739 3961 2054 4002 mansurum
2107 3961 2229 4000 esse
2276 3944 2424 4000 volu-

833 4057 977 4098 mus.
1006 4040 1210 4096 Idcirco
1238 4042 1449 4096 noverit
1497 4040 1738 4095 omnium
1789 4049 1990 4093 sancta:
2023 4038 2118 4092 Dei
2157 4036 2427 4092 Ecclesia:

834 4131 1070 4187 ﬁdelium
1102 4140 1155 4186 et
1183 4141 1516 4196 nostrorum,
1543 4132 1891 4201 praesentium
1928 4130 2141 4185 scilicet
2166 4144 2230 4184 ac
2279 4127 2425 4182 futu-

833 4240 1016 4280 rorum
1067 4225 1374 4290 industria,
1415 4226 1540 4295 quia
1594 4225 1846 4280 adierunt
1895 4224 2066 4280 nostri
2111 4223 2384 4294 principes
2411 4265 2425 4289 ,

834 4315 988 4385 llugo
1031 4313 1282 4369 videlicet
1323 4316 1429 4370 dux
1459 4314 1818 4380 Francorum,
1851 4325 1907 4369 et
1949 4313 2091 4370 alter
2131 4312 2285 4384 Hugo
2321 4313 2430 4367 dux

833 4405 1303 4474 Burgundionum,
1340 4421 1550 4460 necnon
1582 4415 1637 4461 et
1660 4406 1916 4462 Lctaldus
1945 4420 2149 4470 comes,
2184 4414 2428 4459 nostram

833 4495 1036 4565 regiam
1095 4496 1447 4552 serenitatem
1527 4499 1919 4568 deprecantes,
1980 4507 2252 4568 quatenus
2306 4496 2431 4552 Clu-

833 4587 990 4642 niaco
1021 4589 1352 4645 monasterio
1392 4590 1446 4644 in
1496 4591 1702 4646 honore
1739 4595 2020 4647 beatorum
2058 4592 2432 4662 apostolorum

834 4678 980 4735 Petri
1013 4688 1067 4736 et
1109 4679 1260 4736 Pauli
1305 4694 1646 4749 consecrato,
1679 4685 1940 4754 quasdam
1989 4701 2078 4739 res
2106 4687 2435 4741 concedere—

833 4788 956 4828 mus
1001 4789 1098 4844 per
1144 4775 1322 4846 regale
1359 4787 1709 4848 prmeeptum,
1754 4777 2042 4832 ecclesiam
2075 4777 2327 4833 videlicet
2378 4778 2432 4832 in

832 4865 1042 4922 honore
1072 4868 1245 4921 sancti
1275 4866 1500 4922 Joannis
1524 4869 1834 4922 dedicatam
1867 4869 1924 4922 in
1973 4868 2234 4924 suburbio
2280 4869 2431 4922 Mati-

831 4959 1082 5015 sconensi
1128 4959 1406 5024 situatam,
1445 4975 1567 5024 cum
1601 4961 1854 5015 omnibus
1895 4961 2056 5016 rebus
2084 4961 2149 5014 ad
2185 4962 2432 5015 eamdem

831 5050 1119 5106 ecclesiam
1158 5051 1578 5121 pertinentibus,
1612 5053 1795 5106 villam
1832 5053 1998 5107 etiam
2037 5053 2174 5122 ejus,
2209 5051 2430 5116 Hosam,

837 5140 1118 5206 Malorem,
1177 5142 1501 5206 Exboscum,
1567 5152 1622 5196 et
1673 5143 1854 5198 villam
1921 5142 2254 5198 Senosanam
2310 5159 2433 5197 cum

2460 2544 2750 2636 Bcunque
2790 2565 3084 2636 dispersrs,
3145 2570 3372 2631 excepto
3422 2561 3578 2617 tertio
3623 2571 3799 2618 tractu
3849 2563 3912 2617 de
3953 2560 4114 2628 Hosa,

2535 2659 2676 2727 quod
2705 2658 2937 2726 pertinet
2968 2657 3034 2711 ad
3064 2656 3121 2709 S.
3163 2656 3521 2710 Vincentium.
3951 2657 4119 2709 etiam

2536 2751 2601 2804 de
2631 2750 2896 2806 Davaiaco
2921 2766 3043 2805 cum
3069 2764 3238 2804 uxore
3274 2764 3390 2814 sua,
3437 2749 3561 2803 ﬁliis
3604 2759 3660 2803 et
3708 2747 3921 2802 ﬁliabus
3946 2789 3959 2813 ,
3994 2765 4118 2802 cum

2537 2843 2805 2897 universis
2850 2842 3040 2897 alodiis
3081 2850 3135 2896 et
3185 2841 3345 2896 rebus
3391 2842 3525 2907 suis,
3558 2852 3615 2896 et
3667 2843 3847 2896 omnia
3897 2857 4015 2910 qum
4064 2842 4119 2895 iu

2536 2935 2678 2988 dicto
2703 2935 2960 2988 comitatu
2994 2941 3181 2988 tenet:
3211 2934 3350 3003 quod
3405 2943 3510 2987 tam
3552 2948 3650 3002 pro
3699 2949 3881 2987 amore
3935 2934 4120 2985 beato-

2535 3041 2651 3078 rum
2679 3023 3045 3094 apostolorum
3078 3023 3222 3079 Petri
3259 3034 3314 3078 et
3357 3023 3531 3088 Pauli,
3584 3038 3743 3092 quam
3797 3023 3960 3075 etiam
4015 3038 4116 3090 pro

2535 3129 2674 3173 statu
2708 3120 2855 3190 regni
2897 3121 3068 3174 nostri
3111 3121 3269 3173 simul
3309 3131 3362 3174 et
3394 3119 3705 3189 Principum
3763 3128 4116 3180 nostrorum,

2533 3228 2597 3267 ac
2634 3213 2873 3266 omnium
2915 3213 3154 3267 ﬁdelium
3181 3213 3618 3268 Christianorum
3655 3212 3831 3268 salute
3873 3211 4123 3263 volunta-

2534 3307 2612 3360 rie
2642 3306 2888 3372 fecimus,
2922 3323 3221 3378 eorumque
3246 3310 3345 3378 piae
3370 3318 3423 3363 et
3446 3309 3652 3365 devota:
3678 3307 3923 3379 petitioni
3959 3307 4123 3360 liben-

2532 3404 2618 3450 ter
2657 3397 2966 3452 annuimus.
3001 3398 3383 3468 Prrecipientes
3410 3415 3539 3469 ergo
3581 3397 3852 3466 iubemus,
3879 3407 3936 3450 ut
3966 3397 4121 3450 deiu-

2534 3503 2660 3557 ceps
2687 3505 2786 3558 per
2804 3491 2942 3543 hanc
2972 3499 3212 3546 nostram
3244 3492 3622 3546 auctoritatem
3659 3491 3781 3560 jure
3803 3491 4120 3544 firmissimo

2531 3580 2772 3649 praedicti
2805 3581 3006 3637 Christi
3036 3591 3232 3648 testes,
3263 3583 3675 3665 beatusPetrus
3701 3594 3754 3638 et
3795 3581 4011 3646 Paulus,
4035 3580 4121 3636 vel

2534 3674 2701 3729 abbas
2755 3689 2982 3739 eorum,
3033 3691 3126 3730 seu
3178 3677 3428 3732 monachi
3476 3677 3679 3732 eisdem
3734 3676 3864 3746 ipsis
3915 3674 4120 3729 Christi

2534 3765 2790 3832 apostolis
2834 3765 3134 3821 servientes
3184 3776 3402 3822 teneant
3443 3777 3604 3837 atque
3665 3765 4015 3836 possideant,
4063 3773 4120 3819 et

2535 3856 2792 3926 quidquid
2826 3856 3022 3912 exinde
3047 3857 3226 3912 facere
3253 3857 3601 3926 veljudicare
3636 3855 4120 3919 volucriut,libero

2529 3963 2563 4000 n
2593 3949 2843 4003 omnibus
2884 3949 3230 4019 perfruantur
3275 3951 3500 4006 arbitrio
3556 3950 3791 4005 faciendi
3836 3948 4120 4019 quidquidi

2528 4038 2814 4107 elegerint.
2844 4039 2911 4094 Et
2942 4050 3002 4095 ut
3040 4042 3154 4096 haec
3182 4051 3366 4097 nostra
3415 4044 3712 4098 auctoritas
3761 4042 3969 4096 ﬁrmior
4017 4042 4117 4095 ha-

2525 4133 2737 4197 beatur,
2779 4143 2834 4187 et
2860 4140 2959 4204 per
2989 4133 3166 4190 futura
3209 4145 3452 4207 tempora
3498 4138 3691 4194 melius
3740 4145 4117 4201 conservetur,

2528 4222 2593 4278 de
2619 4224 2819 4279 annulo
2845 4236 3032 4282 nostro
3056 4227 3521 4296 subterjussimus
3549 4230 3796 4301 sigillari.

2602 4315 2827 4388 Signum
2859 4317 3119 4374 Ludovici
3145 4319 3326 4391 Regis.

2598 4408 2831 4481 Rorigus
2906 4411 3263 4468 cancellarius
3333 4413 3400 4468 ad
3459 4413 3634 4470 vicem
3694 4415 3898 4470 Acardi
3964 4428 4119 4470 reco-

2530 4501 2734 4572 gnovit.

2601 4591 2793 4647 Actum
2835 4593 3152 4664 Capriniaco
3191 4596 3316 4650 villa
3343 4596 3484 4660 Kal.,
3525 4595 3634 4653 Jul.
3668 4612 3812 4653 anno
3861 4613 3917 4653 χι
3958 4597 4115 4668 regni

2531 4684 2790 4741 Ludovici
2841 4687 3023 4756 regis,
3077 4687 3294 4757 quando
3337 4689 3502 4743 etiam
3548 4687 3839 4744 Franciam
3887 4702 4121 4759 recupe-

2533 4780 2691 4835 ravit.

3275 4875 3364 4932 ΠΙ.

2820 4969 3018 5023 Charta
3054 4968 3287 5039 ejusdem
3315 4969 3474 5040 regis,
3499 4969 3562 5023 de
3590 4967 3836 5024 Tusiaco.

3154 5062 3332 5132 (Anno
3355 5058 3504 5132 946.)

2608 5154 2665 5208 1η
2695 5153 2912 5208 nomine
2939 5162 3142 5208 sancta:
3169 5161 3223 5207 et
3271 5153 3561 5210 individua:
3591 5154 3872 5212 Trinitatis
3895 5197 3910 5223 ,
3941 5155 4122 5213 Lono-

835 5234 1018 5298 terris,
1044 5234 1240 5305 pratis,
1279 5233 1450 5299 silvis,
1478 5235 1636 5304 aquis
1664 5235 1981 5304 majoribus,
2031 5235 2158 5290 rivis
2209 5235 2430 5290 minori-
2460 5269 2510 5332 Β
2538 5262 2689 5301 Vicus
2721 5245 2900 5300 divina
2931 5246 3260 5316 propitiante
3287 5246 3574 5303 clementia
3617 5266 3731 5305 rex,

831 5327 955 5391 bus,
987 5326 1230 5389 vivariis,
1264 5327 1489 5397 stagnis,
1539 5325 1719 5392 fossis,
1752 5335 1808 5381 et
1838 5336 1994 5397 portu
2024 5328 2090 5382 de
2132 5343 2294 5396 supra
2317 5327 2430 5396 jam

833 5421 976 5476 dicta
1006 5419 1171 5486 Hosa,
1205 5429 1258 5474 et
1290 5420 1412 5474 aliis
1435 5420 1630 5491 portis,
1657 5435 1778 5475 cum
1801 5421 2042 5490 pascuis,
2082 5421 2338 5486 exitibus,
2377 5428 2432 5475 et

2605 5339 2662 5393 Si
2694 5339 2840 5393 enim
2872 5338 3122 5408 precibus
3169 5353 3451 5394 servorum
3503 5341 3593 5394 Dei
3636 5357 3734 5411 pro
3775 5349 3978 5396 sancta:
4023 5341 4123 5398 Dei

2534 5429 2791 5484 Ecclesiae
2822 5438 2986 5494 statu,
3017 5443 3227 5482 necnon
3257 5439 3311 5484 et
3343 5445 3532 5485 eorum
3559 5431 3901 5498 utilitatibus,
3936 5447 4124 5486 assen-
