4482 5524
408 404 512 460 705

1741 399 2307 457 ΕΙΙΛΙΠἙΙΛΙΗὉΜ.

3554 406 3661 461 706

410 515 764 572 illustrissimi
794 511 1063 584 principes
1101 512 1253 580 regni
1284 510 1451 564 nostri
1481 550 1495 573 ,
1534 509 1683 579 llugo
1731 511 1975 565 videliCet
2004 520 2054 573 Α
2083 530 2135 565 ιιι
2192 515 2393 565 honore
2447 520 2726 566 beatorum
2784 514 3147 582 apostolorum
3206 514 3349 569 Petri
3399 525 3452 571 et
3504 516 3655 571 Pauli

408 610 515 663 dux
545 607 899 668 Francorum,
928 612 983 657 et
1021 600 1155 656 alter
1182 600 1334 671 Hugo
1365 602 1469 655 dux
1514 601 1977 670 Burgundionum,

405 711 462 756 et
499 699 752 754 Letaldus
781 710 985 759 cernes,
1014 703 1211 749 nostra:
1263 692 1438 762 ltegire
1480 693 1788 747 serenitatis
1837 694 1982 744 adie-

408 801 536 847 runt
573 788 979 851 excellentiam,
1027 787 1379 854 deprecantes
1409 793 1676 852 quatenus
1725 784 1981 836 Ctuniaco

408 882 738 939 monasterio
770 880 822 934 in
862 880 1067 933 honore
1098 878 1376 932 beatorum
1411 875 1555 929 Petri
1588 884 1642 929 et
1672 875 1821 929 Pauli
1855 891 1979 945 apo-

403 972 670 1029 stolorum
695 978 1044 1031 consecrato,
1088 968 1360 1037 quandam
1407 966 1646 1019 villulam
1677 966 1741 1020 de
1778 967 1983 1021 ratione

406 1066 816 1122 vicccomitatus
836 1062 1210 1131 Lugdunensis
1237 1076 1330 1131 per
1355 1060 1532 1132 regale
1560 1062 1983 1117 concederemus

406 1164 751 1228 praeceptum.
784 1153 879 1208 Est
906 1167 1035 1207 vero
1070 1153 1182 1221 ipsa
1222 1152 1346 1206 villa
1374 1152 1477 1207 sita
1510 1152 1561 1206 itt
1606 1152 1795 1207 eodem
1846 1169 1983 1223 pago

406 1246 751 1318 Lugdunensi
781 1259 945 1315 super
980 1244 1196 1299 Ararim
1228 1241 1467 1307 ﬂuvium,
1492 1258 1791 1313 quamcum
1812 1246 1986 1299 omni-

407 1341 510 1395 bus
539 1339 700 1394 rebus
746 1337 814 1392 ad
856 1352 975 1392 eam
1013 1335 1411 1406 pertinentibus
1461 1335 1763 1401 douanms,
1812 1337 1982 1393 vineis

407 1432 615 1487 scilicet
637 1440 690 1486 et
720 1428 947 1499 campis,
978 1428 1160 1492 terris,
1187 1428 1379 1497 pratis,
1402 1426 1578 1490 silvis,
1616 1429 1790 1496 aquis,
1819 1445 1984 1499 aqua-

408 1538 638 1593 rumque
660 1520 980 1577 decursibus
1027 1518 1351 1590 majoribus,
1387 1528 1441 1573 et
1479 1519 1609 1572 rivis
1655 1519 1982 1583 minoribus,

408 1616 648 1680 vivariis,
682 1615 907 1687 stagnis,
941 1614 1101 1669 fossis
1125 1653 1139 1679 ,
1176 1624 1230 1667 et
1255 1622 1412 1683 portu
1441 1652 1455 1676 ,
1488 1628 1611 1665 cum
1655 1613 1892 1666 exitibus
1928 1622 1983 1667 et

410 1709 764 1779 regressibus,
788 1721 910 1762 cum
940 1705 1152 1776 pascuis
1183 1714 1234 1759 et
1265 1705 1513 1758 euntibus
1551 1703 1901 1771 adjacenliis,
1932 1713 1986 1758 et

403 1801 677 1856 universis
704 1798 1067 1870 piscatoribus
1108 1806 1162 1849 et
1204 1796 1542 1866 piscatoriis,
1592 1812 1687 1849 ceu
1736 1796 1987 1849 omnibus

2083 612 2421 665 consecrato,
2474 604 2743 672 quoddam
2802 607 3185 659 tuonasterium
3240 608 3291 660 in
3345 608 3547 662 honore
3603 608 3659 663 S.

2085 694 2340 764 Stephani
2386 707 2778 760 consecratum,
2825 699 2965 767 quod
3017 698 3425 768 cognominatur
3453 700 3663 753 Carita-

2082 800 2200 848 cus,
2228 796 2277 838 et
2316 785 2503 839 cellam
2531 787 2630 840 sibi
2661 788 3018 855 pertinentem
3058 787 3386 859 Itegniacuut
3421 790 3472 843 in
3506 806 3665 845 vene-

2084 877 2291 932 ratione
2336 879 2392 931 S.
2432 877 2645 933 Martini
2691 878 2993 933 dedicatam
3042 895 3138 949 per
3185 880 3365 950 regale
3408 882 3667 935 concede-

2086 983 2267 1023 remus
2331 978 2713 1039 prteceptum:
2774 968 3057 1024 ecclesiam
3120 972 3281 1025 etiam
3343 972 3405 1026 de
3460 973 3669 1026 ratione

2084 1062 2227 1115 bcati
2263 1061 2478 1117 Martini
2533 1061 2867 1117 Turonensis
2914 1065 3271 1132 pertinentem
3317 1066 3368 1119 itt
3414 1067 3670 1121 suburbio

2086 1151 2464 1207 Matiscoueusi
2516 1152 2694 1207 sitam.
2737 1152 2860 1207 Haec
2895 1168 3023 1207 vero
3066 1153 3180 1208 loca
3227 1157 3474 1225 superius
3504 1156 3669 1209 denu-

2087 1245 2287 1299 minata
2315 1245 2366 1298 in
2395 1260 2529 1315 pago
2552 1244 2935 1301 Matiscouensi
2955 1246 3055 1300 sita
3082 1262 3201 1301 cum
3229 1248 3476 1301 omnibus
3506 1250 3666 1303 rebus

2088 1334 2188 1388 sibi
2235 1334 2647 1404 pertinentibus,
2676 1336 2919 1392 ecclesiis
2955 1337 3227 1401 videlicet,
3260 1339 3424 1401 villis,
3466 1343 3667 1394 tuauei-

2090 1428 2191 1495 piis
2218 1429 2496 1497 utriusque
2528 1445 2707 1493 sexus,
2758 1430 2948 1493 vineis,
2987 1430 3215 1500 campis,
3267 1432 3455 1499 pratis,
3496 1432 3669 1493 silvis,

2091 1519 2266 1587 aquis,
2304 1535 2635 1587 aquarutnve
2676 1521 2994 1575 decursibus
3032 1538 3152 1576 cum
3191 1524 3336 1576 omni
3370 1524 3674 1594 integritate

2091 1611 2457 1665 concedimus.
2492 1612 2644 1678 Quod
2682 1622 2789 1666 tam
2820 1629 2915 1681 pro
2958 1614 3139 1669 divino
3170 1631 3373 1679 atuorc,
3408 1627 3461 1670 ct
3492 1618 3675 1673 beato-

2093 1717 2209 1754 rqu
2253 1702 2639 1771 apostolorum,
2684 1704 2767 1757 vel
2815 1720 2911 1773 pro
2962 1706 3137 1768 nobis,
3166 1721 3325 1774 quam
3382 1708 3545 1761 etiam
3579 1724 3677 1778 pro

2091 1804 2235 1848 statu
2264 1797 2414 1864 regni
2445 1796 2635 1859 nostri,
2664 1796 2913 1849 similiter
2939 1806 2991 1849 et
3020 1799 3317 1866 principum
3349 1809 3674 1865 nostrorum,

405 1892 579 1948 servis
608 1900 662 1947 et
686 1890 916 1955 ancillis,
951 1888 1036 1944 vel
1066 1888 1306 1951 colonis,
1336 1904 1456 1941 cum
1492 1886 1794 1940 infantibus
1853 1887 1986 1949 suis,
2020 1886 2066 1946 Β
2097 1894 2257 1951 atque
2286 1901 2381 1953 pro
2412 1886 2653 1938 omnium
2702 1885 2898 1939 Christi
2948 1886 3204 1953 ﬁdelium,
3252 1889 3551 1945 voluntarie
3600 1893 3678 1945 l'c-

406 1993 463 2038 et
494 1984 641 2039 omni
699 1983 985 2053 agnatione
1023 1995 1245 2042 eorum,
1298 1980 1584 2048 qucesitum
1618 1987 1673 2031 et
1714 1978 1988 2045 inquiren-

407 2075 558 2139 dum,
584 2081 755 2128 totum
783 2082 836 2127 et
866 2073 936 2127 ad
972 2073 1241 2142 integrum
1288 2071 1419 2125 cedo
1448 2078 1611 2138 atque
1667 2068 1990 2122 transfuudo

406 2184 505 2238 pro
548 2168 642 2223 Dei
678 2182 904 2231 amore,
961 2176 1017 2221 et
1071 2165 1351 2219 beatorum
1409 2161 1773 2233 apostolorum
1834 2159 1990 2228 ejus,

405 2276 505 2329 pro
528 2268 667 2313 statu
706 2270 760 2314 et
789 2258 1089 2313 Stabilitate
1119 2256 1269 2324 regni
1303 2255 1469 2309 nostri
1498 2296 1510 2317 ,
1562 2254 1719 2306 simul
1762 2263 1817 2306 et
1846 2252 1994 2321 prin~

405 2352 584 2419 eipum
651 2358 1001 2413 nostrorum,
1071 2356 1235 2416 atquc
1295 2346 1536 2399 omnium
1600 2344 1801 2397 Christi
1861 2342 1992 2395 ﬁde-

413 2442 589 2503 lium,
648 2442 893 2496 vivorum
957 2441 1168 2496 scilicet
1229 2454 1291 2492 ac
1357 2437 1731 2491 defunctorum
1799 2436 1992 2489 salute.

407 2530 786 2600 Praecipicntes
816 2546 946 2601 ergo
976 2530 1250 2600 iubemus,
1309 2537 1363 2581 ut
1418 2526 1675 2595 deinceps
1718 2542 1814 2595 per
1856 2528 1993 2581 banc

407 2633 607 2678 nostrae
658 2622 1003 2677 sublimitatis
1061 2620 1435 2676 auctoritatem
1488 2618 1609 2685 jttrc
1660 2618 1994 2683 ﬁrmissimo,

402 2714 648 2783 praedicti
681 2713 772 2767 Dci
806 2714 1037 2782 judiccs,
1071 2712 1213 2766 beati
1245 2711 1496 2764 videlicet
1535 2708 1727 2763 Petrus
1757 2719 1811 2763 et
1853 2708 1993 2761 l’au-

406 2805 511 2869 lus,
544 2804 625 2858 vel
656 2804 879 2859 abbates
917 2813 971 2859 et
1000 2814 1234 2857 rectores
1266 2803 1473 2871 prtefati
1514 2802 1741 2857 coenobii
1782 2817 1996 2868 eorum,

405 2910 501 2948 seu
531 2895 694 2949 etiam
728 2896 1040 2949 monasterii
1063 2894 1325 2962 ejusdem,
1352 2894 1553 2948 Chrisﬁ
1586 2893 1846 2961 apostolis
1874 2909 1996 2946 ser-

406 2987 866 3051 vientes,teneant
893 2996 1053 3056 atque
1076 2988 1408 3055 possideant,
1439 2995 1492 3040 et
1512 2985 1771 3055 quidquid
1799 2986 1997 3039 exinde

404 3080 588 3133 facere
621 3078 704 3133 vel
747 3078 994 3146 judicare
1023 3078 1313 3140 voluerint,
1363 3076 1585 3129 liberutn
1645 3076 1696 3129 iu
1746 3076 1997 3130 omnibus

406 3170 681 3238 potiantur
706 3169 992 3228 arbitrium
1023 3168 1305 3226 ordinandi
1354 3178 1407 3225 et
1452 3167 1687 3225 Extendi
1738 3167 1995 3239 quidqu’it‘l

404 3260 687 3339 elegerint.
722 3268 789 3320 Et.
826 3275 883 3320 ut
916 3276 1027 3321 haec
1079 3277 1278 3320 nostra:
1319 3265 1654 3319 celsitudinis
1700 3265 1996 3318 auctoritas
2022 3257 2069 3319 C

407 3363 614 3415 ﬁrmior
660 3362 945 3423 habeatur,
979 3368 1034 3412 ct
1086 3374 1179 3428 per
1228 3366 1451 3411 ventura
1510 3368 1747 3426 tempora
1804 3357 1995 3412 melius

405 3461 777 3518 conservetur,
806 3451 872 3506 de
898 3448 1098 3506 annulo
1136 3459 1321 3505 nostro
1364 3450 1550 3505 subter
1583 3448 1805 3519 sigillari
1833 3449 1990 3504 duxi-

405 3559 548 3599 mus.

838 3633 1061 3707 Signum
1101 3634 1359 3689 Ludovici
1402 3635 1563 3705 regis.

483 3743 747 3814 Bogerius
810 3744 1163 3800 cancellarius
1227 3747 1292 3800 ad
1350 3745 1522 3800 vicem
1575 3746 1772 3803 Acardi
1837 3762 1993 3805 reco-

412 3838 619 3911 gnovit.

476 3930 671 3983 Actum
696 3928 1017 3997 Capriniaco
1044 3929 1191 3994 villa,
1224 3928 1341 3984 Kal.
1374 3929 1519 3993 Julii,
1568 3946 1709 3985 anno
1747 3948 1797 3986 XI
1842 3934 1993 4003 regni

405 4019 662 4075 Ludovici
718 4020 884 4090 regis,
933 4022 1148 4089 quando
1200 4021 1363 4076 etiam
1414 4021 1699 4076 Franciam
1772 4038 1993 4092 recupe—

405 4112 568 4187 ragit.
627 4159 636 4177 ε

1146 4201 1237 4256 IV.

407 4291 740 4364 Praeceptum
779 4310 1015 4364 ejusaem
1050 4294 1182 4364 regis
1214 4292 1576 4364 deJCariloco,
1621 4305 1667 4349 et
1706 4313 1989 4364 ιιεεμιιηι,

476 4376 523 4418 et
554 4362 811 4435 Ecclesia
844 4365 976 4418 beati
1022 4362 1238 4417 Martini
1272 4362 1559 4419 Turonettsi
1586 4362 1893 4435 pertinente,
1925 4367 1979 4418 in

477 4434 720 4489 suburbt'o
752 4433 1125 4489 Matisconensi
1155 4436 1276 4489 sita.

1009 4528 1185 4599 (Anno
1220 4528 1370 4600 946.)

2094 1976 2287 2038 cimus,
2334 1992 2629 2045 eorumque
2681 1977 2781 2046 pia:
2820 1988 2874 2031 ct
2916 1979 3121 2032 devota:
3175 1982 3416 2048 petitioni
3450 1983 3679 2039 libenter

2093 2067 2401 2119 annuimus.
2453 2065 2837 2135 Prtecipieutes
2866 2084 2995 2138 ergo
3031 2068 3304 2136 jubemus,
3338 2081 3395 2125 ιιι
3426 2072 3678 2144 deinceps

2094 2156 2349 2224 praefatus
2401 2172 2486 2209 res
2530 2172 2624 2225 per
2671 2157 2811 2211 hanc
2854 2168 3096 2211 nostram
3151 2162 3525 2216 auctoritatem
3558 2164 3681 2231 jure

2093 2247 2422 2307 ﬁrmissimo,
2442 2247 2683 2314 praedicti
2713 2256 2877 2302 testes
2905 2248 3129 2311 Christi,
3155 2248 3348 2303 Petrus
3376 2260 3431 2304 et
3459 2251 3677 2320 Paulus,

2093 2337 2176 2389 vel
2206 2338 2371 2391 abbas
2403 2354 2612 2401 eorum,
2646 2352 2738 2391 seu
2783 2338 3031 2392 monachi
3078 2340 3279 2394 eisdem
3320 2340 3519 2396 Cltristi
3552 2360 3680 2412 apo-

2096 2429 2247 2483 stolis
2275 2431 2590 2494 scrvientes,
2628 2439 2845 2484 teneant
2870 2440 3027 2499 atque
3054 2432 3396 2500 poSsideaut;
3428 2446 3482 2487 et
3520 2436 3680 2503 quid-

2094 2520 2222 2589 quid
2264 2520 2453 2573 exinde
2497 2520 2673 2574 facere
2703 2521 2782 2575 vel
2811 2522 3052 2590 judicare
3081 2523 3382 2587 voluerint,
3416 2524 3584 2579 libero
3617 2527 3667 2580 itt

2096 2612 2345 2664 omnibus
2374 2610 2721 2679 perfruantur
2756 2612 2980 2666 arbitrio
3025 2612 3253 2668 faciendi
3284 2616 3542 2685 quidquid
3570 2617 3680 2673 cle-

2096 2704 2290 2775 get-int.
2332 2703 2397 2757 L't
2429 2715 2606 2758 autem
2635 2706 2747 2759 lucc
2776 2714 2973 2759 nostra:
3008 2707 3353 2761 sublimitatis
3384 2711 3683 2766 auctoritas

2098 2796 2301 2847 ﬁrmior
2334 2797 2611 2859 habeatur,
2647 2806 2700 2849 et
2732 2812 2825 2866 per
2853 2793 3031 2852 l'ittura
3060 2807 3300 2867 tempora
3328 2800 3519 2855 melius
3544 2816 3677 2856 cou-

2098 2894 2363 2951 scrvctur,
2402 2887 2467 2940 de
2503 2886 2703 2940 annulo
2725 2896 2912 2941 nostro
2937 2886 3402 2956 subtcrjussituus
3432 2890 3681 2961 sigillari.

2527 2978 2749 3048 Signum
2788 2977 3043 3032 Ludovici
3089 2978 3229 3047 regis

2168 3066 2399 3139 Rorigus
2475 3069 2829 3123 cancellarius
2909 3070 2976 3124 ad
3044 3069 3215 3125 vicem
3282 3072 3479 3129 Acardi
3532 3090 3685 3133 τερος

2099 3160 2309 3233 επονὴ.

2170 3255 2364 3307 Actum
2397 3254 2714 3323 Capriuiaco
2745 3255 2866 3308 villa
2913 3255 3031 3309 Kal.
3077 3255 3225 3322 Julii,
3254 3272 3398 3313 anno
3446 3275 3499 3314 χι
3531 3262 3683 3332 regni

2096 3345 2353 3401 Ludovici
2384 3348 2545 3411 retiis,
2574 3348 2790 3416 quando
2817 3349 2979 3402 etiam
3008 3348 3292 3405 Franciam
3322 3355 3681 3422 recuperavit.

2860 3461 2921 3516 V.

2094 3550 2424 3620 Prwceplum
2472 3554 2881 3692 ejusdenzAregis
2908 3553 3415 3691 rgiocpnﬁrmattoue
3442 3559 3667 3625 Aﬂ'redt'.

2767 3639 2871 3678 nuo
2957 3642 2989 3677 ο
3032 3664 3043 3677 .

2767 3639 2871 3678 ιιιιο
2921 3639 3043 3678 νου.

2165 3713 2220 3767 lu
2258 3715 2473 3769 nomine
2516 3724 2715 3770 saneta}
2743 3726 2797 3770 et
2845 3716 3133 3772 individua:
3173 3717 3475 3785 Trinitatis,
3506 3719 3680 3777 Luno-

2094 3820 2247 3860 vtcus
2297 3806 2478 3859 divina
2533 3805 2864 3876 propitiante
2919 3806 3289 3861 misericordia
3344 3807 3679 3866 Francorum

2094 3912 2187 3952 rex
2197 3937 2209 3951 .

2167 3988 2225 4042 Si
2255 3988 2449 4043 divinis
2477 3986 2710 4043 cultibus
2736 4003 2957 4057 operam
2999 3988 3209 4055 dantes,
3239 3990 3537 4047 Ecclcsmm
3583 3994 3682 4052 Dei

2094 4080 2161 4135 ad
2190 4094 2459 4133 smumum
2495 4093 2663 4133 sacra:
2695 4078 2969 4147 religionis
3007 4088 3207 4134 statum
3253 4082 3538 4139 sustollere
3584 4100 3681 4140 co-

2096 4188 2306 4237 namur,
2362 4173 2510 4243 regio
2566 4187 2738 4233 more,
2790 4187 2853 4227 ac
2904 4175 3311 4243 progenitorum
3369 4187 3680 4234 nostrorum

2092 4265 2389 4334 privilegiis
2433 4264 2734 4318 innitimur.
2769 4263 3034 4330 Quocirca
3074 4266 3314 4319 omnium
3344 4278 3545 4323 sancta:
3583 4269 3679 4325 Dei

2093 4357 2352 4411 Ecclesia:
2386 4365 2491 4409 tam
2519 4356 2891 4426 prmsentium,
2922 4372 3082 4425 quam
3110 4357 3414 4413 futurorum
3437 4360 3677 4417 ﬁdeliutn

2093 4449 2307 4503 noverit
2347 4447 2588 4513 solertia,
2623 4448 2877 4518 quoniam
2928 4457 3169 4505 nostram
3219 4450 3405 4506 adiens
3445 4467 3681 4522 przesett-

2093 4545 2223 4597 tiam
2254 4544 2559 4614 Stephanus
2589 4544 2955 4600 Arvernorum
2998 4546 3324 4603 venerabilis
3368 4549 3676 4623 episcopus,

475 4644 533 4699 In
562 4644 780 4699 nomine
809 4651 1008 4698 sancta:
1047 4651 1101 4698 et
1150 4643 1441 4698 individua:
1479 4643 1781 4708 Trinitatis,
1813 4643 1986 4700 Lvno-
2010 4614 2065 4674 Ῑ)
2096 4647 2406 4692 reverenter
2456 4636 2703 4706 expetiit,
2756 4646 3022 4707 quatenus
3074 4638 3337 4709 quasdam
3385 4657 3488 4705 res,
3543 4659 3678 4713 quas

404 4751 558 4792 vtcus
580 4735 760 4790 divina
788 4734 1117 4805 propitiante
1159 4735 1444 4790 clementia
1486 4733 1817 4789 Francorum
1864 4751 1981 4791 rex.

477 4826 532 4881 Si
562 4827 705 4882 enim
726 4826 978 4897 precibus
997 4840 1276 4881 servorum
1300 4825 1393 4880 Dei
1422 4840 1519 4897 pro
1541 4834 1741 4880 sancta:
1763 4825 1856 4882 Dei
1881 4827 1981 4883 Ec-

404 4921 583 4977 clesia:
609 4929 770 4984 statu,
802 4934 1013 4974 necnon
1043 4929 1097 4974 et
1128 4934 1313 4974 eorum
1355 4919 1675 4973 utilitatibus
1705 4934 1985 4975 assensum

402 5013 727 5085 praebemus,
756 5011 961 5082 regiam
1002 5010 1187 5079 procul
1215 5010 1377 5065 dubio
1403 5024 1784 5066 conservamus
1812 5010 1988 5085 digni-

406 5112 593 5167 tatem,
625 5114 677 5157 et
706 5103 808 5157 hoc
832 5102 885 5155 itt
910 5110 1180 5170 posterum
1203 5102 1326 5171 jure
1353 5099 1663 5154 ﬁrmissimo
1683 5112 1736 5154 et
1764 5101 1991 5159 inviola-

356 5238 363 5245 .
403 5197 499 5253 bili
522 5209 835 5250 mansurum
863 5194 978 5248 fore
1005 5195 1366 5250 decernimus.
1396 5193 1563 5265 Igitur
1591 5196 1825 5250 omnium
1866 5199 1988 5254 uni—

403 5287 629 5326 vorcnlic
656 5296 855 5326 cont-9m
882 5284 971 5326 Πρί
994 5286 1244 5326 Provinci!!!
1290 5294 1594 5326 nnclrnrnm
1618 5300 1722 5326 mm
1745 5285 1989 5326 ηιιριι...τι

2093 4728 2357 4784 Acfredus
2401 4729 2671 4798 quondam
2712 4742 2897 4784 comes
2945 4744 3009 4785 ex
3040 4746 3150 4787 suae
3177 4733 3527 4802 proprietatis
3555 4733 3679 4803 jure

2095 4824 2147 4878 in
2180 4838 2315 4894 pago
2344 4822 2697 4887 Arvernensi,
2739 4823 2808 4877 ob
2866 4824 3061 4878 anima:
3102 4839 3211 4879 suae
3254 4826 3575 4892 remedium,
3615 4844 3681 4884 ac

2095 4924 2378 4986 parentum
2427 4930 2671 4979 suorum,
2712 4914 2822 4970 Deo
2864 4924 2918 4969 et
2964 4917 3168 4972 sant-tis
3195 4916 3310 4986 ejus
3351 4919 3680 4986 contulerat,

2095 5025 2195 5080 pro
2245 5008 2429 5081 regula
2463 5007 2635 5062 sancti
2666 5006 2941 5062 Benedicti
2976 5009 3105 5063 inibi
3138 5008 3529 5074 construenda,
3559 5008 3683 5064 Clu-

2102 5103 2341 5157 niacensi
2382 5100 2712 5157 monasterio
2756 5116 2821 5155 ac
2844 5100 3026 5156 abbati
3055 5102 3247 5171 ipsius,
3285 5112 3484 5159 nostrae
3530 5118 3684 5173 rega-

2100 5193 2270 5252 litatis
2310 5203 2577 5270 prmcepto
2595 5193 2811 5249 easdem
2842 5208 2929 5249 res
2954 5196 3285 5253 conﬁrmare
3313 5199 3683 5269 dignaremur,

2104 5291 2243 5326 nnan
2269 5304 2319 5326 nl
2351 5292 2577 5326 fnnimnc
2620 5286 2772 5326 Ιῖηιιη
2802 5289 2903 5326 hnn
2933 5300 3135 5326 noun-vn
3166 5289 3469 5326 ηιιῖιιιιιῖηἷο
3498 5292 3660 5326 δοίη-η
