4482 5524
872 42 976 99 ῚΟἹ

1994 36 2053 93 S.
2089 36 2319 94 MAIOLI
2354 36 2646 93 ABBATIS
2682 36 2995 94 CLUNIAC.

4005 44 4110 102 708

870 157 1113 210 mentum
1138 162 1236 219 per
1263 146 1603 204 sucoedentia
1636 156 1935 218 temporum
1962 147 2234 202 curricula
2275 148 2441 202 invio-
2464 156 2517 216 Α
2611 148 2780 220 Odylo
2820 151 3063 206 notarius
3091 152 3158 207 ad
3188 151 3362 207 vicem
3387 151 3585 209 Altaldi
3612 154 4003 229 archiepiscopi
4028 172 4111 213 re-

871 244 1103 301 labiliter
1149 250 1536 306 conservetur,
1594 255 1756 294 manu
1809 239 2029 310 propria
2077 254 2201 293 eum
2249 242 2439 295 subtus

872 336 1169 399 ﬁrmantes,
1197 332 1378 388 annuli
1421 331 1776 402 impressione
1818 330 1992 386 nostri
2040 330 2439 403 insigniri'jus-

870 442 1169 590 8"gilgsuum
1194 514 1406 572 Domini
1440 512 1699 572 Ludovici
1727 511 2103 585 gloriosissimi
2127 512 2289 585 regis.

2547 239 2674 312 legit
2703 242 3110 296 ctsubnotavit.

2615 332 2808 385 Actum
2865 331 3100 387 Polliaco
3140 332 3264 387 villa
3311 348 3472 405 super
3518 332 3791 404 Ligerim,
3830 351 3887 391 tu
3932 335 4110 393 Nonas

2541 420 2703 477 Febr.
2728 422 2915 477 indict.
2938 438 2993 477 vt
3016 463 3032 490 ,
3061 438 3201 479 anno
3225 434 3403 478 autem
3442 440 3511 480 xv
3537 436 3798 496 regnante
3839 426 4109 485 Ludovico

2540 531 2667 589 rege
2703 517 2955 589 glorioso.

915 738 4092 771 W

1177 930 1607 1012 ELECTIO
1665 932 1743 1011 S.
1805 931 2177 1011 MAIOLI
2259 931 2369 1010 IN
2430 930 2900 1009 ABBATEM
2960 931 3747 1031 CLUNIACENSEM

1883 1126 2128 1192 Vivmte
2171 1126 2534 1207 Haymardo
2580 1126 2794 1190 itidem
2835 1127 3049 1193 abba"

2192 1306 2371 1378 (Anno
2392 1304 2589 1362 Christi
2616 1307 2764 1376 954.)

2309 1485 2634 1503 ——_

936 1614 1138 1672 Ordine
1166 1616 1361 1673 dmum
1401 1614 1821 1687 dispensationis
1855 1628 1979 1670 cum
2004 1614 2239 1685 primum
2266 1615 2438 1671 sacris

864 1709 1071 1783 legibus
1094 1727 1125 1766 a
1152 1710 1474 1782 patriarchis
1499 1722 1553 1766 et
1579 1711 1857 1780 prophetis
1878 1751 1893 1776 ,
1925 1720 2034 1765 tum
2059 1711 2220 1767 etiam
2252 1712 2439 1766 huma-

2542 1613 2681 1669 sicut
2706 1613 2828 1683 quis
2856 1613 3070 1685 indigne
3111 1615 3179 1670 ad
3224 1616 3462 1687 regimen
3496 1617 3740 1673 incautus
3774 1619 4115 1700 aspiratrlita

2544 1703 2591 1757 si
2620 1704 2742 1773 quis
2773 1704 2963 1773 dignus
3008 1705 3226 1777 refugit,
3259 1708 3450 1762 merito
3477 1711 3923 1781 constringendus
3952 1711 4118 1767 habe-

866 1804 952 1860 nis
980 1803 1289 1859 consulibus
1317 1812 1373 1859 et
1403 1803 1616 1873 regibus
1656 1811 1833 1859 motus
1858 1804 2173 1872 populorum
2207 1805 2439 1874 compri-
2467 1822 2516 1882 Β
2547 1796 2677 1866 tur),
2695 1796 2979 1851 concilium
2998 1800 3366 1869 episcoporum
3395 1809 3448 1854 et
3475 1801 3727 1856 abbatum
3751 1802 4113 1859 adhibuimus.

864 1903 1122 1962 meretur,
1154 1902 1274 1965 post
1301 1905 1542 1966 tempore
1580 1896 1845 1950 incarnati
1875 1897 2035 1951 Verbi
2074 1898 2225 1966 ignea
2257 1900 2439 1953 rhom-

863 1986 1014 2059 phaea
1042 1987 1097 2041 in
1132 1987 1273 2043 ostio
1302 1987 1536 2056 paradisi
1564 1988 1707 2042 fonte
1741 1987 1926 2042 lateris
1950 1986 2148 2042 Christi
2176 1990 2435 2055 extincta,

865 2089 924 2136 ut
961 2095 1183 2151 regnum
1221 2080 1315 2141 Dei
1361 2079 1648 2134 violentius
1694 2088 2012 2149 raperetur,
2058 2082 2220 2149 coepit
2265 2091 2438 2137 status

870 2173 1231 2229 Ecclesiarum
1260 2172 1328 2227 ab
1350 2172 1656 2243 apostolicis
1687 2172 1815 2227 viris
1845 2172 1948 2243 piis
1990 2174 2228 2228 moribus
2270 2174 2437 2230 infor-

864 2265 1023 2329 mari,
1050 2274 1105 2320 et
1130 2265 1344 2320 demum
1370 2279 1400 2319 a
1428 2265 1599 2320 sacris
1620 2264 1750 2319 viris
1778 2273 1832 2318 et
1858 2264 2139 2321 abbatibus
2169 2266 2223 2320 in
2251 2266 2436 2321 subdi-

868 2363 1043 2412 torum
1078 2356 1347 2411 mentibus
1390 2355 1652 2425 regularis
1685 2355 1817 2409 ordo
1843 2355 2076 2426 disponi,
2106 2364 2167 2411 ut
2195 2371 2437 2434 peream

865 2448 1207 2504 currentibus
1236 2445 1409 2502 facilis
1440 2446 1675 2502 caelestis
1718 2446 1907 2516 patriae
1948 2446 2221 2502 videretur
2247 2462 2435 2502 ascen-

864 2556 977 2600 sus.
1007 2539 1203 2612 Sicque
1230 2540 1291 2595 fit
1309 2581 1324 2606 ,
1365 2550 1425 2596 ut
1451 2548 1652 2612 quanto
1680 2541 1801 2610 quis
1826 2556 1922 2611 per
1947 2540 2191 2610 exempla
2220 2540 2439 2610 pictatis

860 2641 1088 2706 paterno
1115 2632 1261 2688 cultu
1304 2646 1362 2688 se
1401 2632 1467 2686 ad
1506 2632 1717 2688 excelsa
1746 2633 1960 2702 erigens
1998 2634 2345 2701 processerit.
2385 2640 2440 2688 et

862 2722 1091 2780 subditis
1129 2723 1195 2777 ad
1234 2720 1473 2778 cwlestia
1521 2722 1776 2791 sequendi
1824 2722 2078 2776 ducatum
2124 2722 2435 2793 przehuerit,

864 2823 1015 2870 tanto
1039 2830 1070 2868 a
1096 2821 1499 2869 remuneratore
1525 2812 1752 2868 Domino
1778 2814 2051 2885 multiplex
2084 2815 2348 2870 mercedis
2384 2823 2439 2870 et

863 2903 1136 2958 iiliationis
1164 2902 1320 2958 fenus
1349 2904 1629 2973 percipiet.
1676 2903 1743 2958 Et
1770 2905 2023 2973 quoniam
2076 2904 2140 2958 ad
2187 2906 2438 2974 praelatos

861 2997 1083 3065 respicit
1113 2997 1370 3065 quidquid
1395 3011 1425 3049 a
1453 2997 1685 3051 subditis
1732 2997 2083 3066 delinquitur,
2129 2997 2435 3067 exemplum

862 3101 1037 3155 prava:
1064 3086 1223 3150 vitaz,
1274 3094 1328 3140 et
1376 3085 1757 3157 negligentiam
1804 3085 2177 3152 subditorum,
2219 3096 2437 3142 senten-

860 3177 935 3231 tia
962 3177 1127 3231 divini
1171 3176 1437 3232 examinis
1464 3178 1601 3248 ignis
1635 3178 1893 3247 gehennae
1936 3178 2288 3234 inexhaustus
2316 3179 2434 3233 vin-
2463 3184 2509 3249 (ζ

860 3266 1023 3322 dicat.
1646 3292 1649 3295 -

930 3379 1267 3451 Quapropter
1302 3394 1404 3449 ego
1433 3380 1793 3452 Haymardus,
1825 3385 1996 3438 sancti
2036 3385 2182 3439 Petri
2221 3386 2437 3440 Clunia-

861 3473 1041 3528 censis
1077 3472 1307 3528 coenobii
1353 3473 1519 3529 abbas
1570 3474 1841 3546 indignus,
1877 3478 2234 3544 praesentibus
2276 3488 2437 3546 atque

861 3564 1059 3620 futuris
1085 3565 1333 3620 omnibus
1373 3568 1668 3637 generatim
1720 3576 1905 3623 notum
1950 3585 2069 3625 esse
2113 3571 2267 3634 volo,
2311 3572 2435 3641 quia

864 3660 980 3715 haec
1004 3657 1457 3726 et'hujuscemodi
1490 3670 1667 3715 mente
1706 3670 2063 3730 pertractans,
2097 3673 2256 3718 aetate
2287 3664 2435 3718 defa-

861 3754 1061 3826 tigatus
1091 3794 1107 3818 ,
1154 3751 1346 3809 ofﬁciis
1390 3770 1603 3825 quoque
1647 3758 1887 3825 corporis
1938 3757 2273 3822 imminutus,
2311 3761 2434 3813 dum

863 3848 1042 3903 minus
1067 3861 1154 3901 me
1182 3847 1438 3917 pastorali
1464 3864 1592 3903 cura
1625 3849 1874 3903 idoneum
1906 3852 2258 3919 persentisco,
2293 3853 2435 3906 beati

863 3938 1137 3995 Benedicti
1172 3939 1505 4009 capitulatim
1535 3936 1628 4012 ΗΠ,
1664 3941 1906 4014 capituli]
1957 3944 2020 3996 de
2060 3945 2438 3999 constituendo

862 4030 1056 4085 abbate
1098 4030 1459 4086 sollicitudine
1492 4034 1838 4100 praemonitus
1877 4032 2115 4102 (Regula:
2165 4050 2283 4102 cap.
2322 4034 2434 4106 64),

862 4135 983 4177 cum
1009 4121 1259 4177 omnibus
1290 4120 1547 4176 fratribus
1575 4124 1726 4186 meis,
1749 4123 1869 4178 ﬁliis
1892 4133 1946 4178 et
1967 4125 2268 4190 conservis,
2294 4125 2436 4181 beati

860 4212 1075 4282 quidem
1120 4212 1264 4268 Petri
1312 4213 1516 4283 pridem
1568 4214 1822 4270 clericum
1876 4216 2098 4271 fratrem
2153 4234 2216 4274 ac
2268 4218 2434 4274 lilium

861 4304 1138 4360 monachis
1166 4304 1422 4361 Maiolum
1461 4305 1765 4376 religiosum
1796 4307 2043 4378 eligimus
2086 4319 2137 4363 et
2185 4310 2434 4365 abbatem

861 4410 983 4451 esse
1016 4396 1384 4462 decernimus,
1425 4413 1493 4451 ne
1532 4396 1812 4452 insolentia
1862 4408 2060 4453 nostra:
2104 4400 2435 4455 inﬁrmitatis

2542 1894 2606 1949 Et
2636 1896 2779 1949 sicut
2805 1895 3161 1951 Cluniacense
3190 1898 3574 1951 monasterium
3622 1898 3846 1951 Domino
3892 1908 4115 1953 auctore

2541 2003 2569 2041 a
2606 1986 2888 2042 Cuillelmo
2933 1988 3065 2042 duce
3113 1988 3413 2052 fundatum,
3448 1989 3664 2042 nomine
3692 1989 3953 2059 principis
3985 2004 4116 2059 apo-

2540 2079 2801 2135 stolorum
2833 2088 3128 2142 sacratum,
3157 2081 3449 2151 privilegiis
3499 2081 3754 2135 “ornante
3800 2082 3943 2136 sedis
3982 2082 4114 2137 insi-

2540 2172 2768 2242 gnitum,
2796 2171 3062 2239 regalibus
3088 2173 3367 2241 praeceptis
3389 2172 3785 2239 confirmatum,
3810 2190 3841 2228 a
3868 2189 4116 2229 reveren-

2542 2265 2625 2320 dis
2677 2280 2892 2335 quoque
2944 2265 3226 2319 abbatibus
3271 2265 3466 2319 domno
3528 2264 3775 2321 Bernone
3825 2275 3880 2321 et
3930 2265 4119 2322 Odone

2540 2358 2845 2413 ordinatum
2887 2365 3121 2419 constat,
3154 2356 3227 2409 ita
3260 2371 3381 2411 cum
3412 2357 3659 2411 omnibus
3702 2358 3955 2423 abbatiis,
3987 2357 4119 2413 locis

2541 2457 2596 2502 et
2621 2446 2772 2502 cellis
2797 2446 2981 2500 ubiubi
3008 2461 3192 2500 eorum
3224 2444 3307 2500 vel
3333 2454 3516 2500 nostro
3547 2455 3787 2515 tempore
3814 2446 4118 2515 acquisitis,

2540 2540 2795 2610 praedicto
2833 2538 2986 2592 fratri
3017 2538 3371 2592 ordinandum
3403 2538 3681 2592 tradimus.
3717 2546 3877 2607 atque
3909 2546 4018 2590 tam
4050 2537 4121 2591 ad

2541 2631 2786 2685 ordinem
2819 2629 3142 2683 servandum
3175 2629 3466 2683 secundum
3495 2628 3712 2682 beatum
3745 2628 4117 2692 Benedictum,

2541 2732 2595 2777 et
2624 2722 2865 2778 instituta
2890 2720 3109 2777 Patrum
3151 2729 3494 2787 nostrorum,
3534 2735 3693 2791 quam
3724 2720 3789 2773 ad
3819 2734 3906 2774 res
3934 2719 4117 2788 dispo-

2541 2814 2746 2868 nendas
2771 2854 2785 2877 ,
2834 2813 2933 2867 sub
2976 2813 3123 2867 onmi
3174 2812 3505 2882 integritate,
3546 2810 3776 2881 propitia
3806 2809 4111 2874 divinitate,

2541 2905 2775 2959 vinculis
2820 2904 3138 2959 obedientia:
3183 2903 3529 2974 astringimus
3557 2910 3613 2957 et
3640 2901 3887 2956 abbatem
3918 2900 4118 2955 unani-

2542 2998 2703 3051 miter
2726 3011 2917 3052 omnes
2958 2996 3375 3065 proclamamus.

2612 3111 2779 3179 Hujus
2808 3126 2939 3165 vero
2966 3109 3242 3164 eleCtionis
3266 3117 3322 3163 et
3360 3105 3719 3162 ordinationis
3761 3104 3878 3175 ejus
3920 3103 4121 3160 seriem

2541 3218 2637 3274 per
2679 3203 3004 3266 consultum,
3052 3210 3113 3256 ut
3159 3201 3413 3266 diximus,
3463 3200 3759 3269 primatum
3794 3197 4027 3262 comitis,
4065 3204 4123 3252 et

2540 3297 2704 3350 etiam
2731 3295 2897 3349 nostri
2921 3303 2975 3348 et
3002 3294 3244 3349 advocati
3274 3292 3517 3347 Leotoldi
3540 3291 3732 3346 litteris
3754 3290 3956 3345 sanciri
3980 3304 4121 3359 prae-

2542 3389 2792 3457 cipimus,
2825 3396 2986 3457 atque
3016 3386 3334 3457 regulariter
3358 3384 3687 3439 celebratam
3718 3382 4119 3438 ordinationem

2542 3481 2595 3534 in
2624 3479 2824 3534 Christi
2856 3478 3070 3532 nomine
3097 3476 3558 3539 conﬁrmavimus,
3593 3489 3623 3528 a
3652 3472 3901 3527 Patrihus
3931 3480 3985 3525 et
4010 3469 4120 3525 fra-

2545 3573 2716 3626 tribus
2773 3572 2972 3625 nostris
3040 3571 3256 3638 scriptis
3302 3567 3609 3623 conﬁrmari
3657 3566 3859 3637 precati
3910 3561 4117 3620 sumus.

2541 3663 2674 3715 Acta
2702 3660 3038 3737 Cluniacensi
3069 3660 3315 3714 coenobio
3345 3656 3592 3711 feliciter.
3622 3657 3814 3710 Amen.

2612 3753 2723 3823 Ego
2768 3752 3104 3823 llaynmrdus
3152 3751 3319 3807 abbas
3366 3750 3491 3806 huic
3539 3749 3786 3805 electioui
3836 3760 4118 3803 assensum

2541 3846 2764 3914 przebui.

2619 3935 2966 4003 Maguboldus
3031 3943 3233 3989 sanctae
3298 3930 3633 3987 Matiscensis
3696 3928 3952 3985 Ecclesiae
3988 3926 4115 3998 ‘epi-

2543 4041 2758 4093 SCOpus.

2612 4116 2975 4172 Clrildcbodus
3018 4126 3272 4185 peccator
3308 4114 3423 4183 ipso
3445 4113 3688 4182 jubente.

2611 4209 2863 4264 Eilbadus
2892 4208 3175 4276 episcopus
3205 4215 3259 4261 et
3291 4205 3583 4259 monachus
3620 4202 3735 4274 ipso
3766 4199 4005 4268 iubente.

2611 4300 2927 4369 Rodulphus
2977 4299 3195 4353 humilis
3246 4299 3413 4351 abbas
3465 4296 3637 4351 sancti
3692 4292 3837 4349 Petri
3884 4288 4116 4346 Cavillo—

2542 4394 2741 4459 nensis.

860 4485 994 4541 ordo
1039 4489 1381 4554 deterescat,
1425 4498 1480 4544 et
1526 4490 1793 4560 repulsam
1844 4492 1895 4545 in
1946 4492 2125 4562 aliquo
2175 4495 2429 4563 patiatur,
2460 4521 2515 4581 ι)
2610 4485 2914 4539 Richardus
2947 4482 3165 4581 humilis
3193 4482 3377 4581 abbas.

860 4577 1086 4633 Domino
1115 4581 1346 4651 propitio
1372 4596 1583 4650 semper
1608 4584 1674 4637 ad
1703 4581 1925 4639 meliora
1953 4585 2352 4653 provehendus,
2382 4595 2438 4642 et

858 4679 931 4724 ne
957 4668 1208 4725 technam
1254 4670 1480 4737 alicujus
1524 4672 1892 4730 excusationis
1934 4676 2234 4745 pmtendat
2276 4678 2435 4746 (nam

2618 4577 2683 4630 Et
2713 4587 2918 4630 centum
2946 4575 3157 4639 triqinta
3197 4574 3300 4627 duo
3338 4571 3433 4626 alii
3463 4566 3703 4625 monachi
3741 4581 3858 4621 cum
3890 4563 3962 4619 eis
3991 4561 4117 4618 sub-

2543 4671 2770 4724 simam.
