4482 5524
811 388 911 446 711

1932 381 1991 437 S.
2034 380 2267 437 MAIOLI
2304 380 2591 436 ABBATIS
2630 380 2944 437 CLUNIAC.

3956 380 4063 435 712

812 511 869 556 et
899 499 1104 571 Syrone
1136 497 1415 567 cujusdam
1444 494 1761 551 monasterii
1792 494 2006 559 abbate,
2041 509 2141 565 per
2172 496 2396 549 aduota-
2421 497 2471 557 Α
2499 494 2778 549 commode
2819 494 2871 548 in
2908 493 3360 563 subsequentibus
3412 501 3647 548 utemur.
3705 494 3761 547 In
3808 498 3893 548 his
3938 504 4067 550 sunt

813 592 1012 646 tionem
1042 587 1223 642 fratris
1253 585 1478 640 Bosonis
1505 626 1518 649 ,
1567 586 1719 640 mine
1764 586 2124 654 simplicitatis
2152 594 2205 637 et
2239 586 2392 638 inno-

809 681 1000 737 centiae
1046 679 1334 740 monachi,
1386 677 1527 733 sicut
1574 691 1913 748 rogaveram,
1945 678 2072 731 dum
2118 676 2222 732 hoc
2252 691 2389 745 opus

808 776 1124 845 inciperem,
1158 771 1518 828 referentibus
1544 771 1756 840 agnovi.
1785 770 2024 825 Fuerunt
2052 778 2233 825 autem
2258 785 2392 839 prae-

810 867 937 922 dicti
971 865 1167 920 fratres
1194 864 1501 935 probabiles
1548 862 1689 928 viri,
1729 862 1899 932 patris
1929 861 2171 918 Odilonis
2200 862 2389 915 admo-

807 958 933 1011 dum
965 955 1392 1021 familiarissimi,
1417 962 1747 1010 seeretorum
1775 955 1939 1008 etiam
1970 952 2112 1007 illius
2140 953 2193 1007 in
2224 952 2389 1021 pluri-

803 1046 906 1103 bus
925 1048 1148 1113 conscii,
1174 1055 1229 1103 et
1255 1048 1467 1103 itineris
1485 1045 1571 1102 vel
1599 1046 1801 1102 laboris
1830 1061 1926 1116 per
1954 1045 2119 1101 multa
2146 1054 2388 1115 tempora

802 1139 956 1204 socii,
1006 1159 1024 1190 ι
1074 1148 1178 1194 etc.
1228 1138 1326 1192 Diu
1358 1153 1556 1208 auceps
1586 1136 1661 1192 fui
1708 1152 1833 1192 num
1866 1137 1918 1190 in
1948 1137 2043 1191 lib.
2076 1152 2115 1190 ιι
2161 1136 2228 1191 de
2264 1134 2385 1189 Vita

800 1230 973 1285 sancti
1020 1228 1195 1284 Maioli
1245 1244 1341 1300 per
1384 1227 1579 1300 Syrum
1612 1243 1731 1299 cap.
1774 1228 1867 1291 23,
1904 1227 1995 1282 ubi
2026 1228 2091 1282 de
2121 1227 2383 1281 reforma-

803 1319 950 1375 tione
978 1334 1145 1391 agens
1175 1318 1478 1374 Ticinensis
1506 1317 1821 1372 monasterii
1854 1317 1926 1371 ita
1965 1318 2127 1372 habet
2158 1358 2172 1383 ,
2214 1317 2386 1386 ibique

800 1426 951 1465 suum
992 1409 1250 1465 ordinavit
1287 1409 1524 1463 abbatem
1550 1449 1565 1476 ,
1610 1408 1894 1479 legendum
1937 1408 2007 1463 sit
2055 1406 2247 1479 Syrum
2287 1422 2385 1477 pro

798 1517 974 1556 suum.
1010 1499 1117 1554 Sed
1147 1500 1365 1554 obstant
1394 1514 1525 1554 mss.
1560 1498 1773 1554 codices
1809 1513 1930 1554 cum
1957 1497 2205 1569 vulgatis.

868 1589 922 1643 5.
960 1587 1056 1643 His
1077 1589 1415 1653 auctoribus,
1441 1588 1579 1659 Syro
1601 1588 1853 1644 videlicet
1876 1598 2039 1658 atque
2066 1588 2381 1655 Aldebaldo,

797 1679 1030 1736 accessit
1068 1678 1223 1735 Odilo
1271 1694 1462 1735 eorum
1506 1680 1674 1736 abbas
1724 1690 1961 1746 sanctus,
1994 1682 2083 1749 qui
2134 1696 2236 1735 non
2273 1693 2380 1735 tam

794 1787 993 1828 novum
1024 1771 1089 1826 de
1116 1771 1293 1826 Maioli
1327 1772 1447 1827 Vita
1481 1773 1950 1836 commentarium,
1984 1788 2143 1843 quam
2170 1774 2374 1827 oratio-

2494 585 2685 640 Petrus
2720 586 2961 640 Damiani
3012 586 3063 639 in
3112 585 3369 654 opusculo
3417 585 3522 651 53,
3574 583 3773 640 Glaber
3807 586 4067 641 Rodulfus

2491 676 2656 732 variis
2705 676 2756 729 in
2806 674 2973 737 locis,
3023 674 3337 729 Vincentius
3382 674 3775 729 Bellovacensis
3804 715 3819 739 ,
3875 674 4067 733 Petrus

2490 763 2773 833 Equilinus
2816 765 3100 835 episcopus
3146 765 3199 819 iu
3239 765 3331 819 lib.
3368 781 3438 829 IV,
3470 780 3590 835 cap.
3645 767 3783 830 155,
3829 766 4069 824 Joannes

2491 854 2821 912 Trithemius
2859 865 2914 911 et
2964 856 3204 927 plerique
3245 857 3661 927 chronographi.
3692 858 3747 912 lu
3772 859 4069 929 appendicc

2487 947 2833 1005 Bibliotheca:
2862 949 3228 1005 Ciuniaceusis
3250 956 3427 1005 exstat
3453 950 3615 1004 etiam
3644 950 3859 1006 brevior
3886 950 4065 1006 Maioli

2488 1037 2630 1104 Vita,
2655 1055 2774 1095 cum
2804 1039 2926 1109 Syri
2956 1039 3323 1095 lucubratione
3349 1041 3400 1093 in
3423 1041 3798 1108 compendium
3823 1041 4066 1098 redacta.

2486 1129 2603 1186 Jam
2636 1133 2701 1185 ad
2732 1131 2905 1185 Maioli
2942 1132 3082 1186 facta
3113 1133 3407 1186 veniamus.

2487 1244 2547 1301 ll.
2593 1246 2775 1299 Maioli
2822 1248 3021 1316 putria,
3073 1259 3332 1314 parentes,
3381 1248 3553 1300 studia
3595 1258 3641 1302 et
3697 1251 3800 1301 vita
3844 1249 4066 1303 canoni.

2557 1316 2728 1380 culis;
2778 1318 3247 1385 archiepiscopatus
3308 1316 3727 1372 Vesontionensis
3786 1318 3849 1371 ab
3895 1336 3954 1373 eo
3985 1335 4066 1372 re-

2556 1398 2787 1441 cusattts.

2555 1500 2606 1555 8.
2627 1500 2738 1555 Etsi
2753 1516 2873 1554 eum
2890 1501 3062 1569 patria
3079 1497 3493 1567 Provincialem,
3522 1502 3572 1556 id
3595 1512 3761 1559 estex
3780 1503 4063 1559 Provincia

2486 1590 2559 1661 (la
2616 1590 2895 1661 Provence)
2937 1600 3112 1646 ortum
3164 1592 3327 1647 fuisse
3370 1594 3578 1664 liquet,
3627 1610 3731 1649 non
3779 1604 3957 1651 tamen
3997 1596 4067 1652 de

2482 1684 2653 1755 ipsius
2688 1683 2851 1737 natali
2895 1684 3010 1738 solo
3042 1692 3295 1739 constans
3326 1694 3409 1741 est
3436 1696 3490 1741 et
3520 1688 3791 1741 unanimis
3820 1696 4063 1743 veterum

2485 1789 2549 1828 ac
2580 1776 2938 1830 recentiorum
2994 1791 3310 1830 consensus.
3363 1777 3671 1833 Valentiolze
3718 1778 4064 1851 (Valensolle)

794 1879 921 1921 nem
951 1863 1303 1919 laudatoriam
1351 1864 1685 1934 composuit,
1733 1864 1988 1918 lcetorem
2021 1864 2085 1918 ad
2122 1849 2259 1918 alios
2291 1880 2373 1918 re—
2403 1850 2449 1908 Β
2486 1865 2651 1938 [quod
2682 1867 2991 1937 oppidulum
3023 1868 3271 1922 dioecesis
3302 1869 3600 1939 Regiensis,
3630 1872 3807 1925 medio
3836 1849 4064 1940 Regium

794 1957 1016 2013 mittens
1063 1957 1394 2027 scriptores,
1442 1956 1531 2026 qui
1581 1958 1733 2026 prius
1764 1957 1829 2010 de
1880 1956 1969 2010 illo
2012 1965 2253 2026 egerant.
2302 1956 2377 2009 lta

794 2048 941 2105 enim
971 2048 1197 2119 legimus
1225 2048 1277 2102 in
1306 2062 1424 2117 cap.
1446 2047 1482 2100 2
1503 2047 1641 2116 apud
1666 2046 2041 2101 Bollandianos
2073 2064 2083 2098 :
2121 2066 2136 2097 ι
2165 2045 2377 2111 Quanta

791 2156 893 2214 per
923 2157 1045 2198 eum
1080 2141 1339 2197 Dominus
1388 2149 1445 2195 et
1494 2148 1620 2193 ante
1665 2148 1720 2193 et
1768 2149 1889 2209 post
1939 2140 2223 2205 transitum
2258 2137 2376 2205 ejus

795 2234 1084 2291 ostendere
1110 2234 1361 2305 dignatus
1387 2241 1471 2288 est
1500 2231 1777 2296 miracula,
1813 2241 2077 2286 testantur
2104 2231 2374 2286 volumina

793 2341 826 2382 a
856 2326 1182 2383 doctissimis
1204 2326 1335 2380 viris
1362 2325 1627 2389 ordinata,
1660 2339 1818 2379 sensu
1846 2325 2133 2389 catholico,
2165 2326 2375 2379 calamo

792 2419 1098 2489 conscripta
1150 2417 1445 2480 rhetorico,
1478 2424 1532 2470 et
1566 2417 1617 2469 in
1652 2416 1971 2484 quibusdam
2019 2414 2151 2469 locis
2202 2424 2373 2469 metro

790 2508 1002 2563 variata
1032 2507 1316 2579 dactylico.
1366 2526 1384 2559 ι
1429 2505 1691 2561 Libellum
1736 2520 1891 2559 suum
1945 2505 2097 2559 Odilo
2129 2504 2376 2559 inscribit

792 2598 1028 2670 Hugoni,
1058 2609 1245 2671 postea
1271 2598 1385 2669 ejus
1417 2597 1746 2658 successori,
1779 2604 1834 2650 et
1862 2596 2132 2649 Almanuo
2192 2611 2373 2649 niona-

791 2691 951 2755 chis,
1002 2690 1280 2761 praemissa
1310 2688 1557 2758 epistola,
1585 2703 1744 2758 quam
1796 2687 1849 2740 in
1894 2686 2011 2756 ejus
2062 2686 2245 2756 Elogio
2276 2686 2373 2740 ali-

790 2782 1008 2854 quando
1038 2782 1356 2836 referemus.

860 2871 915 2926 6.
957 2872 1269 2925 Postremus
1296 2870 1536 2924 omnium
1565 2868 1834 2939 Nalgodus
1864 2867 2237 2923 Cluniacensis
2265 2882 2373 2921 mo-

789 2964 1000 3020 nachus
1029 2962 1213 3017 itidem
1242 2964 1413 3017 sancti
1452 2960 1628 3015 Maioli
1663 2970 1813 3030 gesta
1851 2960 2123 3014 illustrare
2151 2975 2373 3030 aggres-

788 3070 883 3110 sus
922 3061 1023 3117 est,
1054 3052 1213 3108 Petro
1242 3051 1532 3107 venerabili
1564 3052 1786 3117 abbate;
1831 3066 1936 3121 quo
1985 3060 2223 3119 tempore
2250 3050 2373 3104 Vita

786 3148 962 3205 sancti
991 3143 1193 3201 Odouis
1220 3146 1287 3199 ab
1314 3145 1502 3199 eodem
1535 3142 1791 3213 expolita,
1823 3152 1879 3197 et
1907 3144 1959 3196 in
1992 3142 2369 3211 compendium

2483 1955 2657 2028 (Βία)
2705 1958 2844 2011 inter
2890 1967 2944 2011 et
2991 1958 3297 2014 Manoscam
3349 1960 3704 2032 (Manesque)
3754 1961 4063 2035 intervallo]

2480 2060 2666 2104 natum
2713 2053 3013 2106 communis
3049 2052 3152 2107 fert
3182 2053 3614 2110 Cluuiaccnsium
3658 2057 3899 2121 traditio,
3929 2072 4064 2126 prte-

2479 2151 2640 2197 eunte
2667 2142 2828 2195 Petro
2859 2143 2922 2195 de
2951 2142 3087 2196 Rivo
3112 2184 3125 2207 ,
3176 2144 3260 2197 cui
3294 2144 3575 2214 inscriptio
3602 2146 3847 2201 ecclesia:
3888 2146 4065 2201 sancti

2478 2226 2737 2287 Martialis
2764 2232 2900 2301 apud
2935 2233 3265 2288 Aveuionem
3297 2234 3553 2290 Cluniaco
3584 2236 3840 2306 subjecta:
3866 2236 4067 2306 astipu-

2477 2322 2640 2386 latur,
2670 2324 2735 2377 ab
2762 2323 3033 2378 llonorato
3059 2325 3310 2380 BOUCIICO
3338 2327 3505 2381 relata
3543 2328 3596 2382 in
3625 2328 4061 2399 chronographia

2476 2414 2777 2469 Provinciae
2806 2431 2926 2484 pag.
2956 2414 3082 2467 252.
3115 2414 3179 2468 Et
3201 2416 3416 2485 quidem
3436 2416 3611 2472 locum
3631 2419 3773 2472 lumc
3789 2433 3854 2472 ex
3884 2416 4061 2472 Maioli

2477 2505 2795 2559 hmreditate
2817 2504 2982 2559 fuisse
3004 2516 3245 2571 constat;
3278 2508 3369 2561 sed
3402 2523 3469 2561 an
3501 2509 3617 2577 ejus
3663 2509 3857 2564 natalis
3902 2508 4064 2563 fuerit

2478 2595 2656 2658 sedes,
2680 2596 2875 2648 merito
2897 2594 3143 2649 dubitare
3168 2595 3294 2651 licet
3318 2612 3383 2650 ex
3412 2597 3569 2668 Syro,
3598 2600 3685 2667 qui
3717 2598 3966 2653 Maiolum
3994 2615 4064 2655 ex

2476 2686 2874 2740 Avennicorum
2907 2686 3123 2755 oppido,
3166 2686 3217 2740 id
3244 2696 3325 2741 est
3356 2688 3712 2743 Avenionensi
3759 2688 4061 2759 (Avignon),

2483 2777 2747 2846 prodiisse
2765 2778 2944 2840 tradit.
2964 2779 3103 2846 quod
3130 2779 3347 2833 totidem
3371 2780 3551 2834 verbis
3575 2781 3626 2833 iu
3649 2781 3919 2834 communi
3937 2779 4062 2850 Syri

2478 2881 2531 2926 et
2554 2870 2833 2925 Aldebaldi
2869 2872 3160 2940 scriptione
3182 2871 3427 2941 legimus.
3454 2872 3507 2925 In
3532 2871 3635 2925 alia
3661 2871 3800 2935 Vita,
3827 2871 4062 2925 breviori

2476 2977 2595 3032 quae
2636 2970 2813 3016 exstat
2860 2962 2912 3015 iu
2959 2963 3251 3031 appendice
3288 2962 3632 3017 Bibliotheca:
3666 2960 4060 3028 Cluniacensis,

2476 3053 2857 3123 oppidanorum
2890 3054 3266 3105 Avennicorum
3301 3052 3545 3106 alumnus
3585 3052 3797 3107 dicitur.
3837 3050 4063 3107 Provin-

2476 3142 2615 3196 ciam
2647 3142 2821 3194 eidem
2854 3142 3084 3209 patriam
3120 3142 3309 3195 tribuit
3337 3141 3629 3211 Nalgodus,
3661 3145 3725 3197 de
3752 3142 3915 3197 natali
3944 3142 4064 3197 solo

785 3237 1003 3295 redacta
1031 3245 1136 3301 est,
1162 3235 1375 3306 qualem
1407 3236 1656 3306 superius
1682 3224 1785 3290 suo
1806 3235 1923 3289 loco
1954 3234 2251 3288 retulimus.
2292 3233 2367 3286 Ex
2399 3205 2444 3267 (ἶ
2477 3240 2651 3297 tacet;
2688 3240 2977 3300 utrumque
3012 3233 3255 3300 praeterit
3283 3205 3464 3287 Odilo:
3498 3205 3626 3287 Mihi
3670 3233 3855 3304 religio
3898 3232 4065 3288 fuerit

788 3332 875 3387 his
904 3330 1155 3386 omnibus
1186 3330 1369 3382 unam‘
1396 3326 1517 3399 Syri
1553 3327 1903 3397 scriptionem
1954 3327 2056 3380 huc
2103 3326 2370 3380 adducere

786 3424 961 3477 visum
988 3430 1090 3487 est,
1122 3420 1174 3474 in
1206 3420 1309 3475 hoc
1339 3419 1586 3489 Elogium
1616 3418 1919 3483 referendo,
1953 3419 1995 3472 si
2026 3433 2129 3487 qua
2158 3418 2224 3472 ab
2254 3417 2373 3472 aliis

787 3514 1100 3571 auctoribus
1129 3513 1419 3583 singularia
1449 3511 1591 3566 dicta
1623 3520 1769 3575 sunt,
1803 3512 2020 3565 omissis
2046 3510 2207 3564 etiam
2236 3510 2371 3565 duo-

786 3609 891 3665 bus
922 3606 1307 3662 miraculorum
1354 3603 1571 3668 libellis,
1600 3604 1651 3658 in
1683 3604 1880 3673 quibus
1908 3604 2230 3673 paucissima
2279 3604 2376 3656 ob-

787 3698 1094 3755 servatione
1125 3696 1281 3766 digna
1316 3702 1719 3759 memorantur;
1752 3704 1805 3749 et
1835 3710 1955 3764 qua:
1982 3693 2141 3749 facile
2164 3692 2370 3748 consuli

784 3797 1012 3861 possunt
1043 3788 1095 3842 in
1127 3786 1458 3842 Bibliotheca
1492 3785 1855 3849 Cluniacensi,
1898 3785 1949 3839 in
1979 3785 2132 3853 cujus
2164 3799 2371 3854 appen-

783 3882 901 3937 dice
930 3880 1046 3935 haec
1075 3878 1346 3950 leguntur,
1375 3888 1431 3933 et
1461 3879 1514 3932 in
1547 3877 1684 3932 Maio
1708 3876 2076 3933 Bollandiano.
2105 3876 2371 3932 Czeterum

781 3974 836 4029 lii
866 3974 973 4029 duo
1000 3971 1378 4027 Miraculorum
1407 3971 1603 4026 libriin
1633 3986 1733 4026 rus.
1763 3970 1949 4025 codice
1974 3969 2368 4032 Lemovicensi,

782 4077 847 4117 ex
877 4077 984 4132 quo
1028 4061 1151 4133 Syri
1180 4061 1611 4116 lucubrationem
1645 4060 1976 4129 accepimus,
2029 4061 2198 4129 ipsius
2247 4059 2370 4130 Syri

786 4155 960 4210 tribus
986 4154 1050 4209 de
1098 4152 1274 4206 Maioli
1323 4150 1445 4205 Vita
1480 4151 1673 4206 libellis
1702 4150 2044 4205 continenter
2073 4149 2372 4219 subjiciun-

783 4255 904 4311 tur;
954 4246 1008 4300 iu
1052 4259 1281 4314 quorum
1321 4243 1545 4314 prologo
1592 4243 1761 4296 innuit
1812 4251 2037 4305 auctor,
2085 4256 2142 4295 se
2192 4239 2371 4294 Vitam

783 4338 955 4396 sancti
977 4336 1155 4392 Maioli
1179 4336 1483 4407 scripsisse,
1512 4350 1631 4389 cum
1660 4334 1733 4388 ita
1760 4334 2019 4403 praefatur
2045 4352 2055 4385 :
2091 4352 2108 4385 ι
2129 4332 2375 4387 Gloriosa

780 4430 1040 4487 virtutum
1054 4442 1238 4498 opera,
1258 4442 1376 4496 qum
1403 4425 1784 4495 omnipotentis
1809 4424 1903 4479 Dei
1930 4422 2265 4494 providentia
2281 4436 2377 4492 per

781 4520 999 4576 beatum
1016 4517 1205 4587 suique
1219 4516 1531 4570 dilectorem
1545 4513 1794 4567 Maiolum
1810 4514 2028 4584 dignata
2044 4523 2126 4568 est
2139 4511 2346 4583 operari
2359 4552 2372 4572 ,

780 4612 908 4667 dum
938 4609 1126 4681 fragile
1154 4608 1234 4663 sui
1266 4608 1433 4677 ipsius
1464 4604 1705 4674 corporis
1730 4604 2099 4659 indumentum
2134 4602 2377 4657 vivifiea‘

782 4714 933 4761 retur
986 4703 1163 4758 vitalis
1221 4702 1443 4772 spiritus
1505 4698 1911 4764 additamento,
1968 4697 2367 4768 compendiosa,

780 4805 938 4867 prout
954 4795 1093 4849 scire
1111 4791 1406 4863 potuimus,
1436 4789 1819 4861 descripsimus
1841 4790 2068 4855 ratione,
2093 4798 2196 4844 etc.
2216 4787 2369 4844 Nunc

781 4886 1025 4955 deposito
1055 4884 1235 4940 carnis
1263 4898 1428 4939 onere
1469 4882 1523 4936 in
1564 4882 1714 4938 etelis
1748 4882 1985 4938 lucidum
2012 4891 2067 4937 et
2095 4883 2369 4938 sanctissi-

785 4992 929 5031 mum
959 4976 1105 5031 sidus
1136 4976 1399 5039 renitens,
1428 4973 1807 5044 ampliatarum
1847 4974 2105 5029 virtutum
2154 4984 2366 5030 eructat

783 5069 1046 5126 cunmlos.
1094 5068 1204 5123 llos
1244 5084 1309 5123 ex
1349 5077 1502 5139 parte
1532 5067 1730 5136 aliqua,
1763 5082 1862 5137 pro
1886 5078 2110 5138 paterno
2138 5068 2365 5137 imperio

784 5164 963 5217 domui
993 5179 1057 5217 ac
1084 5161 1519 5217 reverendissimi
1553 5159 1795 5215 Odilonis
1823 5162 2053 5223 abbatis,
2083 5162 2367 5217 obcdimus

784 5253 1044 5308 mandare
1075 5253 1309 5312 scriptis.
1352 5271 1371 5303 ι
1426 5250 1575 5307 Unde
1602 5253 1723 5312 quis
1767 5252 1964 5308 inferat
1994 5252 2189 5311 Svrum
2244 5269 2364 5309 esse

2477 3324 2756 3379 discedere
2794 3338 2822 3375 a
2856 3323 2979 3392 Syri
3006 3332 3062 3377 et
3090 3324 3369 3378 Aldebaldi
3404 3326 3749 3379 auctoritate.

2546 3415 2597 3470 9.
2641 3414 2823 3470 Mirari
2856 3430 2986 3469 vero
3027 3416 3188 3479 subit,
3230 3432 3329 3470 cur
3358 3432 3425 3471 ex
3455 3419 3708 3473 omnibus
3734 3418 3838 3473 illis
3868 3418 3961 3489 qui
3993 3418 4061 3476 de

2474 3505 2671 3562 Maiolo
2716 3508 2984 3575 scripsere
3035 3508 3382 3573 auctoribus,
3426 3509 3604 3565 nullus
3634 3520 3917 3581 parentum
3964 3528 4065 3570 no-

2475 3600 2623 3654 mina
2655 3598 2739 3653 vel
2776 3600 3065 3670 dignitates
3108 3585 3415 3670 praemittit,
3454 3617 3592 3671 quos
3629 3603 3796 3659 fuisse
3826 3604 4062 3675 splendi-

2476 3693 2728 3749 dissimos
2761 3702 2843 3747 sat
2870 3695 3175 3748 habuerunt
3206 3693 3408 3759 dicere,
3440 3696 3595 3764 quasi
3622 3696 3722 3750 sub
3756 3696 3845 3751 illo
3870 3696 4061 3752 verbo-

2476 3799 2594 3838 rum
2628 3784 2910 3838 iuvoluero
2938 3783 3004 3838 ad
3053 3799 3150 3838 nos
3197 3785 3404 3855 integra
3446 3787 3755 3841 eorumdem
3798 3790 4059 3844 memoria

2475 3877 2783 3948 pertingere
2824 3878 3067 3931 deberet.
3102 3876 3157 3930 lu
3188 3878 3377 3946 primis
3418 3878 3628 3948 Syrus:
3680 3898 3698 3931 ‹
3731 3879 3939 3944 Clarus,
3976 3882 4061 3935 in-

2476 3972 2618 4041 quit,
2668 3980 2823 4024 ortus
2871 3969 3161 4032 natalibus,
3197 3983 3265 4023 ex
3298 3968 3696 4025 Avenuicorum
3742 3971 3938 4042 oppido
3965 3988 4059 4041 pa-

2475 4062 2722 4117 rentibus
2748 4060 3200 4131 splendidissimis
3230 4069 3313 4114 est
3334 4070 3672 4129 procreatus,
3702 4062 4057 4119 Provincialis

2477 4155 2691 4223 quidem
2739 4166 2967 4220 genere,
3012 4150 3271 4204 nobilium
3322 4150 3595 4207 Gallorum
3627 4154 3805 4209 clarus
3832 4170 4057 4225 genero-

2477 4245 2653 4298 sitate.
2690 4263 2707 4294 ι
2761 4242 3017 4295 Odiloni:
3055 4262 3071 4291 ‹
3106 4242 3373 4297 Praeclare
3420 4253 3707 4300 stemmate
3731 4255 3901 4313 ortus,
3935 4259 3989 4303 et
4023 4266 4054 4304 a

2477 4334 2745 4389 nobilibus
2799 4333 3116 4403 parentibus
3180 4335 3429 4405 pervigili
3502 4352 3634 4391 cura
3698 4341 3983 4396 enutritus.
4030 4360 4048 4394 ι

2481 4427 2766 4495 Nalgodo:
2803 4446 2820 4477 ‹
2851 4426 3149 4481 Provinciae
3195 4428 3429 4498 regionis
3467 4429 3740 4499 indigena,
3789 4448 3957 4501 usque
3987 4433 4053 4487 ad

2481 4520 2626 4588 ipsos
2656 4518 2843 4574 Gallia:
2873 4534 3124 4588 proceres
3158 4520 3433 4576 afﬁnitatis
3478 4537 3588 4577 suae
3632 4524 3889 4582 terminos
3917 4527 4051 4581 dila-

2481 4613 2634 4674 tavit,
2677 4621 2730 4664 et
2774 4626 2804 4664 a
2847 4610 2987 4666 linea
3031 4612 3308 4683 sanguinis
3346 4612 3607 4670 Gallicani
3659 4632 3910 4688 magnum
3952 4620 4052 4675 sibi

2476 4702 2776 4758 nobilitatis
2828 4704 3034 4773 apicem
3090 4706 3440 4773 comparavit.
3494 4725 3513 4758 ι
3571 4707 3879 4777 Ampullosa
3940 4711 4053 4766 lucc

2475 4796 2638 4849 Verba
2682 4804 2830 4861 sunt,
2877 4796 2972 4850 sed
3019 4794 3133 4850 fere
3182 4796 3385 4861 inania,
3428 4799 3529 4853 nisi
3579 4801 3719 4868 quod
3775 4803 4050 4871 praenobilt

2474 4901 2671 4958 genere
2699 4887 2953 4942 Maiolum
2987 4887 3328 4957 progenitum
3359 4889 3673 4944 ostendunt.
3702 4890 3807 4946 Sed
3840 4892 3927 4945 ubi
3960 4908 4053 4961 pa-

2476 4988 2685 5032 rentum
2725 4979 2942 5033 nomina
2987 4987 3042 5033 et
3086 4979 3414 5049 dignitates?
3456 4981 3771 5052 Quanquam
3818 4984 3943 5037 illud
3987 5000 4052 5041 eo
4111 4969 4117 4974 1

2471 5078 2709 5138 tempore
2756 5070 2807 5123 in
2859 5084 3009 5123 more
3052 5071 3285 5138 positum
3322 5079 3459 5135 erat,
3506 5081 3563 5125 ut
3608 5073 3814 5129 nobiles
3852 5077 4051 5145 quique

2470 5177 2594 5215 raro
2633 5178 2743 5217 sua)
2786 5161 3063 5232 dignitatis
3094 5161 3275 5215 titulos
3321 5163 3659 5232 prazferrent,
3690 5175 4049 5236 prmtcrquam

2469 5266 2644 5312 reges,
2673 5252 2838 5308 duces
2872 5268 2934 5307 ac
2962 5252 3208 5308 comites.
3242 5252 3431 5309 Cazteri
3492 5255 3604 5310 fere
3647 5258 3790 5311 nudo
3834 5260 4049 5312 nomine
