4482 5524
375 389 480 442 783

1601 369 1900 426 Ειοοιωι
1945 369 2379 425 lllSTOlllCUM.

3521 369 3619 420 7H

377 499 676 569 diligentia,
726 497 815 565 qui
862 500 1112 564 parentes
1158 505 1364 552 eorum,
1407 503 1632 556 quorum
1677 486 1814 539 facta
1859 486 1947 537 de-
1977 495 2025 549 Α
2056 485 2153 536 dus
2185 482 2444 550 Regensis
2466 481 2746 550 episcopus
2773 479 2980 533 Odiloni
3009 479 3186 532 abbati
3223 481 3444 534 remittit
3471 498 3616 549 qua--

379 590 615 644 scribere
648 587 918 646 volebant,
950 585 1181 636 intactos
1219 579 1546 648 praeteriere.
1583 577 1730 631 Unus
1775 586 1949 629 tamen

379 695 444 734 ex
475 679 651 732 Maioli
682 676 1021 745 preconibus
1067 672 1220 728 Odilo
1249 673 1299 724 in
1341 671 1446 723 fine
1473 668 1626 738 elogii
1667 668 1768 730 sui,
1799 669 1952 736 quasi

380 771 624 831 fortuito,
673 767 847 820 Maioli
892 776 1096 834 patrem
1129 761 1462 818 Folcherium
1506 760 1771 824 nominat,
1801 775 1952 814 eum-

384 874 489 927 que
530 859 745 909 militem
789 856 1036 924 appellat.
1083 872 1099 904 ι
1132 854 1251 908 Fuit
1289 851 1476 905 eodem
1525 860 1793 919 tempore,
1845 851 1953 913 ait,

384 951 599 1017 quidam
634 949 786 1001 miles
834 929 887 1000 in
927 947 1027 1000 illis
1069 946 1331 1015 partibus,
1370 943 1583 997 nomine
1624 942 1956 1006 Folcherius,

387 1042 438 1092 in
470 1039 634 1091 armis
657 1049 925 1101 strenuus,
947 1036 1068 1104 jure
1101 1035 1440 1095 haereditario
1463 1036 1778 1103 exterisque
1805 1033 1958 1087 bonis

388 1139 441 1181 ct
483 1129 684 1181 divitiis
741 1128 1058 1188 ditissimus,
1108 1135 1162 1178 et
1210 1128 1302 1191 (ut
1346 1125 1412 1178 de
1469 1123 1798 1177 nobilissima
1847 1122 1960 1188 ejus

390 1219 536 1288 prole
579 1220 846 1285 diximus)
891 1234 954 1270 ex
1006 1227 1232 1284 utroque
1278 1224 1498 1285 parente
1527 1215 1736 1284 gemina
1772 1212 1962 1266 nobili-

393 1322 498 1364 tate
548 1326 837 1373 coruscus;
875 1310 955 1361 vir
998 1308 1174 1376 magni
1221 1307 1449 1374 consilii,
1497 1306 1772 1376 prudentis
1810 1320 1964 1373 saga-

391 1403 574 1470 cisque
604 1402 822 1470 ingenii,
853 1409 1009 1468 pater
1038 1399 1284 1472 videlicet
1305 1397 1465 1450 istius
1501 1396 1827 1449 sanctissimi
1865 1395 1962 1448 Pa-

393 1495 492 1547 tris
547 1493 747 1555 nostri,
801 1493 866 1545 de
915 1507 1020 1560 quo
1070 1491 1355 1557 loquimur,
1392 1488 1588 1541 Maioli.
1626 1509 1643 1540 ι
1705 1488 1962 1542 Eumdem

392 1586 553 1636 etiam
586 1584 927 1636 Fulchcrium
961 1582 1203 1635 nominat
1242 1581 1474 1648 epitome
1503 1580 1646 1634 edita
1679 1579 1732 1632 in
1768 1594 1967 1648 appen-

393 1672 508 1725 dice
537 1672 869 1724 bibliothecae
899 1670 1282 1724 Cluniacensis.

466 1760 550 1811 tt).
597 1757 793 1812 Verum
836 1760 937 1811 etsi
973 1759 1111 1811 hanc
1147 1757 1356 1812 Odiloni
1392 1758 1616 1824 gratiam
1661 1773 1763 1812 non
1803 1758 1965 1812 habe-

2055 575 2175 628 dam
2209 589 2385 626 annua
2415 573 2613 635 debita,
2635 589 2752 641 qua:
2781 571 3078 626 Valentiola
3113 573 3363 642 episeopo
3390 575 3622 642 pendere

2055 662 2280 716 solebat.
2330 662 2473 715 Inter
2503 661 2884 716 Cluniacenses
2927 661 3184 715 ecclesias
3231 678 3291 715 cx
3343 662 3620 715 Provincia

2057 764 2366 809 recensetur
2387 755 2440 809 in
2473 754 2791 809 bibliotheca
2815 752 3152 808 Cluniacensi
3187 773 3203 803 ι
3235 754 3528 807 decanatus
3560 755 3624 806 de

2057 847 2373 902 \‘alensoliis
2411 847 2654 902 Reiensis
2692 847 2936 901 diceeesis
2961 887 2975 909 ,
3021 848 3107 900 ubi
3141 846 3336 900 debent
3371 863 3491 900 esse
3535 847 3626 900 de-

2058 950 2193 988 cano
2215 944 2523 1004 computato
2547 935 2781 1004 quinque
2807 935 3076 998 monachi,
3100 943 3154 987 et
3182 952 3318 989 unus
3345 938 3627 1005 presbyter

2059 1027 2456 1090 commcnsalis,
2497 1037 2551 1081 et
2586 1025 2780 1080 debent
2821 1026 2893 1079 ibi
2936 1026 3198 1080 celebrari
3237 1027 3474 1095 quotidie
3511 1029 3629 1081 dua:

2061 1121 2254 1174 missae.
2287 1139 2305 1170 ι

2134 1211 2218 1264 Η.
2263 1210 2339 1263 Ex
2369 1210 2589 1264 arehivo
2633 1209 2973 1265 Cluniacensi
3011 1225 3113 1263 non
3166 1209 3334 1263 solum
3377 1209 3632 1265 discimus

2063 1301 2237 1354 Maioli
2265 1302 2433 1370 patris
2464 1316 2678 1363 nomen,
2725 1300 2816 1355 sed
2848 1303 3007 1354 etiam
3053 1300 3168 1366 ejus
3203 1301 3286 1354 avi
3319 1316 3381 1354 ac
3428 1300 3632 1364 fratris,

2063 1409 2288 1463 quorum
2331 1393 2556 1447 alterum
2595 1393 2777 1447 itidem
2808 1391 3168 1455 Fulchcrium,
3203 1391 3430 1447 alterum
3472 1391 3631 1462 Cyri-

2063 1501 2184 1562 c_uni
2233 1484 2435 1538 dictum
2493 1482 2654 1537 fuisse
2701 1483 2823 1537 inde
2869 1483 3238 1550 intelligimus.
3284 1483 3338 1536 Id
3383 1490 3530 1552 patet
3566 1499 3636 1538 ex

2067 1574 2242 1628 Maioli
2273 1575 2462 1628 charta
2497 1573 2624 1635 3M,
2663 1588 2782 1642 qua:
2825 1574 3103 1640 praestaria
3139 1581 3221 1626 est
3264 1572 3490 1626 Arnulfo
3519 1574 3635 1643 epi-

2068 1679 2230 1733 scopo
2259 1663 2447 1717 Atensi
2497 1678 2526 1716 a
2575 1661 2768 1715 Maiolo
2802 1660 2962 1726 facta,
3011 1661 3076 1715 de
3109 1661 3427 1730 quibusdam
3478 1661 3638 1716 rebus

2068 1756 2300 1812 caanobii
2343 1753 2732 1816 (lluniaeensis,
2764 1753 2882 1807 sitis
2923 1753 2974 1806 in
3005 1767 3141 1822 pago
3172 1753 3378 1806 Atcnsi.
3413 1751 3519 1806 Has
3547 1752 3638 1805 lit-

396 1862 597 1910 remus,
630 1849 895 1916 integrmn
939 1847 1090 1899 nobis
1120 1846 1388 1899 Fulchcrii
1424 1863 1616 1901 nomen
1663 1858 1965 1901 servassent
1997 1832 2037 1890 Β
2073 1858 2214 1902 teras
2244 1849 2343 1900 huc
2370 1846 2608 1913 integras
2638 1843 2839 1898 referre
2863 1845 3034 1913 juvat.

397 1937 588 1990 tabulae
627 1937 1029 2000 Cluniaeenses,
1077 1938 1127 1988 in
1164 1936 1356 2004 quibus
1399 1952 1502 1990 non
1544 1937 1707 1991 semel
1754 1938 1966 2007 legitur,

395 2043 496 2080 nec
533 2043 635 2081 non
666 2026 932 2081 Fulcherii
965 2027 1305 2094 amplissimae
1335 2028 1666 2093 donationes,
1700 2044 1818 2098 quae
1845 2043 1966 2082 eum

395 2103 1003 2186 cx'loeupletedamilia
1049 2128 1225 2170 ortum
1277 2116 1441 2171 fuisse
1481 2119 1868 2172 demonstrant.
1913 2119 1968 2174 In

397 2209 585 2278 primis
618 2208 934 2262 Fulcherius
961 2208 1219 2261 Cluniaco
1247 2209 1408 2261 donat
1442 2227 1458 2258 ι
1489 2209 1700 2263 alodmn
1729 2225 1883 2262 suum
1915 2211 1968 2264 in

396 2317 532 2369 pago
565 2300 816 2369 Regensi,
863 2301 914 2354 in
960 2302 1215 2355 comitatu
1261 2301 1443 2354 Atensi
1478 2302 1630 2355 villas
1657 2306 1968 2357 Ausnanam

397 2401 450 2445 et
482 2392 850 2455 Serulionem;
885 2402 938 2445 et
983 2393 1032 2444 in
1081 2393 1337 2445 comitatu
1374 2391 1623 2460 Aquense
1655 2393 1833 2445 villam
1869 2393 1971 2446 Re-

400 2482 632 2550 glanam,
669 2483 795 2536 item
828 2482 1006 2535 villam
1036 2481 1279 2535 Pinetum
1311 2496 1432 2535 cum
1468 2479 1583 2548 ejus
1613 2482 1836 2536 ecclesia
1871 2484 1972 2557 sub

401 2574 555 2628 titulo
583 2575 753 2628 sancti
785 2573 1020 2636 Siﬂ‘redi,
1050 2575 1175 2627 item
1210 2574 1262 2626 in
1287 2573 1473 2628 eadem
1507 2573 1640 2627 valle
1666 2574 1840 2626 villam
1871 2565 1981 2628 Pa;

400 2666 612 2730 ludent;
665 2676 717 2719 et
764 2667 814 2718 iu
859 2668 1118 2720 comitatu
1165 2666 1612 2722 Secustironense
1665 2668 1970 2722 Alairacum

401 2773 521 2812 cum
558 2758 781 2812 ecclesia
815 2761 986 2812 sancti
1028 2757 1192 2823 Petri,
1225 2760 1352 2813 item
1384 2759 1562 2813 villam
1592 2759 1969 2824 Adduccllnm;

400 2858 454 2901 et
479 2848 530 2900 in
559 2849 814 2901 comitatu
843 2848 1086 2918 Regcnse
1109 2849 1287 2903 villam
1309 2849 1566 2904 Abiaeum
1595 2865 1716 2905 cum
1744 2850 1971 2904 ecclesia

401 2949 598 2994 sanctze
639 2939 841 3002 Μανίαν,
873 2941 1052 2994 villam
1097 2941 1426 3004 Pauliacum,
1461 2941 1813 2996 Valentiolam
1851 2959 1972 2997 cum

401 3031 628 3085 ecclesia
676 3034 844 3086 sancti
887 3033 1125 3098 Maximi,
1173 3034 1458 3088 ecclesiam
1491 3043 1542 3088 et
1579 3035 1758 3088 villam
1800 3037 1972 3090 sancti

401 3121 578 3192 Tyrsi,
612 3123 790 3175 villam
821 3133 874 3176 et
899 3124 1182 3179 ecclesiam
1221 3126 1394 3180 sancti
1438 3125 1696 3196 Stephani
1727 3127 1792 3181 de
1833 3126 1974 3180 Mar-

402 3213 501 3281 gis,
531 3213 708 3266 villam
736 3223 792 3267 et
826 3215 1105 3269 ecclesiam
1134 3218 1303 3271 sancti
1334 3215 1554 3271 Joannis
1585 3218 1648 3270 dc
1678 3217 1883 3283 Ardas;
1922 3218 1973 3271 in

403 3304 538 3359 valle
571 3305 798 3359 Misenis
822 3307 1078 3361 ecclesias
1118 3310 1289 3362 sancti
1325 3308 1604 3377 Stephani,
1634 3311 1804 3364 sancti
1836 3309 1976 3363 Mar-

406 3396 522 3456 tini,
553 3398 721 3450 sancti
754 3397 922 3461 Petri,
959 3399 1085 3452 item
1110 3398 1290 3452 villam
1325 3399 1601 3463 Fabricas,
1629 3399 1808 3453 villam
1839 3398 1973 3452 Nar-

403 3489 622 3553 bonam,
648 3505 769 3543 cum
796 3491 1062 3555 ecclesiis,
1081 3491 1394 3562 Fagentiam
1419 3508 1539 3547 cum
1566 3492 1813 3558 ecclesia,
1840 3492 1975 3546 Dra-

404 3579 716 3645 gonianum,
753 3579 928 3632 villam
957 3581 1146 3644 Arcus,
1182 3591 1234 3636 et
1264 3583 1604 3637 medietatem
1631 3583 1975 3638 Centumela-

404 3668 486 3722 vis
535 3668 709 3732 vallis,
766 3669 918 3724 villas
969 3670 1260 3737 Locatum,
1316 3672 1639 3742 Surigerias,
1692 3673 1976 3727 ecclesiam

406 3757 808 3824 beatm,Mariae,
838 3759 1067 3814 Bonolas
1103 3762 1306 3825 villam,
1341 3781 1358 3812 ι
1390 3764 1567 3815 omnia
1596 3763 1711 3817 hac
1740 3779 1858 3817 eum
1887 3779 1980 3833 ap-

406 3847 667 3916 pendiciis
718 3849 849 3903 suis.
899 3848 1028 3915 Qua:
1067 3851 1268 3904 idcirco
1329 3853 1628 3905 minutatim
1682 3853 1871 3917 retuli,
1922 3861 1981 3907 ut

408 3946 665 4006 appareat
715 3953 873 4005 quam
905 3939 1092 4009 amplae
1129 3939 1328 3994 fuerint
1357 3941 1627 3995 Fulcherii
1655 3941 1936 3997 facultates
1963 3963 1973 3996 :

407 4027 602 4095 quibus
630 4028 680 4080 in
711 4028 842 4082 locis
866 4029 1000 4092 siue,
1035 4045 1224 4098 nempe
1253 4030 1303 4082 in
1336 4031 1486 4101 pagis
1515 4031 1766 4100 Regensi,
1791 4032 1977 4086 Atensi

408 4134 500 4172 seu
523 4118 763 4188 Aptcnsi,
791 4120 1024 4188 Aquensi
1051 4130 1102 4173 et
1141 4119 1599 4187 Seeustironensi;
1637 4132 1747 4176 tum
1778 4133 1979 4193 quanta

407 4211 522 4278 ejus
552 4211 918 4264 munificentia
962 4213 1012 4265 in
1060 4212 1173 4266 loca
1219 4227 1396 4277 saera,
1433 4229 1495 4267 ac
1532 4214 1764 4278 demum,
1816 4231 1976 4284 quam

409 4299 500 4352 illo
541 4315 654 4354 :evo
696 4301 846 4355 laicis
891 4301 1157 4356 familiare
1206 4303 1364 4357 fuerit
1412 4288 1666 4373 plebanas
1707 4307 1979 4375 possidere

408 4391 687 4456 ecclesias,
727 4407 926 4463 easque
977 4396 1321 4449 monasteriis
1375 4397 1620 4450 tradere:
1675 4397 1817 4465 quod
1854 4412 1977 4452 sex-

408 4483 580 4537 eeutis
619 4483 878 4552 exemplis
905 4484 1152 4553 (quorum
1184 4485 1350 4538 multa
1383 4485 1434 4537 in
1467 4486 1832 4554 superioribus
1859 4486 1980 4540 Ber-

2146 1955 2163 1989 ι
2199 1937 2252 1990 In
2313 1937 2528 1990 nomine
2579 1934 2940 1987 Domini.....
2999 1934 3108 2003 Ego
3160 1933 3384 1988 Maiolus
3428 1935 3644 1989 l‘avento

2069 2027 2267 2081 Christi
2299 2025 2582 2080 c'ementia
2609 2024 2913 2078 Cluniensis
2951 2024 3183 2079 coenobii
3229 2024 3415 2079 abbas.
3446 2025 3640 2080 Notum

2070 2117 2185 2171 fieri
2239 2115 2484 2169 volumus
2531 2115 2780 2168 omnibus
2833 2113 3077 2167 lidelibus
3112 2112 3478 2179 .Christianis,
3533 2123 3643 2168 tam

2070 2209 2424 2278 praesentibus
2461 2211 2650 2275 'quam
2713 2207 3156 2269 succedentibus,
3212 2206 3354 2274 quod
3412 2207 3642 2260 domnus

2070 2301 2326 2356 Arnulfus
2373 2301 2655 2370 episcopus
2705 2300 2922 2353 Atcnsis
2975 2307 3214 2352 nostram
3249 2297 3642 2368 expostulando

2073 2394 2204 2447 adiit
2247 2393 2616 2462 prmsentiam,
2665 2400 2930 2459 quatenus
2976 2390 3024 2443 ci
3065 2389 3482 2444 concederemus
3525 2389 3644 2442 loco

2073 2486 2330 2555 precaria:
2357 2500 2444 2538 res
2469 2485 2729 2552 quasdam
2751 2484 2890 2553 juris
2916 2493 3223 2537 sanctorum
3252 2482 3641 2552 apostolorum,

2074 2577 2214 2631 Petri
2252 2576 2499 2630 videlicet
2524 2585 2577 2629 et
2606 2573 2774 2637 Pauli,
2808 2574 3096 2643 supradicti
3132 2573 3365 2628 ρωποι)Ῑί
3392 2572 3647 2627 Clunien-

2076 2670 2169 2722 sis.
2206 2666 2462 2736 lnquisita
2494 2666 2676 2732 itaque
2720 2665 2996 2719 voluntate
3042 2663 3269 2717 fratrum
3315 2671 3640 2724 nostrorum,

2075 2761 2260 2828 eisque
2291 2757 2686 2812 rationabiliter
2725 2771 3007 2810 assensum
3048 2754 3432 2826 praebentibus,
3464 2756 3649 2809 dcere-

2075 2852 2250 2905 vimus
2279 2848 2541 2919 prmlibati
2573 2848 2750 2902 domni
2796 2848 3029 2916 episcopi
3072 2848 3322 2916 precibus
3365 2845 3647 2916 obtempe-

2078 2958 2217 2996 rare.
2253 2942 2608 2996 Concedimus
2636 2940 2818 3009 itaque
2860 2939 3032 2995 eidem
3062 2941 3258 2994 domno
3285 2940 3508 2994 Arnulfo
3537 2941 3652 3011 epi-

2079 3049 2239 3102 scopo
2273 3043 2433 3101 atque
2480 3031 2878 3100 consanguineo
2925 3031 3162 3100 ejusdem
3212 3029 3510 3092 Teoberto,
3562 3045 3650 3084 res

2079 3123 2277 3175 sanctis
2309 3119 2563 3190 apostolis
2601 3119 2760 3175 Petro
2797 3129 2851 3174 et
2898 3119 3064 3174 Paulo
3095 3119 3322 3186 dicatas,
3366 3135 3484 3189 quae
3527 3132 3654 3175 sunt

2081 3213 2131 3265 in
2164 3226 2300 3281 pago
2332 3210 2516 3264 Atcnsi
2566 3210 2702 3274 sitae,
2752 3211 2804 3264 in
2847 3210 2972 3263 villa
3002 3209 3308 3275 Lausnana,
3359 3221 3414 3264 et
3453 3213 3503 3265 in
3544 3211 3650 3264 alia

2077 3304 2224 3362 villa.
2251 3318 2409 3372 quam
2442 3310 2636 3356 vocant
2681 3301 2860 3363 Soldo,
2896 3315 3066 3372 usque
3107 3302 3159 3355 in
3190 3309 3427 3355 montem
3456 3299 3651 3356 Clava-

2079 3397 2314 3457 niacum,
2360 3406 2413 3450 et
2457 3395 2508 3448 in
2539 3394 2644 3448 alio
2675 3394 2812 3458 loco,
2855 3394 2942 3448 ubi
2985 3393 3182 3449 dicitur
3206 3393 3478 3459 Trabalio,
3508 3403 3562 3448 et
3596 3395 3650 3448 in

2079 3485 2182 3539 alia
2217 3485 2340 3538 villa
2384 3500 2504 3553 qua:
2538 3492 2760 3538 vocatur
2790 3483 3007 3547 Bassus,
3050 3494 3104 3538 et
3147 3485 3198 3538 in
3231 3483 3330 3538 alia
3377 3485 3502 3538 villa
3533 3500 3653 3555 qua:

2079 3576 2276 3630 dicitur
2306 3576 2539 3644 Siciago,
2585 3586 2638 3630 et
2671 3576 2721 3629 in
2763 3576 2867 3629 alia
2898 3576 3023 3629 villa
3064 3591 3182 3646 qua:
3211 3576 3407 3630 dicitur
3435 3577 3652 3641 Boreio,

2079 3675 2133 3718 et
2161 3666 2211 3718 in
2241 3666 2343 3719 alia
2376 3682 2496 3735 qua:
2525 3666 2722 3722 dicitur
2761 3665 3090 3729 Soricarias,
3121 3675 3175 3720 et
3220 3668 3270 3720 in
3302 3667 3404 3721 alia
3435 3684 3552 3738 qua:
3579 3669 3654 3722 di-

2081 3757 2222 3810 citur
2253 3755 2498 3818 Leocola,
2532 3765 2585 3809 et
2613 3757 2662 3809 in
2692 3756 2792 3810 alia
2820 3772 2938 3826 qua:
2967 3757 3166 3812 dicitur
3194 3758 3363 3822 Valle,
3395 3769 3448 3814 et
3473 3760 3647 3829 ipsum

2082 3847 2295 3900 alodum
2328 3862 2485 3916 quem
2515 3862 2647 3902 avus
2684 3863 2836 3903 meus
2866 3847 3184 3904 Fulcbcrius
3224 3851 3558 3919 comparavit
3586 3853 3653 3905 de

2081 3941 2374 4005 Bernardo,
2404 3949 2457 3994 et
2481 3941 2530 3994 in
2563 3941 2663 3995 alia
2692 3942 2815 3996 villa
2845 3959 2964 4012 quae
2989 3953 3211 3998 vocatur
3237 3943 3484 4011 Jocadas,
3517 3955 3572 4001 et
3599 3947 3653 4001 in

2083 4031 2183 4085 alia
2215 4047 2333 4100 qua:
2365 4043 2584 4086 vocatur
2615 4032 2884 4097 Cariaras,
2925 4043 2980 4089 et
3025 4035 3078 4088 in
3126 4036 3228 4090 alia
3268 4051 3386 4106 quae
3431 4048 3656 4094 vocatur

2084 4118 2340 4174 Serulius.
2374 4119 2479 4174 Ista
2522 4122 2702 4175 omnia
2745 4122 2872 4176 mihi
2906 4133 2960 4178 et
3003 4123 3158 4179 fratri
3210 4141 3328 4180 meo
3363 4126 3558 4198 Cyrico
3583 4145 3650 4184 ex

2083 4211 2425 4265 successione
2458 4221 2761 4266 nostrorum
2793 4224 3076 4282 parentum
3118 4216 3272 4270 nobis
3302 4228 3600 4273 evenerunt
3637 4239 3650 4273 :

2083 4316 2180 4355 nos
2223 4315 2369 4366 vero,
2426 4315 2526 4370 ego
2575 4301 2824 4356 videlicet
2875 4301 3120 4368 Maiolus,
3157 4305 3365 4375 praefati
3417 4309 3656 4364 emnobii

2081 4392 2386 4446 Cluniensis
2416 4392 2603 4456 abbas,
2636 4401 2689 4445 et
2717 4393 3002 4462 praedictus
3046 4394 3214 4450 frater
3254 4412 3403 4453 meus
3447 4414 3545 4469 pro
3573 4415 3656 4454 re-

2084 4485 2263 4539 medio
2299 4484 2602 4538 animarum
2657 4494 2988 4550 nostrarum,
3019 4497 3434 4562 nostrorumque
3464 4507 3655 4560 paren-

408 4573 588 4636 nonis,
620 4570 820 4627 Odonis
846 4583 898 4627 et
943 4573 1223 4642 Aymardi,
1252 4575 1441 4645 elogiis
1479 4575 1730 4647 vidimus)
1761 4577 1976 4646 probari
2007 4557 2056 4617 Ῑ)
2086 4585 2195 4629 ιιιιη
2252 4574 2598 4642 omniumque
2643 4572 2877 4628 fidelium
2926 4557 3377 4644 Christianorum,
3428 4557 3536 4636 Deo
3600 4593 3654 4637 ct

408 4673 604 4732 potest.
638 4662 753 4730 Quo
781 4679 921 4718 anno
942 4664 1078 4718 facta
1110 4665 1180 4719 sit
1209 4667 1320 4719 haac
1355 4665 1628 4721 Fulcherii
1655 4667 1897 4729 donatio,
1924 4669 1976 4722 in

408 4757 593 4808 charta
633 4771 736 4808 non
781 4757 1138 4825 exprimitur:
1173 4766 1228 4809 at
1255 4768 1459 4811 certum
1502 4768 1586 4813 est
1625 4773 1743 4812 eam
1779 4758 1974 4813 factam

407 4860 525 4898 esse
568 4845 715 4913 prius
755 4859 915 4913 quam
952 4845 1175 4899 Maiolus
1221 4846 1416 4901 saculo
1456 4851 1702 4912 nuntium
1749 4849 1972 4912 remisit,

406 4936 601 5004 quippe
633 4951 738 4989 non
770 4936 870 4990 nisi
917 4937 1140 4990 mortuis
1182 4938 1496 5006 parentibus
1535 4937 1851 4992 Cluniacum
1894 4954 1978 4994 se-

405 5025 586 5087 cessit,
619 5032 678 5077 ut
703 5036 887 5092 postea
932 5041 1280 5095 exponemus.
1312 5025 1368 5079 ln
1407 5041 1467 5082 ea
1499 5042 1661 5097 porro
1691 5027 1979 5083 donatione

405 5115 607 5169 ruentia
638 5114 696 5167 fit
724 5116 788 5169 de
815 5114 1126 5172 Valentiola:
1170 5117 1478 5183 traditione,
1508 5132 1668 5186 quam
1696 5117 1979 5175 Bouebeus

405 5208 589 5262 retulit
611 5209 676 5262 ad
702 5223 903 5262 annum
926 5209 1051 5274 990,
1076 5224 1302 5280 eamque
1326 5226 1354 5263 a
1378 5212 1664 5266 comitibus
1682 5210 1978 5270 Provincia:

403 5300 658 5356 Cluniaco
683 5302 913 5370 primum
946 5300 1140 5357 factam
1181 5305 1404 5372 putavit.
1439 5303 1497 5357 In
1548 5302 1726 5357 Maioli
1765 5304 1980 5362 charta-

2081 4666 2286 4721 sanctis
2335 4665 2452 4734 ejus
2503 4664 2759 4734 apostolis
2807 4665 2967 4721 Petro
3003 4675 3057 4721 et
3104 4666 3268 4723 Paulo
3309 4686 3359 4724 in
3397 4671 3655 4729 Cluniaco

2082 4759 2327 4814 coenobio
2356 4758 2693 4814 tradidimus.
2729 4759 2918 4813 Omnia
2950 4758 3130 4830 itaque
3154 4761 3266 4828 jam
3295 4763 3657 4821 denominatis

2081 4849 2221 4904 villis
2250 4847 2604 4917 conjacentia,
2639 4850 2751 4904 sive
2793 4860 3054 4918 quantum
3087 4867 3218 4907 avus
3251 4870 3399 4910 meus
3428 4855 3657 4915 Fulche-

2085 4942 2196 4996 rius
2221 4950 2274 4996 et
2301 4941 2511 5012 genitor
2556 4955 2708 4996 meus
2745 4941 2982 5011 ejusdem
3027 4944 3261 4999 nominis
3301 4946 3353 5001 in
3399 4951 3655 5004 comitatu

2086 5034 2271 5089 Atensi
2319 5043 2570 5098 tenuere,
2624 5032 2708 5089 vel
2757 5034 3130 5102 conquisiere,
3187 5044 3356 5092 totum
3401 5042 3659 5107 praedicto

2085 5125 2336 5195 episeopo
2357 5131 2412 5183 et
2435 5123 2549 5192 ejus
2576 5124 2976 5195 consanguineo
3001 5125 3268 5182 Teoberto
3292 5131 3662 5202 concedimus,

2088 5217 2140 5272 in
2167 5233 2230 5277 ea
2278 5216 2486 5272 scilicet
2538 5216 2746 5270 ratione
2781 5215 3029 5272 tradente
3068 5215 3269 5273 domno
3297 5221 3550 5292 episcopo
3582 5241 3669 5282 res

2085 5322 2232 5375 suas,
2263 5323 2383 5380 qua:
2413 5317 2538 5362 sunt
2569 5308 2687 5362 sitae
2716 5308 2769 5362 in
2802 5323 2943 5377 pago
2968 5308 3052 5362 vel
3080 5309 3340 5365 comitatu
3371 5311 3582 5379 Atensi,
3617 5317 3670 5373 in
