4494 5520
736 462 752 470 -
834 413 938 468 715

1937 365 2028 459 ’8.
2073 405 2302 461 MAlOLI
2343 406 2633 462 ABBATIS
2671 406 2982 464 CLUNIAC.

3968 411 4072 464 7I6

742 515 751 586 ξ
835 525 1050 580 niacum
1101 521 1448 593 persolvant:
1501 532 1621 593 post
1663 524 1864 577 obitum
1900 538 2026 576 vero
2056 531 2402 589 utrorumque
2430 531 2482 589 Α
2510 537 2679 576 annos
2704 537 2824 577 cum
2854 523 3090 576 maximo
3122 521 3456 577 Lombardire
3486 530 3540 576 et
3580 523 3873 580 Provincim
3911 527 4073 581 detri-

833 619 921 672 i'es
949 629 1138 671 omnes
1167 630 1328 684 supra
1360 615 1575 684 scripta:
1603 631 1722 668 cum
1753 615 1898 668 omni
1932 613 2300 667 melioratione
2333 614 2400 667 ad

829 706 1114 779 prmfatum
1150 705 1436 760 Clunicuse
1483 705 1787 759 cmnobium
1835 706 2038 772 absque
2087 704 2242 756 ullius
2273 718 2400 756 eon-

835 795 1154 850 tradictione
1182 793 1518 864 pr0veniant.
1551 794 1619 849 Ut
1643 807 1769 847 vero
1793 793 2035 862 precaria
2074 791 2175 846 ista
2200 792 2399 846 illibata

830 885 1261 955 inriolabilisque
1318 883 1464 938 omni
1525 892 1766 952 tempore
1817 891 2167 952 permaneat,
2239 897 2398 935 manu

827 989 1010 1034 nostra
1042 976 1392 1039 firmavimus,
1426 983 1478 1029 et
1517 975 1773 1029 fratribus
1810 974 2006 1048 nostris
2043 974 2398 1028 corroboran-

829 1072 949 1125 dam
979 1068 1335 1140 porreximus.
1373 1066 1595 1120 Maiolus
1623 1076 1876 1138 peccator
1899 1075 1952 1120 et
1979 1065 2196 1120 humilis
2240 1065 2396 1130 abba,

825 1163 1163 1222 Adiblamus,
1186 1159 1371 1222 Jacob,
1394 1157 1714 1220 Fulcardtts,
1741 1156 2063 1225 Stephanus,
2089 1157 2396 1210 Andreas...

828 1251 890 1307 S.
936 1252 1208 1314 Duranni,
1260 1249 1558 1302 Teoderici.
1607 1248 1718 1318 Ego
1761 1249 1926 1301 frater
1965 1247 2208 1300 Clemens
2264 1247 2399 1300 scri-

825 1345 927 1414 psi.
963 1344 1154 1398 Actum
1214 1341 1352 1409 apud
1403 1339 1460 1393 S.
1515 1338 1894 1402 Saturninum,
1953 1353 2092 1392 anno
2145 1338 2399 1391 vicesimo

826 1437 986 1490 tertio
1047 1443 1307 1502 regnante
1383 1431 1630 1485 Conrado
1698 1445 1840 1499 rege.
1882 1450 1898 1481 ›
1957 1430 2034 1483 Ex
2098 1430 2199 1484 hac
2258 1446 2400 1500 prae-

821 1530 984 1583 staria
1041 1525 1430 1594 intelligimus,
1487 1533 1682 1593 praeter
1741 1523 2074 1592 superiorem
2133 1521 2396 1576 Fulcherii

820 1619 996 1672 Maioli
1035 1618 1200 1686 patris
1243 1616 1607 1679 donationem,
1653 1614 1810 1667 aliam
1844 1615 1910 1668 ab
1943 1615 2172 1681 ipsemet
2203 1612 2397 1666 .‘lfaiolo

816 1720 870 1764 et
895 1711 1087 1780 Cyrico
1113 1709 1229 1779 ejus
1253 1706 1415 1761 fratre
1430 1706 1875 1760 Cluniacensibus
1907 1705 2098 1759 factam
2129 1706 2193 1760 de
2217 1707 2393 1767 rebus,

816 1818 947 1870 quas
977 1802 1060 1856 his
1087 1799 1280 1853 litteris
1308 1798 1358 1851 in
1388 1798 1685 1865 precariam
1715 1794 2117 1849 traditArnulfo
2146 1798 2394 1863 episcopo

813 1891 995 1945 Atensi
1039 1908 1051 1942 :

812 1982 998 2035 charta
1026 1980 1103 2034 vir
1131 1978 1516 2032 illustrissimus
1559 1975 1772 2039 dicitur,
1805 1974 2156 2042 laudaturque
2185 1973 2395 2028 Raimo-

811 2075 892 2126 dis
934 2071 1050 2139 ejus
1090 2086 1226 2124 uxor
1255 2079 1304 2123 et
1336 2068 1475 2122 filius
1509 2065 1736 2119 Ulricus.
1786 2066 1889 2138 Sed
1921 2075 1973 2118 et
2007 2066 2137 2118 alias
2168 2081 2253 2119 res
2281 2081 2392 2119 me-

811 2172 986 2216 morat
1008 2161 1110 2214 alia
1133 2161 1340 2221 charta,
1363 2174 1465 2228 qua
1491 2158 1793 2210 Willelmus
1822 2157 2188 2211 nobilissimus
2213 2173 2394 2212 comes

809 2262 863 2308 et
895 2253 1058 2306 Lucia
1101 2253 1217 2321 ejus
1255 2265 1394 2304 uxor
1428 2248 1874 2303 Cluniacensibus
1905 2249 2003 2301 sub
2045 2248 2266 2303 0dilone
2295 2250 2392 2304 ab-

807 2344 933 2397 bate
965 2341 1256 2395 restituunt
1290 2356 1308 2389 t
1332 2337 1698 2391 haereditatem
1739 2337 1909 2390 sancti
1954 2335 2153 2399 Maioli,
2186 2337 2393 2391 scilicet

807 2435 1070 2488 Diliodam
1115 2442 1169 2497 et
1213 2431 1608 2501 Septemfontes
1659 2431 1711 2483 in
1759 2431 2071 2499 episcopatu
2138 2430 2387 2499 Regensi.

805 2526 1002 2578 Actum
1057 2521 1194 2591 apud
1249 2520 1399 2576 Podii
1451 2520 1736 2575 Odolinum
1800 2519 2187 2573 monasterium
2246 2535 2389 2573 anno

805 2613 913 2666 Inc.
971 2611 1129 2675 1056,
1183 2610 1295 2665 ind.
1339 2609 1393 2672 5,
1447 2609 1703 2664 Cbunone
1754 2609 2078 2677 imperatore
2134 2617 2392 2678 regnante

802 2717 950 2756 anno
982 2701 1064 2755 lO.
1093 2721 1110 2752 ι
1149 2700 1298 2754 Unde
1331 2701 1525 2754 iterum
1557 2700 1894 2769 perspicuum
1935 2698 2166 2751 eflicitur
2225 2713 2385 2767 quam

805 2794 904 2848 diti
937 2794 1101 2862 stirpe
1132 2801 1444 2859 procreatus
1472 2791 1542 2844 sit
1572 2789 1814 2852 Maiolus,
1861 2789 2012 2857 cujus
2040 2797 2289 2856 parentes
2315 2796 2390 2842 tot

802 2882 1020 2952 prmdiis
1035 2897 1096 2936 ac
1113 2881 1544 2950 possessionibus
1559 2879 1872 2933 Cluniacum
1896 2889 2162 2930 auxerunt
2189 2879 2388 2945 absque

805 2972 958 3043 gravi
996 2971 1075 3038 (ut
1105 2971 1326 3025 credere
1363 2985 1458 3039 par
1503 2970 1607 3038 est)
1663 2968 1942 3037 dispendio
1979 2968 2052 3021 rei
2086 2966 2384 3020 familiaris.

803 3063 932 3117 11:20
989 3062 1121 3116 mihi
1175 3061 1539 3115 consideranti
1593 3059 1856 3114 dubitatio
1912 3058 2203 3121 succurrit,
2258 3073 2386 3110 num

799 3155 1118 3212 Foleherius
1140 3153 1312 3208 Maioli
1341 3169 1473 3207 avus
1509 3152 1672 3206 fuerit
1701 3153 1788 3206 ille
1815 3149 2098 3204 Folcratus
2122 3151 2230 3204 dux
2260 3151 2385 3204 Are-

804 3247 1108 3309 latensium,
1141 3259 1298 3313 quem
1329 3243 1614 3298 Lotharius
1646 3259 1752 3296 una
1797 3259 1917 3298 cum
1956 3244 2074 3298 aliis
2101 3244 2389 3299 comitibus

811 3338 1082 3394 rebellare
1113 3336 1514 3399 molientem,iu
1545 3337 1868 3390 deditionem
1899 3336 2192 3404 accepisse,
2222 3350 2390 3403 coque

808 3431 953 3487 facto
985 3429 1316 3485 Provinciam
1339 3429 1610 3482 ordinasse
1641 3437 1972 3482 memoratur
2016 3428 2067 3480 in
2094 3427 2388 3482 Annalibus

801 3521 1160 3577 Fuldeusibus
1183 3533 1322 3572 anno
1346 3517 1469 3572 844.

877 3650 964 3705 12.
989 3648 1280 3716 Postquam
1309 3645 1533 3701 Maiolus
1561 3645 1785 3717 integris
1813 3646 2251 3714 intaminatisque
2274 3661 2389 3700 mo-

800 3743 954 3798 ribus
981 3740 1269 3811 pueritiam
1301 3739 1353 3792 in
1389 3741 1561 3808 patria
1595 3739 1879 3808 exegisset,
1933 3755 1949 3787 ι
1974 3753 2097 3791 cum
2127 3751 2247 3792 eum
2271 3737 2386 3805 jam

797 3833 903 3888 sibi
955 3831 1257 3885 vindicaret
1322 3828 1728 3893 adolescentia,
1779 3829 2090 3897 parentibus
2146 3829 2384 3882 humana

798 3933 948 3981 sorte
977 3923 1266 3993 przeventis
1295 3921 1390 3990 (ita
1421 3921 1597 3974 scribit
1624 3921 1812 3992 Syrus)
1839 3922 2159 3991 praediisque
2190 3923 2383 3977 barba-

797 4017 912 4072 rica
943 4014 1220 4071 invasione
1254 4014 1306 4067 in
1339 4013 1682 4068 solitudinem
1714 4015 1965 4077 redactis,
1999 4015 2176 4067 divina
2204 4015 2386 4084 dispo-

796 4118 961 4163 nente
990 4105 1324 4176 providentia
1353 4105 1529 4159 natale
1552 4105 1723 4158 solum
1754 4115 1974 4158 coactus
1999 4115 2082 4159 est
2106 4106 2379 4171 deserere,

795 4213 863 4252 ac
892 4195 1216 4266 Burgundim
1241 4203 1423 4264 partes
1445 4202 1728 4263 expetere:
1750 4194 2079 4263 veniensque
2111 4195 2162 4247 in
2191 4194 2377 4247 urbem

799 4287 1197 4348 Matiscensem,
1236 4293 1518 4352 susceptus
1550 4292 1632 4337 est
1658 4283 1726 4336 ibi
1753 4283 1804 4336 in
1831 4284 2063 4353 hospitio
2087 4298 2115 4335 a
2150 4285 2378 4352 quodam

799 4393 898 4432 suo
948 4375 1273 4446 prepinquo,
1325 4375 1416 4443 qui
1468 4374 1609 4427 inter
1658 4372 1893 4442 reliquos
1945 4373 2180 4442 ejusdem
2233 4373 2380 4426 urbis

797 4481 1050 4538 proceres
1077 4465 1376 4520 nobilitatis
1401 4464 1623 4533 gerebat
1645 4464 1827 4518 decus.
1857 4462 2099 4531 Cumque
2130 4462 2376 4531 aliquan-

798 4563 887 4616 diu
920 4561 972 4616 iu
995 4558 1112 4630 ejus
1147 4567 1452 4614 moraretur
1481 4556 1796 4618 diversorio,
1843 4554 1958 4622 ejus
2006 4553 2169 4609 fultus
2208 4556 2378 4608 admi-

797 4651 998 4717 niculo,
1045 4650 1124 4705 uti
1167 4649 1330 4720 cmpit
1377 4646 1618 4715 ejusdem
1667 4648 1902 4703 civitatis
1951 4649 2224 4717 episcOpo,
2281 4650 2370 4718 qui

798 4761 922 4800 eum
972 4741 1180 4798 liberali
1219 4754 1448 4796 cernens
1493 4739 1711 4808 ingenio
1754 4740 1955 4804 valere,
1990 4742 2372 4795 canonicorum

799 4833 1005 4890 studuit
1043 4831 1266 4902 collegio
1314 4828 1596 4899 copulare;
1643 4829 1731 4897 qui
1775 4830 1934 4883 etiam
1968 4845 2088 4883 eum
2116 4832 2377 4884 secretius

801 4941 1009 4982 summa
1039 4923 1354 4980 hortabatur
1394 4921 1666 4983 instantia,
1694 4929 1752 4973 ut
1774 4936 1831 4974 se
1861 4922 2124 4991 virginem
2155 4938 2374 4977 conser-

798 5025 969 5072 varet.
995 5035 1012 5068 ι
1054 5011 1432 5069 Matisconensi
1461 5011 1713 5065 Ecclesite
1751 5020 1858 5064 tum
1909 5021 2139 5081 prazerat
2183 5011 2373 5072 Berno,

801 5105 953 5173 cujus
989 5105 1039 5158 in
1087 5102 1470 5157 Cluniacenses
1521 5098 1944 5153 munificentiam
1995 5100 2140 5152 varia
2189 5115 2380 5154 monu-

803 5208 980 5255 menta
1006 5204 1396 5252 contestantur.

2506 622 2691 666 mento
2735 621 3041 677 tenuerunt,
3081 612 3247 666 donec
3289 612 3438 683 Hugo
3478 612 3641 667 Italiae
3677 629 3768 668 rex
3806 617 4074 674 maritimo

2503 717 2594 755 eos
2631 717 2693 755 ac
2726 703 2967 757 terrestri
3015 702 3255 756 exercitu
3304 703 3543 766 adortus,
3595 703 3805 758 illorum
3851 707 4074 760 navibus

2503 790 2691 845 Graeco
2734 793 2852 861 igne
2884 792 3197 854 combustis,
3229 791 3510 860 plerosque
3537 791 3881 849 Fraxinetum
3912 796 4074 850 relin-

2512 894 2675 948 quere
2742 891 2794 934 et
2843 882 2894 935 in
2944 891 3178 935 montem
3219 880 3458 934 Maurum
3507 897 3563 936 se
3609 884 3848 953 recipere
3899 887 4074 953 coegit

2503 986 2643 1025 anno
2672 970 2793 1025 9H.
2815 971 2918 1025 Eos
2940 981 3115 1026 autem
3141 972 3416 1026 obsidione
3437 973 3643 1027 cinctos
3667 974 3814 1044 Hugo
3840 977 3891 1030 in
3917 992 4071 1031 suam

2502 1071 2822 1131 petestatem
2853 1061 3005 1117 facile
3035 1063 3350 1133 redegisset,
3380 1063 3431 1116 ni
3463 1062 3842 1134 Berengarium
3879 1068 4071 1122 adver-

2501 1155 2701 1207 sarium
2735 1156 2947 1218 timens,
2991 1155 3056 1208 ab
3079 1155 3288 1210 illorum
3318 1157 3710 1225 oppugnatione
3753 1158 4068 1225 destitisset,

2505 1245 2709 1299 foedere
2736 1261 2854 1299 cum
2881 1247 2959 1300 eis
2990 1246 3060 1298 ita
3089 1256 3437 1314 pereusso,ut
3461 1261 3584 1314 pars
3606 1247 3814 1300 illorum
3847 1249 3896 1302 in
3925 1265 4074 1304 mon-

2504 1336 2646 1388 tibus
2693 1335 2898 1389 Italiam
2934 1334 3001 1390 ab
3031 1335 3223 1391 Suevia
3269 1337 3642 1392 dirimentibus
3672 1338 3993 1403 consideret,
4022 1349 4075 1394 et

2503 1428 2883 1497 Berengarium
2914 1445 2980 1484 ex
3013 1429 3209 1483 Suevia
3254 1446 3348 1500 per
3399 1446 3492 1484 eos
3539 1439 3748 1485 montes
3778 1433 4074 1488 exercitum

2505 1518 2749 1586 trajicere
2800 1520 3103 1574 molientem
3162 1521 3461 1588 impediret.
3514 1521 3602 1575 Isti
3647 1537 3711 1576 eo
3750 1521 3870 1577 loco
3915 1524 4070 1590 pOsill

2501 1624 2847 1677 quoscunque
2877 1619 3055 1677 postea
3089 1610 3153 1662 ad
3186 1610 3547 1678 apostolorum
3595 1611 3777 1665 limina
3807 1613 4070 1666 visitanda

2503 1698 2623 1751 illac
2669 1699 2760 1751 iter
2811 1698 3068 1752 facientes
3118 1708 3210 1751 aut
3243 1700 3452 1768 penitus
3495 1701 3812 1768 spoliarunt,
3851 1712 3948 1755 aut
3984 1704 4067 1755 in-

2503 1787 2806 1840 humaniter
2835 1795 3190 1854 peremerunt.
3239 1787 3436 1841 Eodem
3483 1790 3676 1845 saeculo
3719 1789 3956 1862 Hungari
4004 1809 4070 1847 ex

1095 1888 1246 1956 cuius
1296 1887 1727 1956 consanguineus
1785 1885 2110 1937 Teuthertns
2173 1886 2224 1937 in
2287 1885 2390 1937 alia
2428 1873 2466 1929 Β
2496 1875 2781 1930 Germania
2817 1877 2868 1930 in
2917 1877 3142 1931 Galliam
3179 1888 3338 1948 atque
3383 1879 3590 1935 Italiam
3635 1884 3829 1951 smpius
3880 1883 4066 1949 effusi,

2497 1966 2734 2022 funestas
2761 1969 2940 2024 clades
2974 1971 3285 2025 intulerunt.
3333 1972 3392 2027 Ili
3442 1975 3600 2028 ductu
3638 1974 3946 2046 Berengarii
3981 1995 4069 2032 re-

2495 2056 2592 2125 gis,
2627 2073 2784 2126 quem
2815 2059 3148 2130 Langobardi
3175 2062 3510 2129 expulerant,
3541 2065 3811 2120 ann0924
3862 2067 4071 2121 Italiam

2495 2145 2822 2214 depopulati,
2887 2158 3020 2203 teste
3077 2149 3408 2215 Frodoardo,
3463 2163 3647 2221 postea
3703 2170 3798 2225 per
3840 2158 4069 2228 abrupta

2494 2237 2703 2305 Alpium
2752 2239 2876 2308 juga
2925 2249 3288 2301 transeuntes.
3342 2244 3393 2296 in
3452 2243 3678 2300 Galliam
3728 2247 4067 2318 irruperunt.

2495 2329 2638 2396 Quos
2665 2329 2944 2394 Rodulfus,
2973 2332 3258 2400 Cisalpina:
3305 2333 3490 2389 Gallia:
3533 2352 3650 2402 rex,
3689 2354 3808 2394 cum
3843 2339 4069 2412 Ilugone

2499 2420 2796 2475 Viennensi
2854 2422 3040 2475 «inter
3090 2424 3363 2492 angustias
3422 2426 3636 2479 collium
3696 2427 4010 2497 Alpinarum
4045 2449 4064 2481 ι

2494 2512 2784 2577 conclusit;
2816 2514 2957 2567 unde
2990 2514 3265 2583 inopinato
3306 2533 3400 2585 per
3425 2519 3574 2572 devia
3602 2522 3800 2575 montis
3830 2524 4065 2576 evaden-

2495 2616 2591 2666 tes,
2617 2604 2864 2659 Gothiam
2891 2606 3254 2675 impetierunt,
3284 2609 3478 2664 ibidem
3505 2626 3532 2664 a
3557 2613 3823 2680 praedictis
3841 2613 4070 2669 Rodulfo

2494 2704 2546 2748 et
2575 2695 2796 2763 Hugone
2819 2697 3046 2749 subacti.
3079 2695 3242 2751 Paulo
3273 2708 3414 2766 post,
3442 2700 3491 2752 id
3521 2711 3604 2755 est
3629 2718 3769 2756 anno
3791 2703 3913 2764 935,
3943 2705 4066 2757 dum

2493 2787 2641 2855 llugo
2666 2802 2757 2840 rex
2803 2786 2966 2840 Italiae
2997 2786 3223 2841 Romam
3273 2790 3499 2854 obsidet,
3545 2791 3798 2848 Saraceni
3855 2803 4065 2849 meatus

2490 2876 2701 2944 Alpium
2729 2885 3018 2946 occupant,
3050 2887 3209 2946 atque
3237 2880 3411 2934 vicina
3442 2898 3664 2952 quaeque
3697 2884 3807 2938 loca
3851 2885 4062 2954 deprze-

2492 2967 2705 3020 dantur.
2737 2966 2960 3022 Biennio
2993 2977 3234 3036 peracto,
3281 2969 3519 3041 Hungari
3565 2988 3657 3041 per
3699 2974 4062 3042 Burgundiam

2491 3055 2689 3120 diffusi,
2742 3057 2956 3126 praedis,
2988 3058 3248 3112 incendiis
3277 3075 3338 3113 ac
3366 3061 3602 3115 caadibus
3643 3063 4064 3119 debacchantur.

2493 3145 2593 3200 Tot
2616 3155 2671 3200 et
2712 3158 2816 3200 tam
2871 3147 3175 3216 frequentes
3224 3149 3403 3203 clades
3450 3152 3664 3207 indubie
3712 3153 3962 3208 Maiolmn
4011 3157 4065 3210 in

2417 3213 2459 3274 (ἶ
2495 3234 2680 3288 urbem
2725 3235 2772 3288 Μ
2818 3236 3072 3289 tisconem
3107 3237 3386 3308 perfugere
3433 3251 3746 3307 coegerunt,
3787 3245 3908 3296 dum
3945 3243 4069 3299 Pro-

2492 3325 2688 3385 vincia.
2729 3325 2780 3378 id
2823 3335 2905 3379 est
2945 3326 3117 3395 patria
3151 3326 3286 3393 ejus,
3316 3337 3390 3382 tot
3423 3329 3663 3386 cladibus
3693 3331 4061 3388 infestaretur.

2564 3414 2647 3467 M.
2674 3414 2883 3469 Interea
2912 3416 3164 3484 temporis
3186 3416 3229 3470 is
3251 3419 3544 3474 canonicus
3562 3419 3852 3476 Matiscone
3871 3421 4064 3486 factus,

2489 3507 2804 3577 Lugdunum
2837 3508 2887 3560 in
2927 3507 3138 3560 scholas
3183 3508 3316 3569 abit,
3350 3509 3436 3564 ubi
3464 3511 3697 3566 Antonio
3735 3523 4067 3582 praeceptore

2488 3614 2638 3662 usus,
2672 3597 2887 3650 homine
2916 3598 2965 3650 in
2991 3597 3330 3668 philosophia
3358 3599 3590 3666 erudito,
3622 3619 3640 3652 ι
3661 3603 3813 3671 cujus
3837 3602 4062 3657 multum

2487 3688 2758 3743 convaluit
2785 3687 2934 3757 (Syri
2958 3689 3068 3741 lia'c
3099 3689 3250 3742 verba
3280 3693 3422 3761 sunt)
3467 3708 3571 3747 non
3613 3695 3770 3749 modo
3795 3695 4060 3761 doctrina,

2486 3794 2670 3832 verum
2700 3779 2937 3832 moribus
2963 3787 3016 3832 et
3040 3778 3168 3831 vita.
3203 3797 3221 3830 ι
3254 3779 3630 3849 Lugdunensis
3659 3785 3946 3838 academiam
3973 3801 4064 3838 an-

2489 3869 2789 3937 tiquitatem
2845 3878 2990 3920 recte
3037 3869 3232 3936 probat
3286 3869 3512 3923 Hericus
3567 3872 4060 3930 Autissiodorensis

2485 3960 2782 4014 monachus
2820 3959 2870 4011 in
2900 3958 3038 4012 libro
3068 3973 3082 4010 ι
3115 3961 3180 4011 de
3235 3957 3505 4013 Miraculis
3556 3960 3612 4013 S.
3657 3960 3932 4026 Germani,
3967 3962 4056 4016 ubi

2484 4052 2702 4105 disserit
2750 4051 2815 4104 de
2851 4051 3182 4120 temporibus
3213 4050 3514 4104 Constantii
3561 4051 3954 4121 Lugdunensis.
4004 4056 4056 4108 ιιι

2483 4154 2567 4199 est
2597 4145 2661 4198 de
2688 4142 2883 4197 sarculo
2911 4143 3118 4210 quinto.
3159 4161 3177 4192 ι
3201 4143 3298 4208 Ea,
3330 4142 3522 4211 inquit,
3574 4151 3892 4212 tempestate
3920 4144 4061 4216 Lug-

2483 4235 2799 4289 dunensium
2857 4234 3046 4288 civitas
3103 4234 3276 4303 prima
3320 4249 3384 4288 ac
3425 4235 3691 4304 pracipua
3739 4234 4058 4304 Galliarum,

2481 4327 2813 4396 professione
2861 4333 3079 4396 quoque
3128 4326 3366 4380 scientia:
3416 4327 3723 4396 artiumque
3775 4329 4057 4398 disciplina

2482 4419 2622 4473 inter
2651 4433 2835 4472 omnes
2865 4419 3133 4472 extulerat
3161 4426 3339 4489 caput.
3367 4418 3463 4484 Ibi,
3511 4435 3646 4488 quas
3688 4419 3892 4484 dicunt,
3924 4421 4057 4475 libe-

2484 4508 2672 4562 ralium
2702 4507 3102 4577 disciplinarum
3127 4509 3342 4578 peritia,
3360 4523 3602 4578 quasque
3626 4511 3814 4565 ordine
3837 4527 4056 4567 currere

2408 4565 2456 4624 Β
2482 4599 2583 4652 hoc
2611 4608 2852 4666 tempore
2898 4597 3073 4652 fabula
3106 4607 3313 4652 tantum
3338 4611 3440 4663 est,
3471 4616 3534 4654 eo
3563 4617 3731 4671 usque
3760 4604 4051 4670 convaluit,

2478 4700 2536 4743 ut
2563 4699 2818 4759 quantum
2865 4691 2928 4744 ad
2967 4692 3181 4746 scholas
3206 4693 3474 4761 publicum
3504 4696 3865 4763 appellaretur
3887 4700 4052 4752 citra-

2480 4783 2676 4838 marini
2696 4783 2844 4837 orbis
2861 4785 3219 4853 gymnasium.
3238 4783 3302 4838 Et
3324 4794 3382 4838 ut
3401 4785 3598 4855 aliquid
3625 4789 3847 4844 rationis
3866 4789 4055 4846 afferre.

2481 4873 2690 4939 videar,
2726 4889 2791 4928 eo
2824 4875 2875 4928 id
2906 4885 3225 4943 argumento
3253 4875 3575 4945 colligimus,
3628 4878 3768 4946 quod
3814 4880 4056 4950 quisquis

2483 4966 2680 5020 artium
2732 4963 3155 5034 profitendarum
3200 4965 3503 5021 afficeretur
3544 4969 3743 5032 studio,
3793 4986 3897 5026 non
3929 4983 4055 5028 ante

2485 5054 2742 5124 professis
2785 5053 3006 5108 inscribi
3045 5055 3376 5120 merebatur,
3409 5072 3571 5125 quam
3616 5058 3741 5112 hinc
3774 5061 4052 5132 explorata

2487 5145 2759 5216 diligentia
2801 5145 3142 5198 examinatus
3184 5145 3379 5209 abiret,
3406 5165 3424 5198 ι
3461 5147 3548 5201 ubi
3577 5149 3925 5217 professorum
3956 5167 4052 5205 no-

2486 5239 2630 5293 mine
2651 5253 2744 5292 eos
2771 5237 3021 5301 intelligit
3047 5236 3265 5301 gradus,
3296 5252 3430 5301 quos
3458 5238 3757 5301 magisterii
3786 5248 3841 5294 et
3866 5241 4055 5295 docto-
