4494 5520
390 451 490 502 ’ῑΠ

1584 431 1879 487 Ειοοιωι
1926 426 2358 482 ΙΙΙΞἹῸΙΗΕΙῘΜ.

3526 417 3626 476 748

391 577 540 617 mero
586 560 936 615 ascribendus
979 569 1061 613 est
1105 554 1388 617 Antonius,
1433 566 1552 606 cum
1584 550 1636 604 id
1674 549 1842 618 Syrus
1873 548 1948 599 di-
1982 552 2024 604 Λ
2058 559 2168 596 sem
2190 540 2503 601 Gerfredus,
2522 539 2671 608 cujus
2696 539 3034 592 decessorcm
3053 537 3262 607 penitus
3287 546 3626 605 perspectum

388 665 529 710 serte
552 661 897 708 contestetur.

462 825 549 878 15.
601 823 640 877 Ε.
694 822 886 876 studiis
936 833 1185 874 reversus
1249 816 1493 877 Maiolus,
1550 832 1566 864 ι
1602 826 1695 882 per
1738 821 1958 864 cunctos

391 916 586 986 gradus
639 913 1004 968 conscendens
1049 909 1306 964 ecclesias
1334 907 1466 968 icos,
1507 920 1627 958 cum
1676 903 1958 956 levitarum

392 1012 656 1079 putetur
679 1006 872 1069 oﬂicio,
897 992 960 1056 ad
987 1001 1230 1071 ejusdem
1261 1015 1431 1068 usque
1473 1011 1677 1058 arcem,
1715 993 1958 1047 doctrina

393 1102 443 1153 id
471 1103 740 1169 exigente.
770 1099 840 1154 ab
869 1098 1054 1152 eodem
1101 1105 1183 1148 cst
1232 1092 1552 1146 sublimatus
1596 1088 1961 1155 suprascripto

395 1191 703 1257 pontiﬁce,»
762 1188 810 1240 id
855 1195 939 1240 est
986 1187 1057 1240 ad
1101 1183 1557 1237 archidiaconatus
1603 1179 1844 1248 ofﬁcium,
1887 1177 1959 1228 uti

396 1279 513 1347 Syri
545 1279 704 1331 verba
733 1277 962 1344 explicat
1005 1272 1179 1327 Odilo.
1219 1271 1292 1326 Ea
1324 1272 1376 1324 in
1406 1270 1660 1338 dignitate
1693 1282 1868 1321 mores
1898 1265 1962 1317 ad

396 1367 650 1419 doctrinm
680 1364 905 1418 formam
931 1358 1625 1429 componens.‘Christtanis
1653 1356 1959 1412 virtutibus.

396 1458 628 1510 maxime
660 1457 710 1508 in
758 1470 1048 1524 pauperum
1092 1453 1354 1506 cliaritate
1383 1449 1632 1503 excelluit
1656 1462 1672 1500 :
1697 1446 1838 1517 quod
1866 1446 1964 1514 ipsi

395 1547 632 1601 ninnium
651 1545 1107 1600 existimationem
1127 1540 1479 1609 comparavit.
1503 1537 1697 1592 Verum
1725 1539 1770 1591 is
1786 1536 1968 1590 laudes

399 1638 606 1707 fugiens
660 1651 723 1687 ac
750 1636 1058 1704 popularem
1093 1632 1393 1690 tumultum,
1428 1629 1715 1682 identidem
1747 1626 1967 1680 secede-

399 1729 491 1782 bat
524 1747 540 1778 ‹
564 1729 615 1780 in
637 1724 1011 1786 oratoriolmn,
1036 1723 1176 1791 quod
1196 1723 1305 1790 ipse
1332 1719 1772 1780 reaedilicaverat,
1795 1715 1968 1769 sancti

399 1818 690 1877 Michaelis,
724 1826 869 1868 trans
896 1813 1128 1875 Ararim,
1160 1831 1176 1862 ι
1221 1811 1309 1864 ubi
1353 1828 1370 1860 ί
1400 1810 1449 1861 in
1481 1807 1816 1862 orationibus
1845 1820 1967 1873 per-

2060 648 2163 686 non
2190 633 2378 686 habeo.

2058 744 2141 799 Ill.
2173 743 2356 799 Μαίοιὶ
2383 759 2644 797 conversio
2679 745 2746 794 ad
2771 744 2922 861 alitum
2954 742 3312 794 monasticam.
3342 741 3626 794 Abbatiolis

2758 830 2783 861 ε
2807 823 2954 861 (Clio.

2758 823 2954 865 electro.

2136 907 2240 960 l6‘.
2267 907 2538 976 Aymardo
2566 903 2757 958 abbate
2792 903 3016 958 Maiolus
3037 902 3352 957 Cluniacum
3405 916 3631 971 requen-

2063 1009 2143 1050 ter
2172 998 2483 1059 accedebat,
2511 1015 2529 1046 ι
2566 1005 2621 1049 et
2656 1011 2777 1049 cum
2809 993 3068 1048 fratribus
3108 992 3356 1063 frequens
3399 993 3632 1046 habebat

2061 1088 2385 1156 colloquium
2437 1099 2491 1142 et
2542 1086 2781 1156 spiritale
2830 1087 3238 1142 contubernium
3263 1127 3276 1149 ,
3313 1105 3330 1137 ι
3365 1085 3632 1140 referente
3667 1145 3674 1151 ,

2061 1178 2307 1241 Odilone,
2339 1179 2532 1246 quibus
2560 1178 2611 1230 in
2640 1176 2776 1230 votis
2827 1186 2944 1230 erat
2982 1195 3000 1226 ι
3035 1185 3092 1230 ut
3125 1191 3242 1229 eum
3287 1184 3503 1246 possent
3532 1175 3631 1229 sibi

2063 1270 2340 1338 acquirere
2395 1268 2646 1328 fratrem,
2703 1282 2861 1336 quem
2912 1266 3252 1335 postmodum
3301 1274 3636 1320 mererentur

2067 1361 2263 1414 habere
2287 1369 2340 1412 et
2386 1367 2616 1427 patrem.
2650 1357 2706 1411 In
2748 1357 2905 1426 hujus
2933 1373 3060 1412 vero
3087 1359 3458 1413 conversionis
3485 1358 3638 1413 obsc-

2067 1454 2193 1523 quio
2243 1451 2470 1506 multum
2522 1451 2687 1504 valuit
2748 1449 3070 1504 venerabilis
3129 1450 3230 1504 viri
3287 1449 3637 1505 llildebranni

2066 1543 2238 1598 dulcis
2263 1542 2547 1596 collocutio
2565 1551 2620 1595 et
2641 1539 2897 1610 spiritalis
2923 1540 3211 1610 suggestio.
3231 1541 3327 1595 llic
3351 1555 3472 1594 cum
3495 1552 3640 1594 esset

2068 1650 2133 1690 ex
2181 1635 2453 1704 prioribus
2492 1633 2935 1688 Cluniacensibus
2987 1633 3263 1687 monachis
3304 1641 3360 1687 et
3400 1632 3639 1699 ejusdem

2071 1723 2379 1778 monasterii
2411 1723 2751 1793 prmpositus,
2778 1722 2860 1776 bis
2906 1722 3160 1776 invitatus
3186 1732 3268 1776 est
3311 1732 3368 1776 ut
3412 1723 3640 1777 oﬂicium

2072 1813 2299 1865 abbatim
2342 1812 2661 1880 susciperet,
2703 1811 2795 1865 sed
2846 1811 3045 1874 noluit;
3091 1813 3215 1881 quia
3267 1825 3478 1882 semper
3529 1813 3646 1881 plus

399 1911 545 1978 vigil,
579 1910 758 1964 divino
805 1903 1136 1960 fanndamini
1191 1903 1588 1970 manciparetur
1633 1897 1909 1950 attentius.
1946 1913 1964 1945 ι
1998 1883 2042 1942 Β
2071 1899 2289 1953 obedire
2335 1915 2495 1968 quam
2548 1902 2860 1968 prmcipere,
2913 1911 2967 1954 et
3015 1901 3184 1970 magis
3235 1901 3452 1955 subesse
3485 1917 3643 1971 quam

401 2003 524 2056 Inde
553 2001 602 2053 in
636 1999 858 2053 aliorum
890 1995 1190 2065 profectum
1222 2009 1278 2047 se
1305 1991 1622 2051 extendens.
1646 2004 1710 2041 ex
1743 1987 1972 2042 diversis

401 2093 464 2144 ad
491 2105 548 2145 se
572 2090 812 2158 partibus
838 2087 1062 2141 clericos
1085 2083 1463 2138 convenientes
1481 2081 1640 2150 gratis
1662 2078 1973 2146 libenterque

399 2181 694 2236 erudiebat.
719 2178 853 2232 Tum
883 2177 1114 2231 hominis
1133 2173 1271 2226 fama
1297 2185 1724 2240 quaquaversum
1757 2167 1970 2231 diﬂusa,

408 2291 426 2322 r
456 2268 863 2324 Vesontionensi
896 2267 1301 2334 archiepiscopo
1333 2262 1471 2314 viam
1503 2274 1765 2312 universae
1795 2258 1974 2312 carnis

405 2364 663 2432 ingresso,
712 2369 818 2413 tam
859 2359 1026 2429 ipsius
1081 2369 1236 2411 terra:
1283 2354 1562 2425 principis,
1605 2367 1764 2421 quam
1812 2350 1975 2403 totius

403 2453 530 2507 cleri
559 2465 825 2506 consensu
874 2457 929 2504 et
955 2447 1154 2518 populi,
1203 2446 1267 2499 ad
1299 2445 1416 2514 ejus
1442 2444 1651 2498 culmen
1679 2441 1976 2509 suscipien-

404 2543 527 2594 dum
572 2537 911 2609 pontificatus
938 2537 1131 2590 beatus
1172 2534 1395 2587 Maiolus
1446 2531 1724 2601 impulsus,
1755 2549 1773 2580 ι
1808 2527 1976 2582 haud-

403 2645 670 2699 quaquam
722 2628 986 2682 assentire
1012 2625 1172 2680 voluit
1204 2624 1480 2693 :quinimo
1501 2638 1566 2676 eo
1589 2622 1758 2691 magis
1789 2621 1854 2675 ad
1887 2621 1977 2674 de-

405 2719 705 2774 clinandam
743 2721 882 2787 (qua:
936 2716 1198 2785 fugientes
1253 2714 1402 2782 sequi
1447 2713 1603 2776 solet)
1635 2712 1856 2780 gloriam
1890 2725 1978 2762 ar-

406 2811 616 2862 dentior
647 2807 841 2870 factus,
889 2806 954 2859 de
984 2805 1180 2859 saeculo
1226 2803 1476 2873 fugiendo
1519 2801 1701 2856 sedulo
1743 2799 1977 2868 cogitare

407 2901 587 2970 cmpit.
621 2897 725 2952 Sed
775 2907 834 2950 ut
877 2896 1184 2950 accuratius
1223 2904 1453 2963 tempus,
1492 2908 1597 2962 quo
1642 2892 1692 2944 id
1729 2889 1974 2958 contigit,

408 2989 731 3058 investigare
766 2986 948 3050 liceat,
979 2987 1222 3056 quaedam
1256 2985 1433 3039 Maioli
1473 2996 1582 3038 tum
1608 2982 1974 3039 archidiaconi

407 3078 544 3132 facta
572 3079 659 3132 hic
680 3092 1104 3132 commemorare
1125 3077 1295 3144 juvat.
1319 3077 1375 3131 ln
1396 3078 1478 3130 liis
1501 3080 1764 3144 reperitur
1788 3075 1976 3129 charta

408 3170 668 3239 qumdam,
699 3185 801 3238 qua
839 3187 858 3221 ‹
880 3171 1146 3224 Acbertus
1168 3169 1247 3221 vir
1282 3168 1546 3238 przecelsae
1573 3167 1864 3222 nobilitatis
1893 3186 1909 3216 ι
1944 3182 1975 3219 a

2071 2005 2299 2059 praeesse
2324 1991 2508 2044 voluit.
2535 2010 2553 2043 ι
2575 1991 2721 2047 llanc
2747 2007 2876 2048 vero
2906 1992 3081 2047 Maioli
3105 1993 3509 2048 conversionem
3543 2013 3646 2048 non

2072 2079 2240 2132 solum
2273 2079 2324 2132 in
2356 2079 2771 2134 lliidebrannum
2825 2081 3080 2149 priorem,
3111 2081 3204 2135 sed
3233 2082 3397 2136 etiam
3438 2084 3491 2137 in
3538 2085 3647 2153 Ay-

2075 2167 2243 2220 rnardi
2283 2185 2300 2216 ‹
2335 2168 2584 2219 meritum
2636 2167 2904 2236 patientiae
2928 2176 2984 2221 et
3021 2169 3318 2224 innocentis
3342 2172 3491 2235 vitae,
3530 2191 3547 2222 ι
3579 2175 3648 2225 ob

2074 2273 2231 2326 quam
2265 2275 2281 2307 ι
2322 2266 2469 2311 tanto
2495 2258 2692 2328 talique
2719 2275 2747 2312 a
2783 2260 2998 2314 Christo
3043 2260 3240 2317 ditatus
3280 2272 3362 2318 est
3392 2279 3646 2328 munere,

2073 2358 2133 2402 ut
2155 2347 2270 2415 ejus
2298 2357 2532 2416 tempore
2563 2349 2628 2400 ad
2650 2364 2883 2403 amorem
2916 2352 3199 2406 monastici
3230 2353 3434 2408 ordinis
3464 2365 3652 2409 auctor

2075 2450 2274 2494 nostra:
2310 2438 2496 2493 salutis
2522 2439 2736 2493 beatum
2788 2439 3037 2494 Maiolum
3078 2441 3326 2512 dignatus
3356 2443 3427 2497 sit
3469 2459 3654 2500 acccr~

2075 2543 2213 2585 sere.
2252 2548 2270 2579 ι

2147 2622 2233 2675 17.
2267 2620 2559 2676 Monachus
2587 2621 2780 2686 factus,
2810 2641 2826 2672 ‹
2865 2623 3118 2692 singulari
3143 2641 3252 2695 pra:
3281 2629 3494 2685 caeteris
3517 2647 3654 2699 prat-

2076 2709 2345 2764 eminebat
2393 2714 2608 2772 virtute,
2650 2732 2666 2762 ο
2699 2713 2772 2765 ait
2825 2713 2990 2783 Syrus
3027 2732 3039 2767 :
3077 2729 3308 2786 eumque
3353 2717 3655 2788 Aymardus

2083 2817 2101 2850 ι
2144 2799 2478 2855 bibliothecm
2501 2802 2797 2872 praeﬁcit-ns
2817 2843 2830 2868 ,
2859 2805 3295 2873 apocrisiariatus
3324 2807 3555 2865 oﬂicium
3577 2814 3655 2865 ci-

2084 2892 2203 2946 dem
2236 2891 2486 2961 injunxit,
2519 2911 2536 2943 ι
2567 2892 2630 2947 de
2655 2902 2849 2947 caetero
2879 2909 2908 2947 a
2938 2895 3142 2964 Virgilii
3175 2895 3508 2969 aliorumque
3533 2916 3656 2969 pro--

2077 2983 2320 3037 fanorum
2353 2992 2634 3038 auctorum
2681 2985 2908 3040 lectione
2949 2987 3242 3053 abstinens,
3271 2988 3509 3059 aliosque
3548 2991 3660 3044 fra~

2079 3085 2188 3132 tres
2225 3078 2292 3131 ab
2320 3093 2382 3132 ea
2407 3078 2701 3133 deterrens.
2725 3099 2742 3130 ‹
2774 3080 3171 3148 Apocrisiarius
3197 3093 3281 3137 est
3307 3085 3397 3152 qui
3427 3087 3659 3140 custodit

2076 3167 2317 3222 ecclesia:
2345 3168 2657 3223 thesaurum
2677 3209 2691 3233 ,
2720 3179 2776 3224 et
2801 3172 2852 3225 in
2881 3171 3032 3239 cujus
3075 3188 3234 3228 manu
3287 3184 3372 3229 est
3399 3177 3658 3246 quidquid

408 3260 742 3329 Maymboldo
815 3274 910 3314 seu
971 3258 1250 3312 Maiuhudo
1302 3259 1553 3326 episc0po
1606 3255 1982 3310 Matisconeusi
2011 3239 2054 3301 (ἶ
2087 3273 2114 3311 a
2150 3261 2497 3328 popularibus
2529 3263 2594 3316 ad
2622 3263 2807 3317 altaria
2840 3264 3080 3320 offertur.
3112 3286 3130 3318 ι
3161 3239 3446 3323 Udalricus
3472 3239 3659 3326 auctor

411 3351 590 3419 (quem
651 3350 888 3404 nonnulli
938 3349 1310 3418 Maguboldum
1352 3349 1603 3402 mendose
1648 3347 1860 3415 vocant)
1897 3362 1983 3400 ec-

411 3440 604 3493 clesias
631 3440 803 3507 quoad
834 3440 1057 3502 viveret,
1089 3438 1296 3492 obtinet
1322 3438 1373 3490 in
1407 3437 1572 3490 fundo
1604 3452 1712 3490 suae
1743 3437 1985 3505 proprie—

411 3529 556 3593 tatis,
588 3530 676 3598 qui
708 3529 903 3582 dicitur
933 3528 1222 3582 Scociacus
1270 3525 1634 3596 (liscuzotles),
1667 3525 1754 3580 ubi
1783 3527 1983 3596 princi-

411 3620 546 3688 palis
582 3620 807 3675 ecclesia
837 3629 920 3675 est
951 3621 1002 3673 in
1036 3621 1242 3674 honore
1278 3618 1448 3672 sancti
1480 3617 1728 3682 Andreaa,
1767 3619 1986 3687 insuper

412 3711 614 3780 capella
661 3713 832 3766 sancti
880 3709 1127 3775 Joannis,
1178 3719 1232 3765 et
1283 3710 1450 3763 altera
1498 3710 1670 3763 sancti
1726 3708 1981 3762 Marcelli.

416 3793 620 3867 Quibus
648 3801 842 3855 litteris
878 3817 1037 3854 manu
1073 3800 1286 3869 propria
1337 3799 1679 3853 subscribunt
1718 3796 1987 3868 Maymbo-

414 3891 513 3944 dus
534 3890 835 3959 episcopus,
858 3890 970 3943 Ado
1001 3888 1156 3952 abba,
1183 3889 1436 3958 (dignitas
1463 3887 1705 3941 ecclesias
1743 3886 1990 3940 Matisco-

415 3982 617 4050 nensis)
640 3991 694 4034 et
720 3980 960 4052 Mayolus
987 3980 1422 4043 archidiaconus,
1455 3994 1595 4031 anno
1624 3978 1781 4030 tertio
1808 3976 1986 4031 Ludo-

414 4072 517 4126 vici
540 4073 701 4141 regis,
727 4071 922 4126 Christi
947 4071 1070 4126 959.
1095 4071 1224 4125 ltem
1251 4087 1389 4124 anno
1411 4070 1648 4139 ejusdem
1677 4072 1818 4138 regis
1837 4079 1988 4123 sexto

418 4163 558 4218 idem
588 4160 922 4215 Maimbodus
951 4178 969 4210 ι
999 4160 1162 4214 nobili
1195 4162 1308 4214 viro
1336 4161 1582 4214 Achardo
1605 4179 1622 4211 ι
1659 4168 1853 4214 terram
1881 4174 1990 4213 suae

417 4255 680 4318 ecclesiae,
726 4269 746 4306 ι
777 4255 933 4308 sitam
980 4253 1034 4306 in
1062 4267 1196 4321 pago
1226 4251 1481 4317 Forense,
1516 4271 1534 4303 ι
1568 4252 1709 4306 locat
1733 4269 1744 4304 :
1771 4251 1991 4320 ejusque

419 4351 494 4404 rei
529 4351 882 4405 instrumento
915 4349 1054 4402 inter
1083 4347 1215 4400 alios
1245 4362 1456 4400 manum
1487 4360 1552 4400 ac
1597 4346 1805 4416 signum
1834 4360 1993 4414 appos

420 4443 498 4494 nit
527 4438 765 4510 Mayolus
811 4440 1214 4493 archidiaconus
1261 4447 1385 4492 ante
1430 4437 1667 4490 Adonem
1720 4436 1987 4491 abbatem.

419 4530 603 4597 Itaque
627 4531 691 4583 ad
723 4529 772 4583 id
800 4543 969 4598 usque
993 4537 1201 4596 tempus
1227 4528 1638 4581 archidiaconus
1659 4541 1779 4580 esse
1812 4540 1991 4593 perse-

419 4620 625 4674 veravit
676 4618 914 4676 Maiolus.
965 4632 1156 4686 nempe
1206 4619 1270 4671 ad
1320 4632 1516 4670 annum
1567 4617 1817 4671 Ludovici
1850 4617 1991 4685 regis

421 4720 655 4773 sextum,
679 4710 768 4778 qui
796 4708 991 4763 Christi
1023 4723 1195 4761 annus
1223 4707 1328 4761 949.
1351 4716 1488 4770 erat,
1518 4705 1764 4774 idemque
1785 4706 1991 4773 primus

421 4792 675 4870 Aymardi
707 4797 918 4851 abbatis
945 4796 1315 4850 Cluniacensis
1345 4803 1464 4863 post
1503 4804 1729 4848 mortem
1767 4793 1988 4848 Odonis.

495 4888 579 4942 16.
616 4888 790 4940 «Cum
840 4886 1098 4956 ejusmodi
1157 4885 1395 4939 moribus
1446 4884 1670 4952 polleret
1728 4884 1990 4948 Maiolus,

424 4977 831 5034 Vesontionensi
870 4977 1270 5045 archiepiscopo
1314 4976 1454 5029 viam
1503 4977 1764 5031 universa:
1813 4978 1994 5031 carnis

424 5073 682 5140 ingresso,
742 5077 850 5122 tam
923 5067 1085 5135 ipsius
1134 5076 1289 5121 terras
1334 5068 1591 5136 principis
1635 5083 1792 5136 quam
1834 5069 1994 5120 totius

2086 3350 2138 3403 in
2169 3350 2263 3404 lib.
2323 3367 2380 3405 nt
2442 3351 2898 3408 Consuetudinum
2950 3354 3379 3411 Cluniacensium
3413 3375 3531 3428 cap.
3567 3360 3656 3414 12.

2083 3441 2163 3494 Ad
2188 3441 2323 3495 idem
2359 3441 2590 3497 oiiicium
2625 3444 2949 3512 pertinuisse
2992 3446 3222 3512 videtur,
3254 3455 3311 3500 ut
3351 3449 3393 3503 si
3425 3463 3528 3518 qua
3568 3466 3658 3506 nc-

2085 3533 2228 3601 gotia
2258 3532 2400 3587 foras
2425 3537 2765 3603 exsequenda
2799 3545 2983 3600 erant,
3007 3550 3194 3592 eorum
3222 3538 3391 3606 gratia
3423 3541 3661 3596 mittet-c-

2088 3629 2176 3673 tur
2205 3622 2604 3690 apocrisiarius,
2639 3632 2696 3676 ut
2725 3624 2862 3692 apud
2888 3623 3176 3680 Romanos.
3209 3625 3433 3682 Maiolus
3461 3629 3661 3698 quippe

2087 3711 2372 3779 aliquando
2391 3713 2584 3766 missus
2606 3722 2685 3767 est
2707 3713 2929 3768 Romam
2954 3715 3020 3769 ab
3035 3715 3303 3785 Aymardo
3325 3720 3659 3788 negotiorum

2087 3815 2281 3866 causa;
2316 3817 2486 3870 eoque
2511 3803 2560 3855 in
2591 3803 2782 3857 itinere
2817 3804 3094 3874 Yporedite
3122 3805 3329 3877 (Yvrée)
3361 3809 3501 3879 (quae
3533 3812 3662 3865 urbs

2088 3899 2169 3943 est
2216 3891 2536 3960 episc0palis
2577 3893 2677 3946 sub
2720 3894 3125 3963 archiepiscopo
3155 3895 3494 3966 Taurinensi)
3541 3899 3666 3954 llel-

2090 3981 2296 4035 dricum
2347 3985 2667 4036 monachum
2719 3993 3068 4052 aegrotantem
3110 3987 3247 4040 sacri
3278 3987 3380 4041 olei
3413 3991 3665 4045 unctione

2089 4083 2266 4127 sanat.
2297 4073 2495 4128 Fuerat
2525 4075 2570 4129 is
2597 4094 2614 4126 ‹
2645 4077 2913 4143 quondam
2953 4077 3003 4129 in
3049 4077 3200 4132 Italia
3252 4080 3393 4134 inter
3443 4091 3666 4137 exteros

2089 4165 2353 4234 palatinos
2376 4166 2737 4230 honorabilis;
2771 4185 2785 4217 ι
2822 4167 2910 4235 qui
2940 4185 2958 4218 t
2995 4169 3148 4223 uxori
3186 4185 3306 4224 cum
3343 4186 3535 4240 magna
3583 4189 3670 4227 re-

2095 4272 2210 4309 rum
2245 4256 2524 4324 temporali
2555 4257 2706 4324 c0pia
2737 4257 3144 4323 abrenuntians,
3174 4260 3417 4328 deposito
3455 4261 3667 4332 cingulo

2092 4343 2402 4398 Cluuiacum
2435 4360 2493 4398 se
2523 4345 2827 4409 conferens,
2874 4347 3014 4400 beati
3044 4347 3315 4402 Benedicti
3348 4364 3406 4403 se
3436 4351 3678 4404 subdidit

2093 4435 2401 4502 proposito,
2452 4455 2469 4485 ι
2525 4445 2578 4488 et
2626 4436 2838 4504 quidem
2888 4435 3061 4491 Maioli
3113 4436 3254 4491 fama
3296 4439 3576 4507 impulsus,
3611 4453 3672 4495 ut

2096 4523 2257 4575 tradit
2281 4522 2446 4591 Syrus
2470 4524 2521 4575 in
2545 4523 2636 4577 lib.
2666 4540 2724 4577 ιι.
2757 4524 2836 4576 An
2873 4525 2916 4578 is
2944 4527 3014 4579 sit
3042 4522 3346 4590 Heldricus,
3375 4529 3464 4595 qui
3494 4529 3665 4583 sancti

2095 4612 2347 4666 Germani
2399 4614 2538 4682 apud
2587 4613 3022 4668 Antissiodorum
3078 4616 3243 4670 abbas
3295 4617 3414 4681 fuit,
3449 4619 3672 4675 inferius

2095 4702 2478 4770 expendemus.
2505 4700 2778 4756 Unctioni:
2815 4717 3195 4758 sacramentum
3232 4708 3674 4779 appellatNalgo-

2097 4792 2196 4846 dus
2221 4808 2341 4846 eum
2385 4793 2544 4845 ritum
2565 4834 2578 4855 ,
2605 4809 2710 4860 quo
2739 4793 3021 4849 lieldricus
3043 4811 3071 4849 a
3098 4794 3290 4851 Maiolo
3317 4808 3539 4854 sanatus
3566 4810 3671 4854 est.

2097 4880 2212 4934 lluc
2247 4891 2493 4949 spectant
2519 4897 2578 4935 ea
2613 4898 2731 4951 quae
2778 4883 3014 4939 diximus
3040 4886 3093 4940 in
3134 4885 3448 4955 praefatione
3495 4892 3678 4947 surculi

2099 4971 2254 5039 primi
2283 4973 2348 5025 de
2372 4969 2631 5037 ejusmodi
2665 4974 3008 5031 unctionibus

2172 5060 2582 5116 i8.Pra:dictum
2606 5064 3038 5131 apocrisiariatus
3055 5065 3285 5123 ofﬁcium
3305 5069 3430 5124 item
3455 5073 3688 5139 probant

424 5160 551 5214 cleri
577 5172 841 5213 consensu
891 5165 946 5209 et
984 5156 1182 5224 populi,
1211 5157 1276 5210 ad
1307 5153 1421 5220 ejus
1451 5156 1660 5209 culmen
1699 5157 1995 5224 suscipien-

425 5253 547 5304 dum
565 5250 909 5318 pontitimtus
937 5248 1241 5314 impellitur.
1265 5267 1281 5296 ι
1303 5246 1454 5311 Quod
1481 5248 1589 5317 ipse
1614 5263 1722 5316 pra:
1738 5250 1996 5302 modestia

423 5348 732 5377 nuncin-itm-
762 5337 1027 5377 rpmmavit
1082 5337 1135 5377 Iri
1163 5353 1189 5377 ει
1223 5337 1360 5377 ςννη
1388 5347 1438 5377 Μ
1474 5337 1709 5377 anandn
1730 5340 1998 5377 mnmm-i-n

2104 5151 2207 5206 alia
2239 5151 2478 5220 quaedam
2511 5155 2746 5222 negotia,
2770 5170 2999 5225 quorum
3021 5167 3304 5214 exsecutor
3328 5160 3550 5215 Maiolus
3572 5179 3696 5222 mn-

2107 5245 2308 5300 nachus
2332 5244 2448 5299 fuit.
2483 5243 2616 5298 Nam
2654 5261 2798 5302 anno
2830 5247 2887 5302 ll
2941 5249 3196 5306 Ludovici
3251 5253 3394 5324 regis
3450 5269 3468 5301 ‹
3509 5250 3704 5315 Hilde-

2109 5336 2342 5377 Ilrnndnc
2387 5342 2440 5377 Pl
2494 5335 2717 5377 Marini":
2764 5337 3088 5377 nlnnilnrnnl
3122 5357 3139 5377 ι
3198 5355 3380 5377 ρηιι-ιιηη
3434 5338 3716 5377 1.οη1σ›1.ι-
