4494 5520
866 456 969 512 719
1954 452 2011 506 S.
2056 453 2290 509 MAIOLI
2329 454 2618 510 ABBATlS
2656 452 2974 512 CLUNMC.
4014 459 4118 514 729

855 562 1041 617 martlo
1074 562 1139 614 ad
1180 560 1540 616 Muimbodum
1568 562 1875 631 episcopum
1909 560 2356 616 ltlalisconensem
2384 562 2435 615 in
2467 570 2513 626 Α
2614 563 2699 616 20.
2731 564 2835 619 Per
2868 566 2917 619 id
2946 566 3244 621 communis
3278 566 3757 623 administrationis
3789 578 4015 641 tempus,
4041 571 4119 624 al-

852 650 1056 721 syuodo
1086 651 1407 706 cxistentem
1430 691 1443 716 ,
1471 652 1691 723 petituri
1737 654 1803 708 ab
1840 667 1904 708 eo
1930 652 2165 707 decimas
2190 652 2438 706 ccclesia-
2546 657 2802 710 tet-utrius
2860 658 3067 712 abbatis
3123 658 3337 712 nomine
3370 660 3720 714 instrumenta
3751 663 3961 732 publica
3991 664 4122 719 iusi-

847 763 966 801 rum
1024 746 1195 800 sancti
1240 745 1469 800 Andreae
1512 746 1565 800 in
1615 747 1881 812 Evranda,
1934 755 1987 801 ct
2023 747 2189 801 sancti
2238 745 2433 801 Boniti.
2541 747 2687 815 gnita
2738 757 2924 813 erant,
2960 748 3133 817 qualia
3186 749 3237 803 in
3297 749 3469 819 elogio
3523 751 3774 822 Aymardi
3829 752 4121 809 observare

848 839 974 894 llaec
1009 838 1221 908 aliaque
1274 837 1417 893 facta
1449 840 1689 909 apprime
1721 841 2091 894 demonstrant
2121 837 2437 893 Cluniaccn-
2540 838 2682 891 licet.
2716 838 2808 891 llis
2833 838 2969 894 addo
3002 839 3052 892 in
3087 855 3320 908 praesens
3349 846 3593 894 chartam
3624 840 3914 911 Girbergre,
3949 844 4121 898 cccle-

845 944 957 983 sem
987 927 1369 999 priepositum,
1419 930 1594 999 qualis
1641 938 1759 983 erat
1807 929 2227 995 llildebrandus,
2274 938 2436 998 atque
2538 930 2671 981 s‘am
2718 928 2885 982 sancti
2953 928 3191 982 Mauricii
3244 931 3297 984 in
3360 933 3615 985 comitattt
3667 932 4005 987 Cabilonensi
4064 935 4118 988 in

845 1021 1256 1089 apocrisiarium
1275 1036 1459 1075 curam
1485 1022 1716 1092 gessisse
1739 1022 1804 1075 de
1830 1020 2211 1089 temporalibus
2234 1020 2428 1074 causis.
2537 1016 2658 1069 Villa
2701 1017 2922 1087 Breugis
2956 1029 3009 1072 et
3059 1020 3177 1073 Villa
3226 1020 3409 1074 Canna
3439 1020 3811 1086 concedentis,
3850 1023 3989 1076 sicut
4018 1025 4122 1077 Ar-

842 1111 1046 1167 Deiude
1087 1111 1373 1166 collatione
1421 1111 1561 1166 facta
1615 1112 1813 1181 prioris
1856 1111 2010 1164 istius
2056 1108 2223 1174 facti,
2289 1109 2430 1178 quod
2535 1108 2734 1161 dradtts
2762 1110 3047 1178 episcopus
3079 1112 3281 1177 tenuit,
3316 1127 3457 1165 anno
3492 1114 3651 1166 tertio
3686 1112 3924 1167 Lotharii
3953 1116 4117 1183 regis.

842 1217 984 1258 anno
1014 1204 1071 1256 H
1116 1203 1372 1258 Ludovici
1408 1203 1552 1274 regis
1580 1219 1606 1257 a
1643 1203 1835 1257 Maiolo
1860 1202 1972 1273 jam
2024 1203 2288 1257 monacho
2342 1218 2424 1271 gc-
2532 1198 2683 1253 Addo
2710 1200 2871 1253 etiam
2925 1203 3171 1256 chartam
3203 1201 3493 1257 Gauzbcrli
3544 1202 3840 1273 c'jnsdam,
3881 1206 3970 1274 qui
4000 1206 4119 1260 alo-

842 1304 983 1349 stum
1012 1304 1115 1358 est,
1138 1310 1259 1349 cum
1304 1294 1408 1348 alio
1434 1295 1723 1365 superiori,
1747 1295 1831 1349 cui
1860 1296 1995 1349 idem
2031 1303 2139 1348 tum
2163 1295 2430 1349 archidia-
2533 1292 2654 1345 dum
2696 1309 2871 1357 suum,
2913 1312 2931 1344 ί
2980 1296 3063 1349 cui
3095 1304 3303 1349 vetusto
3329 1297 3590 1352 vocabulo
3618 1297 3809 1353 Latina
3842 1299 4121 1354 rusticitas

840 1402 1008 1441 canus
1031 1402 1173 1441 anno
1201 1396 1355 1441 sexto
1398 1386 1566 1456 ipsius
1602 1386 1855 1440 Ludovici
1888 1386 2231 1455 subscripsit,
2265 1385 2429 1438 mani.
2531 1380 2797 1435 Pctrafixa
2848 1398 3039 1437 nomen
3092 1384 3303 1450 indidit,
3337 1387 3501 1440 situm
3549 1388 3599 1441 in
3648 1388 3905 1441 suburbio
3934 1387 4119 1443 Briva-

840 1480 975 1533 fesle
1028 1477 1329 1546 colligimus
1377 1476 1627 1531 Maiolum
1653 1477 1849 1531 sacculo
1876 1478 2121 1530 nuntium
2155 1476 2428 1531 remisisse
2533 1471 2691 1536 leusi,
2725 1472 3025 1544 lleymardo
3057 1474 3270 1540 abbati,
3311 1494 3329 1526 ι
3369 1491 3430 1529 ac
3471 1478 3749 1531 monachis
3785 1477 4121 1533 Celsinianas

838 1587 979 1625 anno
1005 1571 1233 1639 septimo
1258 1568 1337 1623 vel
1369 1578 1559 1625 octavo
1586 1570 1734 1640 regni
1776 1569 2147 1634 Ludovici,id
2179 1578 2426 1624 estanuo
2528 1564 2921 1629 incolentibus,
2972 1576 3230 1635 perpetuo
3276 1567 3398 1637 jure
3456 1570 3601 1623 dedit
3661 1589 3678 1620 ι
3728 1585 3825 1638 pro
3878 1571 4119 1625 remedio

835 1662 941 1716 945
972 1662 1052 1716 vel
1086 1662 1420 1731 insequente.
2527 1658 2718 1711 anima:
2748 1674 2858 1711 sua:
2887 1668 2942 1711 et
2964 1659 3193 1713 senioris
3226 1661 3306 1713 sui
3339 1661 3615 1714 Bertraudi
3646 1677 3707 1716 ac
3735 1661 3991 1730 Stephani
4020 1662 4115 1716 filii

834 1769 924 1824 lV.
959 1770 1214 1841 Ejusdem
1257 1771 1441 1844 electio
1481 1772 1532 1844 in
1568 1772 1802 1844 abbatem
1851 1771 2263 1825 Cluniacenscm.
2293 1773 2420 1825 Arta
2524 1745 2607 1813 ej"

2342 1782 2420 1825 LM
2524 1745 2660 1813 ejus.
2694 1765 2711 1795 υ
2744 1747 2936 1799 Actum
2971 1755 3053 1800 cst
3092 1749 3192 1802 hoc
3216 1749 3355 1817 apud
3392 1749 3724 1806 Celsinianas
3750 1770 3767 1801 ι
3814 1766 3996 1806 mense
4027 1752 4117 1806 .Ia-

1359 1842 1452 1894 δυῤ
1480 1841 1591 1910 ejus
1624 1843 1889 1912 regimine,
2525 1837 2714 1887 nuario
2736 1874 2747 1895 ,
2774 1848 2914 1887 anno
2935 1844 3130 1902 quarto
3170 1845 3427 1904 regnante
3452 1837 3711 1892 Lothario
3749 1854 3872 1911 rege
3891 1880 3905 1905 ,
3934 1839 4001 1894 ab
4032 1840 4117 1894 ln-

915 1932 999 1987 19.
1033 1932 1217 2002 Neque
1252 1933 1302 1987 id
1349 1934 1577 1987 obscure
1626 1934 1827 1987 ίιηιίραι
1882 1942 2110 2002 tempus,
2165 1948 2271 2001 quo
2326 1932 2424 2001 Ay.
2456 1916 2496 1974 Β
2528 1924 2838 1978 carnationc
2880 1924 3091 1979 Domini
3140 1925 3263 1980 938.
3310 1945 3328 1977 ι
3372 1927 3570 1983 Eodem
3613 1944 3753 1983 anno
3798 1944 3981 1984 mense
4009 1930 4116 1984 De-

834 2024 1055 2077 mardus
1081 2039 1202 2076 eum
1254 2024 1353 2077 sibi
1387 2038 1755 2077 successorem
1786 2022 1985 2091 allegit.
2031 2022 2253 2075 Maiolus
2279 2022 2421 2075 enim
2527 2016 2730 2069 ccmbri
2760 2035 2776 2067 ‹
2813 2014 3039 2070 Maiolus
3084 2017 3252 2071 abbas
3282 2036 3298 2068 ι
3332 2019 3593 2087 quasdam
3649 2029 3821 2075 terras
3876 2022 3927 2075 in
3976 2036 4116 2091 pago

824 2112 937 2181 jam
964 2114 1085 2167 inde
1106 2114 1173 2165 ab
1198 2128 1340 2167 anno
1368 2114 1430 2167 l5
1453 2112 1709 2167 Ludovici
1740 2112 1908 2166 abbas
1937 2112 2110 2165 dictus
2140 2124 2240 2174 est,
2271 2121 2327 2165 ut
2357 2129 2421 2167 ex
2529 2106 2926 2172 Matisconensi,
2959 2108 3012 2161 in
3041 2108 3166 2161 villa
3197 2108 3489 2165 Materiaco
3505 2112 3730 2182 aliisque
3752 2114 3881 2167 emit
3903 2134 3921 2165 ‹
3942 2117 4115 2184 pretio

830 2205 1150 2273 quibusdam
1187 2206 1561 2258 iusmtmentis
1597 2205 1648 2258 in
1694 2204 1869 2273 elogio
1900 2203 2156 2274 Aymardi
2188 2205 2424 2259 ostendi-
2526 2196 2630 2250 400
2660 2196 2975 2251 solidorum-
3015 2217 3033 2249 ι
3068 2197 3291 2253 Biennio
3321 2210 3442 2269 post
3470 2202 3774 2259 Adalradus
3801 2220 3886 2259 res
3911 2222 4036 2261 suas
4060 2208 4113 2261 in

828 2310 969 2349 mus.
997 2294 1156 2364 Atqui
1190 2313 1205 2345 ‹
1241 2304 1393 2349 sexto
1423 2309 1562 2348 anno
1591 2296 1671 2364 (ut
1701 2294 1892 2365 fertur)
1918 2294 2285 2350 coutcrsionis
2313 2311 2423 2351 sum
2524 2286 2646 2340 Vina
2691 2306 2708 2338 ί
2743 2288 2808 2341 de
2861 2288 3167 2351 Ρθτδειθυιο
3227 2308 3244 2339 ³
3303 2290 3505 2344 Vical‘ia
3561 2291 3846 2347 YCiOIICHSi
3875 2334 3891 2359 9
3952 2297 4115 2350 ll'adil

830 2404 858 2438 a
890 2386 1085 2439 szccnln
1120 2405 1136 2437 ι
1174 2384 1431 2455 Aymardi
1479 2386 1738 2439 vicarium
1772 2401 1836 2439 ac
1878 2400 2248 2440 successorem
2275 2387 2421 2441 desi-
2530 2398 2547 2429 ι
2584 2382 2928 2447 δυηοιιιαῐίον
2970 2384 3112 2450 quod
3166 2382 3365 2436 (Ῐίοίιιιν
3414 2383 3783 2451 εειδίῐιειηὶθε,
3826 2388 4114 2445 instituens

831 2485 1051 2545 gnatum
1104 2474 1270 2529 fuisse
1308 2474 1464 2531 Odilo
1498 2476 1679 2530 tradit.
1716 2476 1899 2545 Itaque
1951 2477 1993 2530 si
2045 2477 2112 2531 ab
2151 2493 2291 2533 anno
2321 2479 2423 2532 Lu-
2525 2472 2765 2526 llfﬂl‘etics
2811 2474 3137 2537 "1011801105,
3168 2474 3364 2528 ibidem
3410 2476 3521 2530 Deo
3568 2488 3727 2532 nocte
3767 2494 3831 2533 ac
3871 2480 3955 2535 die
3992 2497 4112 2536 ser-

829 2568 1003 2622 dovici
1039 2568 1197 2621 tertio
1228 2568 1439 2623 decimo
1474 2568 1730 2622 detrahas
1776 2584 1947 2622 annos
1974 2584 2089 2634 ser,
2126 2572 2423 2625 remanebit
2521 2562 2748 2626 Vicnles.
2775 2563 2969 2631 (Ιιιίὺυε
2993 2563 3303 2618 "macram"
3332 2579 3586 2620 reverens
3608 2568 3906 2635 Palemilas
3928 2570 4111 2625 ἀοιηηί

805 2661 1002 2711 annus
1042 2658 1323 2727 Septimus,
1352 2672 1513 2725 quem
1566 2656 1738 2711 Maioli
1771 2659 2123 2713 conversione
2158 2659 2418 2715 illustrem
2522 2650 2580 2704 Μέ

2335 2675 2418 2715 em
2522 2650 2697 2706 Maioli
2756 2653 3009 2723 prmeipui
3045 2654 3232 2723 patris.
3286 2655 3419 2709 Data
3470 2656 3521 2709 in
3572 2672 3757 2712 mense
3792 2658 4109 2725 Februario,

826 2750 993 2804 fuisse
1049 2750 1273 2819 proinde
1320 2750 1631 2804 existimare
1668 2748 1813 2803 licet.
1848 2750 1914 2803 At
1943 2766 2049 2819 quo
2092 2750 2269 2805 minus
2306 2752 2421 2821 ejus
2523 2742 2582 2795 Η

2335 2752 2421 2821 jus
2523 2742 2582 2795 Η
2629 2743 2713 2797 die
2757 2743 2923 2811 ipsius
2975 2744 3175 2797 mensis
3214 2760 3355 2799 anno
3392 2744 3682 2801 Dominicaa
3720 2748 4110 2806 incarnationis

826 2838 1143 2892 electionem
1182 2839 1281 2892 sub
1328 2837 1597 2892 Ludovico
1639 2838 2026 2892 Transmarino
2075 2854 2417 2908 reponamus,
2521 2832 2601 2887 96l

2336 2856 2417 2906 us,
2521 2832 2656 2897 960,
2686 2848 2828 2887 anno
2855 2842 3035 2887 autem
3077 2834 3286 2903 imperii
3320 2834 3558 2889 Lotharii
3591 2841 3731 2906 regis
3760 2838 4111 2912 Francigenm

826 2931 957 2985 illud
984 2931 1201 2985 obstare
1244 2930 1477 2995 videtur,
1526 2929 1669 2999 quod
1723 2944 1865 2984 anno
1910 2931 2147 2985 secundo
2178 2931 2418 2987 Lotharii
2523 2942 2576 2980 IV

2333 2933 2418 2987 irii
2523 2942 2576 2980 tv
2643 2926 2941 2997 (legendum
3009 2928 3083 2995 Vl)
3152 2927 3402 2981 secunda:
3471 2928 3810 2998 Olympiadis.
3877 2952 3895 2984 ι
3952 2936 4108 2990 Anne

825 3026 967 3096 regis
988 3067 1001 3091 ,
1034 3025 1286 3079 Ludovici
1321 3024 1415 3077 filii
1445 3040 1507 3079 ac
1537 3024 1869 3079 successoris
1889 3064 1902 3089 ,
1936 3039 2043 3093 quo
2069 3038 2211 3077 anno
2250 3023 2418 3078 Maio-
2521 3032 2600 3084 suj

2339 3024 2418 3078 io-
2521 3016 2799 3084 superiore
2845 3015 3131 3071 Lotharius
3176 3032 3305 3080 rex,
3352 3018 3658 3086 postulante
3699 3019 3975 3093 Gerberga
4020 3040 4106 3078 re-

823 3116 910 3171 ]us
936 3132 1059 3171 cum
1093 3114 1454 3169 [lildebramjo
1492 3115 1557 3168 ad
1586 3112 1871 3167 Maimhodi
1916 3112 2175 3183 swodum
2202 3127 2299 3181 pro
2326 3113 2419 3168 de-
2521 3106 2643 3173 gina
2692 3114 2865 3159 matre
2915 3120 3045 3168 sua,
3111 3107 3493 3160 monasterium
3539 3110 3709 3163 sancti
3776 3112 4003 3167 Amandi
4052 3116 4107 3167 in

824 3210 979 3263 cimis
1005 3207 1270 3262 Evranda:
1309 3216 1363 3259 et
1407 3206 1580 3260 sancti
1628 3204 1804 3258 Boniti
1854 3204 2052 3258 missus
2096 3213 2199 3267 est,
2250 3205 2419 3274 ipsius
2521 3195 2777 3249 comitatu
2810 3195 3106 3249 'frahesino
3136 3194 3467 3264 (Nautuense
3499 3198 3713 3269 vocant)
3754 3205 3895 3270 quod
3932 3221 3950 3252 ‹
3984 3205 4109 3258 abs-

822 3314 1019 3353 nomen
1084 3298 1136 3351 in
1203 3299 1387 3351 charta
1436 3296 1775 3349 Eldcbrando
1825 3294 2187 3363 postponitur,
2239 3308 2412 3363 neque
2443 3281 2483 3340 C
2517 3300 2621 3353 que
2657 3284 2959 3339 rectoribus
2983 3284 3144 3337 veluti
3182 3284 3231 3337 in
3264 3285 3705 3345 iuliabilabilibus
3730 3291 3863 3347 locis
3902 3313 3919 3344 ι
3944 3297 4107 3351 situm

822 3389 1021 3453 abbas,
1076 3388 1170 3442 sed
1224 3396 1432 3440 tantmn
1499 3387 1783 3438 monac/ms
1845 3385 2162 3454 appellatur.
2215 3384 2412 3438 Verum
2518 3384 2657 3439 eral.
2699 3375 2959 3429 CluniaCO
2996 3375 3244 3445 διιιῆίοῖῐ,
3282 3395 3299 3426 ί
3342 3386 3397 3429 ιιι
3432 3378 3481 3429 iu
3510 3391 3766 3449 quantum
3806 3384 3947 3440 Deus
3982 3403 4109 3458 sup-

819 3492 1020 3554 prtetcr
1058 3496 1121 3535 ea
1160 3496 1277 3549 qua:
1310 3480 1375 3532 ad
1405 3478 1553 3547 prius
1584 3478 1713 3531 illud
1756 3476 2089 3545 probandum
2139 3478 2190 3530 in
2240 3476 2413 3546 elogio
2516 3467 2839 3535 peditaverit
2868 3468 3171 3533 consilium,
3206 3472 3330 3527 illud
3364 3486 3714 3531 construatur
3744 3480 3795 3533 in
3839 3481 4107 3539 habitabi-

818 3570 1077 3643 Aymardi
1126 3571 1353 3624 adducta
1406 3576 1563 3629 sum,
1595 3568 1832 3621 οοουιτίι
1861 3573 1913 3619 ει
1953 3565 2095 3619 aliud
2127 3580 2415 3635 argumen-
2517 3558 2656 3611 libus
2702 3557 2852 3611 locis.
2903 3559 3095 3612 Datum
3142 3578 3195 3615 ix
3258 3562 3375 3617 Kal.
3428 3564 3679 3622 Deeemb.
3727 3586 3868 3625 anno
3920 3573 3953 3626 5
4002 3574 4108 3629 Lo-

819 3673 934 3718 tum
966 3678 1031 3717 ex
1081 3662 1275 3715 litteris
1307 3660 1615 3713 donationis
1663 3658 1945 3729 Maytrami
1977 3656 2285 3726 cujusdam,
2321 3658 2411 3728 qui
2519 3654 2678 3707 tharii
2733 3655 2903 3726 regis,
2962 3655 3150 3709 indict.
3209 3658 3283 3721 3,
3339 3660 3391 3713 in
3448 3656 3753 3719 Divlonensi
3802 3667 4019 3736 palatio.
4078 3689 4098 3722 ι

826 3776 844 3806 ι
880 3756 948 3810 ad
1004 3754 1178 3808 locum
1228 3752 1565 3807 Celsinianas
1617 3761 1671 3804 et
1722 3752 1921 3805 domno
1960 3750 2150 3803 Maiolo
2174 3750 2355 3803 abbati
2388 3770 2405 3801 ι
2518 3746 2622 3801 Sed
2673 3748 2774 3802 hoc
2816 3749 2931 3803 loco
2984 3752 3034 3804 in
3088 3755 3402 3808 memoriam
3462 3761 3760 3813 revocanda
3822 3772 3904 3815 est
3945 3778 4106 3835 supe-

819 3850 967 3904 dedit
993 3848 1173 3901 villam
1196 3848 1261 3901 de
1294 3847 1528 3901 Becedas
1557 3865 1573 3895 ι
1602 3861 1786 3900 mense
1808 3845 2125 3910 Februario,
2153 3856 2413 3917 regnante
2517 3839 2594 3891 l‘i"

2327 3856 2413 3902 me
2517 3839 2627 3891 rius
2652 3840 2788 3893 edita
2831 3845 3107 3911 prmstaria
3153 3846 3331 3901 Maioli
3384 3846 3594 3904 abbatis
3646 3851 3699 3905 in
3739 3856 3964 3922 gratiam
3992 3858 4102 3910 Ar-

820 3942 1096 3997 Ludovico
1137 3956 1261 4009 rege
1291 3940 1645 3993 Francorum.
1686 3958 1702 3990 ›
1740 3938 1891 3993 Unde
1920 3954 2257 4007 consequens
2295 3950 2409 4003 est,
2518 3928 2644 3982 ηιιηῖ
2696 3931 2915 3986 Αιθηείε
2965 3936 3203 4004 θρίεοορί
3258 3937 3324 3991 de
3381 3938 3703 4006 (ἰυίυιιεάθηι
3772 3945 3929 3998 rebus
3985 3948 4103 4000 suis

820 4032 1072 4088 Maiolum
1098 4039 1359 4101 regnante
1411 4029 1685 4084 Ludovico
1729 4027 1843 4096 jam
1874 4029 2127 4083 abbatem
2154 4028 2408 4083 audiisse.
2516 4019 2595 4073 IIII!

2331 4043 2408 4083 se,
2516 4019 2871 4076 luereditariis
2910 4024 2961 4077 in
3006 4024 3288 4079 Provincia
3333 4028 3481 4096 sitis,
3512 4028 3650 4084 facta
3688 4047 3831 4086 anno
3862 4034 3933 4088 23
3958 4034 4106 4090 Coti-

818 4127 890 4178 At
920 4122 1176 4193 quoniam
1210 4120 1513 4190 Aymardus
1554 4134 1657 4171 non
1689 4119 1761 4171 ita
1818 4118 2057 4187 regimen
2091 4119 2142 4171 in
2170 4133 2291 4173 eum
2323 4133 2408 4172 re-
2516 4113 2630 4165 radi
2671 4114 2840 4181 regis,
2887 4115 2977 4183 qui
3026 4132 3199 4169 annus
3229 4116 3427 4172 Christi
3457 4135 3598 4174 anno
3638 4120 3740 4175 960
3789 4126 4097 4193 re5p0ndet.

816 4216 1040 4286 iecerat,
1066 4223 1127 4269 ut
1155 4212 1345 4284 primis
1373 4211 1529 4265 annis
1558 4210 1691 4265 nihil
1717 4211 1935 4264 omnino
1982 4210 2228 4281 gesserit,
2262 4217 2321 4264 ut
2359 4209 2411 4263 in
2516 4204 2591 4257 De

2359 4209 2411 4263 in
2516 4203 2648 4257 Dein
2695 4219 2838 4257 anno
2879 4204 2982 4259 962
3033 4205 3316 4261 Albericus
3358 4223 3581 4277 comes,
3633 4210 3871 4268 Leotaldi
3925 4215 4098 4281 filius,

820 4310 995 4379 elogio
1028 4306 1287 4379 Aymardi
1330 4321 1358 4358 θ
1410 4304 1566 4358 nobis
1620 4304 1822 4358 dictum
1884 4312 1997 4369 est,
2047 4304 2295 4375 contigit,
2353 4312 2413 4357 ιιι
2516 4292 2707 4347 Maiolo
2750 4294 2931 4348 abbati
2996 4305 3048 4348 et
3104 4298 3385 4352 monachis
3436 4298 3552 4367 ejus
3595 4301 3763 4357 multa
3811 4306 3975 4361 donat
4042 4310 4094 4363 in

822 4399 1070 4462 Maiolus,
1103 4397 1192 4468 qui
1227 4396 1406 4463 potius
1430 4392 1712 4462 coadjutor
1740 4395 2085 4457 censebatur,
2122 4394 2412 4464 aliquando
2516 4401 2652 4457 pago
2697 4386 3077 4443 Matisconensi
3132 4407 3151 4439 ι
3200 4406 3341 4444 anno
3364 4392 3397 4447 8
3424 4390 3664 4447 Lotharii
3702 4396 3862 4467 regis.
3898 4416 3915 4449 ι
3953 4398 4097 4454 Prae-

822 4490 982 4543 abbas
1024 4503 1053 4541 a
1106 4485 1459 4543 ssccularibus
1507 4484 1558 4538 in
1610 4484 1839 4554 publicis
1889 4484 2281 4548 instrumentis,
2315 4483 2413 4537 ali-
2516 4486 2661 4533 terea
2694 4492 2835 4532 anno
2863 4479 3072 4534 decimo
3111 4479 3348 4547 ejusdem
3378 4482 3700 4540 Amblardus
3725 4485 4097 4557 Lugdunensis

822 4581 1038 4651 quando
1073 4575 1357 4631 monac/ms
1393 4574 1772 4645 appellaretur,
1806 4574 2039 4628 maxime
2075 4574 2127 4628 in
2171 4575 2236 4629 iis
2274 4575 2410 4629 actis
2444 4634 2485 4651 ,ἱ
2516 4568 2751 4636 pontifex
2806 4569 3045 4639 ipsismet
3093 4569 3285 4625 Maiolo
3340 4579 3395 4625 et
3460 4572 3721 4630 fratribus
3773 4578 3867 4632 dat
3921 4582 4096 4637 eccleo

822 4634 942 4739 quae
972 4674 1193 4723 curante
1233 4634 1505 4735 Aymardo
1551 4634 1787 4734 gerebat.
1834 4663 1889 4717 ld
1936 4664 2161 4717 innuere
2196 4664 2409 4718 videtur
2440 4634 2487 4691 ί)
2515 4634 2648 4715 siam
2694 4634 2895 4714 saucia:
2937 4660 3116 4715 Maria:
3178 4660 3245 4717 de
3276 4661 3659 4720 Cantumerula
3691 4684 3711 4717 ‹
3746 4667 3798 4721 in
3836 4683 3969 4740 pago
3994 4672 4095 4725 Ar-

821 4759 1129 4816 Chronicon
1174 4756 1528 4811 Malleacense
1548 4796 1560 4820 ,
1586 4756 1672 4808 ubi
1705 4754 1926 4809 Maiolus
1957 4754 2169 4818 dicitur,
2206 4773 2223 4806 ι
2266 4770 2409 4809 anno
2513 4753 2732 4807 vernico
2770 4773 2787 4805 ι
2818 4763 2871 4807 et
2902 4754 2953 4808 in
2984 4754 3185 4809 vicaria
3245 4754 3599 4822 Randerensi,
3630 4770 3685 4813 et
3730 4761 3939 4817 vineam
3968 4780 4092 4819 cum

823 4852 920 4908 96!
942 4893 956 4916 ,
986 4857 1137 4906 sexto
1183 4862 1325 4903 anno
1356 4846 1712 4902 ordinationis
1742 4860 1851 4900 suae
1887 4844 2194 4915 suscepisse
2222 4861 2407 4901 curam
2512 4844 2645 4897 silva
2666 4844 2804 4914 apud
2821 4842 3140 4909 Vetreriam,
3172 4864 3188 4895 ‹
3210 4854 3263 4900 et
3284 4847 3335 4900 in
3352 4847 3939 4917 pagoClaromontense
3959 4874 3976 4906 ι
3996 4856 4095 4910 vll-

822 4939 1195 4995 Cluuiacensis
1220 4936 1485 4999 caenobii,
1526 4955 1544 4989 ι
1580 4934 1632 4989 id
1672 4943 1755 4990 est
1784 4936 2053 5005 integrum
2083 4936 2320 5007 regimen
2354 4938 2406 4991 in
2512 4934 2619 4987 lam
2660 4935 2975 4989 Luxiacum.
3028 4934 3157 5004 Ejus
3187 4935 3387 4991 litteris
3415 4939 3766 4996 subscribunt
3789 4944 4091 5013 Stephanus

824 5045 882 5083 se
916 5028 1219 5097 suscepisse
1247 5040 1387 5079 anno
1416 5032 1569 5079 sexto
1598 5040 1627 5078 a
1659 5040 1753 5079 sua
1790 5024 2071 5088 electione,
2103 5026 2314 5081 tametsi
2341 5042 2407 5081 ex
2512 5026 2794 5095 episcopus
2825 5027 3189 5081 Arvernorum
3234 5037 3289 5081 et
3323 5027 3617 5085 Rotbertus
3646 5031 3814 5087 abbas
3854 5051 3995 5091 anno
4023 5038 4085 5091 11

828 5124 987 5179 dictis
1010 5120 1295 5178 dicendum
1340 5127 1485 5175 esset
1533 5134 1675 5173 anno
1723 5118 1807 5172 12.
1839 5117 1969 5188 Ejus
1993 5134 2157 5189 porro
2200 5119 2406 5174 litteras
2511 5118 3028 5173 LothariiJlaiolus
3055 5120 3269 5175 humilis
3298 5122 3457 5176 abbas
3480 5134 3525 5177 et
3556 5122 3897 5194 Heymardus
3928 5130 4089 5186 abbas

823 5212 1104 5269 electionis
1130 5212 1183 5265 in
1232 5210 1399 5279 ipsius
1448 5209 1706 5280 Aymardi
1738 5208 1907 5279 elogio
1937 5209 2240 5275 retulimus,
2271 5225 2405 5279 qua-
2512 5211 2862 5265 subscribunt
2887 5211 3100 5265 cuidam
3124 5213 3437 5280 prmstariae,
3470 5214 3677 5269 duobus
3703 5214 3879 5273 levitis
3910 5218 4087 5288 factae,

825 5318 944 5357 rum
973 5301 1333 5373 fragmentum
1363 5301 1527 5355 etiam
1566 5298 1735 5371 Syrus
1762 5300 1960 5364 refert;
2008 5299 2312 5369 ibidemque
2342 5316 2407 5354 cx
2510 5301 2576 5354 de
2607 5299 2766 5354 rebus
2796 5302 2912 5354 sitis
2939 5300 2991 5353 in
3021 5317 3158 5371 pago
3182 5301 3547 5359 Cabilonensi.
3577 5305 3660 5359 Ab
3687 5319 3751 5361 eo
3782 5323 3923 5365 anno
3945 5311 4089 5367 nulla

823 5396 988 5426 nul-tn
1046 5392 1292 5428 hominni
1348 5392 1546 5430 fontum
1601 5392 1805 5430 inciam»
1853 5390 2134 5432 rnlnlimnc
2196 5391 2249 5434 in
2300 5404 2408 5434 mm
2513 5392 2739 5434 nllprinc
2767 5393 2968 5434 mpnlin
3004 5401 3087 5434 pel
3120 5393 3369 5434 Avmnrdi
3406 5394 3613 5434 nhlmlic
3671 5398 3763 5434 cmi
3798 5402 3977 5434 omnia
4007 5402 4085 5434 :n,
