4494 5520
410 378 507 435 721

1609 365 1911 423 Ειοοιωι
1954 364 2388 419 ΗῖΞΤΟῐΠΕῐΜ.

3546 364 3649 418 722

410 488 701 545 Lietefredi
732 484 1036 541 Ticinensis
1062 485 1317 555 episcopi,
1348 494 1469 553 post
1506 484 1763 550 capitium
1800 479 1975 534 eccle-
2006 481 2053 539 Α
2082 494 2177 547 pro
2206 479 2361 530 insita
2392 492 2487 529 sua
2522 477 2760 530 bonitate
2790 474 3137 529 Amblardum
3167 474 3374 529 fidelem
3404 490 3558 529 suum
3588 479 3657 530 ad

414 580 510 633 site
539 578 710 633 sancti
733 577 856 648 Cyri
886 576 1226 638 confessoris,
1261 575 1347 628 ubi
1377 574 1490 643 ejus
1513 588 1707 642 corpus
1731 582 1977 625 sanctum

414 668 664 735 quiescit,
699 666 966 720 residente
992 666 1213 721 Otberto
1246 665 1555 719 marchionc
1590 663 1787 716 comite
1829 661 1978 729 pala-

415 760 497 824 tii,
526 767 583 811 ut
604 755 865 824 justitiam
894 757 1032 809 inter
1068 756 1312 810 homines
1339 756 1672 809 discerneret
1715 767 1835 806 cum
1864 752 1982 804 aliis

406 848 702 917 jndicibus.
742 865 761 898 δ
800 846 879 900 Ad
909 844 1061 913 cujus
1085 846 1421 914 praesentiam
1455 861 1473 895 ι
1504 844 1730 897 domnus
1759 840 1982 894 Maiolus

415 936 786 993 Cluniacensis
815 936 981 990 abbas
1008 936 1175 999 venit,
1206 944 1259 991 et
1291 934 1697 1005 reprzescntavit
1722 932 1825 984 duo
1862 946 1979 985 mo—

418 1030 621 1083 nimina
654 1050 671 1081 ι
725 1044 820 1083 seu
847 1027 1200 1081 instrumenta
1222 1066 1236 1090 ,
1288 1042 1453 1080 unum
1480 1026 1695 1079 nomine
1727 1024 1982 1080 Ottonum

418 1120 800 1187 imperatorum
835 1134 853 1167 ι
891 1116 1073 1169 datum
1104 1115 1168 1169 I6
1205 1113 1329 1168 Julii
1362 1128 1506 1169 anno
1535 1116 1567 1167 6
1595 1115 1743 1183 regni
1784 1115 1835 1167 in
1878 1115 1984 1168 Ita-

415 1209 486 1262 lia
516 1227 534 1259 ι
556 1248 570 1272 ,
600 1207 901 1271 continens,
938 1206 1209 1275 quomodo
1236 1204 1518 1261 Gaidulfus
1552 1206 1691 1260 filius
1730 1206 1874 1261 Petri
1900 1206 1989 1277 jn-

415 1298 551 1352 dicis
574 1297 830 1365 quasdam
865 1304 1035 1350 terras
1061 1296 1299 1361 emisset,
1325 1296 1412 1350 ubi
1443 1304 1561 1349 erat
1594 1312 1613 1347 ι
1644 1294 1844 1365 capella
1882 1310 1985 1348 una

417 1388 469 1441 in
498 1388 702 1441 honore
752 1395 951 1440 sanctze
1006 1384 1187 1440 Maria:
1232 1384 1387 1453 juxta
1432 1385 1651 1455 Papiam
1698 1400 1790 1438 seu
1824 1385 1984 1437 etiam

415 1476 587 1531 sancti
625 1474 921 1539 Michaelis,
952 1490 1151 1543 easque
1180 1490 1300 1529 cum
1332 1474 1537 1544 capella
1585 1473 1777 1527 Maiulo
1804 1474 1985 1527 abbati

417 1565 690 1628 dedisset,
727 1576 785 1620 ut
838 1566 1088 1619 monachi
1134 1567 1232 1620 sub
1277 1580 1463 1620 norma
1493 1567 1663 1619 sancti
1713 1565 1985 1619 Benedicti

415 1659 655 1711 viventes
681 1657 751 1711 ibi
784 1658 835 1709 in
865 1666 1181 1725 perpetuum
1208 1657 1511 1711 habitarent
1545 1666 1601 1710 et
1642 1666 1863 1711 orarent
1884 1670 1981 1724 pro

415 1750 593 1801 anima
629 1748 871 1801 Liutardi
903 1746 1128 1802 Cumani
1159 1748 1393 1817 episcopi
1428 1765 1439 1799 :
1482 1767 1499 1797 ι
1532 1746 1634 1800 alia
1669 1744 1795 1801 item
1820 1746 1986 1798 moui-

2085 567 2480 622 restitutionem
2502 566 2885 620 tielsinianensi
2912 564 3158 619 coenobio
3181 564 3480 619 faciendam
3509 582 3651 620 com-

2084 656 2276 725 pellat,
2326 656 2567 710 Adonem
2635 655 2797 709 etiam
2853 654 3297 709 Matisconenscm
3356 656 3654 709 antistitem

2084 748 2403 809 obtestatus,
2435 745 2487 798 in
2518 745 2657 799 hunc
2690 745 2938 799 modum:
2973 764 2989 795 ‹
3024 744 3127 799 lies
3158 759 3371 814 quoque
3392 745 3557 816 exigit
3592 756 3652 800 ut

2088 836 2181 891 tibi
2210 836 2388 906 aliqua
2418 834 2695 898 dicamus,
2744 834 2913 889 frater
2962 835 3284 889 charissime
3324 844 3379 890 et
3423 838 3653 891 atnande

2086 925 2279 979 domne
2307 924 2421 977 Ado
2454 925 2725 993 episcope,
2755 938 2914 991 quem
2945 924 3070 978 licet
3097 940 3199 978 non
3232 924 3557 986 viderimus,
3590 942 3656 979 ex

2086 1014 2302 1068 nomine
2329 1016 2574 1068 novimus
2603 1015 2656 1068 itt
2684 1016 2832 1069 omni
2888 1015 3155 1084 Spirituali
3187 1016 3450 1070 bonitate.
3504 1016 3659 1070 Ellla-

2086 1106 2317 1176 gitamus
2346 1105 2524 1174 itaque
2550 1106 2985 1175 benignissimum
3021 1116 3122 1161 tua:
3153 1108 3493 1176 paternitatis
3530 1109 3651 1163 dul-

2086 1197 2352 1260 cedinem,
2382 1206 2441 1250 ut
2468 1212 2575 1266 quo
2607 1197 2832 1251 vicinior
2858 1212 2977 1252 esse
3012 1198 3206 1252 videris
3236 1198 3440 1267 prmfati
3473 1215 3659 1254 mona-

2087 1290 2237 1344 sterii
2264 1290 2482 1353 schola},
2513 1304 2578 1343 eo
2607 1297 2695 1342 tua
2719 1292 2983 1359 protectio
3007 1306 3104 1360 pro
3136 1299 3226 1344 tuo
3248 1306 3405 1361 posse
3430 1290 3657 1345 celerior

2088 1380 2313 1434 fratrum
2346 1381 2758 1435 necessitatibus
2781 1390 3050 1441 occurrat,
3080 1382 3169 1450 qui
3196 1392 3244 1435 te
3269 1396 3335 1435 ex
3365 1384 3657 1436 abundanti

2088 1471 2351 1525 charitate
2365 1471 2611 1540 diligunt,
2629 1470 2838 1525 etulnis
2862 1472 3026 1525 totius
3050 1473 3249 1525 amoris
3272 1472 3663 1542 perfectissime

2089 1560 2332 1616 ambiunt
2357 1571 2412 1617 et
2443 1562 2693 1631 amplecti
2720 1562 3047 1617 desiderant.
3072 1561 3336 1628 Quocirca
3359 1562 3662 1618 Cluniensis

2091 1656 2401 1709 monasterii
2435 1669 2648 1725 semper
2671 1665 2788 1710 esto
2816 1665 3110 1724 protector,
3162 1657 3303 1710 sicut
3331 1655 3390 1709 Β.
3422 1657 3567 1711 Petri
3595 1672 3653 1711 es

2092 1744 2266 1799 fidelis
2295 1754 2524 1799 amator.
2557 1764 2573 1796 ι
2612 1745 2736 1800 IImc
2759 1746 2901 1801 bulla
2930 1757 3079 1801 caret
3124 1748 3264 1802 uotis
3304 1748 3576 1803 chronicis
3607 1749 3660 1801 in

416 1840 561 1891 mina
591 1839 939 1892 douationum
969 1838 1171 1907 aliquot
1198 1838 1371 1891 eidem
1420 1838 1714 1902 factarum;
1750 1836 1989 1907 postula-
2020 1822 2064 1880 Β
2093 1831 2328 1888 Bullario
2357 1833 2719 1889 Cluniacensi.

416 1930 599 1998 vitque
621 1939 678 1983 ttt
703 1939 892 1983 contra
916 1930 1193 1984 invasores
1215 1928 1315 1983 sibi
1339 1928 1806 1983 confirmarentur.
1835 1928 1986 1995 Quod

416 2030 469 2072 et
498 2020 794 2088 prtestitum
822 2028 905 2073 est
947 2027 1188 2087 tempore
1219 2020 1366 2088 regni
1418 2037 1437 2070 ι
1470 2019 1699 2074 duorum
1728 2018 1985 2075 Ottonum

414 2111 584 2177 patris
611 2118 664 2163 et
714 2109 806 2162 lilii
834 2123 974 2161 anno
1019 2107 1052 2162 6
1101 2111 1246 2179 regni
1283 2108 1451 2162 Italici
1474 2108 1688 2163 Ottonis
1713 2109 1946 2178 junioris
1970 2150 1984 2172 ,

416 2198 599 2252 indict.
640 2198 705 2251 I0
740 2218 755 2248 ι
781 2238 794 2261 ,
825 2198 939 2266 lege
968 2196 1173 2251 Ottonis
1199 2197 1437 2265 majoris,
1460 2199 1746 2266 etjimioris
1770 2214 1909 2251 anno
1937 2198 1985 2251 I.

414 2289 540 2345 Ilaec
567 2292 698 2345 cella
729 2302 910 2361 postea
942 2291 996 2345 S.
1033 2290 1207 2345 Maioli
1233 2292 1373 2346 dicta
1394 2302 1493 2347 est.
1528 2292 1669 2345 Idem
1696 2292 1784 2361 qui
1823 2305 1985 2361 supra

420 2380 663 2436 Olim-tus
705 2382 937 2435 marchio
973 2394 1020 2435 et
1062 2399 1229 2435 comes
1276 2382 1460 2451 palatii
1501 2383 1829 2435 monasterio
1852 2382 1989 2451 quod

416 2467 639 2539 Clugnes
675 2470 903 2534 dicitur,
949 2471 1113 2522 donat
1166 2483 1497 2539 quiccuuqne
1542 2468 1773 2523 habebat
1829 2482 1993 2537 super

415 2562 635 2613 fluvium
684 2559 815 2613 Padi
849 2560 985 2613 infra
1017 2571 1254 2613 castrum
1293 2559 1635 2627 Vicopiculo,
1686 2568 1814 2619 etc.,
1848 2574 1991 2612 anno

416 2651 646 2704 senioris
673 2649 885 2705 Ottonis
919 2651 1002 2715 I0,
1047 2650 1286 2704 Juuioris
1333 2650 1386 2713 4,
1420 2650 1529 2702 incl.
1562 2650 1645 2703 Ii.
1698 2648 1903 2703 Prreter
1928 2664 1990 2702 ea

418 2740 634 2793 invenio
664 2739 876 2795 Ottonis
903 2741 1058 2808 pritni
1090 2739 1323 2808 diploma
1357 2740 1572 2808 duplex,
1605 2755 1766 2793 unum
1805 2741 1858 2793 in
1885 2756 1992 2810 quo

418 2835 533 2889 hmc
558 2834 808 2904 leguntur
834 2852 845 2887 :
906 2853 923 2885 ι
953 2821 1269 2903 Recipimus
1299 2832 1575 2888 Oddonem
1613 2833 1861 2887 abbatem
1892 2830 1993 2884 sub

418 2926 587 2977 nostri
622 2925 848 2979 tuitione
877 2925 1221 2978 mundiburdi
1254 2940 1375 2978 cum
1423 2925 1636 2979 abbatia
1667 2922 1837 2977 sancti
1888 2922 1992 2976 Sa-

418 3015 624 3078 bini,in
656 3015 774 3070 loco
798 3016 887 3084 qui
912 3016 1111 3069 dicitur
1139 3017 1406 3071 Tuscana.
1442 3036 1458 3067 ι
1494 3016 1683 3069 Datum
1713 3016 1746 3071 8
1774 3014 1991 3069 Id..Iulii

418 3120 561 3159 anno
595 3105 705 3160 lue.
736 3104 859 3171 969,
906 3105 1117 3161 Ottonis
1164 3108 1228 3170 8,
1280 3126 1297 3157 ι
1346 3107 1533 3161 iudict.
1568 3106 1652 3161 η.
1698 3107 1892 3160 Actum
1940 3106 1993 3159 in

2157 1922 2247 1976 25.
2287 1924 2443 1977 Anno
2464 1923 2534 1977 20
2578 1923 2815 1978 Lotharii
2847 1925 2989 1992 regis
3022 1925 3302 1983 Alberirns
3338 1940 3521 1982 comes
3550 1927 3662 1981 Ma-

2091 2012 2411 2067 tiscouensis
2439 2022 2493 2067 et
2524 2012 2897 2069 Ermentrudis
2925 2016 3042 2084 ejus
3092 2016 3287 2086 conqu
3336 2016 3658 2073 Cluniacen-

2090 2103 2237 2157 sibus
2265 2103 2570 2159 snbMaiolo
2597 2105 2725 2159 dant
2753 2104 2918 2158 multa
2939 2106 3138 2174 prmdia
3163 2108 3215 2160 in
3244 2108 3363 2161 villa
3390 2110 3664 2179 Aponiaco

2091 2195 2372 2264 (Apogny).
2402 2194 2557 2249 Anno
2597 2209 2723 2249 vero
2744 2195 2868 2258 978,
2899 2196 3084 2250 iudict.
3119 2198 3175 2262 6,
3207 2197 3451 2267 Lugduni
3477 2214 3661 2253 coram

2090 2286 2270 2355 populi
2302 2285 2641 2340 multitudine
2672 2286 2996 2341 Amblardus
3024 2289 3306 2359 episc0pns
3340 2289 3661 2359 Lugdunen-

2091 2377 2166 2431 sis
2201 2394 2218 2425 ι
2249 2376 2395 2429 dedit
2418 2392 2503 2431 res
2532 2391 2659 2431 suas
2686 2376 2737 2430 in
2765 2392 2900 2447 pago
2928 2378 3222 2433 Arvernico
3248 2379 3507 2435 fratribus
3536 2378 3666 2435 Clu-

2095 2467 2298 2522 uiensis
2339 2468 2694 2533 monasterii,
2726 2479 2785 2522 ut
2835 2469 3025 2523 cellam
3066 2471 3397 2525 aedificarent
3442 2473 3493 2525 in
3541 2471 3665 2525 villa

2093 2557 2306 2612 Nisiaco
2339 2556 2521 2628 (Νίκῃ)
2555 2560 2606 2612 in
2638 2576 2767 2631 agro
2793 2558 3133 2630 Tyernense,
3173 2563 3225 2616 iu
3253 2564 3455 2618 vicaria
3502 2565 3669 2619 Dora-

2094 2650 2388 2713 teuse,hoc
2402 2660 2485 2704 est
2506 2651 2683 2705 villam
2706 2638 3013 2718 Ccnretam,
3041 2655 3606 2723 Montembriosouem,
3643 2677 3660 2709 ι

2093 2748 2197 2793 etc.
2245 2738 2498 2809 Legimus
2528 2740 2769 2809 ejusdem
2817 2744 3091 2799 Amblardi
3147 2749 3245 2802 hac
3274 2748 3340 2802 de
3370 2765 3424 2803 re
3464 2749 3669 2803 insuu-

2095 2837 2357 2893 mentum,
2395 2830 2446 2883 in
2475 2845 2582 2900 quo
2609 2831 2683 2883 ait
2710 2846 2767 2886 se
2801 2832 2915 2886 hmc
2958 2833 3068 2887 Deo
3095 2845 3149 2888 et
3178 2837 3383 2891 sanctis
3412 2836 3670 2906 apostolis

2095 2918 2256 2975 I‘etro
2277 2930 2331 2974 et
2358 2920 2523 2975 Pauio
2547 2922 2769 2986 donare,
2808 2941 2826 2973 ι
2861 2936 3128 2993 quatenus
3157 2930 3403 2982 monachi
3448 2928 3667 2983 Clunia-

2094 3012 2273 3065 censis
2304 3011 2403 3065 loci
2437 3012 2488 3065 in
2533 3012 2748 3068 Nisiaco
2779 3014 2969 3069 cellam
3005 3016 3114 3071 Deo
3143 3018 3373 3073 dicatam
3402 3020 3503 3074 sibi
3533 3037 3669 3075 con-

2098 3112 2373 3157 struerent
2417 3103 2470 3156 in
2508 3104 2715 3158 honore
2756 3105 2898 3158 beati
2937 3105 3078 3161 Petri
3107 3108 3363 3179 principis
3396 3110 3670 3180 apostolo-

418 3194 607 3249 Plista.
639 3214 658 3247 ι
696 3195 825 3262 Quis
859 3196 929 3249 sit
954 3196 1068 3250 Odo
1098 3196 1198 3250 iste
1225 3196 1410 3259 abbas,
1435 3196 1647 3266 quodve
1671 3196 1786 3266 ejus
1812 3210 1994 3249 mona-
2023 3188 2066 3245 C
2099 3193 2356 3256 rum,sub
2387 3193 2568 3263 regula
2605 3196 2775 3249 sancti
2795 3195 3071 3251 Benedicti
3092 3200 3473 3253 monachorum
3502 3203 3674 3270 patris

419 3279 666 3346 sterium,
699 3300 807 3339 non
838 3284 1011 3353 capio.
1043 3283 1295 3338 Fortasse
1322 3284 1374 3338 id
1407 3285 1458 3338 in
1483 3284 1631 3338 Italia
1664 3284 1827 3338 situm
1853 3293 1994 3337 erat.

418 3373 564 3428 Idem
609 3372 733 3429 Otto
764 3374 831 3429 ad
875 3388 1066 3442 preces
1092 3374 1333 3443 conjugis
1369 3390 1479 3428 sure
1508 3373 1777 3428 Adeleidis
1808 3388 1997 3426 mona-

418 3466 587 3520 sterio
619 3466 794 3520 sancti
836 3464 982 3519 Petri
1022 3464 1293 3519 Ticinensi
1318 3464 1570 3519 concedit
1610 3465 1846 3526 vineam,
1880 3478 2000 3533 quae

420 3553 823 3623 fuitcujusdam
866 3554 1167 3625 presbyteri
1211 3557 1276 3608 de
1323 3554 1545 3609 cardine
1578 3554 1883 3609 Ticinensis
1910 3569 1998 3609 ec-

419 3644 620 3710 clesiae,
650 3654 705 3699 et
748 3645 814 3699 ad
837 3646 927 3715 jus
958 3645 1109 3715 regni
1139 3646 1219 3699 sui
1255 3656 1381 3700 tunc
1422 3645 1747 3715 pertinebat.
1776 3646 1855 3699 Ad
1887 3645 2000 3699 haec

425 3752 444 3784 ι
471 3748 613 3788 anno
641 3741 796 3788 sexto
829 3733 1176 3802 regnantibus
1218 3734 1270 3787 in
1313 3734 1462 3788 Italia
1494 3734 1690 3790 Ottone
1723 3742 1776 3788 et
1807 3733 2002 3789 Ottone

420 3823 618 3888 filio,‘i
664 3824 1017 3895 lngelbaudus
1054 3825 1302 3894 quidam,
1336 3826 1473 3880 lilius
1501 3827 1744 3896 Anscgisi
1764 3827 1793 3894 ,ἶ
1814 3827 1864 3880 vi
1907 3842 2003 3881 ens

418 3914 529 3983 lege
564 3913 746 3985 Saliga
766 3957 778 3979 ,
801 3918 965 3970 donat
986 3914 1228 3983 quaedam
1258 3916 1454 3984 praedia
1480 3916 1531 3969 in
1549 3918 1805 3970 comitatu
1836 3917 2002 3971 Vien-

420 4007 575 4060 nensi
616 4026 634 4058 ι
675 4008 742 4061 ad
769 4007 1157 4061 monasterium
1194 4006 1528 4069 Cluniaeum,
1561 4021 1657 4075 per
1692 4006 2001 4072 cultellum,

420 4095 681 4151 festucam
712 4096 988 4160 nudatam,
1017 4112 1115 4167 per
1145 4106 1469 4151 vuantonem
1496 4108 1550 4152 et
1573 4114 1859 4155 ruasonem
1896 4108 2003 4155 ter-

421 4203 497 4241 ra:
530 4188 581 4241 in
610 4204 799 4243 manus
819 4188 999 4242 domui
1030 4187 1205 4243 Maioli
1239 4189 1469 4243 abbatis.
1509 4207 1526 4238 ι

493 4279 580 4333 22.
618 4281 775 4334 Anno
798 4280 867 4334 56
895 4279 1126 4335 Conradi
1164 4281 1303 4350 regis
1340 4280 1560 4334 Maiolus
1603 4280 1769 4334 abbas
1800 4281 1851 4335 in
1880 4295 1997 4349 pre~

422 4372 625 4426 cariam
651 4371 907 4427 nonnulla
935 4371 1325 4441 traditIIugoni
1342 4373 1449 4426 tilio
1470 4372 1741 4427 Lamberti
1764 4373 1998 4436 comitis,

423 4462 479 4515 in
514 4462 626 4516 haec
654 4463 835 4517 verba.
891 4482 909 4514 ι
942 4461 1133 4517 Notum
1166 4464 1235 4518 sit
1282 4465 1535 4519 omnibus
1582 4465 1720 4519 Sacri
1770 4464 2001 4519 ρωποι)ἰί

2102 3284 2209 3339 Deo
2243 3284 2566 3351 militantes;
2604 3304 2621 3337 ι
2658 3286 3005 3357 praecipitque
3053 3290 3408 3344 vadiatoribus
3439 3293 3582 3355 suis,
3618 3293 3672 3347 id

2100 3384 2182 3428 est
2214 3376 2519 3429 testamenti
2555 3375 2637 3430 sui
2661 3377 3071 3433 exsecutoribus
3096 3379 3546 3450 (eleemosynarios
3568 3382 3660 3436 alii

2102 3464 2432 3533 appellant),
2476 3474 2537 3520 ut
2575 3466 2817 3521 chartam
2863 3468 2929 3521 de
2971 3468 3073 3523 hac
3116 3470 3405 3525 donatione
3452 3470 3673 3527 faciant.

2101 3555 2251 3622 Quod
2280 3557 2497 3625 quidem
2546 3558 2802 3613 continuo
2830 3568 3089 3627 praestant
3132 3580 3148 3610 ς
3184 3561 3427 3617 Andreas
3467 3579 3677 3633 pracpo-

2102 3646 2256 3710 situs,
2290 3644 2539 3701 Ornadus
2570 3647 2828 3710 decanus,
2860 3647 3241 3703 Guudramnus
3272 3651 3473 3716 abbas,
3521 3651 3675 3723 Hugo

2102 3737 2267 3792 abbas
2296 3737 2597 3808 (dignitates
2628 3738 2874 3792 Ecclesia:
2910 3737 3331 3811 Lugdunensis),
3380 3744 3674 3813 Augendus

2103 3831 2415 3891 canouieus,
2468 3829 2775 3899 Stephanus
2805 3829 3082 3895 diaconus,
3115 3830 3307 3884 Pontio
3354 3834 3671 3893 eauonicus.

2102 3928 2157 3973 et
2190 3917 2341 3988 [Iugo
2390 3919 2579 3973 laicus.
2620 3939 2638 3971 ι
2699 3918 2898 3973 Nisiaci
2949 3919 3211 3974 hactenus
3262 3930 3345 3975 est
3398 3922 3675 3992 prioratus

2103 4007 2493 4063 Cluuiaceusis.

2172 4098 2261 4151 24.
2305 4098 2626 4153 Benedictus
2671 4112 2807 4167 papa
2852 4098 2939 4153 VII
2993 4118 3010 4151 ι
3052 4100 3409 4154 ordinandum
3459 4101 3683 4155 tradidit

2104 4188 2385 4244 Lirinense
2426 4191 2811 4245 monasterium
2831 4190 3022 4245 Maiolo
3054 4192 3230 4245 abbati
3262 4191 3626 4256 Cluniacensi,
3656 4211 3675 4242 ι

2105 4294 2163 4338 ut
2193 4284 2320 4353 legit
2351 4293 2535 4337 noster
2558 4282 2942 4352 Stephanotius
2973 4284 3024 4336 in
3063 4282 3351 4337 Tabulario
3381 4284 3671 4337 Lirinensi.

2102 4375 2292 4429 Exstat
2318 4374 2435 4443 ejus
2462 4373 2538 4427 rei
2572 4372 2901 4443 pontificium
2934 4373 3166 4442 diploma
3203 4372 3254 4427 in
3294 4372 3530 4427 Bullario
3555 4372 3681 4426 Clu-

2106 4465 2366 4526 niacensi,
2399 4466 2578 4517 datum
2615 4484 2630 4514 l
2662 4478 2803 4517 anno
2833 4464 2866 4517 4
2904 4464 3248 4533 pontiﬁcatus
3271 4464 3543 4518 Benedicti
3573 4464 3683 4529 VII,

424 4552 800 4609 Cluniacensis
846 4554 1135 4610 abbatibus
1180 4564 1343 4623 atque
1387 4556 1668 4610 monachis
1698 4557 2003 4625 quibusque
2034 4531 2083 4591 Β
2110 4556 2321 4626 imperii
2348 4554 2561 4610 Ottonis
2602 4570 2742 4609 anno
2789 4556 2874 4619 II,
2904 4531 3107 4611 _mense
3155 4556 3315 4620 Maio,
3351 4559 3533 4612 iudict.
3567 4559 3619 4612 6.
3660 4578 3679 4611 ο

426 4642 656 4705 futuris,
686 4645 828 4715 quod
862 4659 961 4715 ego
992 4644 1160 4699 frater
1204 4645 1425 4699 Maiolus
1470 4646 1711 4715 praedicti
1741 4647 1998 4712 emnobii,

424 4731 553 4787 licet
576 4734 848 4806 indignus,
872 4735 1057 4800 abbas,
1081 4751 1185 4788 una
1217 4751 1337 4790 cum
1363 4751 1629 4790 consensu
1660 4736 2003 4802 fratrum,res

418 4826 560 4896 juris
586 4828 756 4881 nostri
779 4828 991 4881 cuidam
1018 4827 1183 4882 nobili
1206 4829 1321 4881 viro
1352 4828 1586 4898 Hugoui,
1635 4828 1847 4903 Almodi
1874 4831 1993 4899 ejus

426 4918 602 4983 uxori,
636 4927 691 4972 et
737 4917 1015 4988 Stephano
1041 4933 1225 4973 eorum
1260 4918 1389 4983 filio,
1422 4928 1585 4988 atque
1612 4918 1853 4989 ejusdem
1896 4922 2009 4989 pri-

426 5007 699 5077 mogenita
721 5027 739 5060 ι
763 5010 879 5079 (nos
905 5008 1059 5061 hodie
1079 5007 1148 5061 ad
1169 5021 1271 5063 tres
1292 5010 1423 5080 vita:
1449 5008 1757 5080 diceremus)
1787 5029 1804 5060 ι
1827 5009 2007 5064 villam

424 5100 809 5156 Ambariacum
837 5097 1208 5163 concedimus,
1233 5119 1250 5151 ι
1279 5107 1387 5152 etc.
1412 5096 1774 5155 Subscribunt
1803 5119 1821 5150 ι
1844 5098 2010 5156 Maio-

428 5190 514 5244 Ius
540 5189 874 5244 humillimus
900 5187 1089 5252 abbas,
1123 5186 1383 5242 Vivianus
1414 5188 1585 5257 prior,
1615 5186 2010 5246 Ermenfredus

424 5281 737 5352 episcopus,
765 5279 1057 5333 Balduinus
1087 5298 1106 5331 ι
1132 5320 1145 5345 ,
1169 5279 1364 5335 deinde
1386 5277 1475 5332 alii
1502 5280 1752 5337 monachi
1778 5295 2012 5339 numero

425 5373 497 5396 OQ
563 5371 685 5396 11.--
716 5385 857 5396 -.η-,Α
881 5369 983 5396 n't'z
1057 5368 1154 5396 ΠΛ..
1184 5373 1321 5396 21-.-.

1360 5377 1564 5396 ΙΛινΛ-κιιη
1605 5368 1833 5396 ’ΛΑ-...ΛΑ
1869 5389 1902 5396 -.
1920 5389 2008 5396 ο--

2107 4646 2164 4701 In
2192 4661 2255 4700 ea
2286 4646 2426 4701 bulla
2462 4646 2519 4699 fit
2561 4646 2761 4701 mentio
2801 4646 2965 4700 etiam
3012 4648 3077 4701 de
3106 4648 3304 4702 Arluco
3344 4647 3423 4717 (S.
3466 4649 3688 4703 I'Jtienne

2110 4736 2343 4807 άἈνιτιε)
2371 4736 2721 4801 monasterio,
2761 4736 2918 4791 modo
2946 4737 3221 4792 destructo
3252 4756 3263 4789 :
3297 4738 3439 4807 quod
3468 4747 3689 4794 sanctus

2111 4828 2419 4882 IIonoratus
2490 4843 2586 4896 pro
2636 4827 3140 4883 sanctimonialibus
3195 4838 3577 4883 construxerat
3632 4830 3687 4883 in

2113 4926 2297 4971 monte
2321 4930 2630 4987 perammno
2666 4916 2731 4970 ad
2769 4916 2919 4971 littus
2941 4919 3106 4972 maris
3131 4927 3186 4971 et
3216 4919 3281 4971 ad
3322 4920 3492 4988 ripam
3544 4920 3691 4974 ﬂuvii

2113 5006 2325 5077 Siagna:
2355 5005 2428 5076 (la
2462 5003 2711 5075 Siagne),
2761 5008 2849 5061 ubi
2879 5006 3197 5076 Angarisma
3239 5017 3473 5077 pra-erat
3504 5017 3696 5062 sancto

2110 5098 2325 5169 Aigulfo
2347 5098 2559 5151 abbate.
2590 5096 2696 5151 Sed
2728 5098 2952 5168 insignis
2979 5108 3064 5153 est
3097 5113 3207 5168 praa
3258 5099 3472 5155 caeteris
3499 5100 3697 5160 charta

2116 5187 2328 5243 Rodulli
2352 5186 2724 5243 Cabilonensis
2748 5188 3008 5258 episcopi,
3042 5190 3094 5243 in
3124 5204 3229 5258 qua
3264 5209 3282 5241 ι
3319 5190 3499 5259 Agens
3525 5204 3693 5244 cauo—

2117 5280 2277 5337 nicus
2296 5281 2428 5336 adiit
2448 5290 2667 5344 nostrae,
2692 5279 2892 5352 inquit,
2918 5283 3303 5339 munificentia:
3324 5283 3703 5349 serenitatem,

2124 5384 2319 5396 ’λαις-κ-
2382 5377 2433 5396 ..ο
2463 5368 2841 5396 ΡΙηηεΛ-ισνῖιι..-
2869 5373 3142 5396 ΜΑ-ικΑΙ.ἶη
3179 5380 3226 5396 Α.
3280 5374 3475 5396 ΔΑΔΑἏΑ
3512 5370 3703 5396 ηαξ.ι1.,
