4494 5520
814 357 920 413 725

1890 342 1946 397 S.
1990 337 2218 395 MAIOLI
2254 334 2540 391 ABBATIS
2578 334 2891 391 CLL'NIAC.

3953 324 4057 383 728

813 464 1129 519 clericorum
1164 474 1382 516 suorum
1402 500 1416 525 ,
1456 475 1473 509 ι
1505 455 1738 512 maxime
1769 470 1889 509 cum
1919 453 2053 507 tanti
2078 450 2175 503 viri
2208 448 2383 503 Maioli
2415 454 2457 510 Α
2492 458 2576 501 tus
2607 457 2659 500 et
2690 463 2826 500 uxor
2855 460 2969 499 mea
2998 444 3333 500 Falectrudis
3368 445 3630 499 donamus
3652 442 3848 511 aliquid
3877 442 3941 495 de
3974 456 4061 493 res

814 553 1040 624 gloriam
1072 551 1139 606 ab
1163 551 1279 620 ipso
1305 549 1534 604 Domino
1564 554 1863 600 mutuatam
1891 552 1945 598 et
1992 557 2123 596 aure
2157 539 2386 610 percipi-

815 659 955 708 mus,
986 642 1247 698 etintuitu
1273 640 1476 712 proprii
1499 638 1716 693 luminis
1739 636 1869 691 nihil
1890 637 1942 691 in
1965 633 2080 702 ejus
2105 632 2390 689 d;leclione

815 736 1167 789 conniventes
1201 732 1442 803 quotidie
1473 728 1849 801 perspicimus.
1883 727 1974 781 ille
2001 725 2143 782 enim
2177 732 2234 777 ut
2265 737 2389 776 vere

819 834 903 881 est
932 824 1224 880 Galliarum
1246 823 1407 892 jubar
1438 822 1503 877 ad
1530 830 1737 892 tempus
1758 828 2033 883 exortum,
2067 815 2267 871 nostris
2294 828 2391 867 sae-

818 915 955 971 culis
985 914 1380 979 admirandum,
1412 922 1485 977 et,
1516 912 1561 967 si
1599 912 1739 983 potis
1768 921 1871 975 est,
1903 908 2153 965 omnibus
2179 906 2394 960 imitan-

818 1007 965 1061 dum.
1002 1026 1021 1060 ι
1062 1006 1179 1075 Quo
1205 1005 1378 1077 elogio
1405 1003 1728 1059 luculentius
1758 1002 1891 1057 nihil
1921 1000 2100 1055 aﬂ‘erri
2129 1005 2303 1069 potest
2327 995 2394 1051 de

822 1101 1041 1155 homine
1078 1100 1291 1155 vivente
1324 1117 1337 1153 :
1372 1111 1546 1167 neque
1576 1095 1742 1149 ullam
1778 1093 1992 1148 invenio
2018 1100 2143 1146 ante
2167 1089 2220 1144 id
2251 1097 2392 1142 tem-

822 1206 924 1261 pus
936 1190 1115 1245 datam
1137 1187 1583 1244 Cluniacensibus
1604 1184 1943 1257 praebendam
1969 1183 2152 1252 (quam
2178 1180 2394 1245 vocant)

822 1280 1230 1343 canonicorum;
1261 1277 1442 1349 plures
1470 1285 1657 1345 postea
1686 1275 1785 1329 sub
1820 1272 2047 1329 Odilone
2074 1279 2128 1326 et
2173 1268 2399 1339 Hugone

825 1368 1131 1424 abbatibus.
1183 1368 1545 1424 Subscribunt
1585 1367 1671 1421 isti
1720 1366 1923 1421 chartae
1949 1372 2071 1434 post
2108 1359 2397 1416 Rodulfum

830 1480 848 1511 c
882 1460 1102 1514 Adalais
1127 1460 1431 1524 comitissa,
1482 1458 1634 1529 llugo
1668 1457 1807 1512 ﬁlius
1858 1456 2004 1525 ejus,
2050 1454 2342 1509 Rotbertus
2377 1468 2394 1502 ι

824 1554 1150 1619 vicecomes,
1181 1567 1301 1607 cum
1333 1552 1632 1617 canonicis,
1667 1565 1807 1605 anno
1831 1549 1900 1603 26
1930 1548 2170 1603 Lotharii
2202 1545 2364 1615 regis.

898 1668 987 1723 25.
1013 1668 1170 1724 Anno
1186 1669 1254 1723 54
1284 1667 1523 1723 Lotharii
1556 1668 1723 1738 regis,
1753 1665 1804 1719 id
1834 1675 1915 1720 est
1940 1680 2081 1719 anno
2109 1664 2234 1729 980,
2262 1661 2405 1717 Gau-

826 1760 1013 1815 fredus
1057 1776 1236 1814 comes
1264 1770 1424 1829 atque
1454 1774 1588 1813 uxor
1631 1758 1747 1827 ejus
1783 1755 2053 1811 Adeleidis
2085 1758 2287 1809 donant
2337 1754 2403 1806 ad

827 1854 1003 1907 locum
1040 1851 1378 1916 Cluniacum,
1407 1850 1497 1903 ubi
1528 1849 1751 1902 Maiolus
1784 1856 1901 1902 erat
1928 1847 2113 1906 abbas,
2150 1860 2238 1898 res
2280 1856 2407 1897 suas

830 1947 968 2002 sitas
1005 1946 1055 2000 in
1088 1960 1225 2015 pago
1255 1941 1621 2005 Cabilonensi,
1654 1941 1706 1993 in
1741 1941 1845 1993 line
1880 1937 2259 2000 Jcmulaceusi,
2284 1935 2409 1988 villa

831 2038 1113 2092 Fusciaco.
1150 2035 1506 2090 Subscribunt
1536 2051 1553 2083 ι
1585 2029 1885 2086 Gaufredus
1909 2043 2111 2092 comes,
2142 2024 2412 2080 Adeleidis

831 2128 949 2196 ejus
980 2142 1133 2188 uxor,
1164 2134 1220 2180 et
1248 2124 1399 2194 llugo
1428 2122 1569 2176 ﬁlius
1611 2121 1726 2188 ejus
1752 2160 1765 2184 ,
1800 2133 1993 2186 nempe
2031 2116 2303 2171 Adeleidis
2348 2129 2412 2165 ex

834 2221 1128 2275 Lamherto
1152 2218 1383 2279 comite,
1412 2214 1576 2285 priori
1602 2213 1718 2281 ejus
1744 2211 1988 2279 conjuge.
2020 2210 2175 2263 Anno
2206 2207 2273 2261 26
2307 2205 2413 2260 Lo-

837 2311 1022 2374 tharii,
1039 2310 1199 2363 Wido
1214 2308 1514 2362 vicecomes
1528 2304 1832 2359 Arvernicre
1852 2301 2083 2356 civitatis
2098 2309 2151 2353 et
2165 2298 2417 2352 Ausenda

838 2402 955 2470 c-jus
988 2397 1179 2465 conjux
1212 2417 1229 2449 ι
1266 2397 1395 2450 dant
1420 2394 1704 2449 ecclesiam
1727 2402 1925 2445 sancta
1955 2389 2136 2442 Mariae
2159 2387 2224 2441 de
2245 2386 2418 2440 Bello-

840 2501 1025 2546 monte
1057 2491 1108 2544 in
1142 2502 1279 2559 pago
1308 2483 1650 2541 Cabilonensi
1679 2482 1779 2538 sub
1812 2479 2003 2534 Maiolo
2045 2479 2172 2532 item
2201 2477 2416 2531 abbate.

912 2604 1004 2659 26.
1034 2601 1191 2656 Anno
1217 2600 1313 2655 981
1346 2597 1469 2651 Milo
1495 2596 1782 2666 episcopus
1811 2589 2222 2645 Matisconensis
2247 2587 2421 2642 eccle-

845 2698 980 2751 siam
1015 2694 1187 2748 sancti
1228 2690 1485 2748 Germani
1537 2691 1588 2742 in
1623 2687 1745 2741 villa
1779 2684 1968 2740 Rofeio
1990 2724 2004 2747 ,
2052 2691 2105 2737 et
2134 2680 2421 2736 ecclesiam

845 2796 1051 2841 sanctze
1102 2784 1287 2838 Maria:
1354 2782 1406 2836 in
1470 2780 1591 2835 villa
1649 2778 1892 2833 Pedrono
1961 2776 2013 2829 in
2070 2773 2276 2844 synodo
2326 2786 2422 2826 sua

848 2878 1045 2933 Maiolo
1116 2875 1296 2930 abbati
1353 2874 1578 2943 ejusque
1634 2869 1916 2925 monachis
1994 2865 2242 2921 concedit
2304 2876 2426 2916 cum

849 2967 1077 3023 decimis
1114 2974 1169 3019 et
1204 2963 1454 3018 omnibus
1492 2962 1557 3016 ad
1594 2975 1685 3015 eas
1721 2956 2145 3027 pertinentibus,
2204 2972 2221 3003 ι
2278 2953 2427 3006 salvo

852 3058 1079 3113 servitio
1119 3050 1364 3125 synOdali
1395 3094 1409 3117 ,
1446 3050 1650 3122 paratis
1705 3057 1759 3104 et
1821 3046 2067 3116 eulogiis.
2111 3062 2129 3095 ι
2173 3043 2327 3097 Anno
2358 3040 2427 3094 28

2491 548 2704 592 nostras
2751 536 2997 607 proprias
3038 535 3167 597 Deo,
3202 544 3254 588 et
3288 533 3344 589 S.
3378 532 3647 597 Marcello,
3696 542 3750 585 et
3783 528 4063 584 monachis

2494 631 2631 695 istis,
2665 631 2717 685 id
2748 638 2830 685 est
2882 627 3089 684 Odoino
3128 634 3289 696 atque
3318 625 3595 689 Duranno,
3628 632 3683 678 et
3724 623 3789 676 ad
3826 621 3942 675 illos
3969 620 4064 689 qui

2492 722 2557 775 ad
2587 722 2760 776 locum
2792 721 2852 774 B.
2886 718 3119 774 Marcelli
3145 717 3412 781 venerint,
3441 723 3495 771 et
3524 715 3594 769 ibi
3639 715 3690 768 in
3722 728 3887 767 unum
3911 725 4065 765 com-

2494 814 2729 869 muniter
2750 811 3131 874 habitaverint,
3157 824 3253 879 pro
3281 807 3517 863 remedio
3540 808 3838 861 animarum
3864 812 4069 861 nostra-

2495 921 2635 971 rum,
2667 914 2722 960 et
2750 919 2849 975 pro
2876 902 2999 957 ﬁliis
3028 902 3226 956 nostris
3259 899 3527 954 Ademaro
3564 906 3727 967 atque
3754 894 4069 955 Lamberto,

2494 1009 2550 1053 et
2583 1005 2640 1051 ut
2660 995 2890 1052 ecclesia
2914 994 2975 1049 Β.
3002 993 3237 1049 Marcelli
3260 990 3631 1054 retediﬁcetur,
3657 985 4072 1043 monasterium-

2497 1104 2603 1159 que
2627 1090 2698 1144 ibi
2736 1087 2987 1151 faciatur,
3011 1085 3252 1154 nullique
3283 1083 3401 1139 loco
3433 1083 3545 1152 ipsa
3580 1079 3805 1135 ecclesia
3834 1092 3933 1132 nec
3961 1077 4075 1146 ipse

2498 1181 2648 1236 locus
2696 1177 2971 1247 subjectus
3024 1177 3113 1241 sit,
3164 1175 3266 1230 nisi
3319 1174 3385 1228 ad
3427 1172 3485 1227 S.
3513 1172 3730 1227 Petrum
3773 1167 4077 1237 principem

2502 1270 2866 1341 apostolorum
2905 1286 2916 1321 :
2969 1268 3223 1337 omnique
3249 1273 3487 1335 tempore
3533 1262 3599 1316 ad
3630 1262 3855 1315 Romam
3885 1269 4076 1311 mona-

2503 1362 2588 1418 chi
2637 1362 2834 1416 ibidem
2871 1360 3074 1429 pariter
3115 1357 3419 1411 habitantes
3474 1354 3541 1408 ad
3580 1352 3824 1423 quintum
3875 1360 4078 1402 annum

2504 1455 2741 1525 quinque
2770 1452 2968 1508 solidos
3008 1452 3061 1505 in
3097 1464 3317 1504 censum
3349 1446 3597 1502 reddant.
3626 1444 3887 1498 Abbatem
3932 1439 4078 1493 enim

2508 1547 2560 1601 iu
2588 1548 2762 1601 locum
2790 1544 2851 1598 Β.
2886 1543 3148 1605 Marcelli,
3196 1556 3316 1610 qua:
3339 1540 3537 1593 dicitur
3568 1535 3811 1600 Fellinis,
3851 1548 3954 1586 non
3987 1532 4086 1584 ha-

2507 1641 2631 1694 beat
2662 1638 2750 1707 qui
2781 1636 3019 1706 regulam
3048 1634 3102 1689 S.
3135 1632 3407 1687 Benedicti
3440 1645 3545 1684 non
3580 1635 3777 1688 teneat,
3808 1633 3861 1679 et
3892 1637 4088 1677 secun-

2511 1734 2635 1787 dum
2669 1745 2785 1785 eam
2820 1744 2925 1782 non
2960 1728 3138 1790 vivat;
3174 1723 3410 1792 nullique
3441 1718 3688 1775 monachi
3722 1717 3793 1771 ibi
3821 1714 4087 1774 habitent,

2435 1806 2480 1864 Β
2510 1822 2598 1891 qui
2629 1820 2923 1874 fraternam
2950 1826 3002 1872 et
3028 1829 3366 1870 communem
3390 1812 3556 1865 vitam
3594 1810 3728 1864 bene
3757 1821 3861 1861 non
3905 1812 4087 1858 custo-

2510 1912 2729 1966 dierint.
2776 1909 2834 1965 Si
2879 1908 3021 1962 enim
3073 1906 3267 1975 aliquis
3298 1904 3456 1957 homo
3500 1910 3591 1955 aut
3639 1899 3816 1967 aliqua
3859 1907 4091 1964 persona

2513 2011 2731 2073 propter
2776 2015 2993 2061 aurum,
3022 1997 3105 2051 vel
3152 2004 3371 2065 propter
3402 2000 3709 2062 argentum,
3751 1997 3841 2040 aut
3870 1993 4093 2054 propter

2515 2070 2749 2161 aliquam
2801 2088 3110 2142 facultatem
3162 2085 3407 2138 abbatem
3454 2084 3505 2135 in
3542 2080 3715 2135 locum
3762 2076 3821 2129 Β.
3853 2070 4093 2128 Marcelli

2519 2182 2735 2235 mittere
2776 2176 3034 2240 voluerit;
3070 2189 3259 2227 omnes
3289 2171 3457 2225 sancti
3488 2170 3598 2222 sint
3635 2167 3683 2220 ei
3724 2161 4004 2225 contrarii,
4041 2167 4097 2211 et

2518 2273 2573 2325 lt.
2626 2269 2947 2325 Benedictus
2984 2280 3107 2320 cum
3152 2277 3312 2332 grege
3343 2260 3728 2314 monachorum
3762 2267 4094 2307 suorum.....

2521 2361 2657 2415 Sunt
2688 2374 2817 2429 ergo
2872 2358 2997 2426 ipsae
3025 2370 3111 2408 res
3141 2354 3257 2407 sitae
3301 2351 3354 2404 in
3403 2349 3661 2403 comitatu
3689 2342 4096 2400 Valentinense,

2522 2452 2624 2504 hoc
2676 2457 2758 2503 est
2814 2462 2967 2499 mons
3014 2458 3131 2512 quae
3180 2440 3479 2511 appellatur
3532 2436 3813 2497 Alavinea,
3847 2441 3902 2487 et
3943 2443 4100 2484 mons

2522 2558 2642 2610 quae
2697 2548 2921 2592 vocatur
2969 2533 3338 2588 Medialuna...
3391 2530 3687 2589 Douamus,
3736 2525 4100 2587 donatumque

2528 2635 2578 2687 in
2613 2638 2928 2700 perpetuum
2963 2638 3083 2679 esse
3112 2622 3360 2675 volumus
3391 2620 3443 2672 in
3474 2616 3725 2669 alimonia
3751 2622 3804 2667 et
3832 2609 4102 2679 stipendio

2528 2720 2941 2782 monachorum,
2977 2724 3032 2770 et
3062 2712 3407 2779 susceptione
3447 2707 3738 2775 hospitum,
3771 2712 3825 2756 et
3865 2698 4104 2770 peregri-

2530 2828 2721 2866 norum
2744 2820 2798 2864 et
2830 2807 3221 2877 orphanorum,
3254 2803 3306 2855 in
3332 2801 3443 2871 jam
3480 2798 3626 2852 dicto
3653 2796 3768 2849 loco
3795 2791 3893 2847 sub
3922 2788 4103 2859 regula

2524 2906 2639 2975 jam
2663 2900 2791 2957 dicti
2821 2898 2990 2969 patris
3012 2892 3285 2950 Benedicti
3320 2887 3694 2950 servientium,
3738 2900 3834 2953 pro
3866 2878 4109 2934 remedio

2533 2994 2725 3047 anima:
2752 3004 2901 3051 mete,
2926 3002 3026 3041 nec
3053 3000 3158 3039 non
3190 2994 3241 3035 et
3267 2996 3362 3051 pro
3389 2979 3625 3033 remedio
3644 2975 3812 3045 patris
3836 2972 3937 3025 mei
3960 2968 4112 3023 Gun-

2536 3080 2697 3143 tardi,
2730 3088 2785 3133 et
2812 3090 2911 3145 pro
2957 3081 3127 3128 matre
3176 3085 3293 3123 mea
3344 3064 3725 3135 Ermengarde,
3764 3081 3781 3113 ι
3813 3071 3918 3115 etc.
3964 3057 4109 3111 Sub-

852 3150 1097 3203 ¹⁴⁰ί¹¹³ν¹¹
1144 3161 1305 3214 Γ⁰ε¹⁵ν
1345 3142 1666 3197 ¹⁴³¹¹³δθη¹¹⁸
1723 3153 1907 3193 comes
1962 3132 2267 3228 “595M?
2303 3145 2423 3228 9’93
2456 3149 2502 3211 C
2536 3173 2726 3228 scribit
2758 3132 2898 3223 iri-ter
2933 3168 3066 3221 alios
3098 3163 3397 3219 Ricbardus
3445 3132 3585 3214 ﬁliu's
3627 3154 3923 3212 Lamberti.
3959 3150 4113 3204 Hanc

856 3254 996 3292 uxor
1043 3237 1176 3291 dant
1213 3233 1473 3289 Cluniaco
1531 3228 1817 3284 ecclesiam
1878 3225 2051 3280 sancti
2102 3222 2316 3276 Martini
2363 3222 2429 3273 de

851 3331 1077 3399 lngheto
1129 3327 1179 3379 in
1242 3339 1381 3394 pago
1426 3316 1918 3391 Augustodunensi.
1964 3316 2231 3368 Prmtereo
2294 3309 2432 3365 mul-

859 3434 945 3477 tas
1015 3421 1149 3474 alias
1190 3416 1483 3480 ecclesias,
1529 3428 1664 3483 quas
1711 3419 1822 3464 tum
1871 3408 2176 3463 Burcardus
2223 3403 2433 3474 Lugdu-

863 3516 1049 3571 nensis
1118 3508 1560 3579 archiepiscopus
1644 3518 1766 3557 cum
1836 3514 2103 3556 consensu
2169 3494 2435 3567 prcepositi

862 3616 910 3661 et
962 3603 1163 3657 abbatis
1190 3599 1460 3670 Ilugom's,
1515 3604 1623 3648 tum
1666 3590 1933 3647 Roclenus
1966 3590 2126 3643 homo
2166 3586 2334 3640 laicus
2384 3584 2436 3637 in

863 3695 1085 3752 dioecesi
1126 3688 1467 3762 Lugdunensi
1500 3694 1761 3756 regnante
1796 3680 2043 3736 Conrado
2082 3678 2149 3731 ab
2178 3690 2319 3730 anno
2350 3690 2437 3727 re—

863 3790 953 3860 gni
986 3790 1102 3858 ejus
1138 3782 1417 3854 trigesimo
1451 3778 1517 3833 ad
1551 3775 2055 3847 quadragesimum;
2093 3776 2202 3822 tum
2234 3764 2441 3821 Walte-

867 3884 981 3937 rius
1030 3876 1323 3934 Eduensis
1370 3872 1653 3943 episcopus
1695 3882 1836 3921 anno
1877 3864 1946 3918 29
1993 3860 2234 3916 Lotharii
2278 3857 2443 3926 regis,

866 3974 1067 4042 aliique
1114 3965 1561 4025 Cluniacensibus
1605 3959 1883 4015 monachis
1933 3954 2276 4011 contulerunt
2314 3968 2328 4003 ;
2378 3966 2441 4004 ex

868 4038 1065 4134 quibus
1089 4056 1386 4115 Walterius
1417 4054 1562 4109 dedit
1584 4049 1867 4107 ecclesiam
1902 4049 1966 4100 de
2016 4038 2443 4102 Montemelardi,

870 4130 923 4211 et
960 4153 1245 4211 ecclesiam
1278 4156 1479 4203 sancta:
1514 4143 1696 4199 Maria:
1729 4140 1780 4195 in
1812 4137 1935 4192 villa
1964 4134 2149 4197 Vallis,
2181 4142 2236 4187 et
2276 4130 2449 4185 eccle-

871 4249 1007 4303 siam
1038 4244 1211 4301 sancti
1240 4237 1494 4297 Germani
1529 4237 1583 4291 in
1626 4233 1753 4287 villa
1779 4230 2051 4291 Tirinaco,
2084 4245 2101 4276 ι
2131 4225 2219 4279 ubi
2260 4222 2452 4293 praedi—

871 4339 943 4395 ι·ιὶ
1003 4334 1277 4397 monachi,
1336 4329 1529 4400 inquit,
1591 4327 1642 4381 in
1689 4320 1996 4379 obedientia
2042 4316 2279 4387 quotidie
2320 4313 2454 4367 assi-

872 4440 1040 4485 stunt.
1081 4448 1099 4479 ι

2533 3263 2878 3319 donationem
2922 3257 3207 3312 conﬁrmat
3244 3251 3524 3309 Conradus
3557 3264 3648 3302 rex
3680 3262 3822 3301 anno
3846 3244 3914 3297 46
3958 3240 4114 3311 regni

2535 3354 2639 3409 sui.
2669 3352 2971 3404 Ademarns
3018 3361 3199 3400 comes
3230 3353 3282 3397 et
3325 3357 3461 3395 uxor
3486 3340 3601 3409 ejus
3630 3336 3872 3390 Roteldis
3898 3329 4115 3387 Odiloni

2538 3444 2717 3499 abbati
2742 3444 2936 3496 iterum
2956 3454 3076 3493 eum
3101 3436 3395 3505 prioratum
3415 3432 3769 3486 restituerunt
3788 3440 3933 3480 anno
3954 3420 4116 3475 1055.

2540 3538 2615 3592 De
2677 3549 2741 3588 eo
2789 3532 3034 3601 prioratu
3085 3528 3206 3581 vide
3245 3524 3626 3580 bibliothecam
3681 3518 4123 3577 Cluniacensem,

2611 3628 2644 3679 l.
2678 3624 2810 3679 1727

2611 3628 2644 3679 1.
2782 3625 2810 3676 7

2541 3625 2892 3771 c0291.7:nno
2919 3708 3043 3773 986,
3088 3706 3177 3776 qui
3208 3704 3358 3759 obitu
3389 3700 3631 3757 Lotharii
3672 3699 4002 3753 Francorum
4036 3707 4128 3745 re-

2547 3811 2628 3879 gis
2654 3807 2913 3879 praeditus
2955 3810 3059 3862 est,
3102 3798 3297 3853 Maiolo
3334 3815 3352 3846 ι
3381 3796 3605 3865 ejusque
3649 3787 3926 3844 monachis
3963 3785 4130 3839 datur

2549 3877 2702 3956 vinea
2738 3896 2876 3966 apud
2917 3892 3113 3961 Noglas
3144 3888 3322 3942 villam
3363 3884 3483 3955 pagi
3523 3877 3951 3940 Matisconensis,
3983 3888 4132 3927 anno

2552 3996 2725 4065 primo
2752 3988 3010 4057 Ludovici
3047 3984 3206 4053 regis,
3239 4000 3257 4033 ι
3292 3981 3379 4049 qui
3425 3974 3667 4031 Lotharii
3699 3972 3841 4026 ﬁlius
3886 3983 3950 4022 ac
3996 3981 4129 4020 suc-

2552 4101 2734 4142 cessor
2781 4081 2901 4134 fuit.
2934 4078 3007 4131 De
3036 4076 3225 4130 eodem
3268 4069 3540 4125 Ludovico
3572 4080 3694 4136 rege
3727 4057 4133 4129 interpretanda

2555 4184 2638 4229 est
2689 4173 2899 4231 charta,
2932 4182 3035 4235 qua
3064 4162 3356 4218 canonicus
3401 4157 3621 4228 quidam
3651 4150 3956 4208 Anieiensis
3986 4148 4134 4201 ardes

2556 4282 2683 4321 suas
2727 4264 2848 4334 igne
2888 4266 3254 4324 consumptas,
3291 4251 3427 4306 infra
3476 4249 3713 4303 claustra
3743 4242 4132 4298 canunicorum

2558 4358 2689 4411 sitas
2732 4330 2987 4411 restituit,
3035 4347 3304 4413 donatque
3350 4339 3543 4393 Maiolo
3568 4346 3623 4391 et
3666 4330 4133 4391 Cluniacensibus,

2566 4467 2581 4497 ι
2620 4458 2758 4499 anno
2789 4456 2895 4511 quo
2921 4437 3227 4492 Ludovicus
3259 4448 3352 4486 rex
3384 4433 3433 4484 in
3466 4425 3826 4483 adolescentia
3862 4422 4028 4475 vitam
4075 4418 4141 4471 ﬁ-

942 4541 1031 4595 27·
1064 4538 1218 4592 Amm
1243 4533 1310 4590 50
1333 4528 1578 4587 Ῑλοίὶιθτίί
1612 4526 1772 4597 τεθεῖεν
1802 4524 1852 4577 Μ
1882 4531 1964 4577 ⁸δῖ
1987 4534 2127 4574 anno
2150 4515 2452 4579 934'M3i0'
2485 4504 2534 4564 Β
2561 4538 2712 4593 nivit.
2754 4504 2941 4588 Datum
2980 4529 3164 4598 quinta
3200 4525 3333 4579 feria
3368 4538 3426 4576 ιιι
3462 4521 3537 4575 ld.
3571 4515 3819 4587 Augusti.
3851 4532 3869 4566 ι
3903 4513 3958 4566 ln
4003 4527 4142 4581 quo-

874 4637 959 4689 lus
1011 4626 1385 4687 Cluniacensis
1432 4631 1488 4678 et
1517 4620 1789 4688 Valorgus
1836 4611 2190 4670 Luxoviensis
2232 4608 2455 4662 abhates

874 4726 1055 4793 aliqua
1084 4722 1226 4775 inter
1266 4730 1385 4772 sese
1424 4716 1764 4768 commutant
1794 4708 1845 4761 in
1876 4704 2017 4758 villis
2042 4699 2377 4757 Salustriaco
2404 4704 2457 4750 et

876 4817 1118 4873 Danaico
1160 4811 1281 4883 pagi
1329 4802 1777 4863 Matisconensis:
1823 4798 1912 4852 ubi
1964 4802 2122 4849 antea
2153 4789 2458 4852 Avmardus

878 4908 1048 4963 abbas
1070 4918 1190 4959 cum
1220 4880 1468 4956 Guidone
1495 4895 1688 4949 abbate
1709 4891 1837 4945 item
1868 4882 2190 4942 Luxoviensi
2214 4880 2459 4952 quaedam

880 5002 1306 5070 permutaverat.
1359 4986 1561 5043 Eodem
1611 4997 1752 5038 anno
1809 4980 1997 5049 Aynus
2050 4968 2461 5028 Matisconensis

883 5089 1302 5145 archidiaconus
1326 5081 1586 5138 Cluniaco
1609 5077 1700 5130 dat
1726 5074 1912 5126 vineas
1938 5070 2071 5124 sitas
2112 5066 2165 5120 in
2200 5078 2334 5135 pago
2363 5061 2464 5116 Ca-

1218 5178 1342 5220 villa
1390 5173 1697 5220 First-iano:
1753 5166 2079 5220 conﬁrmant
2129 5180 2145 5211 ι
2179 5154 2465 5213 ltotdulfus

884 5180 1148 5220 hilaria-ac;

2561 4636 2680 4687 dam
2726 4627 2875 4683 brevi
2916 4623 3174 4679 chronico
3230 4633 3417 4689 regum
3468 4612 3732 4675 Francim,
3788 4608 3928 4680 quod
3977 4622 4144 4659 manu

2562 4728 2841 4783 exaratum
2874 4715 3101 4771 habetur
3129 4714 3181 4767 in
3209 4710 3537 4765 bibliotheca
3568 4706 3787 4759 Patrum
3819 4698 4147 4755 Carmelita—

2568 4828 2682 4866 rum
2710 4804 3202 4864 Cantoennensium
3256 4799 3395 4868 apud
3434 4796 3911 4855 Clarummnntem,
3949 4789 4015 4843 de
4046 4804 4146 4855 po-

2565 4902 2783 4959 stremis
2812 4898 3057 4953 secunda:
3086 4893 3268 4963 stirpis
3296 4889 3571 4945 Francicze
3608 4885 3823 4956 regibus
3849 4894 4151 4946 eorumth

2562 4995 2718 5049 annis
2764 4989 2912 5059 regni
2957 4988 3031 5042 ita
3056 4986 3254 5056 legitur
3284 5001 3295 5035 :
3332 5001 3350 5032 ι
3380 4978 3728 5035 Chlotharius
3763 4974 3856 5035 51.
3911 4970 4153 5024 Ludovi-

2562 5104 2657 5142 cus
2689 5087 2741 5148 l,
2789 5080 3015 5136 Carolus
3060 5078 3231 5131 frater
3280 5074 3395 5143 ejus
3442 5072 3474 5126 6
3501 5069 3793 5129 mensibus,
3828 5062 3979 5129 Hugo
4012 5062 4147 5115 alie-

2566 5194 2665 5220 ...ις
2693 5176 2746 5220 9-
2784 5194 2799 5220 ι
2843 5173 2938 5220 Hic
2976 5171 3117 5220 ﬁlius
3150 5165 3388 5220 Hueonis
3422 5160 3637 5217 comitis
3669 5177 3686 5209 ι
3724 5152 4049 5209 Parisiensis
4078 5167 4150 5205 ex
