  <div class='ocr_page' id='page_1' title='image "/cluster/home/n/w/nwhite01/storage/ocr_20150623/137/hvd.32044021286828/366.png"; bbox 0 0 4494 5520; ppageno 0'>
   <div class='ocr_carea' id='block_1_1' title="bbox 394 444 496 501">
    <p class='ocr_par' dir='ltr' id='par_1_1' title="bbox 394 444 496 501">
     <span class='ocr_line' id='line_1_1' title="bbox 394 444 496 501; baseline 0.01 -1"><span class='ocrx_word' id='word_1_1' title='bbox 394 444 496 501; x_wconf 73' lang='lat'><strong>725</strong></span> 
     </span>
    </p>
   </div>
   <div class='ocr_carea' id='block_1_2' title="bbox 1616 439 2389 496">
    <p class='ocr_par' dir='ltr' id='par_1_2' title="bbox 1616 439 2389 496">
     <span class='ocr_line' id='line_1_2' title="bbox 1616 439 2389 496; baseline -0.003 -1"><span class='ocrx_word' id='word_1_2' title='bbox 1616 440 1912 495; x_wconf 73' lang='lat' dir='ltr'><strong>ELOGIUM</strong></span> <span class='ocrx_word' id='word_1_3' title='bbox 1955 439 2389 496; x_wconf 74' lang='lat' dir='ltr'><strong>lllSTUlilCUM.</strong></span> 
     </span>
    </p>
   </div>
   <div class='ocr_carea' id='block_1_3' title="bbox 3504 434 3611 492">
    <p class='ocr_par' dir='ltr' id='par_1_3' title="bbox 3504 434 3611 492">
     <span class='ocr_line' id='line_1_3' title="bbox 3504 434 3611 492; baseline 0.028 -4"><span class='ocrx_word' id='word_1_4' title='bbox 3504 434 3611 492; x_wconf 67' lang='lat'><strong>726</strong></span> 
     </span>
    </p>
   </div>
   <div class='ocr_carea' id='block_1_4' title="bbox 394 555 3613 629">
    <p class='ocr_par' dir='ltr' id='par_1_4' title="bbox 394 555 3613 629">
     <span class='ocr_line' id='line_1_4' title="bbox 394 555 3613 629; baseline -0.002 -13"><span class='ocrx_word' id='word_1_5' title='bbox 394 561 558 615; x_wconf 85' lang='lat' dir='ltr'><strong>cessit</strong></span> <span class='ocrx_word' id='word_1_6' title='bbox 587 559 739 629; x_wconf 79' lang='lat' dir='ltr'><strong>Hugo</strong></span> <span class='ocrx_word' id='word_1_7' title='bbox 783 560 835 613; x_wconf 91' lang='lat' dir='ltr'><strong>in</strong></span> <span class='ocrx_word' id='word_1_8' title='bbox 877 572 1121 629; x_wconf 80' lang='lat' dir='ltr'><strong>regnum,</strong></span> <span class='ocrx_word' id='word_1_9' title='bbox 1165 558 1402 627; x_wconf 75' lang='lat' dir='ltr'><strong>Hugonis</strong></span> <span class='ocrx_word' id='word_1_10' title='bbox 1450 556 1623 627; x_wconf 78' lang='lat' dir='ltr'><strong>Magni</strong></span> <span class='ocrx_word' id='word_1_11' title='bbox 1678 558 1838 615; x_wconf 85' lang='lat' dir='ltr'><strong>ﬁliuS.</strong></span> <span class='ocrx_word' id='word_1_12' title='bbox 1871 555 1952 607; x_wconf 79' lang='lat' dir='ltr'><strong>cui</strong></span> <span class='ocrx_word' id='word_1_13' title='bbox 1984 558 2031 614; x_wconf 78' lang='grc' dir='ltr'><strong>Α</strong></span> <span class='ocrx_word' id='word_1_14' title='bbox 2060 558 2125 611; x_wconf 89' lang='lat' dir='ltr'><strong>de</strong></span> <span class='ocrx_word' id='word_1_15' title='bbox 2172 558 2436 625; x_wconf 83' lang='lat' dir='ltr'><strong>Bellojoco</strong></span> <span class='ocrx_word' id='word_1_16' title='bbox 2477 557 2733 626; x_wconf 88' lang='lat' dir='ltr'><strong>quasdam</strong></span> <span class='ocrx_word' id='word_1_17' title='bbox 2777 557 3108 613; x_wconf 84' lang='lat' dir='ltr'><strong>obedientias</strong></span> <span class='ocrx_word' id='word_1_18' title='bbox 3137 556 3475 611; x_wconf 97' lang='lat' dir='ltr'><strong>commendat</strong></span> <span class='ocrx_word' id='word_1_19' title='bbox 3516 558 3613 611; x_wconf 86' lang='lat' dir='ltr'><strong>sub</strong></span> 
     </span>
    </p>
   </div>
   <div class='ocr_carea' id='block_1_5' title="bbox 394 644 1951 717">
    <p class='ocr_par' dir='ltr' id='par_1_5' title="bbox 394 644 1951 717">
     <span class='ocr_line' id='line_1_5' title="bbox 394 644 1951 717; baseline -0.008 -11"><span class='ocrx_word' id='word_1_20' title='bbox 394 652 655 706; x_wconf 80' lang='lat' dir='ltr'><strong>successit</strong></span> <span class='ocrx_word' id='word_1_21' title='bbox 682 650 969 703; x_wconf 80' lang='lat' dir='ltr'><strong>Rotbertus</strong></span> <span class='ocrx_word' id='word_1_22' title='bbox 1002 650 1140 701; x_wconf 82' lang='lat' dir='ltr'><strong>filius</strong></span> <span class='ocrx_word' id='word_1_23' title='bbox 1166 648 1281 717; x_wconf 87' lang='lat' dir='ltr'><strong>ejus</strong></span> <span class='ocrx_word' id='word_1_24' title='bbox 1311 648 1361 700; x_wconf 91' lang='lat' dir='ltr'><strong>in</strong></span> <span class='ocrx_word' id='word_1_25' title='bbox 1397 662 1577 715; x_wconf 74' lang='lat' dir='ltr'><strong>regno.</strong></span> <span class='ocrx_word' id='word_1_26' title='bbox 1612 644 1744 697; x_wconf 84' lang='lat' dir='ltr'><strong>lluic</strong></span> <span class='ocrx_word' id='word_1_27' title='bbox 1774 654 1951 696; x_wconf 87' lang='lat' dir='ltr'><strong>autem</strong></span> 
     </span>
    </p>
   </div>
   <div class='ocr_carea' id='block_1_6' title="bbox 396 736 1955 808">
    <p class='ocr_par' dir='ltr' id='par_1_6' title="bbox 396 736 1955 808">
     <span class='ocr_line' id='line_1_6' title="bbox 396 736 1955 808; baseline -0.006 -11"><span class='ocrx_word' id='word_1_28' title='bbox 396 742 659 797; x_wconf 88' lang='lat' dir='ltr'><strong>successit</strong></span> <span class='ocrx_word' id='word_1_29' title='bbox 699 741 840 795; x_wconf 90' lang='lat' dir='ltr'><strong>ﬁlius</strong></span> <span class='ocrx_word' id='word_1_30' title='bbox 866 739 981 808; x_wconf 87' lang='lat' dir='ltr'><strong>ejus</strong></span> <span class='ocrx_word' id='word_1_31' title='bbox 1011 740 1283 804; x_wconf 76' lang='lat' dir='ltr'><strong>Ainricns,</strong></span> <span class='ocrx_word' id='word_1_32' title='bbox 1316 739 1406 807; x_wconf 87' lang='lat' dir='ltr'><strong>qui</strong></span> <span class='ocrx_word' id='word_1_33' title='bbox 1452 737 1609 791; x_wconf 90' lang='lat' dir='ltr'><strong>modo</strong></span> <span class='ocrx_word' id='word_1_34' title='bbox 1649 736 1756 789; x_wconf 88' lang='lat' dir='ltr'><strong>Deo</strong></span> <span class='ocrx_word' id='word_1_35' title='bbox 1779 744 1955 803; x_wconf 87' lang='lat' dir='ltr'><strong>prote-</strong></span> 
     </span>
    </p>
   </div>
   <div class='ocr_carea' id='block_1_7' title="bbox 396 825 1949 902">
    <p class='ocr_par' dir='ltr' id='par_1_7' title="bbox 396 825 1949 902">
     <span class='ocr_line' id='line_1_7' title="bbox 396 825 1949 902; baseline -0.008 -15"><span class='ocrx_word' id='word_1_36' title='bbox 396 841 571 902; x_wconf 86' lang='lat' dir='ltr'><strong>gente,</strong></span> <span class='ocrx_word' id='word_1_37' title='bbox 620 839 779 901; x_wconf 88' lang='lat' dir='ltr'><strong>prout</strong></span> <span class='ocrx_word' id='word_1_38' title='bbox 820 838 1017 900; x_wconf 82' lang='lat' dir='ltr'><strong>potest,</strong></span> <span class='ocrx_word' id='word_1_39' title='bbox 1060 844 1283 896; x_wconf 85' lang='lat' dir='ltr'><strong>regnum</strong></span> <span class='ocrx_word' id='word_1_40' title='bbox 1333 827 1571 880; x_wconf 67' lang='lat' dir='ltr'><strong>Francizc</strong></span> <span class='ocrx_word' id='word_1_41' title='bbox 1616 825 1895 893; x_wconf 88' lang='lat' dir='ltr'><strong>gubernat.</strong></span> <span class='ocrx_word' id='word_1_42' title='bbox 1932 842 1949 873; x_wconf 79' lang='grc' dir='ltr'><strong><em>ι</em></strong></span> 
     </span>
    </p>
   </div>
   <div class='ocr_carea' id='block_1_8' title="bbox 2057 647 3617 716">
    <p class='ocr_par' dir='ltr' id='par_1_8' title="bbox 2057 647 3617 716">
     <span class='ocr_line' id='line_1_8' title="bbox 2057 647 3617 716; baseline -0.001 -16"><span class='ocrx_word' id='word_1_43' title='bbox 2057 647 2156 701; x_wconf 91' lang='lat' dir='ltr'><strong>hoc</strong></span> <span class='ocrx_word' id='word_1_44' title='bbox 2181 648 2333 701; x_wconf 86' lang='lat' dir='ltr'><strong>titulo</strong></span> <span class='ocrx_word' id='word_1_45' title='bbox 2360 665 2370 698; x_wconf 89' lang='lat'><strong>:</strong></span> <span class='ocrx_word' id='word_1_46' title='bbox 2415 665 2432 696; x_wconf 76' lang='grc' dir='ltr'>ι</span> <span class='ocrx_word' id='word_1_47' title='bbox 2465 647 2660 700; x_wconf 81' lang='lat' dir='ltr'><strong>Notitia</strong></span> <span class='ocrx_word' id='word_1_48' title='bbox 2689 647 3184 711; x_wconf 89' lang='lat' dir='ltr'><strong>commendationis,</strong></span> <span class='ocrx_word' id='word_1_49' title='bbox 3212 661 3373 716; x_wconf 92' lang='lat' dir='ltr'><strong>quam</strong></span> <span class='ocrx_word' id='word_1_50' title='bbox 3396 659 3617 700; x_wconf 85' lang='lat' dir='ltr'><strong>venera-</strong></span> 
     </span>
    </p>
   </div>
   <div class='ocr_carea' id='block_1_9' title="bbox 2056 735 3619 805">
    <p class='ocr_par' dir='ltr' id='par_1_9' title="bbox 2056 735 3619 805">
     <span class='ocr_line' id='line_1_9' title="bbox 2056 735 3619 805; baseline -0.002 -13"><span class='ocrx_word' id='word_1_51' title='bbox 2056 739 2179 792; x_wconf 92' lang='lat' dir='ltr'><strong>hilis</strong></span> <span class='ocrx_word' id='word_1_52' title='bbox 2203 738 2472 792; x_wconf 70' lang='lat' dir='ltr'><strong>memorim</strong></span> <span class='ocrx_word' id='word_1_53' title='bbox 2510 736 2732 792; x_wconf 84' lang='lat' dir='ltr'><strong>Maiolus</strong></span> <span class='ocrx_word' id='word_1_54' title='bbox 2755 736 2883 792; x_wconf 91' lang='lat' dir='ltr'><strong>fecit</strong></span> <span class='ocrx_word' id='word_1_55' title='bbox 2929 736 3224 791; x_wconf 87' lang='lat' dir='ltr'><strong>llumberto</strong></span> <span class='ocrx_word' id='word_1_56' title='bbox 3252 736 3316 790; x_wconf 89' lang='lat' dir='ltr'><strong>de</strong></span> <span class='ocrx_word' id='word_1_57' title='bbox 3353 735 3619 805; x_wconf 86' lang='lat' dir='ltr'><strong>Bellojoco</strong></span> 
     </span>
    </p>
   </div>
   <div class='ocr_carea' id='block_1_10' title="bbox 2059 826 3623 899">
    <p class='ocr_par' dir='ltr' id='par_1_10' title="bbox 2059 826 3623 899">
     <span class='ocr_line' id='line_1_10' title="bbox 2059 826 3623 899; baseline -0.004 -14"><span class='ocrx_word' id='word_1_58' title='bbox 2059 830 2124 885; x_wconf 91' lang='lat' dir='ltr'><strong>de</strong></span> <span class='ocrx_word' id='word_1_59' title='bbox 2166 830 2249 884; x_wconf 91' lang='lat' dir='ltr'><strong>his</strong></span> <span class='ocrx_word' id='word_1_60' title='bbox 2294 830 2634 893; x_wconf 89' lang='lat' dir='ltr'><strong>obedientiis,</strong></span> <span class='ocrx_word' id='word_1_61' title='bbox 2682 828 2889 899; x_wconf 79' lang='lat' dir='ltr'><strong>Algoia,</strong></span> <span class='ocrx_word' id='word_1_62' title='bbox 2931 827 3079 891; x_wconf 88' lang='lat' dir='ltr'><strong>Pola,</strong></span> <span class='ocrx_word' id='word_1_63' title='bbox 3131 826 3414 890; x_wconf 90' lang='lat' dir='ltr'><strong>Scotiolas,</strong></span> <span class='ocrx_word' id='word_1_64' title='bbox 3457 826 3623 894; x_wconf 80' lang='lat' dir='ltr'><strong>Arpa-</strong></span> 
     </span>
    </p>
   </div>
   <div class='ocr_carea' id='block_1_11' title="bbox 398 914 3621 990">
    <p class='ocr_par' dir='ltr' id='par_1_11' title="bbox 398 914 3621 990">
     <span class='ocr_line' id='line_1_11' title="bbox 398 914 3621 990; baseline -0.005 -12"><span class='ocrx_word' id='word_1_65' title='bbox 398 923 524 978; x_wconf 67' lang='lat' dir='ltr'><strong>llaec</strong></span> <span class='ocrx_word' id='word_1_66' title='bbox 549 938 614 977; x_wconf 77' lang='lat' dir='ltr'><strong>ex</strong></span> <span class='ocrx_word' id='word_1_67' title='bbox 644 930 829 976; x_wconf 88' lang='lat' dir='ltr'><strong>nostro</strong></span> <span class='ocrx_word' id='word_1_68' title='bbox 857 919 1207 989; x_wconf 89' lang='lat' dir='ltr'><strong>Stephanotio</strong></span> <span class='ocrx_word' id='word_1_69' title='bbox 1236 918 1560 986; x_wconf 88' lang='lat' dir='ltr'><strong>accepimus.</strong></span> <span class='ocrx_word' id='word_1_70' title='bbox 1593 914 1791 968; x_wconf 86' lang='lat' dir='ltr'><strong>Charta</strong></span> <span class='ocrx_word' id='word_1_71' title='bbox 1820 928 1958 981; x_wconf 69' lang='lat' dir='ltr'><strong>quze-</strong></span> <span class='ocrx_word' id='word_1_72' title='bbox 1993 975 2001 983; x_wconf 30' lang='grc' dir='ltr'><strong>ι</strong></span> <span class='ocrx_word' id='word_1_73' title='bbox 2053 920 2196 990; x_wconf 69' lang='lat' dir='ltr'><strong>jam,</strong></span> <span class='ocrx_word' id='word_1_74' title='bbox 2238 920 2309 975; x_wconf 75' lang='grc' dir='ltr'>ξω</span> <span class='ocrx_word' id='word_1_75' title='bbox 2340 921 2523 974; x_wconf 76' lang='lat' dir='ltr'><strong>dicens</strong></span> <span class='ocrx_word' id='word_1_76' title='bbox 2554 938 2566 973; x_wconf 83' lang='lat'><strong>;</strong></span> <span class='ocrx_word' id='word_1_77' title='bbox 2600 919 2926 975; x_wconf 76' lang='lat' dir='ltr'><strong>Commendo</strong></span> <span class='ocrx_word' id='word_1_78' title='bbox 2970 920 3063 973; x_wconf 70' lang='lat' dir='ltr'><strong>tibi</strong></span> <span class='ocrx_word' id='word_1_79' title='bbox 3094 919 3193 975; x_wconf 75' lang='lat' dir='ltr'><strong>has</strong></span> <span class='ocrx_word' id='word_1_80' title='bbox 3217 916 3621 987; x_wconf 77' lang='lat' dir='ltr'><strong>supranomina-</strong></span> 
     </span>
    </p>
   </div>
   <div class='ocr_carea' id='block_1_12' title="bbox 399 1006 1959 1079">
    <p class='ocr_par' dir='ltr' id='par_1_12' title="bbox 399 1006 1959 1079">
     <span class='ocr_line' id='line_1_12' title="bbox 399 1006 1959 1079; baseline -0.008 -10"><span class='ocrx_word' id='word_1_81' title='bbox 399 1018 556 1079; x_wconf 85' lang='lat' dir='ltr'><strong>datn,</strong></span> <span class='ocrx_word' id='word_1_82' title='bbox 605 1027 830 1068; x_wconf 87' lang='lat' dir='ltr'><strong>numero</strong></span> <span class='ocrx_word' id='word_1_83' title='bbox 878 1010 983 1067; x_wconf 75' lang='lat'><strong>326</strong></span> <span class='ocrx_word' id='word_1_84' title='bbox 1038 1012 1091 1065; x_wconf 92' lang='lat' dir='ltr'><strong>in</strong></span> <span class='ocrx_word' id='word_1_85' title='bbox 1141 1008 1427 1065; x_wconf 89' lang='lat' dir='ltr'><strong>Chartario</strong></span> <span class='ocrx_word' id='word_1_86' title='bbox 1476 1006 1691 1070; x_wconf 82' lang='lat' dir='ltr'><strong>Maioli,</strong></span> <span class='ocrx_word' id='word_1_87' title='bbox 1743 1014 1959 1059; x_wconf 87' lang='lat' dir='ltr'><strong>notatur</strong></span> 
     </span>
    </p>
   </div>
   <div class='ocr_carea' id='block_1_13' title="bbox 406 1100 1953 1175">
    <p class='ocr_par' dir='ltr' id='par_1_13' title="bbox 406 1100 1953 1175">
     <span class='ocr_line' id='line_1_13' title="bbox 406 1100 1953 1175; baseline -0.008 -17"><span class='ocrx_word' id='word_1_88' title='bbox 406 1126 424 1158; x_wconf 77' lang='grc' dir='ltr'>ι</span> <span class='ocrx_word' id='word_1_89' title='bbox 464 1122 603 1159; x_wconf 82' lang='lat' dir='ltr'><strong>anno</strong></span> <span class='ocrx_word' id='word_1_90' title='bbox 631 1105 663 1159; x_wconf 91' lang='lat'><strong>5</strong></span> <span class='ocrx_word' id='word_1_91' title='bbox 702 1103 942 1175; x_wconf 85' lang='lat' dir='ltr'><strong>Hugnnis</strong></span> <span class='ocrx_word' id='word_1_92' title='bbox 971 1102 1133 1173; x_wconf 87' lang='lat' dir='ltr'><strong>regis,</strong></span> <span class='ocrx_word' id='word_1_93' title='bbox 1170 1102 1360 1157; x_wconf 81' lang='lat' dir='ltr'><strong>Carolo</strong></span> <span class='ocrx_word' id='word_1_94' title='bbox 1389 1111 1535 1155; x_wconf 90' lang='lat' dir='ltr'><strong>truso</strong></span> <span class='ocrx_word' id='word_1_95' title='bbox 1584 1100 1635 1152; x_wconf 93' lang='lat' dir='ltr'><strong>in</strong></span> <span class='ocrx_word' id='word_1_96' title='bbox 1666 1112 1901 1161; x_wconf 77' lang='lat' dir='ltr'><strong>carcere,</strong></span> <span class='ocrx_word' id='word_1_97' title='bbox 1936 1115 1953 1146; x_wconf 74' lang='grc' dir='ltr'><strong><em>ι</em></strong></span> 
     </span>
    </p>
   </div>
   <div class='ocr_carea' id='block_1_14' title="bbox 401 1190 1747 1267">
    <p class='ocr_par' dir='ltr' id='par_1_14' title="bbox 401 1190 1747 1267">
     <span class='ocr_line' id='line_1_14' title="bbox 401 1190 1747 1267; baseline -0.007 -17"><span class='ocrx_word' id='word_1_98' title='bbox 401 1197 491 1267; x_wconf 88' lang='lat' dir='ltr'><strong>qui</strong></span> <span class='ocrx_word' id='word_1_99' title='bbox 520 1195 776 1250; x_wconf 83' lang='lat' dir='ltr'><strong>Ludovici</strong></span> <span class='ocrx_word' id='word_1_100' title='bbox 810 1202 1033 1263; x_wconf 89' lang='lat' dir='ltr'><strong>patruus</strong></span> <span class='ocrx_word' id='word_1_101' title='bbox 1058 1201 1194 1255; x_wconf 89' lang='lat' dir='ltr'><strong>erat,</strong></span> <span class='ocrx_word' id='word_1_102' title='bbox 1228 1193 1332 1245; x_wconf 75' lang='lat' dir='ltr'><strong>dux</strong></span> <span class='ocrx_word' id='word_1_103' title='bbox 1366 1190 1747 1259; x_wconf 75' lang='lat' dir='ltr'><strong>Lothariugize.</strong></span> 
     </span>
    </p>
   </div>
   <div class='ocr_carea' id='block_1_15' title="bbox 471 1275 1959 1344">
    <p class='ocr_par' dir='ltr' id='par_1_15' title="bbox 471 1275 1959 1344">
     <span class='ocr_line' id='line_1_15' title="bbox 471 1275 1959 1344; baseline -0.007 -5"><span class='ocrx_word' id='word_1_104' title='bbox 471 1284 555 1339; x_wconf 81' lang='lat'><strong>50.</strong></span> <span class='ocrx_word' id='word_1_105' title='bbox 585 1286 741 1338; x_wconf 81' lang='lat' dir='ltr'><strong>Anno</strong></span> <span class='ocrx_word' id='word_1_106' title='bbox 763 1282 864 1338; x_wconf 88' lang='lat'><strong>988</strong></span> <span class='ocrx_word' id='word_1_107' title='bbox 894 1281 1083 1336; x_wconf 84' lang='lat' dir='ltr'><strong>Maiolo</strong></span> <span class='ocrx_word' id='word_1_108' title='bbox 1111 1289 1165 1335; x_wconf 90' lang='lat' dir='ltr'><strong>et</strong></span> <span class='ocrx_word' id='word_1_109' title='bbox 1206 1279 1645 1335; x_wconf 88' lang='lat' dir='ltr'><strong>Cluniacensibus</strong></span> <span class='ocrx_word' id='word_1_110' title='bbox 1671 1292 1700 1329; x_wconf 91' lang='lat' dir='ltr'><strong>a</strong></span> <span class='ocrx_word' id='word_1_111' title='bbox 1730 1275 1959 1344; x_wconf 89' lang='lat' dir='ltr'><strong>quodam</strong></span> 
     </span>
    </p>
   </div>
   <div class='ocr_carea' id='block_1_16' title="bbox 403 1366 1963 1438">
    <p class='ocr_par' dir='ltr' id='par_1_16' title="bbox 403 1366 1963 1438">
     <span class='ocr_line' id='line_1_16' title="bbox 403 1366 1963 1438; baseline -0.009 -8"><span class='ocrx_word' id='word_1_112' title='bbox 403 1375 620 1438; x_wconf 87' lang='lat' dir='ltr'><strong>clerico,</strong></span> <span class='ocrx_word' id='word_1_113' title='bbox 651 1375 867 1427; x_wconf 89' lang='lat' dir='ltr'><strong>nomine</strong></span> <span class='ocrx_word' id='word_1_114' title='bbox 903 1370 1192 1436; x_wconf 81' lang='lat' dir='ltr'><strong>Richardo,</strong></span> <span class='ocrx_word' id='word_1_115' title='bbox 1223 1371 1381 1425; x_wconf 90' lang='lat' dir='ltr'><strong>datur</strong></span> <span class='ocrx_word' id='word_1_116' title='bbox 1407 1367 1631 1423; x_wconf 83' lang='lat' dir='ltr'><strong>ecclesia</strong></span> <span class='ocrx_word' id='word_1_117' title='bbox 1658 1366 1827 1420; x_wconf 79' lang='lat' dir='ltr'><strong>sancti</strong></span> <span class='ocrx_word' id='word_1_118' title='bbox 1855 1366 1963 1417; x_wconf 79' lang='lat' dir='ltr'><strong>Au-</strong></span> 
     </span>
    </p>
   </div>
   <div class='ocr_carea' id='block_1_17' title="bbox 404 1455 1964 1535">
    <p class='ocr_par' dir='ltr' id='par_1_17' title="bbox 404 1455 1964 1535">
     <span class='ocr_line' id='line_1_17' title="bbox 404 1455 1964 1535; baseline -0.009 -13"><span class='ocrx_word' id='word_1_119' title='bbox 404 1468 545 1522; x_wconf 75' lang='lat' dir='ltr'><strong>drea:</strong></span> <span class='ocrx_word' id='word_1_120' title='bbox 574 1486 592 1517; x_wconf 77' lang='grc' dir='ltr'>ι</span> <span class='ocrx_word' id='word_1_121' title='bbox 628 1467 679 1519; x_wconf 91' lang='lat' dir='ltr'><strong>in</strong></span> <span class='ocrx_word' id='word_1_122' title='bbox 718 1480 854 1535; x_wconf 89' lang='lat' dir='ltr'><strong>pago</strong></span> <span class='ocrx_word' id='word_1_123' title='bbox 902 1464 1137 1533; x_wconf 75' lang='lat' dir='ltr'><strong>Vapinse</strong></span> <span class='ocrx_word' id='word_1_124' title='bbox 1174 1462 1259 1531; x_wconf 79' lang='lat' dir='ltr'><strong>(de</strong></span> <span class='ocrx_word' id='word_1_125' title='bbox 1284 1460 1441 1530; x_wconf 80' lang='lat' dir='ltr'><strong>Cap),</strong></span> <span class='ocrx_word' id='word_1_126' title='bbox 1480 1479 1499 1511; x_wconf 73' lang='grc' dir='ltr'>ι</span> <span class='ocrx_word' id='word_1_127' title='bbox 1532 1474 1654 1513; x_wconf 88' lang='lat' dir='ltr'><strong>cum</strong></span> <span class='ocrx_word' id='word_1_128' title='bbox 1698 1458 1811 1525; x_wconf 91' lang='lat' dir='ltr'><strong>ipsa</strong></span> <span class='ocrx_word' id='word_1_129' title='bbox 1841 1455 1964 1509; x_wconf 87' lang='lat' dir='ltr'><strong>villa</strong></span> 
     </span>
    </p>
   </div>
   <div class='ocr_carea' id='block_1_18' title="bbox 406 1546 1960 1619">
    <p class='ocr_par' dir='ltr' id='par_1_18' title="bbox 406 1546 1960 1619">
     <span class='ocr_line' id='line_1_18' title="bbox 406 1546 1960 1619; baseline -0.009 -9"><span class='ocrx_word' id='word_1_130' title='bbox 406 1556 653 1619; x_wconf 79' lang='lat' dir='ltr'><strong>Rosauis,</strong></span> <span class='ocrx_word' id='word_1_131' title='bbox 687 1564 865 1609; x_wconf 84' lang='lat' dir='ltr'><strong>castro</strong></span> <span class='ocrx_word' id='word_1_132' title='bbox 889 1552 1107 1613; x_wconf 78' lang='lat' dir='ltr'><strong>Risone,</strong></span> <span class='ocrx_word' id='word_1_133' title='bbox 1126 1551 1261 1605; x_wconf 82' lang='lat' dir='ltr'><strong>villis</strong></span> <span class='ocrx_word' id='word_1_134' title='bbox 1287 1549 1561 1611; x_wconf 84' lang='lat' dir='ltr'><strong>Sorbaria,</strong></span> <span class='ocrx_word' id='word_1_135' title='bbox 1586 1546 1829 1608; x_wconf 83' lang='lat' dir='ltr'><strong>Gemma,</strong></span> <span class='ocrx_word' id='word_1_136' title='bbox 1857 1553 1960 1597; x_wconf 86' lang='lat' dir='ltr'><strong>etc.</strong></span> 
     </span>
    </p>
   </div>
   <div class='ocr_carea' id='block_1_19' title="bbox 407 1633 1963 1710">
    <p class='ocr_par' dir='ltr' id='par_1_19' title="bbox 407 1633 1963 1710">
     <span class='ocr_line' id='line_1_19' title="bbox 407 1633 1963 1710; baseline -0.008 -11"><span class='ocrx_word' id='word_1_137' title='bbox 407 1656 515 1699; x_wconf 91' lang='lat' dir='ltr'><strong>tum</strong></span> <span class='ocrx_word' id='word_1_138' title='bbox 549 1645 601 1698; x_wconf 90' lang='lat' dir='ltr'><strong>in</strong></span> <span class='ocrx_word' id='word_1_139' title='bbox 636 1664 653 1695; x_wconf 75' lang='grc' dir='ltr'>ι</span> <span class='ocrx_word' id='word_1_140' title='bbox 685 1643 939 1698; x_wconf 90' lang='lat' dir='ltr'><strong>comitatu</strong></span> <span class='ocrx_word' id='word_1_141' title='bbox 966 1641 1195 1696; x_wconf 74' lang='lat' dir='ltr'><strong>Vasinse</strong></span> <span class='ocrx_word' id='word_1_142' title='bbox 1220 1640 1304 1710; x_wconf 81' lang='lat' dir='ltr'><strong>(de</strong></span> <span class='ocrx_word' id='word_1_143' title='bbox 1338 1637 1576 1706; x_wconf 72' lang='lat' dir='ltr'><strong>Vaiaou),</strong></span> <span class='ocrx_word' id='word_1_144' title='bbox 1611 1633 1749 1689; x_wconf 81' lang='lat' dir='ltr'><strong>intra</strong></span> <span class='ocrx_word' id='word_1_145' title='bbox 1779 1635 1963 1688; x_wconf 82' lang='lat' dir='ltr'><strong>terrui-</strong></span> 
     </span>
    </p>
   </div>
   <div class='ocr_carea' id='block_1_20' title="bbox 406 1724 1963 1789">
    <p class='ocr_par' dir='ltr' id='par_1_20' title="bbox 406 1724 1963 1789">
     <span class='ocr_line' id='line_1_20' title="bbox 406 1724 1963 1789; baseline -0.008 -2"><span class='ocrx_word' id='word_1_146' title='bbox 406 1749 505 1787; x_wconf 88' lang='lat' dir='ltr'><strong>nos</strong></span> <span class='ocrx_word' id='word_1_147' title='bbox 534 1753 550 1783; x_wconf 74' lang='grc' dir='ltr'>ι</span> <span class='ocrx_word' id='word_1_148' title='bbox 586 1732 753 1787; x_wconf 87' lang='lat' dir='ltr'><strong>castri</strong></span> <span class='ocrx_word' id='word_1_149' title='bbox 803 1730 1129 1784; x_wconf 63' lang='lat' dir='ltr'><strong>Malancenre</strong></span> <span class='ocrx_word' id='word_1_150' title='bbox 1158 1744 1252 1783; x_wconf 86' lang='lat' dir='ltr'><strong>sex</strong></span> <span class='ocrx_word' id='word_1_151' title='bbox 1284 1727 1473 1789; x_wconf 82' lang='lat' dir='ltr'><strong>mansi,</strong></span> <span class='ocrx_word' id='word_1_152' title='bbox 1508 1724 1764 1778; x_wconf 82' lang='lat' dir='ltr'><strong>medietas</strong></span> <span class='ocrx_word' id='word_1_153' title='bbox 1803 1724 1963 1776; x_wconf 84' lang='lat' dir='ltr'><strong>castri</strong></span> 
     </span>
    </p>
   </div>
   <div class='ocr_carea' id='block_1_21' title="bbox 408 1812 1965 1886">
    <p class='ocr_par' dir='ltr' id='par_1_21' title="bbox 408 1812 1965 1886">
     <span class='ocr_line' id='line_1_21' title="bbox 408 1812 1965 1886; baseline -0.007 -11"><span class='ocrx_word' id='word_1_154' title='bbox 408 1822 635 1883; x_wconf 75' lang='lat' dir='ltr'><strong>Ilinson,</strong></span> <span class='ocrx_word' id='word_1_155' title='bbox 667 1830 798 1886; x_wconf 87' lang='lat' dir='ltr'><strong>etc.,</strong></span> <span class='ocrx_word' id='word_1_156' title='bbox 853 1828 912 1872; x_wconf 93' lang='lat' dir='ltr'><strong>ut</strong></span> <span class='ocrx_word' id='word_1_157' title='bbox 958 1818 1055 1879; x_wconf 87' lang='lat' dir='ltr'><strong>ibi.</strong></span> <span class='ocrx_word' id='word_1_158' title='bbox 1106 1818 1157 1872; x_wconf 95' lang='lat' dir='ltr'><strong>id</strong></span> <span class='ocrx_word' id='word_1_159' title='bbox 1204 1826 1288 1871; x_wconf 87' lang='lat' dir='ltr'><strong>est</strong></span> <span class='ocrx_word' id='word_1_160' title='bbox 1332 1816 1384 1869; x_wconf 95' lang='lat' dir='ltr'><strong>in</strong></span> <span class='ocrx_word' id='word_1_161' title='bbox 1434 1812 1685 1884; x_wconf 66' lang='lat' dir='ltr'><strong>prmdicta</strong></span> <span class='ocrx_word' id='word_1_162' title='bbox 1718 1813 1965 1877; x_wconf 87' lang='lat' dir='ltr'><strong>ecclesia,</strong></span> 
     </span>
    </p>
   </div>
   <div class='ocr_carea' id='block_1_22' title="bbox 411 1907 1288 1982">
    <p class='ocr_par' dir='ltr' id='par_1_22' title="bbox 411 1907 1288 1982">
     <span class='ocr_line' id='line_1_22' title="bbox 411 1907 1288 1982; baseline -0.008 -17"><span class='ocrx_word' id='word_1_163' title='bbox 411 1932 431 1965; x_wconf 87' lang='grc'><strong>‹</strong></span> <span class='ocrx_word' id='word_1_164' title='bbox 469 1920 725 1982; x_wconf 86' lang='lat' dir='ltr'><strong>perpetuo</strong></span> <span class='ocrx_word' id='word_1_165' title='bbox 763 1910 958 1979; x_wconf 88' lang='lat' dir='ltr'><strong>degant</strong></span> <span class='ocrx_word' id='word_1_166' title='bbox 986 1907 1288 1962; x_wconf 63' lang='lat' dir='ltr'><strong>monachi.»</strong></span> 
     </span>
    </p>
   </div>
   <div class='ocr_carea' id='block_1_23' title="bbox 475 1989 1969 2067">
    <p class='ocr_par' dir='ltr' id='par_1_23' title="bbox 475 1989 1969 2067">
     <span class='ocr_line' id='line_1_23' title="bbox 475 1989 1969 2067; baseline -0.01 -13"><span class='ocrx_word' id='word_1_167' title='bbox 475 2002 561 2055; x_wconf 76' lang='lat'><strong>3|.</strong></span> <span class='ocrx_word' id='word_1_168' title='bbox 597 2000 885 2067; x_wconf 81' lang='lat' dir='ltr'><strong>[lucusque</strong></span> <span class='ocrx_word' id='word_1_169' title='bbox 938 2011 1025 2051; x_wconf 90' lang='lat' dir='ltr'><strong>res</strong></span> <span class='ocrx_word' id='word_1_170' title='bbox 1067 2004 1198 2049; x_wconf 66' lang='lat' dir='ltr'><strong>actae</strong></span> <span class='ocrx_word' id='word_1_171' title='bbox 1240 1994 1341 2048; x_wconf 90' lang='lat' dir='ltr'><strong>sub</strong></span> <span class='ocrx_word' id='word_1_172' title='bbox 1386 1991 1579 2046; x_wconf 88' lang='lat' dir='ltr'><strong>Maiolo</strong></span> <span class='ocrx_word' id='word_1_173' title='bbox 1615 1989 1730 2044; x_wconf 91' lang='lat' dir='ltr'><strong>solo</strong></span> <span class='ocrx_word' id='word_1_174' title='bbox 1758 1989 1969 2052; x_wconf 83' lang='lat' dir='ltr'><strong>abbate,</strong></span> 
     </span>
    </p>
   </div>
   <div class='ocr_carea' id='block_1_24' title="bbox 407 2079 1970 2161">
    <p class='ocr_par' dir='ltr' id='par_1_24' title="bbox 407 2079 1970 2161">
     <span class='ocr_line' id='line_1_24' title="bbox 407 2079 1970 2161; baseline -0.008 -18"><span class='ocrx_word' id='word_1_175' title='bbox 407 2094 496 2161; x_wconf 88' lang='lat' dir='ltr'><strong>qui</strong></span> <span class='ocrx_word' id='word_1_176' title='bbox 529 2107 668 2145; x_wconf 90' lang='lat' dir='ltr'><strong>anno</strong></span> <span class='ocrx_word' id='word_1_177' title='bbox 688 2090 784 2145; x_wconf 78' lang='lat'><strong>991</strong></span> <span class='ocrx_word' id='word_1_178' title='bbox 814 2087 1094 2143; x_wconf 87' lang='lat' dir='ltr'><strong>Odilonem</strong></span> <span class='ocrx_word' id='word_1_179' title='bbox 1124 2085 1226 2139; x_wconf 87' lang='lat' dir='ltr'><strong>sibi</strong></span> <span class='ocrx_word' id='word_1_180' title='bbox 1260 2081 1691 2138; x_wconf 89' lang='lat' dir='ltr'><strong>substituendum</strong></span> <span class='ocrx_word' id='word_1_181' title='bbox 1724 2079 1929 2135; x_wconf 86' lang='lat' dir='ltr'><strong>curavit</strong></span> <span class='ocrx_word' id='word_1_182' title='bbox 1956 2095 1970 2142; x_wconf 90' lang='lat'><strong>;</strong></span> 
     </span>
    </p>
   </div>
   <div class='ocr_carea' id='block_1_25' title="bbox 408 2176 1975 2254">
    <p class='ocr_par' dir='ltr' id='par_1_25' title="bbox 408 2176 1975 2254">
     <span class='ocr_line' id='line_1_25' title="bbox 408 2176 1975 2254; baseline -0.011 -13"><span class='ocrx_word' id='word_1_183' title='bbox 408 2186 547 2241; x_wconf 84' lang='lat' dir='ltr'><strong>unde</strong></span> <span class='ocrx_word' id='word_1_184' title='bbox 590 2184 842 2254; x_wconf 81' lang='lat' dir='ltr'><strong>pleraque</strong></span> <span class='ocrx_word' id='word_1_185' title='bbox 872 2190 991 2236; x_wconf 87' lang='lat' dir='ltr'><strong>acta</strong></span> <span class='ocrx_word' id='word_1_186' title='bbox 1045 2178 1257 2234; x_wconf 90' lang='lat' dir='ltr'><strong>0diloui</strong></span> <span class='ocrx_word' id='word_1_187' title='bbox 1304 2176 1400 2231; x_wconf 88' lang='lat' dir='ltr'><strong>soli</strong></span> <span class='ocrx_word' id='word_1_188' title='bbox 1446 2176 1681 2245; x_wconf 87' lang='lat' dir='ltr'><strong>ascripta</strong></span> <span class='ocrx_word' id='word_1_189' title='bbox 1729 2182 1875 2235; x_wconf 90' lang='lat' dir='ltr'><strong>sunt,</strong></span> <span class='ocrx_word' id='word_1_190' title='bbox 1918 2179 1975 2224; x_wconf 91' lang='lat' dir='ltr'><strong>ut</strong></span> 
     </span>
    </p>
   </div>
   <div class='ocr_carea' id='block_1_26' title="bbox 408 2261 1974 2341">
    <p class='ocr_par' dir='ltr' id='par_1_26' title="bbox 408 2261 1974 2341">
     <span class='ocr_line' id='line_1_26' title="bbox 408 2261 1974 2341; baseline -0.01 -12"><span class='ocrx_word' id='word_1_191' title='bbox 408 2277 648 2331; x_wconf 82' lang='lat' dir='ltr'><strong>dicemus</strong></span> <span class='ocrx_word' id='word_1_192' title='bbox 675 2274 726 2327; x_wconf 93' lang='lat' dir='ltr'><strong>in</strong></span> <span class='ocrx_word' id='word_1_193' title='bbox 756 2271 999 2341; x_wconf 87' lang='lat' dir='ltr'><strong>sequenti</strong></span> <span class='ocrx_word' id='word_1_194' title='bbox 1046 2268 1225 2337; x_wconf 87' lang='lat' dir='ltr'><strong>capite</strong></span> <span class='ocrx_word' id='word_1_195' title='bbox 1268 2268 1321 2321; x_wconf 90' lang='lat'><strong>8.</strong></span> <span class='ocrx_word' id='word_1_196' title='bbox 1354 2265 1459 2320; x_wconf 88' lang='lat' dir='ltr'><strong>Sed</strong></span> <span class='ocrx_word' id='word_1_197' title='bbox 1500 2264 1811 2333; x_wconf 89' lang='lat' dir='ltr'><strong>priusquam</strong></span> <span class='ocrx_word' id='word_1_198' title='bbox 1849 2261 1974 2315; x_wconf 88' lang='lat' dir='ltr'><strong>hinc</strong></span> 
     </span>
    </p>
   </div>
   <div class='ocr_carea' id='block_1_27' title="bbox 408 2353 1977 2428">
    <p class='ocr_par' dir='ltr' id='par_1_27' title="bbox 408 2353 1977 2428">
     <span class='ocr_line' id='line_1_27' title="bbox 408 2353 1977 2428; baseline -0.013 -6"><span class='ocrx_word' id='word_1_199' title='bbox 408 2366 658 2428; x_wconf 85' lang='lat' dir='ltr'><strong>discedo,</strong></span> <span class='ocrx_word' id='word_1_200' title='bbox 704 2360 1049 2418; x_wconf 87' lang='lat' dir='ltr'><strong>memoranda</strong></span> <span class='ocrx_word' id='word_1_201' title='bbox 1111 2366 1237 2411; x_wconf 91' lang='lat' dir='ltr'><strong>sunt</strong></span> <span class='ocrx_word' id='word_1_202' title='bbox 1294 2356 1499 2424; x_wconf 88' lang='lat' dir='ltr'><strong>reliqua</strong></span> <span class='ocrx_word' id='word_1_203' title='bbox 1550 2362 1672 2407; x_wconf 89' lang='lat' dir='ltr'><strong>acta</strong></span> <span class='ocrx_word' id='word_1_204' title='bbox 1725 2353 1832 2406; x_wconf 86' lang='lat' dir='ltr'><strong>duo</strong></span> <span class='ocrx_word' id='word_1_205' title='bbox 1880 2365 1977 2419; x_wconf 87' lang='lat' dir='ltr'><strong>per</strong></span> 
     </span>
    </p>
   </div>
   <div class='ocr_carea' id='block_1_28' title="bbox 409 2444 1975 2516">
    <p class='ocr_par' dir='ltr' id='par_1_28' title="bbox 409 2444 1975 2516">
     <span class='ocr_line' id='line_1_28' title="bbox 409 2444 1975 2516; baseline -0.013 -4"><span class='ocrx_word' id='word_1_206' title='bbox 409 2458 657 2513; x_wconf 81' lang='lat' dir='ltr'><strong>Maiolum</strong></span> <span class='ocrx_word' id='word_1_207' title='bbox 686 2455 956 2516; x_wconf 84' lang='lat' dir='ltr'><strong>abbatem,</strong></span> <span class='ocrx_word' id='word_1_208' title='bbox 980 2450 1122 2505; x_wconf 90' lang='lat' dir='ltr'><strong>notis</strong></span> <span class='ocrx_word' id='word_1_209' title='bbox 1143 2448 1415 2503; x_wconf 87' lang='lat' dir='ltr'><strong>chronicis</strong></span> <span class='ocrx_word' id='word_1_210' title='bbox 1444 2444 1723 2506; x_wconf 89' lang='lat' dir='ltr'><strong>destituta,</strong></span> <span class='ocrx_word' id='word_1_211' title='bbox 1748 2456 1975 2509; x_wconf 89' lang='lat' dir='ltr'><strong>quorum</strong></span> 
     </span>
    </p>
   </div>
   <div class='ocr_carea' id='block_1_29' title="bbox 410 2530 1977 2603">
    <p class='ocr_par' dir='ltr' id='par_1_29' title="bbox 410 2530 1977 2603">
     <span class='ocr_line' id='line_1_29' title="bbox 410 2530 1977 2603; baseline -0.011 -1"><span class='ocrx_word' id='word_1_212' title='bbox 410 2562 575 2603; x_wconf 89' lang='lat' dir='ltr'><strong>unum</strong></span> <span class='ocrx_word' id='word_1_213' title='bbox 615 2553 698 2600; x_wconf 91' lang='lat' dir='ltr'><strong>est</strong></span> <span class='ocrx_word' id='word_1_214' title='bbox 745 2543 809 2597; x_wconf 91' lang='lat' dir='ltr'><strong>de</strong></span> <span class='ocrx_word' id='word_1_215' title='bbox 854 2539 1205 2597; x_wconf 87' lang='lat' dir='ltr'><strong>concessione</strong></span> <span class='ocrx_word' id='word_1_216' title='bbox 1254 2534 1486 2592; x_wconf 71' lang='lat' dir='ltr'><strong>emnobii</strong></span> <span class='ocrx_word' id='word_1_217' title='bbox 1529 2530 1702 2588; x_wconf 89' lang='lat' dir='ltr'><strong>sancti</strong></span> <span class='ocrx_word' id='word_1_218' title='bbox 1745 2530 1977 2585; x_wconf 79' lang='lat' dir='ltr'><strong>Marcelli</strong></span> 
     </span>
    </p>
   </div>
   <div class='ocr_carea' id='block_1_30' title="bbox 413 2624 1985 2707">
    <p class='ocr_par' dir='ltr' id='par_1_30' title="bbox 413 2624 1985 2707">
     <span class='ocr_line' id='line_1_30' title="bbox 413 2624 1985 2707; baseline -0.011 -15"><span class='ocrx_word' id='word_1_219' title='bbox 413 2638 554 2707; x_wconf 89' lang='lat' dir='ltr'><strong>apud</strong></span> <span class='ocrx_word' id='word_1_220' title='bbox 601 2634 938 2696; x_wconf 85' lang='lat' dir='ltr'><strong>Cabilonem,</strong></span> <span class='ocrx_word' id='word_1_221' title='bbox 971 2630 1036 2684; x_wconf 90' lang='lat' dir='ltr'><strong>de</strong></span> <span class='ocrx_word' id='word_1_222' title='bbox 1063 2644 1168 2700; x_wconf 87' lang='lat' dir='ltr'><strong>qua</strong></span> <span class='ocrx_word' id='word_1_223' title='bbox 1213 2629 1291 2682; x_wconf 90' lang='lat' dir='ltr'><strong>sic</strong></span> <span class='ocrx_word' id='word_1_224' title='bbox 1319 2628 1509 2682; x_wconf 85' lang='lat' dir='ltr'><strong>charta</strong></span> <span class='ocrx_word' id='word_1_225' title='bbox 1537 2624 1780 2679; x_wconf 88' lang='lat' dir='ltr'><strong>Tetbaldi</strong></span> <span class='ocrx_word' id='word_1_226' title='bbox 1815 2624 1985 2677; x_wconf 76' lang='lat' dir='ltr'><strong>comi-</strong></span> 
     </span>
    </p>
   </div>
   <div class='ocr_carea' id='block_1_31' title="bbox 415 2712 1981 2790">
    <p class='ocr_par' dir='ltr' id='par_1_31' title="bbox 415 2712 1981 2790">
     <span class='ocr_line' id='line_1_31' title="bbox 415 2712 1981 2790; baseline -0.011 -7"><span class='ocrx_word' id='word_1_227' title='bbox 415 2732 484 2783; x_wconf 91' lang='lat' dir='ltr'><strong>tis</strong></span> <span class='ocrx_word' id='word_1_228' title='bbox 520 2724 913 2790; x_wconf 86' lang='lat' dir='ltr'><strong>Cabilonensis,</strong></span> <span class='ocrx_word' id='word_1_229' title='bbox 948 2737 1015 2777; x_wconf 84' lang='lat' dir='ltr'><strong>ex</strong></span> <span class='ocrx_word' id='word_1_230' title='bbox 1046 2720 1323 2776; x_wconf 88' lang='lat' dir='ltr'><strong>chartario</strong></span> <span class='ocrx_word' id='word_1_231' title='bbox 1349 2717 1407 2771; x_wconf 89' lang='lat' dir='ltr'><strong>S.</strong></span> <span class='ocrx_word' id='word_1_232' title='bbox 1440 2714 1673 2770; x_wconf 83' lang='lat' dir='ltr'><strong>Marcelli</strong></span> <span class='ocrx_word' id='word_1_233' title='bbox 1706 2723 1761 2768; x_wconf 91' lang='lat' dir='ltr'><strong>et</strong></span> <span class='ocrx_word' id='word_1_234' title='bbox 1803 2728 1866 2767; x_wconf 81' lang='lat' dir='ltr'><strong>ex</strong></span> <span class='ocrx_word' id='word_1_235' title='bbox 1895 2712 1981 2766; x_wconf 82' lang='lat' dir='ltr'><strong>Bi-</strong></span> 
     </span>
    </p>
   </div>
   <div class='ocr_carea' id='block_1_32' title="bbox 412 2804 1982 2875">
    <p class='ocr_par' dir='ltr' id='par_1_32' title="bbox 412 2804 1982 2875">
     <span class='ocr_line' id='line_1_32' title="bbox 412 2804 1982 2875; baseline -0.01 -3"><span class='ocrx_word' id='word_1_236' title='bbox 412 2819 683 2873; x_wconf 89' lang='lat' dir='ltr'><strong>bliotheca</strong></span> <span class='ocrx_word' id='word_1_237' title='bbox 713 2812 1075 2875; x_wconf 87' lang='lat' dir='ltr'><strong>Cluniacensi,</strong></span> <span class='ocrx_word' id='word_1_238' title='bbox 1118 2810 1219 2866; x_wconf 90' lang='lat' dir='ltr'><strong>col.</strong></span> <span class='ocrx_word' id='word_1_239' title='bbox 1244 2809 1367 2864; x_wconf 77' lang='grc'><strong>514.</strong></span> <span class='ocrx_word' id='word_1_240' title='bbox 1402 2808 1513 2875; x_wconf 76' lang='lat' dir='ltr'><strong>Ego</strong></span> <span class='ocrx_word' id='word_1_241' title='bbox 1554 2806 1607 2860; x_wconf 92' lang='lat' dir='ltr'><strong>in</strong></span> <span class='ocrx_word' id='word_1_242' title='bbox 1638 2805 1731 2860; x_wconf 89' lang='lat' dir='ltr'><strong>Dei</strong></span> <span class='ocrx_word' id='word_1_243' title='bbox 1768 2804 1982 2858; x_wconf 90' lang='lat' dir='ltr'><strong>nomine</strong></span> 
     </span>
    </p>
   </div>
   <div class='ocr_carea' id='block_1_33' title="bbox 414 2894 1983 2962">
    <p class='ocr_par' dir='ltr' id='par_1_33' title="bbox 414 2894 1983 2962">
     <span class='ocr_line' id='line_1_33' title="bbox 414 2894 1983 2962; baseline -0.01 -1"><span class='ocrx_word' id='word_1_244' title='bbox 414 2905 707 2962; x_wconf 85' lang='lat' dir='ltr'><strong>Tetbaldus</strong></span> <span class='ocrx_word' id='word_1_245' title='bbox 746 2917 929 2957; x_wconf 88' lang='lat' dir='ltr'><strong>comes</strong></span> <span class='ocrx_word' id='word_1_246' title='bbox 969 2896 1406 2955; x_wconf 90' lang='lat' dir='ltr'><strong>Cabilonensium</strong></span> <span class='ocrx_word' id='word_1_247' title='bbox 1429 2897 1678 2951; x_wconf 87' lang='lat' dir='ltr'><strong>omnibus</strong></span> <span class='ocrx_word' id='word_1_248' title='bbox 1709 2894 1832 2948; x_wconf 89' lang='lat' dir='ltr'><strong>ﬁliis</strong></span> <span class='ocrx_word' id='word_1_249' title='bbox 1864 2909 1983 2948; x_wconf 88' lang='lat' dir='ltr'><strong>san-</strong></span> 
     </span>
    </p>
   </div>
   <div class='ocr_carea' id='block_1_34' title="bbox 416 2986 1983 3055">
    <p class='ocr_par' dir='ltr' id='par_1_34' title="bbox 416 2986 1983 3055">
     <span class='ocr_line' id='line_1_34' title="bbox 416 2986 1983 3055; baseline -0.008 -3"><span class='ocrx_word' id='word_1_250' title='bbox 416 3008 516 3053; x_wconf 68' lang='lat' dir='ltr'><strong>ctae</strong></span> <span class='ocrx_word' id='word_1_251' title='bbox 536 2997 788 3053; x_wconf 72' lang='lat' dir='ltr'><strong>Ecclesiae</strong></span> <span class='ocrx_word' id='word_1_252' title='bbox 816 2996 869 3048; x_wconf 93' lang='lat' dir='ltr'><strong>in</strong></span> <span class='ocrx_word' id='word_1_253' title='bbox 892 2992 1119 3048; x_wconf 90' lang='lat' dir='ltr'><strong>Domino</strong></span> <span class='ocrx_word' id='word_1_254' title='bbox 1144 2991 1393 3045; x_wconf 84' lang='lat' dir='ltr'><strong>salutem.</strong></span> <span class='ocrx_word' id='word_1_255' title='bbox 1418 2987 1610 3042; x_wconf 84' lang='lat' dir='ltr'><strong>Audivi</strong></span> <span class='ocrx_word' id='word_1_256' title='bbox 1637 3001 1665 3039; x_wconf 89' lang='lat' dir='ltr'><strong>a</strong></span> <span class='ocrx_word' id='word_1_257' title='bbox 1689 2986 1983 3055; x_wconf 64' lang='lat' dir='ltr'><strong>praedeces-</strong></span> 
     </span>
    </p>
   </div>
   <div class='ocr_carea' id='block_1_35' title="bbox 415 3074 1984 3150">
    <p class='ocr_par' dir='ltr' id='par_1_35' title="bbox 415 3074 1984 3150">
     <span class='ocr_line' id='line_1_35' title="bbox 415 3074 1984 3150; baseline -0.01 -7"><span class='ocrx_word' id='word_1_258' title='bbox 415 3089 631 3143; x_wconf 88' lang='lat' dir='ltr'><strong>soribus</strong></span> <span class='ocrx_word' id='word_1_259' title='bbox 689 3085 825 3139; x_wconf 88' lang='lat' dir='ltr'><strong>meis</strong></span> <span class='ocrx_word' id='word_1_260' title='bbox 853 3093 907 3138; x_wconf 90' lang='lat' dir='ltr'><strong>et</strong></span> <span class='ocrx_word' id='word_1_261' title='bbox 936 3082 1129 3137; x_wconf 88' lang='lat' dir='ltr'><strong>vicinis</strong></span> <span class='ocrx_word' id='word_1_262' title='bbox 1154 3080 1390 3150; x_wconf 89' lang='lat' dir='ltr'><strong>antiquis</strong></span> <span class='ocrx_word' id='word_1_263' title='bbox 1415 3077 1548 3132; x_wconf 88' lang='lat' dir='ltr'><strong>viris</strong></span> <span class='ocrx_word' id='word_1_264' title='bbox 1579 3076 1720 3145; x_wconf 91' lang='lat' dir='ltr'><strong>quod</strong></span> <span class='ocrx_word' id='word_1_265' title='bbox 1765 3074 1984 3129; x_wconf 87' lang='lat' dir='ltr'><strong>nobilis-</strong></span> 
     </span>
    </p>
   </div>
   <div class='ocr_carea' id='block_1_36' title="bbox 413 3174 1984 3245">
    <p class='ocr_par' dir='ltr' id='par_1_36' title="bbox 413 3174 1984 3245">
     <span class='ocr_line' id='line_1_36' title="bbox 413 3174 1984 3245; baseline -0.01 -7"><span class='ocrx_word' id='word_1_266' title='bbox 413 3184 584 3238; x_wconf 88' lang='lat' dir='ltr'><strong>simus</strong></span> <span class='ocrx_word' id='word_1_267' title='bbox 610 3193 791 3235; x_wconf 89' lang='lat' dir='ltr'><strong>comes</strong></span> <span class='ocrx_word' id='word_1_268' title='bbox 828 3174 1152 3239; x_wconf 85' lang='lat' dir='ltr'><strong>Gaufredus,</strong></span> <span class='ocrx_word' id='word_1_269' title='bbox 1178 3176 1268 3245; x_wconf 91' lang='lat' dir='ltr'><strong>qui</strong></span> <span class='ocrx_word' id='word_1_270' title='bbox 1314 3183 1436 3244; x_wconf 90' lang='lat' dir='ltr'><strong>post</strong></span> <span class='ocrx_word' id='word_1_271' title='bbox 1471 3182 1699 3227; x_wconf 87' lang='lat' dir='ltr'><strong>mortem</strong></span> <span class='ocrx_word' id='word_1_272' title='bbox 1727 3178 1984 3239; x_wconf 62' lang='lat' dir='ltr'><strong>prrestan—</strong></span> 
     </span>
    </p>
   </div>
   <div class='ocr_carea' id='block_1_37' title="bbox 2060 1007 3622 1065">
    <p class='ocr_par' dir='ltr' id='par_1_37' title="bbox 2060 1007 3622 1065">
     <span class='ocr_line' id='line_1_37' title="bbox 2060 1007 3622 1065; baseline -0.003 0"><span class='ocrx_word' id='word_1_273' title='bbox 2060 1020 2141 1065; x_wconf 89' lang='lat' dir='ltr'><strong>tas</strong></span> <span class='ocrx_word' id='word_1_274' title='bbox 2164 1010 2495 1065; x_wconf 80' lang='lat' dir='ltr'><strong>obedientias</strong></span> <span class='ocrx_word' id='word_1_275' title='bbox 2527 1009 2591 1063; x_wconf 90' lang='lat' dir='ltr'><strong>ad</strong></span> <span class='ocrx_word' id='word_1_276' title='bbox 2623 1010 3031 1064; x_wconf 88' lang='lat' dir='ltr'><strong>custodiendum</strong></span> <span class='ocrx_word' id='word_1_277' title='bbox 3079 1024 3141 1064; x_wconf 87' lang='lat' dir='ltr'><strong>ac</strong></span> <span class='ocrx_word' id='word_1_278' title='bbox 3176 1007 3564 1063; x_wconf 80' lang='lat' dir='ltr'><strong>defendendum</strong></span> <span class='ocrx_word' id='word_1_279' title='bbox 3592 1021 3622 1061; x_wconf 90' lang='lat' dir='ltr'><strong>a</strong></span> 
     </span>
    </p>
   </div>
   <div class='ocr_carea' id='block_1_38' title="bbox 2060 1098 3627 1170">
    <p class='ocr_par' dir='ltr' id='par_1_38' title="bbox 2060 1098 3627 1170">
     <span class='ocr_line' id='line_1_38' title="bbox 2060 1098 3627 1170; baseline -0.003 -14"><span class='ocrx_word' id='word_1_280' title='bbox 2060 1101 2217 1156; x_wconf 88' lang='lat' dir='ltr'><strong>malis</strong></span> <span class='ocrx_word' id='word_1_281' title='bbox 2256 1110 2309 1155; x_wconf 91' lang='lat' dir='ltr'><strong>et</strong></span> <span class='ocrx_word' id='word_1_282' title='bbox 2335 1100 2605 1170; x_wconf 78' lang='lat' dir='ltr'><strong>perversis</strong></span> <span class='ocrx_word' id='word_1_283' title='bbox 2648 1101 2978 1165; x_wconf 91' lang='lat' dir='ltr'><strong>hominibus,</strong></span> <span class='ocrx_word' id='word_1_284' title='bbox 3008 1100 3059 1153; x_wconf 93' lang='lat' dir='ltr'><strong>in</strong></span> <span class='ocrx_word' id='word_1_285' title='bbox 3090 1100 3205 1153; x_wconf 91' lang='lat' dir='ltr'><strong>loco</strong></span> <span class='ocrx_word' id='word_1_286' title='bbox 3243 1098 3627 1152; x_wconf 89' lang='lat' dir='ltr'><strong>satisfactionis</strong></span> 
     </span>
    </p>
   </div>
   <div class='ocr_carea' id='block_1_39' title="bbox 2059 1187 3627 1261">
    <p class='ocr_par' dir='ltr' id='par_1_39' title="bbox 2059 1187 3627 1261">
     <span class='ocr_line' id='line_1_39' title="bbox 2059 1187 3627 1261; baseline -0.004 -15"><span class='ocrx_word' id='word_1_287' title='bbox 2059 1202 2114 1247; x_wconf 93' lang='lat' dir='ltr'><strong>et</strong></span> <span class='ocrx_word' id='word_1_288' title='bbox 2136 1191 2525 1246; x_wconf 84' lang='lat' dir='ltr'><strong>emendationis</strong></span> <span class='ocrx_word' id='word_1_289' title='bbox 2554 1204 2648 1261; x_wconf 90' lang='lat' dir='ltr'><strong>pro</strong></span> <span class='ocrx_word' id='word_1_290' title='bbox 2682 1191 2974 1246; x_wconf 90' lang='lat' dir='ltr'><strong>innumeris</strong></span> <span class='ocrx_word' id='word_1_291' title='bbox 3002 1190 3176 1255; x_wconf 89' lang='lat' dir='ltr'><strong>malis,</strong></span> <span class='ocrx_word' id='word_1_292' title='bbox 3209 1205 3328 1259; x_wconf 80' lang='lat' dir='ltr'><strong>qua:</strong></span> <span class='ocrx_word' id='word_1_293' title='bbox 3353 1188 3507 1244; x_wconf 91' lang='lat' dir='ltr'><strong>nobis</strong></span> <span class='ocrx_word' id='word_1_294' title='bbox 3547 1187 3627 1240; x_wconf 88' lang='lat' dir='ltr'><strong>fc-</strong></span> 
     </span>
    </p>
   </div>
   <div class='ocr_carea' id='block_1_40' title="bbox 2062 1278 3629 1351">
    <p class='ocr_par' dir='ltr' id='par_1_40' title="bbox 2062 1278 3629 1351">
     <span class='ocr_line' id='line_1_40' title="bbox 2062 1278 3629 1351; baseline -0.004 -14"><span class='ocrx_word' id='word_1_295' title='bbox 2062 1284 2206 1347; x_wconf 91' lang='lat' dir='ltr'><strong>cisti,</strong></span> <span class='ocrx_word' id='word_1_296' title='bbox 2234 1298 2331 1350; x_wconf 90' lang='lat' dir='ltr'><strong>pro</strong></span> <span class='ocrx_word' id='word_1_297' title='bbox 2356 1281 2550 1351; x_wconf 88' lang='lat' dir='ltr'><strong>quibus</strong></span> <span class='ocrx_word' id='word_1_298' title='bbox 2585 1291 2637 1335; x_wconf 88' lang='lat' dir='ltr'><strong>te</strong></span> <span class='ocrx_word' id='word_1_299' title='bbox 2664 1282 3131 1335; x_wconf 77' lang='lat' dir='ltr'><strong>excommunicare</strong></span> <span class='ocrx_word' id='word_1_300' title='bbox 3157 1279 3484 1335; x_wconf 84' lang='lat' dir='ltr'><strong>debebamus</strong></span> <span class='ocrx_word' id='word_1_301' title='bbox 3509 1295 3522 1330; x_wconf 88' lang='lat'><strong>:</strong></span> <span class='ocrx_word' id='word_1_302' title='bbox 3558 1278 3629 1331; x_wconf 82' lang='lat' dir='ltr'><strong>ita</strong></span> 
     </span>
    </p>
   </div>
   <div class='ocr_carea' id='block_1_41' title="bbox 2065 1369 3631 1441">
    <p class='ocr_par' dir='ltr' id='par_1_41' title="bbox 2065 1369 3631 1441">
     <span class='ocr_line' id='line_1_41' title="bbox 2065 1369 3631 1441; baseline -0.003 -16"><span class='ocrx_word' id='word_1_303' title='bbox 2065 1382 2265 1436; x_wconf 86' lang='lat' dir='ltr'><strong>tamen,</strong></span> <span class='ocrx_word' id='word_1_304' title='bbox 2295 1381 2355 1425; x_wconf 88' lang='lat' dir='ltr'><strong>ut</strong></span> <span class='ocrx_word' id='word_1_305' title='bbox 2394 1371 2716 1441; x_wconf 88' lang='lat' dir='ltr'><strong>pauperibus</strong></span> <span class='ocrx_word' id='word_1_306' title='bbox 2753 1371 2951 1425; x_wconf 89' lang='lat' dir='ltr'><strong>nostris</strong></span> <span class='ocrx_word' id='word_1_307' title='bbox 2989 1370 3179 1425; x_wconf 84' lang='lat' dir='ltr'><strong>reddas</strong></span> <span class='ocrx_word' id='word_1_308' title='bbox 3201 1386 3320 1440; x_wconf 67' lang='lat' dir='ltr'><strong>qua:</strong></span> <span class='ocrx_word' id='word_1_309' title='bbox 3364 1380 3415 1423; x_wconf 92' lang='lat' dir='ltr'><strong>tu</strong></span> <span class='ocrx_word' id='word_1_310' title='bbox 3447 1369 3525 1421; x_wconf 89' lang='lat' dir='ltr'><strong>eis</strong></span> <span class='ocrx_word' id='word_1_311' title='bbox 3549 1375 3631 1421; x_wconf 89' lang='lat' dir='ltr'><strong>tu-</strong></span> 
     </span>
    </p>
   </div>
   <div class='ocr_carea' id='block_1_42' title="bbox 2064 1460 3631 1523">
    <p class='ocr_par' dir='ltr' id='par_1_42' title="bbox 2064 1460 3631 1523">
     <span class='ocr_line' id='line_1_42' title="bbox 2064 1460 3631 1523; baseline -0.004 -7"><span class='ocrx_word' id='word_1_312' title='bbox 2064 1462 2194 1517; x_wconf 88' lang='lat' dir='ltr'><strong>listi.</strong></span> <span class='ocrx_word' id='word_1_313' title='bbox 2226 1462 2386 1517; x_wconf 86' lang='lat' dir='ltr'><strong>Facio</strong></span> <span class='ocrx_word' id='word_1_314' title='bbox 2426 1470 2601 1517; x_wconf 88' lang='lat' dir='ltr'><strong>autem</strong></span> <span class='ocrx_word' id='word_1_315' title='bbox 2632 1462 2773 1515; x_wconf 91' lang='lat' dir='ltr'><strong>hanc</strong></span> <span class='ocrx_word' id='word_1_316' title='bbox 2815 1462 3330 1516; x_wconf 83' lang='lat' dir='ltr'><strong>commendationem</strong></span> <span class='ocrx_word' id='word_1_317' title='bbox 3371 1460 3483 1523; x_wconf 90' lang='lat' dir='ltr'><strong>tibi,</strong></span> <span class='ocrx_word' id='word_1_318' title='bbox 3525 1474 3631 1512; x_wconf 91' lang='lat' dir='ltr'><strong>non</strong></span> 
     </span>
    </p>
   </div>
   <div class='ocr_carea' id='block_1_43' title="bbox 2066 1549 3631 1620">
    <p class='ocr_par' dir='ltr' id='par_1_43' title="bbox 2066 1549 3631 1620">
     <span class='ocr_line' id='line_1_43' title="bbox 2066 1549 3631 1620; baseline -0.003 -15"><span class='ocrx_word' id='word_1_319' title='bbox 2066 1563 2125 1605; x_wconf 93' lang='lat' dir='ltr'><strong>ut</strong></span> <span class='ocrx_word' id='word_1_320' title='bbox 2154 1552 2381 1620; x_wconf 87' lang='lat' dir='ltr'><strong>aliquem</strong></span> <span class='ocrx_word' id='word_1_321' title='bbox 2423 1567 2641 1607; x_wconf 89' lang='lat' dir='ltr'><strong>censum</strong></span> <span class='ocrx_word' id='word_1_322' title='bbox 2684 1566 2782 1620; x_wconf 92' lang='lat' dir='ltr'><strong>per</strong></span> <span class='ocrx_word' id='word_1_323' title='bbox 2819 1552 3254 1606; x_wconf 90' lang='lat' dir='ltr'><strong>consuetudinem</strong></span> <span class='ocrx_word' id='word_1_324' title='bbox 3297 1550 3537 1619; x_wconf 87' lang='lat' dir='ltr'><strong>requiras</strong></span> <span class='ocrx_word' id='word_1_325' title='bbox 3581 1549 3631 1601; x_wconf 94' lang='lat' dir='ltr'><strong>in</strong></span> 
     </span>
    </p>
   </div>
   <div class='ocr_carea' id='block_1_44' title="bbox 2066 1638 3637 1711">
    <p class='ocr_par' dir='ltr' id='par_1_44' title="bbox 2066 1638 3637 1711">
     <span class='ocr_line' id='line_1_44' title="bbox 2066 1638 3637 1711; baseline -0.005 -14"><span class='ocrx_word' id='word_1_326' title='bbox 2066 1644 2151 1697; x_wconf 91' lang='lat' dir='ltr'><strong>his</strong></span> <span class='ocrx_word' id='word_1_327' title='bbox 2198 1642 2543 1707; x_wconf 89' lang='lat' dir='ltr'><strong>obedientiis;</strong></span> <span class='ocrx_word' id='word_1_328' title='bbox 2610 1641 2751 1711; x_wconf 86' lang='lat' dir='ltr'><strong>quod</strong></span> <span class='ocrx_word' id='word_1_329' title='bbox 2807 1656 2925 1696; x_wconf 89' lang='lat' dir='ltr'><strong>cum</strong></span> <span class='ocrx_word' id='word_1_330' title='bbox 2985 1656 3191 1694; x_wconf 91' lang='lat' dir='ltr'><strong>summa</strong></span> <span class='ocrx_word' id='word_1_331' title='bbox 3250 1638 3519 1708; x_wconf 84' lang='lat' dir='ltr'><strong>diligentia</strong></span> <span class='ocrx_word' id='word_1_332' title='bbox 3581 1646 3637 1690; x_wconf 83' lang='lat' dir='ltr'><strong>et</strong></span> 
     </span>
    </p>
   </div>
   <div class='ocr_carea' id='block_1_45' title="bbox 2069 1728 3633 1793">
    <p class='ocr_par' dir='ltr' id='par_1_45' title="bbox 2069 1728 3633 1793">
     <span class='ocr_line' id='line_1_45' title="bbox 2069 1728 3633 1793; baseline -0.006 -4"><span class='ocrx_word' id='word_1_333' title='bbox 2069 1733 2531 1789; x_wconf 86' lang='lat' dir='ltr'><strong>animadversione</strong></span> <span class='ocrx_word' id='word_1_334' title='bbox 2595 1732 2853 1787; x_wconf 87' lang='lat' dir='ltr'><strong>interdico</strong></span> <span class='ocrx_word' id='word_1_335' title='bbox 2903 1740 2958 1786; x_wconf 91' lang='lat' dir='ltr'><strong>et</strong></span> <span class='ocrx_word' id='word_1_336' title='bbox 3020 1731 3471 1793; x_wconf 79' lang='lat' dir='ltr'><strong>excommunico,</strong></span> <span class='ocrx_word' id='word_1_337' title='bbox 3528 1728 3633 1781; x_wconf 89' lang='lat' dir='ltr'><strong>nisi</strong></span> 
     </span>
    </p>
   </div>
   <div class='ocr_carea' id='block_1_46' title="bbox 2076 1821 3629 1891">
    <p class='ocr_par' dir='ltr' id='par_1_46' title="bbox 2076 1821 3629 1891">
     <span class='ocr_line' id='line_1_46' title="bbox 2076 1821 3629 1891; baseline -0.006 -11"><span class='ocrx_word' id='word_1_338' title='bbox 2076 1838 2279 1881; x_wconf 86' lang='lat' dir='ltr'><strong>tantum</strong></span> <span class='ocrx_word' id='word_1_339' title='bbox 2338 1826 2382 1879; x_wconf 91' lang='lat' dir='ltr'><strong>si</strong></span> <span class='ocrx_word' id='word_1_340' title='bbox 2431 1823 2716 1878; x_wconf 90' lang='lat' dir='ltr'><strong>transitum</strong></span> <span class='ocrx_word' id='word_1_341' title='bbox 2752 1823 3006 1879; x_wconf 87' lang='lat' dir='ltr'><strong>habueris</strong></span> <span class='ocrx_word' id='word_1_342' title='bbox 3059 1822 3215 1891; x_wconf 76' lang='lat' dir='ltr'><strong>juxta</strong></span> <span class='ocrx_word' id='word_1_343' title='bbox 3273 1821 3629 1876; x_wconf 88' lang='lat' dir='ltr'><strong>obedientiam</strong></span> 
     </span>
    </p>
   </div>
   <div class='ocr_carea' id='block_1_47' title="bbox 2004 1912 3636 1981">
    <p class='ocr_par' dir='ltr' id='par_1_47' title="bbox 2004 1912 3636 1981">
     <span class='ocr_line' id='line_1_47' title="bbox 2004 1912 3636 1981; baseline -0.006 -12"><span class='ocrx_word' id='word_1_344' title='bbox 2004 1913 2045 1969; x_wconf 78' lang='grc' dir='ltr'><strong>Β</strong></span> <span class='ocrx_word' id='word_1_345' title='bbox 2073 1930 2192 1969; x_wconf 91' lang='lat' dir='ltr'><strong>cum</strong></span> <span class='ocrx_word' id='word_1_346' title='bbox 2218 1914 2251 1968; x_wconf 88' lang='lat'><strong>6</strong></span> <span class='ocrx_word' id='word_1_347' title='bbox 2293 1922 2384 1967; x_wconf 92' lang='lat' dir='ltr'><strong>aut</strong></span> <span class='ocrx_word' id='word_1_348' title='bbox 2412 1912 2478 1966; x_wconf 73' lang='grc'><strong>10</strong></span> <span class='ocrx_word' id='word_1_349' title='bbox 2504 1912 2785 1977; x_wconf 89' lang='lat' dir='ltr'><strong>militibus,</strong></span> <span class='ocrx_word' id='word_1_350' title='bbox 2830 1921 2882 1968; x_wconf 92' lang='lat' dir='ltr'><strong>et</strong></span> <span class='ocrx_word' id='word_1_351' title='bbox 2906 1913 3197 1967; x_wconf 90' lang='lat' dir='ltr'><strong>monachus</strong></span> <span class='ocrx_word' id='word_1_352' title='bbox 3245 1919 3539 1981; x_wconf 84' lang='lat' dir='ltr'><strong>spontanee</strong></span> <span class='ocrx_word' id='word_1_353' title='bbox 3586 1916 3636 1961; x_wconf 92' lang='lat' dir='ltr'><strong>te</strong></span> 
     </span>
    </p>
   </div>
   <div class='ocr_carea' id='block_1_48' title="bbox 2075 2000 3635 2073">
    <p class='ocr_par' dir='ltr' id='par_1_48' title="bbox 2075 2000 3635 2073">
     <span class='ocr_line' id='line_1_48' title="bbox 2075 2000 3635 2073; baseline -0.004 -16"><span class='ocrx_word' id='word_1_354' title='bbox 2075 2003 2438 2068; x_wconf 84' lang='lat' dir='ltr'><strong>admonuerit,</strong></span> <span class='ocrx_word' id='word_1_355' title='bbox 2462 2003 2696 2067; x_wconf 86' lang='lat' dir='ltr'><strong>reﬁcias,</strong></span> <span class='ocrx_word' id='word_1_356' title='bbox 2726 2013 2780 2058; x_wconf 90' lang='lat' dir='ltr'><strong>et</strong></span> <span class='ocrx_word' id='word_1_357' title='bbox 2805 2012 2925 2073; x_wconf 91' lang='lat' dir='ltr'><strong>post</strong></span> <span class='ocrx_word' id='word_1_358' title='bbox 2948 2001 3290 2057; x_wconf 81' lang='lat' dir='ltr'><strong>refectionem</strong></span> <span class='ocrx_word' id='word_1_359' title='bbox 3312 2000 3455 2053; x_wconf 86' lang='lat' dir='ltr'><strong>viam</strong></span> <span class='ocrx_word' id='word_1_360' title='bbox 3487 2008 3635 2052; x_wconf 87' lang='lat' dir='ltr'><strong>tuam</strong></span> 
     </span>
    </p>
   </div>
   <div class='ocr_carea' id='block_1_49' title="bbox 2074 2087 3637 2164">
    <p class='ocr_par' dir='ltr' id='par_1_49' title="bbox 2074 2087 3637 2164">
     <span class='ocr_line' id='line_1_49' title="bbox 2074 2087 3637 2164; baseline -0.006 -16"><span class='ocrx_word' id='word_1_361' title='bbox 2074 2104 2278 2158; x_wconf 87' lang='lat' dir='ltr'><strong>teneas,</strong></span> <span class='ocrx_word' id='word_1_362' title='bbox 2311 2110 2409 2149; x_wconf 92' lang='lat' dir='ltr'><strong>nec</strong></span> <span class='ocrx_word' id='word_1_363' title='bbox 2436 2109 2728 2164; x_wconf 70' lang='lat' dir='ltr'><strong>praesumas</strong></span> <span class='ocrx_word' id='word_1_364' title='bbox 2752 2094 2821 2149; x_wconf 92' lang='lat' dir='ltr'><strong>ibi</strong></span> <span class='ocrx_word' id='word_1_365' title='bbox 2840 2093 3039 2161; x_wconf 88' lang='lat' dir='ltr'><strong>jacere.</strong></span> <span class='ocrx_word' id='word_1_366' title='bbox 3066 2091 3123 2147; x_wconf 87' lang='lat' dir='ltr'><strong>S.</strong></span> <span class='ocrx_word' id='word_1_367' title='bbox 3149 2090 3384 2147; x_wconf 74' lang='lat' dir='ltr'><strong>Alberici</strong></span> <span class='ocrx_word' id='word_1_368' title='bbox 3421 2087 3637 2143; x_wconf 89' lang='lat' dir='ltr'><strong>comitis</strong></span> 
     </span>
    </p>
   </div>
   <div class='ocr_carea' id='block_1_50' title="bbox 2075 2180 3639 2253">
    <p class='ocr_par' dir='ltr' id='par_1_50' title="bbox 2075 2180 3639 2253">
     <span class='ocr_line' id='line_1_50' title="bbox 2075 2180 3639 2253; baseline -0.006 -15"><span class='ocrx_word' id='word_1_369' title='bbox 2075 2184 2163 2253; x_wconf 88' lang='lat' dir='ltr'><strong>qui</strong></span> <span class='ocrx_word' id='word_1_370' title='bbox 2212 2185 2351 2239; x_wconf 89' lang='lat' dir='ltr'><strong>hanc</strong></span> <span class='ocrx_word' id='word_1_371' title='bbox 2378 2183 2622 2238; x_wconf 86' lang='lat' dir='ltr'><strong>notitiam</strong></span> <span class='ocrx_word' id='word_1_372' title='bbox 2651 2183 2906 2237; x_wconf 80' lang='lat' dir='ltr'><strong>laudavit.</strong></span> <span class='ocrx_word' id='word_1_373' title='bbox 2945 2203 2964 2235; x_wconf 74' lang='grc' dir='ltr'><strong><em>ι</em></strong></span> <span class='ocrx_word' id='word_1_374' title='bbox 3013 2182 3113 2237; x_wconf 89' lang='lat' dir='ltr'><strong>Ubi</strong></span> <span class='ocrx_word' id='word_1_375' title='bbox 3157 2182 3305 2236; x_wconf 85' lang='lat' dir='ltr'><strong>vides</strong></span> <span class='ocrx_word' id='word_1_376' title='bbox 3335 2180 3639 2234; x_wconf 73' lang='lat' dir='ltr'><strong>obedientia:</strong></span> 
     </span>
    </p>
   </div>
   <div class='ocr_carea' id='block_1_51' title="bbox 2074 2270 3635 2345">
    <p class='ocr_par' dir='ltr' id='par_1_51' title="bbox 2074 2270 3635 2345">
     <span class='ocr_line' id='line_1_51' title="bbox 2074 2270 3635 2345; baseline -0.003 -18"><span class='ocrx_word' id='word_1_377' title='bbox 2074 2275 2389 2329; x_wconf 77' lang='lat' dir='ltr'><strong>vocabulum</strong></span> <span class='ocrx_word' id='word_1_378' title='bbox 2413 2275 2527 2345; x_wconf 92' lang='lat' dir='ltr'><strong>jam</strong></span> <span class='ocrx_word' id='word_1_379' title='bbox 2583 2284 2855 2344; x_wconf 85' lang='lat' dir='ltr'><strong>sumptum</strong></span> <span class='ocrx_word' id='word_1_380' title='bbox 2887 2274 3083 2328; x_wconf 73' lang='lat' dir='ltr'><strong>saeculo</strong></span> <span class='ocrx_word' id='word_1_381' title='bbox 3117 2290 3149 2327; x_wconf 80' lang='lat' dir='ltr'><strong>x</strong></span> <span class='ocrx_word' id='word_1_382' title='bbox 3196 2287 3294 2343; x_wconf 91' lang='lat' dir='ltr'><strong>pro</strong></span> <span class='ocrx_word' id='word_1_383' title='bbox 3332 2270 3635 2326; x_wconf 90' lang='lat' dir='ltr'><strong>ministerio</strong></span> 
     </span>
    </p>
   </div>
   <div class='ocr_carea' id='block_1_52' title="bbox 2076 2358 3636 2435">
    <p class='ocr_par' dir='ltr' id='par_1_52' title="bbox 2076 2358 3636 2435">
     <span class='ocr_line' id='line_1_52' title="bbox 2076 2358 3636 2435; baseline -0.007 -12"><span class='ocrx_word' id='word_1_384' title='bbox 2076 2383 2169 2423; x_wconf 91' lang='lat' dir='ltr'><strong>seu</strong></span> <span class='ocrx_word' id='word_1_385' title='bbox 2221 2364 2376 2427; x_wconf 91' lang='lat' dir='ltr'><strong>cclla,</strong></span> <span class='ocrx_word' id='word_1_386' title='bbox 2421 2364 2508 2419; x_wconf 90' lang='lat' dir='ltr'><strong>cui</strong></span> <span class='ocrx_word' id='word_1_387' title='bbox 2561 2380 2699 2419; x_wconf 91' lang='lat' dir='ltr'><strong>unus</strong></span> <span class='ocrx_word' id='word_1_388' title='bbox 2758 2363 3008 2435; x_wconf 86' lang='lat' dir='ltr'><strong>pluresve</strong></span> <span class='ocrx_word' id='word_1_389' title='bbox 3076 2363 3323 2417; x_wconf 88' lang='lat' dir='ltr'><strong>monachi</strong></span> <span class='ocrx_word' id='word_1_390' title='bbox 3399 2358 3636 2430; x_wconf 76' lang='lat' dir='ltr'><strong>prmfccti</strong></span> 
     </span>
    </p>
   </div>
   <div class='ocr_carea' id='block_1_53' title="bbox 2077 2449 3638 2524">
    <p class='ocr_par' dir='ltr' id='par_1_53' title="bbox 2077 2449 3638 2524">
     <span class='ocr_line' id='line_1_53' title="bbox 2077 2449 3638 2524; baseline -0.008 -9"><span class='ocrx_word' id='word_1_391' title='bbox 2077 2467 2249 2515; x_wconf 89' lang='lat' dir='ltr'><strong>erant.</strong></span> <span class='ocrx_word' id='word_1_392' title='bbox 2301 2456 2572 2513; x_wconf 78' lang='lat' dir='ltr'><strong>Hactenus</strong></span> <span class='ocrx_word' id='word_1_393' title='bbox 2602 2449 2954 2511; x_wconf 79' lang='lat' dir='ltr'><strong>instrumenta</strong></span> <span class='ocrx_word' id='word_1_394' title='bbox 3004 2454 3269 2524; x_wconf 64' lang='lat' dir='ltr'><strong>praecipua</strong></span> <span class='ocrx_word' id='word_1_395' title='bbox 3319 2452 3417 2508; x_wconf 91' lang='lat' dir='ltr'><strong>sub</strong></span> <span class='ocrx_word' id='word_1_396' title='bbox 3444 2450 3638 2505; x_wconf 86' lang='lat' dir='ltr'><strong>Maiolo</strong></span> 
     </span>
    </p>
   </div>
   <div class='ocr_carea' id='block_1_54' title="bbox 2079 2540 3645 2618">
    <p class='ocr_par' dir='ltr' id='par_1_54' title="bbox 2079 2540 3645 2618">
     <span class='ocr_line' id='line_1_54' title="bbox 2079 2540 3645 2618; baseline -0.01 -11"><span class='ocrx_word' id='word_1_397' title='bbox 2079 2551 2218 2607; x_wconf 90' lang='lat' dir='ltr'><strong>facta</strong></span> <span class='ocrx_word' id='word_1_398' title='bbox 2249 2550 2550 2611; x_wconf 88' lang='lat' dir='ltr'><strong>retulimus,</strong></span> <span class='ocrx_word' id='word_1_399' title='bbox 2579 2564 2699 2618; x_wconf 74' lang='lat' dir='ltr'><strong>qua:</strong></span> <span class='ocrx_word' id='word_1_400' title='bbox 2728 2546 2909 2601; x_wconf 91' lang='lat' dir='ltr'><strong>omnia</strong></span> <span class='ocrx_word' id='word_1_401' title='bbox 2944 2560 3047 2601; x_wconf 91' lang='lat' dir='ltr'><strong>non</strong></span> <span class='ocrx_word' id='word_1_402' title='bbox 3072 2544 3263 2600; x_wconf 78' lang='lat' dir='ltr'><strong>Maiolo</strong></span> <span class='ocrx_word' id='word_1_403' title='bbox 3288 2544 3409 2612; x_wconf 86' lang='lat' dir='ltr'><strong>ipsi,</strong></span> <span class='ocrx_word' id='word_1_404' title='bbox 3439 2542 3532 2597; x_wconf 90' lang='lat' dir='ltr'><strong>sed</strong></span> <span class='ocrx_word' id='word_1_405' title='bbox 3559 2540 3645 2594; x_wconf 92' lang='lat' dir='ltr'><strong>vel</strong></span> 
     </span>
    </p>
   </div>
   <div class='ocr_carea' id='block_1_55' title="bbox 2080 2630 3644 2703">
    <p class='ocr_par' dir='ltr' id='par_1_55' title="bbox 2080 2630 3644 2703">
     <span class='ocr_line' id='line_1_55' title="bbox 2080 2630 3644 2703; baseline -0.008 -7"><span class='ocrx_word' id='word_1_406' title='bbox 2080 2640 2409 2696; x_wconf 89' lang='lat' dir='ltr'><strong>monasterio</strong></span> <span class='ocrx_word' id='word_1_407' title='bbox 2463 2639 2827 2701; x_wconf 87' lang='lat' dir='ltr'><strong>Cluniacensi,</strong></span> <span class='ocrx_word' id='word_1_408' title='bbox 2876 2636 2962 2692; x_wconf 89' lang='lat' dir='ltr'><strong>cui</strong></span> <span class='ocrx_word' id='word_1_409' title='bbox 3001 2635 3225 2690; x_wconf 84' lang='lat' dir='ltr'><strong>Maiolus</strong></span> <span class='ocrx_word' id='word_1_410' title='bbox 3277 2641 3530 2703; x_wconf 66' lang='lat' dir='ltr'><strong>praeerat,</strong></span> <span class='ocrx_word' id='word_1_411' title='bbox 3560 2630 3644 2685; x_wconf 88' lang='lat' dir='ltr'><strong>vel</strong></span> 
     </span>
    </p>
   </div>
   <div class='ocr_carea' id='block_1_56' title="bbox 2083 2723 3641 2795">
    <p class='ocr_par' dir='ltr' id='par_1_56' title="bbox 2083 2723 3641 2795">
     <span class='ocr_line' id='line_1_56' title="bbox 2083 2723 3641 2795; baseline -0.006 -10"><span class='ocrx_word' id='word_1_412' title='bbox 2083 2730 2383 2795; x_wconf 85' lang='lat' dir='ltr'><strong>monachis,</strong></span> <span class='ocrx_word' id='word_1_413' title='bbox 2429 2729 2515 2783; x_wconf 88' lang='lat' dir='ltr'><strong>vel</strong></span> <span class='ocrx_word' id='word_1_414' title='bbox 2543 2738 2689 2785; x_wconf 91' lang='lat' dir='ltr'><strong>certe</strong></span> <span class='ocrx_word' id='word_1_415' title='bbox 2719 2731 2772 2784; x_wconf 94' lang='lat' dir='ltr'><strong>in</strong></span> <span class='ocrx_word' id='word_1_416' title='bbox 2818 2744 3009 2782; x_wconf 88' lang='lat' dir='ltr'><strong>manus</strong></span> <span class='ocrx_word' id='word_1_417' title='bbox 3038 2725 3211 2780; x_wconf 83' lang='lat' dir='ltr'><strong>Maioli</strong></span> <span class='ocrx_word' id='word_1_418' title='bbox 3263 2724 3475 2779; x_wconf 89' lang='lat' dir='ltr'><strong>abbatis</strong></span> <span class='ocrx_word' id='word_1_419' title='bbox 3501 2723 3641 2777; x_wconf 83' lang='lat' dir='ltr'><strong>facta</strong></span> 
     </span>
    </p>
   </div>
   <div class='ocr_carea' id='block_1_57' title="bbox 2082 2817 3638 2890">
    <p class='ocr_par' dir='ltr' id='par_1_57' title="bbox 2082 2817 3638 2890">
     <span class='ocr_line' id='line_1_57' title="bbox 2082 2817 3638 2890; baseline -0.004 -16"><span class='ocrx_word' id='word_1_420' title='bbox 2082 2820 2355 2885; x_wconf 90' lang='lat' dir='ltr'><strong>dicuntur,</strong></span> <span class='ocrx_word' id='word_1_421' title='bbox 2403 2820 2481 2875; x_wconf 89' lang='lat' dir='ltr'><strong>uti</strong></span> <span class='ocrx_word' id='word_1_422' title='bbox 2531 2829 2585 2874; x_wconf 91' lang='lat' dir='ltr'><strong>et</strong></span> <span class='ocrx_word' id='word_1_423' title='bbox 2633 2820 2834 2890; x_wconf 71' lang='lat' dir='ltr'><strong>quarvis</strong></span> <span class='ocrx_word' id='word_1_424' title='bbox 2862 2818 2978 2873; x_wconf 70' lang='lat' dir='ltr'><strong>alim</strong></span> <span class='ocrx_word' id='word_1_425' title='bbox 3009 2817 3327 2871; x_wconf 88' lang='lat' dir='ltr'><strong>donationes</strong></span> <span class='ocrx_word' id='word_1_426' title='bbox 3363 2821 3638 2869; x_wconf 85' lang='lat' dir='ltr'><strong>monaste—</strong></span> 
     </span>
    </p>
   </div>
   <div class='ocr_carea' id='block_1_58' title="bbox 2084 2904 3647 2979">
    <p class='ocr_par' dir='ltr' id='par_1_58' title="bbox 2084 2904 3647 2979">
     <span class='ocr_line' id='line_1_58' title="bbox 2084 2904 3647 2979; baseline -0.004 -14"><span class='ocrx_word' id='word_1_427' title='bbox 2084 2911 2178 2965; x_wconf 91' lang='lat' dir='ltr'><strong>riis</strong></span> <span class='ocrx_word' id='word_1_428' title='bbox 2236 2909 2390 2965; x_wconf 70' lang='lat' dir='ltr'><strong>facta:</strong></span> <span class='ocrx_word' id='word_1_429' title='bbox 2442 2927 2455 2963; x_wconf 92' lang='lat'><strong>:</strong></span> <span class='ocrx_word' id='word_1_430' title='bbox 2512 2925 2618 2979; x_wconf 86' lang='lat' dir='ltr'><strong>quo</strong></span> <span class='ocrx_word' id='word_1_431' title='bbox 2686 2910 2857 2978; x_wconf 83' lang='lat' dir='ltr'><strong>magis</strong></span> <span class='ocrx_word' id='word_1_432' title='bbox 2922 2908 3107 2962; x_wconf 89' lang='lat' dir='ltr'><strong>mirari</strong></span> <span class='ocrx_word' id='word_1_433' title='bbox 3162 2906 3305 2961; x_wconf 90' lang='lat' dir='ltr'><strong>subit</strong></span> <span class='ocrx_word' id='word_1_434' title='bbox 3363 2904 3647 2960; x_wconf 90' lang='lat' dir='ltr'><strong>nonnullos</strong></span> 
     </span>
    </p>
   </div>
   <div class='ocr_carea' id='block_1_59' title="bbox 2083 2993 3650 3069">
    <p class='ocr_par' dir='ltr' id='par_1_59' title="bbox 2083 2993 3650 3069">
     <span class='ocr_line' id='line_1_59' title="bbox 2083 2993 3650 3069; baseline -0.005 -16"><span class='ocrx_word' id='word_1_435' title='bbox 2083 3000 2351 3063; x_wconf 89' lang='lat' dir='ltr'><strong>homines,</strong></span> <span class='ocrx_word' id='word_1_436' title='bbox 2396 2999 2521 3069; x_wconf 88' lang='lat' dir='ltr'><strong>quia</strong></span> <span class='ocrx_word' id='word_1_437' title='bbox 2569 2999 2748 3053; x_wconf 86' lang='lat' dir='ltr'><strong>abbati</strong></span> <span class='ocrx_word' id='word_1_438' title='bbox 2793 3013 2896 3052; x_wconf 94' lang='lat' dir='ltr'><strong>non</strong></span> <span class='ocrx_word' id='word_1_439' title='bbox 2949 2996 3227 3051; x_wconf 89' lang='lat' dir='ltr'><strong>monachis</strong></span> <span class='ocrx_word' id='word_1_440' title='bbox 3256 2994 3525 3064; x_wconf 81' lang='lat' dir='ltr'><strong>quaslibet</strong></span> <span class='ocrx_word' id='word_1_441' title='bbox 3552 2993 3650 3046; x_wconf 86' lang='lat' dir='ltr'><strong>do-</strong></span> 
     </span>
    </p>
   </div>
   <div class='ocr_carea' id='block_1_60' title="bbox 2085 3083 3650 3150">
    <p class='ocr_par' dir='ltr' id='par_1_60' title="bbox 2085 3083 3650 3150">
     <span class='ocr_line' id='line_1_60' title="bbox 2085 3083 3650 3150; baseline -0.004 -8"><span class='ocrx_word' id='word_1_442' title='bbox 2085 3089 2330 3143; x_wconf 89' lang='lat' dir='ltr'><strong>nationes</strong></span> <span class='ocrx_word' id='word_1_443' title='bbox 2381 3087 2554 3142; x_wconf 86' lang='lat' dir='ltr'><strong>factas</strong></span> <span class='ocrx_word' id='word_1_444' title='bbox 2614 3086 2781 3141; x_wconf 88' lang='lat' dir='ltr'><strong>fuisse</strong></span> <span class='ocrx_word' id='word_1_445' title='bbox 2835 3086 3035 3140; x_wconf 90' lang='lat' dir='ltr'><strong>audent</strong></span> <span class='ocrx_word' id='word_1_446' title='bbox 3099 3083 3397 3150; x_wconf 73' lang='lat' dir='ltr'><strong>afﬁrmare,</strong></span> <span class='ocrx_word' id='word_1_447' title='bbox 3460 3092 3650 3138; x_wconf 91' lang='lat' dir='ltr'><strong>contra</strong></span> 
     </span>
    </p>
   </div>
   <div class='ocr_carea' id='block_1_61' title="bbox 2088 3174 3655 3249">
    <p class='ocr_par' dir='ltr' id='par_1_61' title="bbox 2088 3174 3655 3249">
     <span class='ocr_line' id='line_1_61' title="bbox 2088 3174 3655 3249; baseline -0.004 -15"><span class='ocrx_word' id='word_1_448' title='bbox 2088 3189 2289 3234; x_wconf 89' lang='lat' dir='ltr'><strong>certam</strong></span> <span class='ocrx_word' id='word_1_449' title='bbox 2336 3190 2391 3234; x_wconf 92' lang='lat' dir='ltr'><strong>ct</strong></span> <span class='ocrx_word' id='word_1_450' title='bbox 2422 3177 2755 3249; x_wconf 67' lang='lat' dir='ltr'><strong>esploratam</strong></span> <span class='ocrx_word' id='word_1_451' title='bbox 2783 3186 3022 3232; x_wconf 85' lang='lat' dir='ltr'><strong>veterum</strong></span> <span class='ocrx_word' id='word_1_452' title='bbox 3057 3177 3421 3231; x_wconf 89' lang='lat' dir='ltr'><strong>traditionem.</strong></span> <span class='ocrx_word' id='word_1_453' title='bbox 3452 3174 3655 3230; x_wconf 88' lang='lat' dir='ltr'><strong>Omnes</strong></span> 
     </span>
    </p>
   </div>
   <div class='ocr_carea' id='block_1_62' title="bbox 419 3254 3439 3328">
    <p class='ocr_par' dir='ltr' id='par_1_62' title="bbox 419 3254 3439 3328">
     <span class='ocr_line' id='line_1_62' title="bbox 419 3254 3439 3328; baseline -0.005 -1"><span class='ocrx_word' id='word_1_454' title='bbox 419 3271 693 3328; x_wconf 73' lang='lat' dir='ltr'><strong>tissimict</strong></span> <span class='ocrx_word' id='word_1_455' title='bbox 726 3266 1175 3323; x_wconf 88' lang='lat' dir='ltr'><strong>Christianissimi</strong></span> <span class='ocrx_word' id='word_1_456' title='bbox 1216 3264 1429 3319; x_wconf 91' lang='lat' dir='ltr'><strong>comitis</strong></span> <span class='ocrx_word' id='word_1_457' title='bbox 1459 3263 1542 3317; x_wconf 91' lang='lat' dir='ltr'><strong>avi</strong></span> <span class='ocrx_word' id='word_1_458' title='bbox 1574 3262 1677 3317; x_wconf 88' lang='lat' dir='ltr'><strong>mei</strong></span> <span class='ocrx_word' id='word_1_459' title='bbox 1707 3258 1980 3317; x_wconf 88' lang='lat' dir='ltr'><strong>Lamberti</strong></span> <span class='ocrx_word' id='word_1_460' title='bbox 2008 3254 2053 3317; x_wconf 61' lang='grc' dir='ltr'><strong>(ί</strong></span> <span class='ocrx_word' id='word_1_461' title='bbox 2084 3272 2284 3327; x_wconf 68' lang='lat' dir='ltr'><strong>charm:</strong></span> <span class='ocrx_word' id='word_1_462' title='bbox 2306 3271 2406 3327; x_wconf 80' lang='lat' dir='ltr'><strong>sub</strong></span> <span class='ocrx_word' id='word_1_463' title='bbox 2434 3269 2625 3325; x_wconf 74' lang='lat' dir='ltr'><strong>Maiolo</strong></span> <span class='ocrx_word' id='word_1_464' title='bbox 2654 3270 2880 3324; x_wconf 63' lang='lat' dir='ltr'><strong>condita;</strong></span> <span class='ocrx_word' id='word_1_465' title='bbox 2910 3278 3035 3325; x_wconf 75' lang='lat' dir='ltr'><strong>sum</strong></span> <span class='ocrx_word' id='word_1_466' title='bbox 3063 3283 3287 3323; x_wconf 74' lang='lat' dir='ltr'><strong>numero</strong></span> <span class='ocrx_word' id='word_1_467' title='bbox 3316 3266 3439 3321; x_wconf 77' lang='grc'><strong>859,</strong></span> 
     </span>
    </p>
   </div>
   <div class='ocr_carea' id='block_1_63' title="bbox 414 3351 1981 3430">
    <p class='ocr_par' dir='ltr' id='par_1_63' title="bbox 414 3351 1981 3430">
     <span class='ocr_line' id='line_1_63' title="bbox 414 3351 1981 3430; baseline -0.008 -13"><span class='ocrx_word' id='word_1_468' title='bbox 414 3362 621 3430; x_wconf 88' lang='lat' dir='ltr'><strong>accepit</strong></span> <span class='ocrx_word' id='word_1_469' title='bbox 655 3358 771 3427; x_wconf 85' lang='lat' dir='ltr'><strong>ejus</strong></span> <span class='ocrx_word' id='word_1_470' title='bbox 798 3358 1079 3427; x_wconf 90' lang='lat' dir='ltr'><strong>conjugem</strong></span> <span class='ocrx_word' id='word_1_471' title='bbox 1111 3356 1287 3409; x_wconf 85' lang='lat' dir='ltr'><strong>aviam</strong></span> <span class='ocrx_word' id='word_1_472' title='bbox 1317 3368 1491 3408; x_wconf 88' lang='lat' dir='ltr'><strong>meam</strong></span> <span class='ocrx_word' id='word_1_473' title='bbox 1519 3351 1863 3407; x_wconf 84' lang='lat' dir='ltr'><strong>Adbeleidam</strong></span> <span class='ocrx_word' id='word_1_474' title='bbox 1890 3366 1981 3405; x_wconf 87' lang='lat' dir='ltr'><strong>cu-</strong></span> 
     </span>
    </p>
   </div>
   <div class='ocr_carea' id='block_1_64' title="bbox 416 3446 1980 3517">
    <p class='ocr_par' dir='ltr' id='par_1_64' title="bbox 416 3446 1980 3517">
     <span class='ocr_line' id='line_1_64' title="bbox 416 3446 1980 3517; baseline -0.008 -6"><span class='ocrx_word' id='word_1_475' title='bbox 416 3456 701 3517; x_wconf 88' lang='lat' dir='ltr'><strong>mitissam,</strong></span> <span class='ocrx_word' id='word_1_476' title='bbox 748 3452 978 3508; x_wconf 90' lang='lat' dir='ltr'><strong>accessit</strong></span> <span class='ocrx_word' id='word_1_477' title='bbox 1018 3451 1085 3504; x_wconf 90' lang='lat' dir='ltr'><strong>ad</strong></span> <span class='ocrx_word' id='word_1_478' title='bbox 1109 3450 1281 3503; x_wconf 70' lang='lat' dir='ltr'><strong>beatzc</strong></span> <span class='ocrx_word' id='word_1_479' title='bbox 1319 3446 1706 3501; x_wconf 86' lang='lat' dir='ltr'><strong>recordationis</strong></span> <span class='ocrx_word' id='word_1_480' title='bbox 1732 3446 1980 3500; x_wconf 86' lang='lat' dir='ltr'><strong>abbatem</strong></span> 
     </span>
    </p>
   </div>
   <div class='ocr_carea' id='block_1_65' title="bbox 416 3519 1984 3607">
    <p class='ocr_par' dir='ltr' id='par_1_65' title="bbox 416 3519 1984 3607">
     <span class='ocr_line' id='line_1_65' title="bbox 416 3519 1984 3607; baseline -0.008 -8"><span class='ocrx_word' id='word_1_481' title='bbox 416 3544 689 3607; x_wconf 82' lang='lat' dir='ltr'><strong>Maiolum,</strong></span> <span class='ocrx_word' id='word_1_482' title='bbox 721 3551 776 3597; x_wconf 90' lang='lat' dir='ltr'><strong>et</strong></span> <span class='ocrx_word' id='word_1_483' title='bbox 818 3519 1217 3596; x_wconf 71' lang='lat' dir='ltr'><strong>commendavit</strong></span> <span class='ocrx_word' id='word_1_484' title='bbox 1262 3537 1337 3591; x_wconf 92' lang='lat' dir='ltr'><strong>illi</strong></span> <span class='ocrx_word' id='word_1_485' title='bbox 1381 3536 1761 3590; x_wconf 89' lang='lat' dir='ltr'><strong>monasterium</strong></span> <span class='ocrx_word' id='word_1_486' title='bbox 1804 3536 1855 3588; x_wconf 92' lang='lat' dir='ltr'><strong>in</strong></span> <span class='ocrx_word' id='word_1_487' title='bbox 1895 3549 1984 3589; x_wconf 86' lang='lat' dir='ltr'><strong>su-</strong></span> 
     </span>
    </p>
   </div>
   <div class='ocr_carea' id='block_1_66' title="bbox 416 3625 1983 3692">
    <p class='ocr_par' dir='ltr' id='par_1_66' title="bbox 416 3625 1983 3692">
     <span class='ocr_line' id='line_1_66' title="bbox 416 3625 1983 3692; baseline -0.009 0"><span class='ocrx_word' id='word_1_488' title='bbox 416 3636 609 3692; x_wconf 89' lang='lat' dir='ltr'><strong>burbio</strong></span> <span class='ocrx_word' id='word_1_489' title='bbox 650 3631 1083 3690; x_wconf 88' lang='lat' dir='ltr'><strong>Cabilonensium</strong></span> <span class='ocrx_word' id='word_1_490' title='bbox 1129 3628 1364 3683; x_wconf 77' lang='lat' dir='ltr'><strong>civitatis</strong></span> <span class='ocrx_word' id='word_1_491' title='bbox 1392 3642 1421 3680; x_wconf 85' lang='lat' dir='ltr'><strong>a</strong></span> <span class='ocrx_word' id='word_1_492' title='bbox 1450 3625 1787 3682; x_wconf 89' lang='lat' dir='ltr'><strong>Cuntramno</strong></span> <span class='ocrx_word' id='word_1_493' title='bbox 1828 3625 1983 3679; x_wconf 90' lang='lat' dir='ltr'><strong>nobi-</strong></span> 
     </span>
    </p>
   </div>
   <div class='ocr_carea' id='block_1_67' title="bbox 417 3715 1980 3793">
    <p class='ocr_par' dir='ltr' id='par_1_67' title="bbox 417 3715 1980 3793">
     <span class='ocr_line' id='line_1_67' title="bbox 417 3715 1980 3793; baseline -0.008 -12"><span class='ocrx_word' id='word_1_494' title='bbox 417 3727 624 3781; x_wconf 87' lang='lat' dir='ltr'><strong>lissimo</strong></span> <span class='ocrx_word' id='word_1_495' title='bbox 675 3735 729 3778; x_wconf 90' lang='lat' dir='ltr'><strong>et</strong></span> <span class='ocrx_word' id='word_1_496' title='bbox 775 3722 1027 3793; x_wconf 89' lang='lat' dir='ltr'><strong>religioso</strong></span> <span class='ocrx_word' id='word_1_497' title='bbox 1080 3732 1205 3787; x_wconf 89' lang='lat' dir='ltr'><strong>rege</strong></span> <span class='ocrx_word' id='word_1_498' title='bbox 1259 3715 1542 3786; x_wconf 83' lang='lat' dir='ltr'><strong>magnifice</strong></span> <span class='ocrx_word' id='word_1_499' title='bbox 1592 3722 1980 3779; x_wconf 90' lang='lat' dir='ltr'><strong>constructum,</strong></span> 
     </span>
    </p>
   </div>
   <div class='ocr_carea' id='block_1_68' title="bbox 418 3806 1984 3886">
    <p class='ocr_par' dir='ltr' id='par_1_68' title="bbox 418 3806 1984 3886">
     <span class='ocr_line' id='line_1_68' title="bbox 418 3806 1984 3886; baseline -0.007 -15"><span class='ocrx_word' id='word_1_500' title='bbox 418 3819 508 3873; x_wconf 91' lang='lat' dir='ltr'><strong>ubi</strong></span> <span class='ocrx_word' id='word_1_501' title='bbox 553 3815 843 3886; x_wconf 68' lang='lat' dir='ltr'><strong>mquiescit</strong></span> <span class='ocrx_word' id='word_1_502' title='bbox 884 3827 1077 3882; x_wconf 90' lang='lat' dir='ltr'><strong>corpus</strong></span> <span class='ocrx_word' id='word_1_503' title='bbox 1114 3809 1177 3863; x_wconf 85' lang='grc' dir='ltr'><strong>Β.</strong></span> <span class='ocrx_word' id='word_1_504' title='bbox 1223 3807 1458 3863; x_wconf 83' lang='lat' dir='ltr'><strong>Marcelli</strong></span> <span class='ocrx_word' id='word_1_505' title='bbox 1499 3806 1772 3878; x_wconf 88' lang='lat' dir='ltr'><strong>martyris,</strong></span> <span class='ocrx_word' id='word_1_506' title='bbox 1802 3820 1866 3860; x_wconf 89' lang='lat' dir='ltr'><strong>eo</strong></span> <span class='ocrx_word' id='word_1_507' title='bbox 1906 3814 1984 3860; x_wconf 79' lang='lat' dir='ltr'><strong>te-</strong></span> 
     </span>
    </p>
   </div>
   <div class='ocr_carea' id='block_1_69' title="bbox 417 3898 1983 3975">
    <p class='ocr_par' dir='ltr' id='par_1_69' title="bbox 417 3898 1983 3975">
     <span class='ocr_line' id='line_1_69' title="bbox 417 3898 1983 3975; baseline -0.005 -14"><span class='ocrx_word' id='word_1_508' title='bbox 417 3923 566 3972; x_wconf 80' lang='lat' dir='ltr'><strong>nore,</strong></span> <span class='ocrx_word' id='word_1_509' title='bbox 600 3916 660 3961; x_wconf 89' lang='lat' dir='ltr'><strong>ut</strong></span> <span class='ocrx_word' id='word_1_510' title='bbox 712 3904 1024 3975; x_wconf 88' lang='lat' dir='ltr'><strong>religionem</strong></span> <span class='ocrx_word' id='word_1_511' title='bbox 1068 3899 1353 3956; x_wconf 88' lang='lat' dir='ltr'><strong>monastici</strong></span> <span class='ocrx_word' id='word_1_512' title='bbox 1401 3898 1627 3961; x_wconf 90' lang='lat' dir='ltr'><strong>ordinis,</strong></span> <span class='ocrx_word' id='word_1_513' title='bbox 1673 3912 1791 3967; x_wconf 68' lang='lat' dir='ltr'><strong>qum</strong></span> <span class='ocrx_word' id='word_1_514' title='bbox 1846 3912 1983 3968; x_wconf 88' lang='lat' dir='ltr'><strong>pene</strong></span> 
     </span>
    </p>
   </div>
   <div class='ocr_carea' id='block_1_70' title="bbox 418 3992 1987 4061">
    <p class='ocr_par' dir='ltr' id='par_1_70' title="bbox 418 3992 1987 4061">
     <span class='ocr_line' id='line_1_70' title="bbox 418 3992 1987 4061; baseline -0.007 -6"><span class='ocrx_word' id='word_1_515' title='bbox 418 4001 489 4056; x_wconf 87' lang='lat' dir='ltr'><strong>ibi</strong></span> <span class='ocrx_word' id='word_1_516' title='bbox 522 3998 718 4053; x_wconf 88' lang='lat' dir='ltr'><strong>abolita</strong></span> <span class='ocrx_word' id='word_1_517' title='bbox 746 3996 941 4059; x_wconf 83' lang='lat' dir='ltr'><strong>fuerat,</strong></span> <span class='ocrx_word' id='word_1_518' title='bbox 990 3992 1333 4057; x_wconf 86' lang='lat' dir='ltr'><strong>reformaret,</strong></span> <span class='ocrx_word' id='word_1_519' title='bbox 1368 4000 1422 4045; x_wconf 89' lang='lat' dir='ltr'><strong>et</strong></span> <span class='ocrx_word' id='word_1_520' title='bbox 1443 4000 1638 4045; x_wconf 87' lang='lat' dir='ltr'><strong>terram</strong></span> <span class='ocrx_word' id='word_1_521' title='bbox 1678 4000 1734 4045; x_wconf 89' lang='lat' dir='ltr'><strong>et</strong></span> <span class='ocrx_word' id='word_1_522' title='bbox 1771 4006 1987 4061; x_wconf 86' lang='lat' dir='ltr'><strong>posses-</strong></span> 
     </span>
    </p>
   </div>
   <div class='ocr_carea' id='block_1_71' title="bbox 418 4083 1985 4155">
    <p class='ocr_par' dir='ltr' id='par_1_71' title="bbox 418 4083 1985 4155">
     <span class='ocr_line' id='line_1_71' title="bbox 418 4083 1985 4155; baseline -0.007 -9"><span class='ocrx_word' id='word_1_523' title='bbox 418 4093 597 4147; x_wconf 85' lang='lat' dir='ltr'><strong>siones</strong></span> <span class='ocrx_word' id='word_1_524' title='bbox 644 4087 709 4141; x_wconf 88' lang='lat' dir='ltr'><strong>ad</strong></span> <span class='ocrx_word' id='word_1_525' title='bbox 741 4088 914 4155; x_wconf 88' lang='lat' dir='ltr'><strong>ipsum</strong></span> <span class='ocrx_word' id='word_1_526' title='bbox 942 4085 1118 4139; x_wconf 91' lang='lat' dir='ltr'><strong>locum</strong></span> <span class='ocrx_word' id='word_1_527' title='bbox 1160 4084 1495 4154; x_wconf 89' lang='lat' dir='ltr'><strong>pertinentes</strong></span> <span class='ocrx_word' id='word_1_528' title='bbox 1523 4083 1813 4148; x_wconf 75' lang='lat' dir='ltr'><strong>excoleret,</strong></span> <span class='ocrx_word' id='word_1_529' title='bbox 1842 4091 1897 4137; x_wconf 90' lang='lat' dir='ltr'><strong>et</strong></span> <span class='ocrx_word' id='word_1_530' title='bbox 1926 4090 1985 4137; x_wconf 95' lang='lat' dir='ltr'><strong>ut</strong></span> 
     </span>
    </p>
   </div>
   <div class='ocr_carea' id='block_1_72' title="bbox 418 4170 1985 4250">
    <p class='ocr_par' dir='ltr' id='par_1_72' title="bbox 418 4170 1985 4250">
     <span class='ocr_line' id='line_1_72' title="bbox 418 4170 1985 4250; baseline -0.006 -15"><span class='ocrx_word' id='word_1_531' title='bbox 418 4180 533 4250; x_wconf 90' lang='lat' dir='ltr'><strong>ipse</strong></span> <span class='ocrx_word' id='word_1_532' title='bbox 560 4186 615 4232; x_wconf 91' lang='lat' dir='ltr'><strong>et</strong></span> <span class='ocrx_word' id='word_1_533' title='bbox 658 4187 1002 4231; x_wconf 87' lang='lat' dir='ltr'><strong>successores</strong></span> <span class='ocrx_word' id='word_1_534' title='bbox 1031 4170 1146 4239; x_wconf 89' lang='lat' dir='ltr'><strong>ejus</strong></span> <span class='ocrx_word' id='word_1_535' title='bbox 1185 4172 1568 4226; x_wconf 88' lang='lat' dir='ltr'><strong>Cluniacenses</strong></span> <span class='ocrx_word' id='word_1_536' title='bbox 1608 4171 1829 4226; x_wconf 88' lang='lat' dir='ltr'><strong>abbates</strong></span> <span class='ocrx_word' id='word_1_537' title='bbox 1872 4186 1985 4226; x_wconf 86' lang='lat' dir='ltr'><strong>mo-</strong></span> 
     </span>
    </p>
   </div>
   <div class='ocr_carea' id='block_1_73' title="bbox 419 4260 1982 4333">
    <p class='ocr_par' dir='ltr' id='par_1_73' title="bbox 419 4260 1982 4333">
     <span class='ocr_line' id='line_1_73' title="bbox 419 4260 1982 4333; baseline -0.005 -11"><span class='ocrx_word' id='word_1_538' title='bbox 419 4266 716 4322; x_wconf 88' lang='lat' dir='ltr'><strong>nasterium</strong></span> <span class='ocrx_word' id='word_1_539' title='bbox 777 4262 1160 4333; x_wconf 89' lang='lat' dir='ltr'><strong>perpetualiter</strong></span> <span class='ocrx_word' id='word_1_540' title='bbox 1203 4261 1464 4316; x_wconf 89' lang='lat' dir='ltr'><strong>haberent</strong></span> <span class='ocrx_word' id='word_1_541' title='bbox 1530 4270 1585 4315; x_wconf 89' lang='lat' dir='ltr'><strong>et</strong></span> <span class='ocrx_word' id='word_1_542' title='bbox 1624 4260 1982 4331; x_wconf 86' lang='lat' dir='ltr'><strong>possiderent.</strong></span> 
     </span>
    </p>
   </div>
   <div class='ocr_carea' id='block_1_74' title="bbox 418 4351 1987 4412">
    <p class='ocr_par' dir='ltr' id='par_1_74' title="bbox 418 4351 1987 4412">
     <span class='ocr_line' id='line_1_74' title="bbox 418 4351 1987 4412; baseline -0.004 0"><span class='ocrx_word' id='word_1_543' title='bbox 418 4358 569 4412; x_wconf 79' lang='lat' dir='ltr'><strong>Hanc</strong></span> <span class='ocrx_word' id='word_1_544' title='bbox 595 4364 771 4411; x_wconf 87' lang='lat' dir='ltr'><strong>autem</strong></span> <span class='ocrx_word' id='word_1_545' title='bbox 794 4352 1317 4409; x_wconf 89' lang='lat' dir='ltr'><strong>commendationem</strong></span> <span class='ocrx_word' id='word_1_546' title='bbox 1340 4351 1454 4406; x_wconf 87' lang='lat' dir='ltr'><strong>sive</strong></span> <span class='ocrx_word' id='word_1_547' title='bbox 1485 4352 1825 4406; x_wconf 89' lang='lat' dir='ltr'><strong>donationem</strong></span> <span class='ocrx_word' id='word_1_548' title='bbox 1858 4353 1987 4409; x_wconf 85' lang='lat' dir='ltr'><strong>fecit</strong></span> 
     </span>
    </p>
   </div>
   <div class='ocr_carea' id='block_1_75' title="bbox 420 4442 1984 4517">
    <p class='ocr_par' dir='ltr' id='par_1_75' title="bbox 420 4442 1984 4517">
     <span class='ocr_line' id='line_1_75' title="bbox 420 4442 1984 4517; baseline -0.003 -12"><span class='ocrx_word' id='word_1_549' title='bbox 420 4447 758 4517; x_wconf 87' lang='lat' dir='ltr'><strong>supradictus</strong></span> <span class='ocrx_word' id='word_1_550' title='bbox 811 4458 994 4498; x_wconf 90' lang='lat' dir='ltr'><strong>comes</strong></span> <span class='ocrx_word' id='word_1_551' title='bbox 1036 4442 1341 4498; x_wconf 87' lang='lat' dir='ltr'><strong>Gaufredus</strong></span> <span class='ocrx_word' id='word_1_552' title='bbox 1385 4443 1583 4497; x_wconf 90' lang='lat' dir='ltr'><strong>domno</strong></span> <span class='ocrx_word' id='word_1_553' title='bbox 1624 4442 1816 4498; x_wconf 83' lang='lat' dir='ltr'><strong>Maiolo</strong></span> <span class='ocrx_word' id='word_1_554' title='bbox 1861 4461 1984 4500; x_wconf 83' lang='lat' dir='ltr'><strong>cum</strong></span> 
     </span>
    </p>
   </div>
   <div class='ocr_carea' id='block_1_76' title="bbox 417 4533 1980 4606">
    <p class='ocr_par' dir='ltr' id='par_1_76' title="bbox 417 4533 1980 4606">
     <span class='ocr_line' id='line_1_76' title="bbox 417 4533 1980 4606; baseline 0 -12"><span class='ocrx_word' id='word_1_555' title='bbox 417 4536 645 4595; x_wconf 88' lang='lat' dir='ltr'><strong>consilio</strong></span> <span class='ocrx_word' id='word_1_556' title='bbox 669 4534 912 4605; x_wconf 89' lang='lat' dir='ltr'><strong>conjugis</strong></span> <span class='ocrx_word' id='word_1_557' title='bbox 938 4550 1047 4590; x_wconf 70' lang='lat' dir='ltr'><strong>suae</strong></span> <span class='ocrx_word' id='word_1_558' title='bbox 1067 4533 1336 4589; x_wconf 83' lang='lat' dir='ltr'><strong>Adeleidis</strong></span> <span class='ocrx_word' id='word_1_559' title='bbox 1365 4542 1421 4589; x_wconf 91' lang='lat' dir='ltr'><strong>et</strong></span> <span class='ocrx_word' id='word_1_560' title='bbox 1452 4533 1544 4589; x_wconf 89' lang='lat' dir='ltr'><strong>ﬁlii</strong></span> <span class='ocrx_word' id='word_1_561' title='bbox 1568 4535 1683 4605; x_wconf 90' lang='lat' dir='ltr'><strong>ejus</strong></span> <span class='ocrx_word' id='word_1_562' title='bbox 1722 4535 1980 4606; x_wconf 85' lang='lat' dir='ltr'><strong>Hugonis,</strong></span> 
     </span>
    </p>
   </div>
   <div class='ocr_carea' id='block_1_77' title="bbox 419 4624 1984 4695">
    <p class='ocr_par' dir='ltr' id='par_1_77' title="bbox 419 4624 1984 4695">
     <span class='ocr_line' id='line_1_77' title="bbox 419 4624 1984 4695; baseline 0.001 -12"><span class='ocrx_word' id='word_1_563' title='bbox 419 4641 548 4685; x_wconf 90' lang='lat' dir='ltr'><strong>tunc</strong></span> <span class='ocrx_word' id='word_1_564' title='bbox 573 4627 778 4691; x_wconf 90' lang='lat' dir='ltr'><strong>clerici,</strong></span> <span class='ocrx_word' id='word_1_565' title='bbox 804 4634 986 4695; x_wconf 90' lang='lat' dir='ltr'><strong>postea</strong></span> <span class='ocrx_word' id='word_1_566' title='bbox 1030 4625 1288 4695; x_wconf 81' lang='lat' dir='ltr'><strong>episcopi,</strong></span> <span class='ocrx_word' id='word_1_567' title='bbox 1324 4624 1608 4695; x_wconf 88' lang='lat' dir='ltr'><strong>adjuvante</strong></span> <span class='ocrx_word' id='word_1_568' title='bbox 1651 4637 1706 4681; x_wconf 91' lang='lat' dir='ltr'><strong>et</strong></span> <span class='ocrx_word' id='word_1_569' title='bbox 1736 4628 1984 4685; x_wconf 86' lang='lat' dir='ltr'><strong>laudante</strong></span> 
     </span>
    </p>
   </div>
   <div class='ocr_carea' id='block_1_78' title="bbox 421 4714 1987 4786">
    <p class='ocr_par' dir='ltr' id='par_1_78' title="bbox 421 4714 1987 4786">
     <span class='ocr_line' id='line_1_78' title="bbox 421 4714 1987 4786; baseline 0.001 -13"><span class='ocrx_word' id='word_1_570' title='bbox 421 4718 656 4774; x_wconf 87' lang='lat' dir='ltr'><strong>llenrico</strong></span> <span class='ocrx_word' id='word_1_571' title='bbox 701 4716 853 4770; x_wconf 91' lang='lat' dir='ltr'><strong>duce.</strong></span> <span class='ocrx_word' id='word_1_572' title='bbox 923 4714 1113 4768; x_wconf 83' lang='lat' dir='ltr'><strong>Postea</strong></span> <span class='ocrx_word' id='word_1_573' title='bbox 1160 4729 1292 4769; x_wconf 89' lang='lat' dir='ltr'><strong>vero</strong></span> <span class='ocrx_word' id='word_1_574' title='bbox 1336 4725 1594 4785; x_wconf 89' lang='lat' dir='ltr'><strong>regnante</strong></span> <span class='ocrx_word' id='word_1_575' title='bbox 1641 4717 1987 4786; x_wconf 82' lang='lat' dir='ltr'><strong>serenissima</strong></span> 
     </span>
    </p>
   </div>
   <div class='ocr_carea' id='block_1_79' title="bbox 420 4805 1987 4881">
    <p class='ocr_par' dir='ltr' id='par_1_79' title="bbox 420 4805 1987 4881">
     <span class='ocr_line' id='line_1_79' title="bbox 420 4805 1987 4881; baseline 0.001 -17"><span class='ocrx_word' id='word_1_576' title='bbox 420 4824 549 4881; x_wconf 88' lang='lat' dir='ltr'><strong>rege</strong></span> <span class='ocrx_word' id='word_1_577' title='bbox 580 4806 838 4862; x_wconf 80' lang='lat' dir='ltr'><strong>Rotberto</strong></span> <span class='ocrx_word' id='word_1_578' title='bbox 867 4805 1163 4860; x_wconf 89' lang='lat' dir='ltr'><strong>avunculus</strong></span> <span class='ocrx_word' id='word_1_579' title='bbox 1188 4820 1339 4860; x_wconf 89' lang='lat' dir='ltr'><strong>meus</strong></span> <span class='ocrx_word' id='word_1_580' title='bbox 1368 4806 1595 4861; x_wconf 89' lang='lat' dir='ltr'><strong>domnus</strong></span> <span class='ocrx_word' id='word_1_581' title='bbox 1626 4807 1778 4877; x_wconf 80' lang='lat' dir='ltr'><strong>Hugo</strong></span> <span class='ocrx_word' id='word_1_582' title='bbox 1806 4824 1987 4865; x_wconf 88' lang='lat' dir='ltr'><strong>comes</strong></span> 
     </span>
    </p>
   </div>
   <div class='ocr_carea' id='block_1_80' title="bbox 419 4896 1989 4973">
    <p class='ocr_par' dir='ltr' id='par_1_80' title="bbox 419 4896 1989 4973">
     <span class='ocr_line' id='line_1_80' title="bbox 419 4896 1989 4973; baseline 0 -18"><span class='ocrx_word' id='word_1_583' title='bbox 419 4910 479 4956; x_wconf 90' lang='lat' dir='ltr'><strong>et</strong></span> <span class='ocrx_word' id='word_1_584' title='bbox 520 4899 827 4969; x_wconf 90' lang='lat' dir='ltr'><strong>episcopus,</strong></span> <span class='ocrx_word' id='word_1_585' title='bbox 876 4904 1143 4966; x_wconf 57' lang='lat' dir='ltr'><strong>praesente</strong></span> <span class='ocrx_word' id='word_1_586' title='bbox 1190 4896 1303 4966; x_wconf 90' lang='lat' dir='ltr'><strong>ipso</strong></span> <span class='ocrx_word' id='word_1_587' title='bbox 1347 4911 1473 4963; x_wconf 81' lang='lat' dir='ltr'><strong>rege</strong></span> <span class='ocrx_word' id='word_1_588' title='bbox 1525 4906 1580 4952; x_wconf 91' lang='lat' dir='ltr'><strong>et</strong></span> <span class='ocrx_word' id='word_1_589' title='bbox 1619 4898 1909 4973; x_wconf 70' lang='lat' dir='ltr'><strong>comitibus</strong></span> <span class='ocrx_word' id='word_1_590' title='bbox 1935 4910 1989 4955; x_wconf 89' lang='lat' dir='ltr'><strong>et</strong></span> 
     </span>
    </p>
   </div>
   <div class='ocr_carea' id='block_1_81' title="bbox 418 4985 1992 5058">
    <p class='ocr_par' dir='ltr' id='par_1_81' title="bbox 418 4985 1992 5058">
     <span class='ocr_line' id='line_1_81' title="bbox 418 4985 1992 5058; baseline -0.001 -14"><span class='ocrx_word' id='word_1_591' title='bbox 418 4987 689 5058; x_wconf 84' lang='lat' dir='ltr'><strong>episcopis</strong></span> <span class='ocrx_word' id='word_1_592' title='bbox 727 4987 883 5040; x_wconf 91' lang='lat' dir='ltr'><strong>istius</strong></span> <span class='ocrx_word' id='word_1_593' title='bbox 930 4985 1137 5055; x_wconf 71' lang='lat' dir='ltr'><strong>patriae,</strong></span> <span class='ocrx_word' id='word_1_594' title='bbox 1183 4985 1495 5039; x_wconf 88' lang='lat' dir='ltr'><strong>monasterii</strong></span> <span class='ocrx_word' id='word_1_595' title='bbox 1539 4985 1739 5041; x_wconf 89' lang='lat' dir='ltr'><strong>donum</strong></span> <span class='ocrx_word' id='word_1_596' title='bbox 1770 4989 1992 5043; x_wconf 89' lang='lat' dir='ltr'><strong>tradidit</strong></span> 
     </span>
    </p>
   </div>
   <div class='ocr_carea' id='block_1_82' title="bbox 419 5074 1989 5147">
    <p class='ocr_par' dir='ltr' id='par_1_82' title="bbox 419 5074 1989 5147">
     <span class='ocr_line' id='line_1_82' title="bbox 419 5074 1989 5147; baseline 0.001 -13"><span class='ocrx_word' id='word_1_597' title='bbox 419 5082 621 5134; x_wconf 90' lang='lat' dir='ltr'><strong>domno</strong></span> <span class='ocrx_word' id='word_1_598' title='bbox 670 5076 885 5134; x_wconf 92' lang='lat' dir='ltr'><strong>Odiloni</strong></span> <span class='ocrx_word' id='word_1_599' title='bbox 940 5074 1140 5139; x_wconf 90' lang='lat' dir='ltr'><strong>abbati,</strong></span> <span class='ocrx_word' id='word_1_600' title='bbox 1188 5075 1490 5130; x_wconf 84' lang='lat' dir='ltr'><strong>successori</strong></span> <span class='ocrx_word' id='word_1_601' title='bbox 1533 5076 1745 5132; x_wconf 89' lang='lat' dir='ltr'><strong>abbatis</strong></span> <span class='ocrx_word' id='word_1_602' title='bbox 1789 5077 1989 5147; x_wconf 77' lang='lat' dir='ltr'><strong>Maioli,</strong></span> 
     </span>
    </p>
   </div>
   <div class='ocr_carea' id='block_1_83' title="bbox 422 5166 1994 5242">
    <p class='ocr_par' dir='ltr' id='par_1_83' title="bbox 422 5166 1994 5242">
     <span class='ocr_line' id='line_1_83' title="bbox 422 5166 1994 5242; baseline 0.001 -15"><span class='ocrx_word' id='word_1_603' title='bbox 422 5181 481 5227; x_wconf 88' lang='lat' dir='ltr'><strong>ut</strong></span> <span class='ocrx_word' id='word_1_604' title='bbox 512 5173 624 5242; x_wconf 87' lang='lat' dir='ltr'><strong>ipse</strong></span> <span class='ocrx_word' id='word_1_605' title='bbox 643 5170 766 5240; x_wconf 90' lang='lat' dir='ltr'><strong>jure</strong></span> <span class='ocrx_word' id='word_1_606' title='bbox 817 5168 1175 5223; x_wconf 81' lang='lat' dir='ltr'><strong>antecesseris</strong></span> <span class='ocrx_word' id='word_1_607' title='bbox 1200 5168 1278 5221; x_wconf 89' lang='lat' dir='ltr'><strong>sui</strong></span> <span class='ocrx_word' id='word_1_608' title='bbox 1304 5166 1479 5221; x_wconf 89' lang='lat' dir='ltr'><strong>locum</strong></span> <span class='ocrx_word' id='word_1_609' title='bbox 1509 5167 1750 5233; x_wconf 88' lang='lat' dir='ltr'><strong>haberet,</strong></span> <span class='ocrx_word' id='word_1_610' title='bbox 1786 5180 1994 5228; x_wconf 86' lang='lat' dir='ltr'><strong>teneret</strong></span> 
     </span>
    </p>
   </div>
   <div class='ocr_carea' id='block_1_84' title="bbox 418 5255 1990 5331">
    <p class='ocr_par' dir='ltr' id='par_1_84' title="bbox 418 5255 1990 5331">
     <span class='ocr_line' id='line_1_84' title="bbox 418 5255 1990 5331; baseline 0 -14"><span class='ocrx_word' id='word_1_611' title='bbox 418 5278 486 5317; x_wconf 91' lang='lat' dir='ltr'><strong>ac</strong></span> <span class='ocrx_word' id='word_1_612' title='bbox 514 5262 825 5331; x_wconf 89' lang='lat' dir='ltr'><strong>possideret.</strong></span> <span class='ocrx_word' id='word_1_613' title='bbox 860 5259 972 5329; x_wconf 87' lang='lat' dir='ltr'><strong>Ego</strong></span> <span class='ocrx_word' id='word_1_614' title='bbox 1005 5272 1132 5312; x_wconf 90' lang='lat' dir='ltr'><strong>vero</strong></span> <span class='ocrx_word' id='word_1_615' title='bbox 1166 5256 1334 5327; x_wconf 89' lang='lat' dir='ltr'><strong>gratia</strong></span> <span class='ocrx_word' id='word_1_616' title='bbox 1367 5255 1460 5311; x_wconf 91' lang='lat' dir='ltr'><strong>Dei</strong></span> <span class='ocrx_word' id='word_1_617' title='bbox 1491 5272 1674 5311; x_wconf 89' lang='lat' dir='ltr'><strong>comes</strong></span> <span class='ocrx_word' id='word_1_618' title='bbox 1697 5258 1990 5318; x_wconf 84' lang='lat' dir='ltr'><strong>Tetbaidus</strong></span> 
     </span>
    </p>
   </div>
   <div class='ocr_carea' id='block_1_85' title="bbox 422 5351 1987 5384">
    <p class='ocr_par' dir='ltr' id='par_1_85' title="bbox 422 5351 1987 5384">
     <span class='ocr_line' id='line_1_85' title="bbox 422 5351 1987 5384; baseline 0 0"><span class='ocrx_word' id='word_1_619' title='bbox 422 5354 561 5384; x_wconf 64' lang='grc' dir='ltr'><strong>ηιιαδ</strong></span> <span class='ocrx_word' id='word_1_620' title='bbox 597 5364 965 5384; x_wconf 57' lang='lat' dir='ltr'><strong>«ainant-anna:</strong></span> <span class='ocrx_word' id='word_1_621' title='bbox 1009 5352 1110 5384; x_wconf 67' lang='lat' dir='ltr'><strong>mn:</strong></span> <span class='ocrx_word' id='word_1_622' title='bbox 1152 5358 1205 5384; x_wconf 67' lang='lat' dir='ltr'><strong>at</strong></span> <span class='ocrx_word' id='word_1_623' title='bbox 1254 5359 1505 5384; x_wconf 69' lang='lat' dir='ltr'><strong>nornnlnc</strong></span> <span class='ocrx_word' id='word_1_624' title='bbox 1540 5351 1647 5384; x_wconf 70' lang='lat' dir='ltr'><strong>nan</strong></span> <span class='ocrx_word' id='word_1_625' title='bbox 1697 5362 1747 5384; x_wconf 71' lang='lat' dir='ltr'><strong>nl</strong></span> <span class='ocrx_word' id='word_1_626' title='bbox 1798 5366 1987 5384; x_wconf 55' lang='lat' dir='ltr'><strong>hama-On</strong></span> 
     </span>
    </p>
   </div>
   <div class='ocr_carea' id='block_1_86' title="bbox 2283 3358 3475 3431">
    <p class='ocr_par' dir='ltr' id='par_1_86' title="bbox 2283 3358 3475 3431">
     <span class='ocr_line' id='line_1_86' title="bbox 2283 3358 3475 3431; baseline -0.003 -15"><span class='ocrx_word' id='word_1_627' title='bbox 2283 3362 2344 3416; x_wconf 70' lang='grc' dir='ltr'><strong>γ.</strong></span> <span class='ocrx_word' id='word_1_628' title='bbox 2387 3360 2710 3416; x_wconf 70' lang='lat' dir='ltr'><strong>Honesta-ia</strong></span> <span class='ocrx_word' id='word_1_629' title='bbox 2753 3377 2845 3431; x_wconf 80' lang='lat' dir='ltr'><strong>per</strong></span> <span class='ocrx_word' id='word_1_630' title='bbox 2884 3358 3137 3415; x_wconf 78' lang='lat' dir='ltr'><strong>Maiolum</strong></span> <span class='ocrx_word' id='word_1_631' title='bbox 3169 3358 3475 3428; x_wconf 78' lang='lat' dir='ltr'><strong>reformata.</strong></span> 
     </span>
    </p>
   </div>
   <div class='ocr_carea' id='block_1_87' title="bbox 2151 3450 3652 3521">
    <p class='ocr_par' dir='ltr' id='par_1_87' title="bbox 2151 3450 3652 3521">
     <span class='ocr_line' id='line_1_87' title="bbox 2151 3450 3652 3521; baseline -0.001 -15"><span class='ocrx_word' id='word_1_632' title='bbox 2151 3453 2239 3507; x_wconf 76' lang='lat'><strong>55.</strong></span> <span class='ocrx_word' id='word_1_633' title='bbox 2270 3450 2562 3521; x_wconf 83' lang='lat' dir='ltr'><strong>Postquam</strong></span> <span class='ocrx_word' id='word_1_634' title='bbox 2609 3451 2787 3506; x_wconf 89' lang='lat' dir='ltr'><strong>varias</strong></span> <span class='ocrx_word' id='word_1_635' title='bbox 2826 3452 3141 3506; x_wconf 87' lang='lat' dir='ltr'><strong>donationes</strong></span> <span class='ocrx_word' id='word_1_636' title='bbox 3168 3450 3427 3507; x_wconf 89' lang='lat' dir='ltr'><strong>Cluniaco</strong></span> <span class='ocrx_word' id='word_1_637' title='bbox 3481 3450 3652 3506; x_wconf 84' lang='lat' dir='ltr'><strong>factas</strong></span> 
     </span>
    </p>
   </div>
   <div class='ocr_carea' id='block_1_88' title="bbox 2085 3543 3649 3614">
    <p class='ocr_par' dir='ltr' id='par_1_88' title="bbox 2085 3543 3649 3614">
     <span class='ocr_line' id='line_1_88' title="bbox 2085 3543 3649 3614; baseline -0.001 -15"><span class='ocrx_word' id='word_1_638' title='bbox 2085 3546 2385 3609; x_wconf 89' lang='lat' dir='ltr'><strong>retulimus,</strong></span> <span class='ocrx_word' id='word_1_639' title='bbox 2439 3558 2582 3598; x_wconf 91' lang='lat' dir='ltr'><strong>nunc</strong></span> <span class='ocrx_word' id='word_1_640' title='bbox 2622 3543 2687 3598; x_wconf 87' lang='lat' dir='ltr'><strong>de</strong></span> <span class='ocrx_word' id='word_1_641' title='bbox 2738 3544 2949 3598; x_wconf 73' lang='lat' dir='ltr'><strong>cmteris</strong></span> <span class='ocrx_word' id='word_1_642' title='bbox 3008 3543 3127 3613; x_wconf 89' lang='lat' dir='ltr'><strong>ejus</strong></span> <span class='ocrx_word' id='word_1_643' title='bbox 3183 3544 3342 3599; x_wconf 78' lang='lat' dir='ltr'><strong>faelis</strong></span> <span class='ocrx_word' id='word_1_644' title='bbox 3386 3547 3649 3614; x_wconf 87' lang='lat' dir='ltr'><strong>agendum</strong></span> 
     </span>
    </p>
   </div>
   <div class='ocr_carea' id='block_1_89' title="bbox 2083 3634 3655 3706">
    <p class='ocr_par' dir='ltr' id='par_1_89' title="bbox 2083 3634 3655 3706">
     <span class='ocr_line' id='line_1_89' title="bbox 2083 3634 3655 3706; baseline -0.001 -15"><span class='ocrx_word' id='word_1_645' title='bbox 2083 3645 2164 3691; x_wconf 90' lang='lat' dir='ltr'><strong>est</strong></span> <span class='ocrx_word' id='word_1_646' title='bbox 2190 3653 2203 3689; x_wconf 86' lang='lat'><strong>:</strong></span> <span class='ocrx_word' id='word_1_647' title='bbox 2227 3651 2334 3706; x_wconf 91' lang='lat' dir='ltr'><strong>quo</strong></span> <span class='ocrx_word' id='word_1_648' title='bbox 2383 3635 2434 3688; x_wconf 92' lang='lat' dir='ltr'><strong>in</strong></span> <span class='ocrx_word' id='word_1_649' title='bbox 2479 3648 2676 3705; x_wconf 82' lang='lat' dir='ltr'><strong>genere</strong></span> <span class='ocrx_word' id='word_1_650' title='bbox 2715 3634 2880 3689; x_wconf 90' lang='lat' dir='ltr'><strong>multa</strong></span> <span class='ocrx_word' id='word_1_651' title='bbox 2932 3635 2999 3689; x_wconf 91' lang='lat' dir='ltr'><strong>de</strong></span> <span class='ocrx_word' id='word_1_652' title='bbox 3030 3636 3147 3705; x_wconf 87' lang='lat' dir='ltr'><strong>ejus</strong></span> <span class='ocrx_word' id='word_1_653' title='bbox 3172 3635 3459 3690; x_wconf 90' lang='lat' dir='ltr'><strong>virtutibus</strong></span> <span class='ocrx_word' id='word_1_654' title='bbox 3490 3636 3655 3689; x_wconf 89' lang='lat' dir='ltr'><strong>tradit</strong></span> 
     </span>
    </p>
   </div>
   <div class='ocr_carea' id='block_1_90' title="bbox 2085 3724 3650 3798">
    <p class='ocr_par' dir='ltr' id='par_1_90' title="bbox 2085 3724 3650 3798">
     <span class='ocr_line' id='line_1_90' title="bbox 2085 3724 3650 3798; baseline -0.001 -17"><span class='ocrx_word' id='word_1_655' title='bbox 2085 3727 2277 3798; x_wconf 84' lang='lat' dir='ltr'><strong>Syrus,</strong></span> <span class='ocrx_word' id='word_1_656' title='bbox 2329 3740 2448 3796; x_wconf 62' lang='lat' dir='ltr'><strong>quae</strong></span> <span class='ocrx_word' id='word_1_657' title='bbox 2488 3725 2587 3779; x_wconf 84' lang='lat' dir='ltr'><strong>hoc</strong></span> <span class='ocrx_word' id='word_1_658' title='bbox 2614 3724 2732 3779; x_wconf 90' lang='lat' dir='ltr'><strong>loco</strong></span> <span class='ocrx_word' id='word_1_659' title='bbox 2768 3733 3014 3794; x_wconf 89' lang='lat' dir='ltr'><strong>repetere</strong></span> <span class='ocrx_word' id='word_1_660' title='bbox 3046 3740 3151 3779; x_wconf 91' lang='lat' dir='ltr'><strong>non</strong></span> <span class='ocrx_word' id='word_1_661' title='bbox 3181 3724 3352 3794; x_wconf 84' lang='lat' dir='ltr'><strong>juvat.</strong></span> <span class='ocrx_word' id='word_1_662' title='bbox 3384 3724 3650 3780; x_wconf 87' lang='lat' dir='ltr'><strong>Nonnulla</strong></span> 
     </span>
    </p>
   </div>
   <div class='ocr_carea' id='block_1_91' title="bbox 2085 3815 3652 3888">
    <p class='ocr_par' dir='ltr' id='par_1_91' title="bbox 2085 3815 3652 3888">
     <span class='ocr_line' id='line_1_91' title="bbox 2085 3815 3652 3888; baseline -0.001 -14"><span class='ocrx_word' id='word_1_663' title='bbox 2085 3820 2337 3875; x_wconf 88' lang='lat' dir='ltr'><strong>retulisse</strong></span> <span class='ocrx_word' id='word_1_664' title='bbox 2400 3815 2661 3879; x_wconf 79' lang='lat' dir='ltr'><strong>sufﬁciat,</strong></span> <span class='ocrx_word' id='word_1_665' title='bbox 2708 3832 2829 3887; x_wconf 62' lang='lat' dir='ltr'><strong>qua;</strong></span> <span class='ocrx_word' id='word_1_666' title='bbox 2886 3817 3243 3873; x_wconf 89' lang='lat' dir='ltr'><strong>illustrationc</strong></span> <span class='ocrx_word' id='word_1_667' title='bbox 3295 3818 3553 3888; x_wconf 88' lang='lat' dir='ltr'><strong>indigent.</strong></span> <span class='ocrx_word' id='word_1_668' title='bbox 3595 3817 3652 3873; x_wconf 86' lang='lat' dir='ltr'><strong>In</strong></span> 
     </span>
    </p>
   </div>
   <div class='ocr_carea' id='block_1_92' title="bbox 2084 3908 3648 3980">
    <p class='ocr_par' dir='ltr' id='par_1_92' title="bbox 2084 3908 3648 3980">
     <span class='ocr_line' id='line_1_92' title="bbox 2084 3908 3648 3980; baseline -0.001 -16"><span class='ocrx_word' id='word_1_669' title='bbox 2084 3910 2273 3980; x_wconf 90' lang='lat' dir='ltr'><strong>primis</strong></span> <span class='ocrx_word' id='word_1_670' title='bbox 2319 3908 2788 3964; x_wconf 89' lang='lat' dir='ltr'><strong>commemoranda</strong></span> <span class='ocrx_word' id='word_1_671' title='bbox 2828 3909 2975 3962; x_wconf 90' lang='lat' dir='ltr'><strong>venit</strong></span> <span class='ocrx_word' id='word_1_672' title='bbox 3020 3908 3138 3979; x_wconf 89' lang='lat' dir='ltr'><strong>ejus</strong></span> <span class='ocrx_word' id='word_1_673' title='bbox 3164 3908 3502 3963; x_wconf 90' lang='lat' dir='ltr'><strong>familiaritas</strong></span> <span class='ocrx_word' id='word_1_674' title='bbox 3528 3925 3648 3964; x_wconf 90' lang='lat' dir='ltr'><strong>cum</strong></span> 
     </span>
    </p>
   </div>
   <div class='ocr_carea' id='block_1_93' title="bbox 2085 3999 3659 4073">
    <p class='ocr_par' dir='ltr' id='par_1_93' title="bbox 2085 3999 3659 4073">
     <span class='ocr_line' id='line_1_93' title="bbox 2085 3999 3659 4073; baseline -0.001 -15"><span class='ocrx_word' id='word_1_675' title='bbox 2085 4002 2281 4058; x_wconf 90' lang='lat' dir='ltr'><strong>Ottone</strong></span> <span class='ocrx_word' id='word_1_676' title='bbox 2316 4000 2506 4073; x_wconf 81' lang='lat' dir='ltr'><strong>Magno</strong></span> <span class='ocrx_word' id='word_1_677' title='bbox 2539 4016 2635 4056; x_wconf 87' lang='lat' dir='ltr'><strong>seu</strong></span> <span class='ocrx_word' id='word_1_678' title='bbox 2665 4001 2839 4069; x_wconf 90' lang='lat' dir='ltr'><strong>primo</strong></span> <span class='ocrx_word' id='word_1_679' title='bbox 2864 3999 3087 4070; x_wconf 88' lang='lat' dir='ltr'><strong>ejusque</strong></span> <span class='ocrx_word' id='word_1_680' title='bbox 3107 4001 3215 4055; x_wconf 90' lang='lat' dir='ltr'><strong>ﬁlio</strong></span> <span class='ocrx_word' id='word_1_681' title='bbox 3238 4001 3432 4058; x_wconf 88' lang='lat' dir='ltr'><strong>Ottone</strong></span> <span class='ocrx_word' id='word_1_682' title='bbox 3460 4016 3659 4056; x_wconf 85' lang='lat' dir='ltr'><strong>secun-</strong></span> 
     </span>
    </p>
   </div>
   <div class='ocr_carea' id='block_1_94' title="bbox 2085 4090 3655 4161">
    <p class='ocr_par' dir='ltr' id='par_1_94' title="bbox 2085 4090 3655 4161">
     <span class='ocr_line' id='line_1_94' title="bbox 2085 4090 3655 4161; baseline -0.002 -12"><span class='ocrx_word' id='word_1_683' title='bbox 2085 4095 2177 4156; x_wconf 89' lang='lat' dir='ltr'><strong>do,</strong></span> <span class='ocrx_word' id='word_1_684' title='bbox 2208 4104 2261 4149; x_wconf 89' lang='lat' dir='ltr'><strong>et</strong></span> <span class='ocrx_word' id='word_1_685' title='bbox 2312 4108 2436 4147; x_wconf 87' lang='lat' dir='ltr'><strong>cum</strong></span> <span class='ocrx_word' id='word_1_686' title='bbox 2463 4090 2782 4147; x_wconf 76' lang='lat' dir='ltr'><strong>&#39;Adbeleide</strong></span> <span class='ocrx_word' id='word_1_687' title='bbox 2810 4091 3046 4161; x_wconf 83' lang='lat' dir='ltr'><strong>Angusta</strong></span> <span class='ocrx_word' id='word_1_688' title='bbox 3087 4092 3282 4161; x_wconf 87' lang='lat' dir='ltr'><strong>prioris</strong></span> <span class='ocrx_word' id='word_1_689' title='bbox 3318 4106 3506 4156; x_wconf 81' lang='lat' dir='ltr'><strong>uxore,</strong></span> <span class='ocrx_word' id='word_1_690' title='bbox 3534 4108 3655 4161; x_wconf 80' lang='lat' dir='ltr'><strong>qua:</strong></span> 
     </span>
    </p>
   </div>
   <div class='ocr_carea' id='block_1_95' title="bbox 2085 4181 3650 4251">
    <p class='ocr_par' dir='ltr' id='par_1_95' title="bbox 2085 4181 3650 4251">
     <span class='ocr_line' id='line_1_95' title="bbox 2085 4181 3650 4251; baseline -0.001 -14"><span class='ocrx_word' id='word_1_691' title='bbox 2085 4198 2207 4237; x_wconf 88' lang='lat' dir='ltr'><strong>eum</strong></span> <span class='ocrx_word' id='word_1_692' title='bbox 2234 4182 2301 4236; x_wconf 90' lang='lat' dir='ltr'><strong>ad</strong></span> <span class='ocrx_word' id='word_1_693' title='bbox 2333 4181 2714 4236; x_wconf 89' lang='lat' dir='ltr'><strong>restituendam</strong></span> <span class='ocrx_word' id='word_1_694' title='bbox 2745 4181 2796 4233; x_wconf 92' lang='lat' dir='ltr'><strong>in</strong></span> <span class='ocrx_word' id='word_1_695' title='bbox 2824 4181 3007 4235; x_wconf 92' lang='lat' dir='ltr'><strong>multis</strong></span> <span class='ocrx_word' id='word_1_696' title='bbox 3051 4181 3392 4235; x_wconf 90' lang='lat' dir='ltr'><strong>monasteriis</strong></span> <span class='ocrx_word' id='word_1_697' title='bbox 3436 4181 3650 4251; x_wconf 89' lang='lat' dir='ltr'><strong>regula-</strong></span> 
     </span>
    </p>
   </div>
   <div class='ocr_carea' id='block_1_96' title="bbox 2087 4269 3651 4342">
    <p class='ocr_par' dir='ltr' id='par_1_96' title="bbox 2087 4269 3651 4342">
     <span class='ocr_line' id='line_1_96' title="bbox 2087 4269 3651 4342; baseline -0.001 -15"><span class='ocrx_word' id='word_1_698' title='bbox 2087 4288 2201 4328; x_wconf 90' lang='lat' dir='ltr'><strong>rem</strong></span> <span class='ocrx_word' id='word_1_699' title='bbox 2243 4270 2584 4341; x_wconf 87' lang='lat' dir='ltr'><strong>disciplinatn</strong></span> <span class='ocrx_word' id='word_1_700' title='bbox 2642 4269 2903 4324; x_wconf 89' lang='lat' dir='ltr'><strong>adhibuit.</strong></span> <span class='ocrx_word' id='word_1_701' title='bbox 2950 4270 3025 4325; x_wconf 90' lang='lat' dir='ltr'><strong>De</strong></span> <span class='ocrx_word' id='word_1_702' title='bbox 3070 4269 3266 4326; x_wconf 88' lang='lat' dir='ltr'><strong>Ottone</strong></span> <span class='ocrx_word' id='word_1_703' title='bbox 3312 4270 3503 4342; x_wconf 81' lang='lat' dir='ltr'><strong>Magno</strong></span> <span class='ocrx_word' id='word_1_704' title='bbox 3535 4273 3651 4326; x_wconf 66' lang='lat' dir='ltr'><strong>hanc</strong></span> 
     </span>
    </p>
   </div>
   <div class='ocr_carea' id='block_1_97' title="bbox 2086 4360 3649 4435">
    <p class='ocr_par' dir='ltr' id='par_1_97' title="bbox 2086 4360 3649 4435">
     <span class='ocr_line' id='line_1_97' title="bbox 2086 4360 3649 4435; baseline -0.002 -16"><span class='ocrx_word' id='word_1_705' title='bbox 2086 4364 2258 4435; x_wconf 79' lang='lat' dir='ltr'><strong>Syrus</strong></span> <span class='ocrx_word' id='word_1_706' title='bbox 2291 4361 2564 4417; x_wconf 78' lang='lat' dir='ltr'><strong>memoria:</strong></span> <span class='ocrx_word' id='word_1_707' title='bbox 2592 4361 2826 4430; x_wconf 92' lang='lat' dir='ltr'><strong>prodidit</strong></span> <span class='ocrx_word' id='word_1_708' title='bbox 2852 4362 2903 4416; x_wconf 94' lang='lat' dir='ltr'><strong>in</strong></span> <span class='ocrx_word' id='word_1_709' title='bbox 2933 4360 3025 4416; x_wconf 90' lang='lat' dir='ltr'><strong>lib.</strong></span> <span class='ocrx_word' id='word_1_710' title='bbox 3065 4378 3099 4416; x_wconf 90' lang='lat' dir='ltr'><strong>ll</strong></span> <span class='ocrx_word' id='word_1_711' title='bbox 3127 4379 3140 4415; x_wconf 90' lang='lat'>:</span> <span class='ocrx_word' id='word_1_712' title='bbox 3177 4383 3195 4414; x_wconf 75' lang='grc' dir='ltr'>ι</span> <span class='ocrx_word' id='word_1_713' title='bbox 3234 4362 3458 4433; x_wconf 89' lang='lat' dir='ltr'><strong>Magnus</strong></span> <span class='ocrx_word' id='word_1_714' title='bbox 3502 4362 3649 4429; x_wconf 90' lang='lat' dir='ltr'><strong>Otto,</strong></span> 
     </span>
    </p>
   </div>
   <div class='ocr_carea' id='block_1_98' title="bbox 2086 4451 3652 4526">
    <p class='ocr_par' dir='ltr' id='par_1_98' title="bbox 2086 4451 3652 4526">
     <span class='ocr_line' id='line_1_98' title="bbox 2086 4451 3652 4526; baseline -0.002 -16"><span class='ocrx_word' id='word_1_715' title='bbox 2086 4456 2177 4526; x_wconf 89' lang='lat' dir='ltr'><strong>qui</strong></span> <span class='ocrx_word' id='word_1_716' title='bbox 2211 4464 2337 4509; x_wconf 91' lang='lat' dir='ltr'><strong>tunc</strong></span> <span class='ocrx_word' id='word_1_717' title='bbox 2386 4453 2646 4523; x_wconf 86' lang='lat' dir='ltr'><strong>temporis</strong></span> <span class='ocrx_word' id='word_1_718' title='bbox 2686 4451 3069 4521; x_wconf 88' lang='lat' dir='ltr'><strong>rempublicam</strong></span> <span class='ocrx_word' id='word_1_719' title='bbox 3119 4454 3487 4522; x_wconf 89' lang='lat' dir='ltr'><strong>gubernabat,</strong></span> <span class='ocrx_word' id='word_1_720' title='bbox 3518 4455 3652 4508; x_wconf 90' lang='lat' dir='ltr'><strong>tanti</strong></span> 
     </span>
    </p>
   </div>
   <div class='ocr_carea' id='block_1_99' title="bbox 2086 4539 3656 4611">
    <p class='ocr_par' dir='ltr' id='par_1_99' title="bbox 2086 4539 3656 4611">
     <span class='ocr_line' id='line_1_99' title="bbox 2086 4539 3656 4611; baseline 0 -14"><span class='ocrx_word' id='word_1_721' title='bbox 2086 4543 2187 4598; x_wconf 89' lang='lat' dir='ltr'><strong>viri</strong></span> <span class='ocrx_word' id='word_1_722' title='bbox 2243 4543 2438 4597; x_wconf 87' lang='lat' dir='ltr'><strong>virtute</strong></span> <span class='ocrx_word' id='word_1_723' title='bbox 2496 4540 2848 4611; x_wconf 91' lang='lat' dir='ltr'><strong>plurimorum</strong></span> <span class='ocrx_word' id='word_1_724' title='bbox 2906 4539 3166 4594; x_wconf 88' lang='lat' dir='ltr'><strong>relatione</strong></span> <span class='ocrx_word' id='word_1_725' title='bbox 3210 4550 3506 4609; x_wconf 90' lang='lat' dir='ltr'><strong>comperta,</strong></span> <span class='ocrx_word' id='word_1_726' title='bbox 3538 4542 3656 4611; x_wconf 88' lang='lat' dir='ltr'><strong>ejus</strong></span> 
     </span>
    </p>
   </div>
   <div class='ocr_carea' id='block_1_100' title="bbox 2088 4629 3655 4704">
    <p class='ocr_par' dir='ltr' id='par_1_100' title="bbox 2088 4629 3655 4704">
     <span class='ocr_line' id='line_1_100' title="bbox 2088 4629 3655 4704; baseline 0 -17"><span class='ocrx_word' id='word_1_727' title='bbox 2088 4632 2429 4703; x_wconf 65' lang='lat' dir='ltr'><strong>praesentiam</strong></span> <span class='ocrx_word' id='word_1_728' title='bbox 2472 4630 2746 4686; x_wconf 87' lang='lat' dir='ltr'><strong>ardentius</strong></span> <span class='ocrx_word' id='word_1_729' title='bbox 2789 4629 3056 4704; x_wconf 83' lang='lat' dir='ltr'><strong>cupiebat.</strong></span> <span class='ocrx_word' id='word_1_730' title='bbox 3088 4630 3185 4684; x_wconf 84' lang='lat' dir='ltr'><strong>Hic</strong></span> <span class='ocrx_word' id='word_1_731' title='bbox 3212 4632 3354 4685; x_wconf 90' lang='lat' dir='ltr'><strong>enim</strong></span> <span class='ocrx_word' id='word_1_732' title='bbox 3386 4632 3485 4693; x_wconf 89' lang='lat' dir='ltr'><strong>vir,</strong></span> <span class='ocrx_word' id='word_1_733' title='bbox 3528 4631 3655 4687; x_wconf 87' lang='lat' dir='ltr'><strong>licet</strong></span> 
     </span>
    </p>
   </div>
   <div class='ocr_carea' id='block_1_101' title="bbox 2088 4710 3656 4793">
    <p class='ocr_par' dir='ltr' id='par_1_101' title="bbox 2088 4710 3656 4793">
     <span class='ocr_line' id='line_1_101' title="bbox 2088 4710 3656 4793; baseline 0.001 -15"><span class='ocrx_word' id='word_1_734' title='bbox 2088 4720 2354 4792; x_wconf 80' lang='lat' dir='ltr'><strong>imperiali</strong></span> <span class='ocrx_word' id='word_1_735' title='bbox 2388 4720 2655 4791; x_wconf 89' lang='lat' dir='ltr'><strong>potiretur</strong></span> <span class='ocrx_word' id='word_1_736' title='bbox 2685 4710 2920 4792; x_wconf 79' lang='lat' dir='ltr'><strong>fastigio,</strong></span> <span class='ocrx_word' id='word_1_737' title='bbox 2946 4735 3155 4793; x_wconf 84' lang='lat' dir='ltr'><strong>magna</strong></span> <span class='ocrx_word' id='word_1_738' title='bbox 3202 4728 3379 4777; x_wconf 91' lang='lat' dir='ltr'><strong>tamen</strong></span> <span class='ocrx_word' id='word_1_739' title='bbox 3410 4732 3531 4778; x_wconf 88' lang='lat' dir='ltr'><strong>erat</strong></span> <span class='ocrx_word' id='word_1_740' title='bbox 3578 4723 3656 4779; x_wconf 87' lang='lat' dir='ltr'><strong>illi</strong></span> 
     </span>
    </p>
   </div>
   <div class='ocr_carea' id='block_1_102' title="bbox 2089 4809 3659 4882">
    <p class='ocr_par' dir='ltr' id='par_1_102' title="bbox 2089 4809 3659 4882">
     <span class='ocr_line' id='line_1_102' title="bbox 2089 4809 3659 4882; baseline 0.001 -15"><span class='ocrx_word' id='word_1_741' title='bbox 2089 4813 2233 4867; x_wconf 84' lang='lat' dir='ltr'><strong>circa</strong></span> <span class='ocrx_word' id='word_1_742' title='bbox 2286 4812 2614 4866; x_wconf 88' lang='lat' dir='ltr'><strong>monasteria</strong></span> <span class='ocrx_word' id='word_1_743' title='bbox 2658 4809 2911 4881; x_wconf 71' lang='lat' dir='ltr'><strong>devotio;</strong></span> <span class='ocrx_word' id='word_1_744' title='bbox 2942 4812 3069 4880; x_wconf 90' lang='lat' dir='ltr'><strong>quia</strong></span> <span class='ocrx_word' id='word_1_745' title='bbox 3102 4826 3438 4882; x_wconf 87' lang='lat' dir='ltr'><strong>nequaquam</strong></span> <span class='ocrx_word' id='word_1_746' title='bbox 3475 4828 3533 4869; x_wconf 88' lang='lat' dir='ltr'><strong>se</strong></span> <span class='ocrx_word' id='word_1_747' title='bbox 3578 4811 3659 4869; x_wconf 84' lang='lat' dir='ltr'><strong>fe-</strong></span> 
     </span>
    </p>
   </div>
   <div class='ocr_carea' id='block_1_103' title="bbox 2087 4901 3656 4973">
    <p class='ocr_par' dir='ltr' id='par_1_103' title="bbox 2087 4901 3656 4973">
     <span class='ocr_line' id='line_1_103' title="bbox 2087 4901 3656 4973; baseline 0.002 -16"><span class='ocrx_word' id='word_1_748' title='bbox 2087 4902 2267 4957; x_wconf 89' lang='lat' dir='ltr'><strong>liciter</strong></span> <span class='ocrx_word' id='word_1_749' title='bbox 2317 4901 2601 4972; x_wconf 89' lang='lat' dir='ltr'><strong>imperium</strong></span> <span class='ocrx_word' id='word_1_750' title='bbox 2631 4902 2885 4969; x_wconf 88' lang='lat' dir='ltr'><strong>sperabat</strong></span> <span class='ocrx_word' id='word_1_751' title='bbox 2930 4911 3133 4967; x_wconf 89' lang='lat' dir='ltr'><strong>tenere,</strong></span> <span class='ocrx_word' id='word_1_752' title='bbox 3160 4902 3263 4957; x_wconf 87' lang='lat' dir='ltr'><strong>nisi</strong></span> <span class='ocrx_word' id='word_1_753' title='bbox 3291 4918 3502 4959; x_wconf 89' lang='lat' dir='ltr'><strong>summo</strong></span> <span class='ocrx_word' id='word_1_754' title='bbox 3524 4902 3656 4973; x_wconf 77' lang='lat' dir='ltr'><strong>Regi</strong></span> 
     </span>
    </p>
   </div>
   <div class='ocr_carea' id='block_1_104' title="bbox 2092 4992 3661 5065">
    <p class='ocr_par' dir='ltr' id='par_1_104' title="bbox 2092 4992 3661 5065">
     <span class='ocr_line' id='line_1_104' title="bbox 2092 4992 3661 5065; baseline 0.001 -16"><span class='ocrx_word' id='word_1_755' title='bbox 2092 4994 2341 5050; x_wconf 87' lang='lat' dir='ltr'><strong>studeret</strong></span> <span class='ocrx_word' id='word_1_756' title='bbox 2377 5007 2481 5047; x_wconf 91' lang='lat' dir='ltr'><strong>non</strong></span> <span class='ocrx_word' id='word_1_757' title='bbox 2515 4992 2817 5062; x_wconf 90' lang='lat' dir='ltr'><strong>displicere.</strong></span> <span class='ocrx_word' id='word_1_758' title='bbox 2854 4993 2920 5048; x_wconf 83' lang='lat' dir='ltr'><strong>Et</strong></span> <span class='ocrx_word' id='word_1_759' title='bbox 2950 4994 3068 5049; x_wconf 87' lang='lat' dir='ltr'><strong>ideo</strong></span> <span class='ocrx_word' id='word_1_760' title='bbox 3095 4995 3296 5065; x_wconf 67' lang='lat' dir='ltr'><strong>saepius</strong></span> <span class='ocrx_word' id='word_1_761' title='bbox 3336 4996 3661 5065; x_wconf 88' lang='lat' dir='ltr'><strong>ingemisce-</strong></span> 
     </span>
    </p>
   </div>
   <div class='ocr_carea' id='block_1_105' title="bbox 2094 5084 3663 5156">
    <p class='ocr_par' dir='ltr' id='par_1_105' title="bbox 2094 5084 3663 5156">
     <span class='ocr_line' id='line_1_105' title="bbox 2094 5084 3663 5156; baseline 0.001 -16"><span class='ocrx_word' id='word_1_762' title='bbox 2094 5087 2207 5150; x_wconf 82' lang='lat' dir='ltr'><strong>hat,</strong></span> <span class='ocrx_word' id='word_1_763' title='bbox 2248 5086 2372 5140; x_wconf 91' lang='lat' dir='ltr'><strong>dum</strong></span> <span class='ocrx_word' id='word_1_764' title='bbox 2420 5084 2510 5153; x_wconf 90' lang='lat' dir='ltr'><strong>qui</strong></span> <span class='ocrx_word' id='word_1_765' title='bbox 2543 5098 2639 5153; x_wconf 90' lang='lat' dir='ltr'><strong>per</strong></span> <span class='ocrx_word' id='word_1_766' title='bbox 2669 5084 2947 5156; x_wconf 85' lang='lat' dir='ltr'><strong>religionis</strong></span> <span class='ocrx_word' id='word_1_767' title='bbox 2976 5086 3216 5141; x_wconf 90' lang='lat' dir='ltr'><strong>habitum</strong></span> <span class='ocrx_word' id='word_1_768' title='bbox 3267 5087 3377 5143; x_wconf 90' lang='lat' dir='ltr'><strong>Deo</strong></span> <span class='ocrx_word' id='word_1_769' title='bbox 3405 5102 3463 5142; x_wconf 88' lang='lat' dir='ltr'><strong>se</strong></span> <span class='ocrx_word' id='word_1_770' title='bbox 3498 5088 3663 5142; x_wconf 88' lang='lat' dir='ltr'><strong>devo-</strong></span> 
     </span>
    </p>
   </div>
   <div class='ocr_carea' id='block_1_106' title="bbox 2093 5175 3666 5248">
    <p class='ocr_par' dir='ltr' id='par_1_106' title="bbox 2093 5175 3666 5248">
     <span class='ocr_line' id='line_1_106' title="bbox 2093 5175 3666 5248; baseline 0.001 -18"><span class='ocrx_word' id='word_1_771' title='bbox 2093 5186 2304 5240; x_wconf 88' lang='lat' dir='ltr'><strong>verant,</strong></span> <span class='ocrx_word' id='word_1_772' title='bbox 2337 5175 2581 5231; x_wconf 68' lang='lat' dir='ltr'><strong>smculari</strong></span> <span class='ocrx_word' id='word_1_773' title='bbox 2628 5175 2864 5231; x_wconf 89' lang='lat' dir='ltr'><strong>intentos</strong></span> <span class='ocrx_word' id='word_1_774' title='bbox 2892 5178 3105 5245; x_wconf 89' lang='lat' dir='ltr'><strong>negotio</strong></span> <span class='ocrx_word' id='word_1_775' title='bbox 3156 5179 3236 5233; x_wconf 92' lang='lat' dir='ltr'><strong>ire</strong></span> <span class='ocrx_word' id='word_1_776' title='bbox 3290 5193 3387 5248; x_wconf 87' lang='lat' dir='ltr'><strong>per</strong></span> <span class='ocrx_word' id='word_1_777' title='bbox 3433 5180 3666 5248; x_wconf 82' lang='lat' dir='ltr'><strong>abrupta</strong></span> 
     </span>
    </p>
   </div>
   <div class='ocr_carea' id='block_1_107' title="bbox 2094 5264 3669 5337">
    <p class='ocr_par' dir='ltr' id='par_1_107' title="bbox 2094 5264 3669 5337">
     <span class='ocr_line' id='line_1_107' title="bbox 2094 5264 3669 5337; baseline 0.001 -16"><span class='ocrx_word' id='word_1_778' title='bbox 2094 5268 2368 5323; x_wconf 88' lang='lat' dir='ltr'><strong>cernebat.</strong></span> <span class='ocrx_word' id='word_1_779' title='bbox 2415 5265 2481 5320; x_wconf 87' lang='lat' dir='ltr'><strong>Et</strong></span> <span class='ocrx_word' id='word_1_780' title='bbox 2512 5264 2669 5320; x_wconf 87' lang='lat' dir='ltr'><strong>infra.</strong></span> <span class='ocrx_word' id='word_1_781' title='bbox 2699 5266 2835 5322; x_wconf 83' lang='lat' dir='ltr'><strong>Huic</strong></span> <span class='ocrx_word' id='word_1_782' title='bbox 2865 5268 3097 5337; x_wconf 81' lang='lat' dir='ltr'><strong>conjunx</strong></span> <span class='ocrx_word' id='word_1_783' title='bbox 3128 5268 3383 5326; x_wconf 80' lang='lat' dir='ltr'><strong>Adheleis</strong></span> <span class='ocrx_word' id='word_1_784' title='bbox 3430 5270 3669 5326; x_wconf 64' lang='lat' dir='ltr'><strong>inhere-</strong></span> 
     </span>
    </p>
   </div>
   <div class='ocr_carea' id='block_1_108' title="bbox 2091 5355 3670 5384">
    <p class='ocr_par' dir='ltr' id='par_1_108' title="bbox 2091 5355 3670 5384">
     <span class='ocr_line' id='line_1_108' title="bbox 2091 5355 3670 5384; baseline 0 0"><span class='ocrx_word' id='word_1_785' title='bbox 2091 5355 2177 5384; x_wconf 66' lang='lat' dir='ltr'><strong>‘\al</strong></span> <span class='ocrx_word' id='word_1_786' title='bbox 2238 5371 2353 5384; x_wconf 59' lang='lat' dir='ltr'><strong>unum</strong></span> <span class='ocrx_word' id='word_1_787' title='bbox 2400 5355 2509 5384; x_wconf 68' lang='lat' dir='ltr'><strong>“an</strong></span> <span class='ocrx_word' id='word_1_788' title='bbox 2550 5355 2796 5384; x_wconf 58' lang='lat' dir='ltr'><strong>nmnk:‘:n</strong></span> <span class='ocrx_word' id='word_1_789' title='bbox 2825 5366 2873 5384; x_wconf 69' lang='lat' dir='ltr'><strong>AO</strong></span> <span class='ocrx_word' id='word_1_790' title='bbox 2920 5357 3167 5384; x_wconf 64' lang='grc' dir='ltr'><strong>Ληιηῖιιι-ι-</strong></span> <span class='ocrx_word' id='word_1_791' title='bbox 3228 5356 3500 5384; x_wconf 60' lang='grc' dir='ltr'><strong>,ΙΞΙῘι-Ξιιξιὲ-</strong></span> <span class='ocrx_word' id='word_1_792' title='bbox 3594 5357 3670 5384; x_wconf 49' lang='grc' dir='ltr'><strong>ξι..</strong></span> 
     </span>
    </p>
   </div>
  </div>
