4494 5520
845 314 947 372 721

1973 316 2028 373 S.
2072 312 2300 373 MAIOLI
2340 314 2625 389 ABBATIS
2664 318 2977 383 CLUMAC.

3978 321 4086 389 79.3

845 436 978 484 aueo
1007 442 1103 498 pro
1154 427 1374 482 salutari
1407 425 1591 481 dilexit
1617 424 1882 489 doctrina,
1916 435 1973 479 ut
2020 444 2138 497 qua:
2180 429 2230 480 in
2264 428 2410 481 Italia
2442 436 2485 491 Α
2520 435 2591 489 ris
2631 450 2851 505 prorsus
2896 445 3133 493 evanuit,
3164 459 3182 492 ι
3216 440 3291 495 Ex
3327 440 3412 496 his
3461 442 3533 496 ita
3567 440 3729 497 infert
3755 440 3947 498 Petrus
3982 442 4090 496 Da-

842 519 942 573 sibi
1002 521 1370 574 subdebantur
1422 528 1477 573 et
1540 518 1852 582 Germania,
1917 519 2032 587 ejus
2084 521 2410 575 ordinationi

840 610 1003 665 vellet
1038 613 1398 666 cmmnittere.
1441 612 1495 665 In
1549 611 1633 665 his
1662 612 1803 665 beati
1854 611 2181 679 Apollinaris
2231 627 2415 666 caeno-

840 703 1011 766 bium,
1048 703 1188 771 quod
1222 718 1317 772 per
1345 703 1534 771 viginti
1580 711 1810 772 quatuor
1856 704 2149 757 stadiorum
2182 706 2412 772 spatium

840 807 866 843 a
893 790 1209 846 Ravennate
1238 792 1369 847 urbe
1403 793 1573 849 fertur
1614 794 1924 861 sepositum,
1965 795 2029 847 ad
2072 795 2212 849 beati
2247 796 2413 850 Bene-

839 884 969 939 dicti
1030 886 1259 940 instituit
1300 885 1372 950 (id
1414 895 1495 940 est
1560 886 1814 954 restituit)
1867 888 2185 951 tramitem,
2234 888 2412 959 ibique

839 991 995 1029 suum
1025 976 1295 1030 ordinavit
1325 978 1596 1031 abbatem.
1621 977 1888 1033 Praeterea
1917 978 2278 1048 imperatricis
2307 999 2412 1037 non

839 1070 1246 1123 contemnenda:
1292 1071 1566 1140 petitionis
1623 1080 1749 1126 tunc
1809 1082 2063 1127 exoratus
2123 1074 2410 1145 instantia,

832 1159 990 1228 juxta
1049 1160 1384 1215 Ticinensem
1423 1162 1611 1215 urbem
1664 1162 1926 1216 desudare
1967 1165 2127 1230 coepit
2166 1165 2216 1219 in
2249 1164 2413 1220 fabri-

840 1268 924 1305 ca.
965 1270 984 1305 ι
1027 1253 1080 1308 ld
1134 1255 1395 1309 accidisse
1426 1265 1552 1324 puto
1594 1271 1733 1309 anno
1770 1256 1892 1320 966,
1922 1273 2027 1326 quo
2058 1258 2283 1313 Maiolus
2324 1260 2411 1313 Ti-

842 1344 948 1397 cini
998 1356 1139 1408 erat,
1178 1360 1239 1399 cx
1290 1346 1447 1401 dictis
1499 1363 1658 1413 supra
1703 1362 1848 1401 nnm.
1877 1347 1966 1401 2|.
2012 1349 2294 1405 Glassense
2319 1366 2411 1421 ap-

840 1433 1142 1500 pellabatur
1205 1435 1378 1488 sancti
1426 1434 1751 1503 Apollinaris
1824 1437 2173 1492 Ravennense
2231 1456 2411 1493 mona-

840 1525 1064 1578 sterium
1100 1538 1113 1576 :
1153 1524 1215 1578 de
1244 1524 1517 1579 Ticineusi
1575 1525 1644 1577 ita
1677 1526 1867 1580 scribit
1902 1526 2055 1581 Odilo
2089 1528 2139 1580 in
2173 1528 2262 1582 lib.
2302 1546 2313 1582 ι
2346 1531 2411 1584 de

838 1614 959 1670 Vita
1012 1615 1325 1669 Adalbeidis
1373 1616 1752 1685 imperatricis.
1790 1635 1807 1667 ι
1844 1616 2191 1671 Postmodum
2224 1619 2273 1672 in
2305 1619 2408 1673 Ita-

838 1704 908 1758 lia
934 1704 1089 1773 juxta
1136 1706 1476 1761 Ticinensem
1518 1707 1705 1761 urbem
1744 1709 2127 1762 monasterium
2160 1725 2188 1763 a
2224 1711 2407 1764 funda-

2519 528 2681 580 miani
2710 546 2720 580 :
2762 546 2779 579 (
2820 528 2909 584 Sic
2954 539 3139 585 sancta
3171 531 3474 587 obedientia
3509 531 3739 586 fructum
3768 546 3878 586 sua:
3908 533 4087 586 humi-

2517 616 2683 671 litatis
2736 620 2957 682 invenit,
3009 620 3298 675 dummodo
3372 621 3582 675 veniam
3641 636 3697 675 se
3764 620 4086 691 corrigendo

2514 710 2826 777 promeruit.
2867 710 2970 764 Sed
3020 720 3076 765 et
3125 712 3337 782 signum
3383 713 3603 782 insuper
3633 721 3739 766 tam
3786 712 4083 783 perspicua

2513 801 2728 853 virtutis
2757 803 2993 857 ostendit
3022 820 3033 854 :
3067 812 3120 856 et
3159 804 3243 857 cui
3276 803 3523 873 superbia
3569 818 3705 871 pene
3737 804 3908 871 potuit
3950 817 4081 871 apo-

2515 893 2762 946 staticam
2802 893 2999 947 inferre
3026 895 3342 963 perniciem,
3378 894 3651 948 humilitas
3693 894 3839 948 dedit
3868 902 4081 963 aposto-

2521 979 2674 1033 licam
2702 982 2957 1037 exhibere
2988 984 3259 1039 virtutem.
3308 1004 3327 1037 ι

2583 1071 2669 1125 55.
2705 1059 2888 1127 Redeo
2943 1074 3009 1128 ad
3060 1076 3363 1129 restitutam
3395 1091 3491 1145 per
3517 1074 3764 1130 Maiolum
3809 1074 3863 1128 in
3892 1088 4082 1128 mona-

2514 1162 2692 1215 steriis
2746 1164 2907 1216 etiam
2971 1162 3307 1219 Germanicis
3364 1164 3724 1235 disciplinam,
3770 1179 3833 1218 ex
3884 1163 4082 1232 quibus

2515 1253 2655 1306 nulla
2709 1254 2875 1324 Syrus
2922 1256 3079 1310 aliive
3134 1258 3411 1328 signanter
3449 1257 3750 1321 enuntiant,
3784 1256 3883 1309 nisi
3936 1255 4081 1324 quod

2515 1345 2683 1415 Syrus
2707 1346 3055 1401 Aldebaldum
3088 1348 3138 1401 in
3185 1349 3408 1419 epistola
3438 1348 3560 1402 vita:
3594 1347 3830 1418 prmfixa,
3855 1345 4081 1400 missum

2512 1439 2564 1493 in
2588 1438 2957 1504 Germaniam,
2983 1456 3163 1495 secum
3190 1450 3499 1511 asportasse
3520 1440 3653 1495 dicit
3676 1439 3852 1493 Maioli
3881 1436 4076 1497 Vitam,

2510 1541 2667 1594 quam
2692 1536 2876 1596 postea
2900 1528 3053 1583 Odilo
3076 1530 3127 1582 in
3158 1530 3404 1583 cmnohio
3431 1528 3761 1583 Morbacensi
3787 1525 4079 1596 repererit;

2508 1616 2649 1685 quod
2696 1628 3013 1687 argumento
3071 1629 3153 1671 est
3207 1619 3383 1686 ipsum
3413 1617 3590 1671 locum
3621 1615 3919 1685 suscepisse
3949 1628 4078 1667 nor-

2512 1723 2651 1761 mam
2681 1709 2993 1762 monasterii
3029 1707 3419 1764 Cluniacensis.
3455 1708 3529 1761 De
3566 1708 3907 1768 Paterniaeo,
3936 1705 4083 1773 quod

839 1797 1036 1851 mentis
1088 1797 1330 1866 incoepit,
1388 1808 1443 1852 et
1468 1800 1531 1851 ad
1573 1800 1828 1854 honorem
1884 1799 2180 1855 Salvatoris
2227 1803 2407 1855 mundi
2443 1780 2485 1839 Β
2517 1799 2567 1853 in
2599 1800 2816 1854 dioecesi
2872 1798 3202 1855 Lausanensi
3260 1801 3424 1855 situm
3475 1808 3575 1865 est,
3620 1800 3691 1853 ita
3742 1797 3800 1853 S.
3845 1796 4081 1852 Odiloiu

842 1886 1103 1955 imperiali
1126 1890 1449 1942 auctoritate
1472 1887 1633 1943 et'sua
1662 1889 1960 1958 largissima
1989 1890 2271 1945 donatione
2289 1907 2412 1960 per-

835 1975 986 2041 fecit,
1010 1994 1071 2033 ac
1097 1977 1208 2046 jam
1253 1981 1396 2034 dicto
1429 1981 1622 2034 Maiolo
1652 1981 2007 2035 ordinandum
2035 1983 2355 2049 regulariter
2390 2004 2407 2034 ι

838 2070 1076 2122 tradidit.
1135 2069 1514 2124 Monasterium
1574 2071 1623 2123 in
1676 2071 2411 2142 Cuéloanreointerpretatur

833 2158 1129 2229 Nalgodus,
1178 2163 1318 2228 quod
1348 2161 1504 2230 longe
1527 2171 1650 2214 ante
1678 2161 1724 2215 id
1776 2172 1985 2231 tempus
2008 2179 2035 2216 a
2076 2164 2411 2233 Lintprandp

832 2250 1106 2303 conditmu
1136 2246 1303 2304 fuisse
1327 2250 1559 2304 diximus
1607 2252 1659 2305 in
1691 2252 1883 2305 sreculo
1916 2268 1995 2315 Ill,
2028 2254 2113 2307 ubi
2146 2255 2210 2309 de
2234 2265 2410 2315 trans-

832 2340 1032 2393 latione
1076 2337 1131 2392 S.
1175 2340 1459 2408 Augustini
1495 2350 1549 2392 et
1590 2341 1653 2394 de
1686 2340 1805 2393 Vita
1846 2341 1903 2395 S.
1937 2342 2199 2411 Appiani.‘
2222 2342 2405 2396 Maioli

830 2431 991 2485 etiam
1026 2444 1185 2499 opera
1229 2446 1357 2484 usus
1384 2438 1465 2485 est
1493 2430 1791 2501 Sigefridns
1819 2430 2129 2487 Parmensis
2155 2436 2406 2499 antistes,

829 2523 920 2591 qui
970 2521 1239 2576 melliﬂuis
1288 2523 1402 2592 ejus
1440 2523 1898 2577 admonitionibus
1926 2525 2089 2578 multa
2124 2527 2407 2581 ad'cmno—

828 2614 1022 2670 bialem
1073 2630 1226 2667 nsum
1269 2624 1391 2684 apta
1421 2614 1704 2667 constituit
1748 2615 1799 2668 in
1844 2614 2126 2670 Parmensi
2158 2618 2406 2671 cmuobio

827 2707 999 2760 sancti
1047 2704 1272 2759 Joannis
1317 2707 1679 2776 evangelista),
1710 2715 1769 2760 ut
1797 2708 2045 2776 superius
2087 2708 2320 2763 vidimus
2350 2710 2402 2762 in

825 2794 980 2849 Actis
1006 2795 1178 2847 sancti
1207 2793 1432 2848 Joannis
1462 2795 1618 2864 primi
1646 2796 1759 2864 ejus
1778 2796 1876 2850 loci
1912 2797 2144 2851 abbatis.

898 2884 986 2937 34.
1011 2884 1113 2938 Per
1137 2884 1275 2938 idem
1308 2894 1515 2953 tempus
1541 2885 1765 2939 Maiolus
1798 2904 1815 2935 ι
1848 2886 2070 2940 Romam
2093 2896 2353 2942 venturus
2380 2909 2395 2939 ο

826 2976 923 3045 (sic
968 2992 1072 3029 rem
1120 2986 1373 3028 memorat
1409 2976 1595 3029 Petrus
1628 2976 1874 3031 Βαιτιὶαηὶ
1920 2980 1971 3031 in
2023 2978 2270 3046 opusculo
2310 2979 2398 3047 55)

833 3085 849 3113 ι
889 3064 1148 3133 praecepit
1195 3064 1404 3118 cuidam
1456 3064 1608 3118 fratri
1662 3074 1719 3117 ut
1746 3080 1929 3119 secum
1972 3076 2237 3135 pergeret,
2268 3067 2393 3135 quia

2517 1886 2634 1942 Vita
2683 1889 2990 1943 Adalbeidis
3030 1890 3303 1959 Augustae.
3342 1909 3359 1941 ι
3395 1889 3453 1943 1η
3483 1890 3656 1959 patris
3683 1903 3810 1943 vero
3834 1886 4080 1940 Ruodolil

2512 1977 2760 2030 videlicet
2785 1986 2840 2031 et
2878 1977 3195 2032 nobilissimi
3227 1980 3394 2048 regis,
3435 1987 3490 2033 et
3534 1978 3735 2032 domini
3770 1975 4079 2030 Chuonradi

2513 2066 2718 2132 fratris,
2744 2070 2892 2137 regni
2920 2068 3058 2132 loco,
3087 2068 3334 2123 videlicet
3361 2068 3703 2132 Paterniaco,
3736 2067 3823 2121 ubi
3851 2078 4079 2119 matrem

2513 2158 2752 2226 reginam
2798 2158 3058 2212 vocabulo
3095 2158 3331 2221 Bertam,
3364 2158 3472 2212 Deo
3509 2159 3563 2212 in
3599 2156 3744 2211 omni
3775 2155 4080 2210 humilitate
4111 2196 4117 2204 .

2511 2247 2777 2309 devotam,
2820 2247 3106 2316 sepultum
3140 2247 3378 2310 tradidit,
3411 2247 3463 2300 in
3496 2247 3752 2301 honorem
3796 2243 3889 2297 Dei
3920 2241 4083 2296 Geni-

2513 2335 2662 2389 tricis
2692 2335 3076 2389 monasterium
3140 2334 3397 2399 condidit,
3438 2342 3490 2388 et
3543 2333 3883 2386 sanctissimo
3940 2329 4080 2398 patri

2509 2424 2702 2480 Maiolo
2741 2427 2960 2495 suisque
3011 2419 3419 2481 successoribus
3467 2440 3563 2479 sua
3609 2422 3991 2484 munificentia,
4026 2430 4081 2474 et

2508 2516 2692 2571 fratris
2742 2517 2823 2572 sui
2878 2516 3185 2573 Chuouradi
3219 2518 3360 2587 regis
3413 2524 3679 2585 praecepto
3721 2514 4079 2567 ordinandum

2506 2616 2763 2677 perpetuo
2820 2609 3109 2663 commisit.
3177 2628 3195 2659 ›
3256 2608 3360 2662 Sed
3402 2608 3502 2661 hoc
3544 2621 3695 2661 novre
3728 2605 4081 2659 institutionis

2506 2710 2644 2763 erat,
2697 2716 2801 2754 non
2850 2699 3272 2768 reformationis,
3326 2700 3391 2755 de
3433 2715 3540 2770 quo
3589 2713 3778 2753 rursus
3826 2698 3878 2753 in
3928 2699 4081 2753 Actis

2506 2793 2676 2846 sancti
2710 2793 2968 2847 Odilonis.

2574 2884 2662 2937 56.
2716 2885 2782 2937 At
2833 2884 3021 2939 nullibi
3082 2884 3452 2940 Cluniacensis
3498 2883 3779 2953 disciplina
3826 2892 3936 2936 tam
3965 2882 4078 2934 lata

2503 2984 2793 3044 propagata
2826 2984 2909 3029 est
2933 2984 3092 3044 atque
3119 2977 3168 3028 in
3214 2975 3479 3031 manubiis
3506 2974 3817 3037 Gallicanis,
3848 2988 4077 3041 quorum

2504 3082 2607 3120 non
2634 3083 2802 3136 pauca
2831 3066 3053 3122 Maiolus
3085 3067 3253 3122 abbas
3298 3068 3351 3121 in
3382 3069 3661 3122 meliorem
3690 3074 3884 3120 statum
3918 3079 4077 3118 revo—

824 3156 964 3208 sicut
1012 3164 1232 3224 rogatus
1285 3153 1499 3219 fuerat,
1558 3171 1680 3209 eum
1742 3154 1792 3207 in
1848 3156 2177 3209 monasterio
2224 3158 2395 3210 sancti
2425 3123 2470 3184 Ο
2502 3157 2661 3209 cavit.
2706 3155 2761 3209 In
2801 3172 2985 3210 eorum
3019 3172 3243 3212 numero
3301 3159 3567 3226 prrecipua
3602 3165 3727 3211 sunt
3757 3156 3923 3224 Majas
3958 3169 4079 3208 mo.-

822 3246 975 3300 Pauli
1039 3247 1273 3314 priorem
1333 3247 1664 3299 constituere
1731 3246 2077 3300 decrevisset.
2123 3246 2213 3300 llle
2268 3261 2398 3301 vero

824 3337 1082 3392 nonnulla
1121 3335 1447 3392 difﬁcultatis
1476 3337 1753 3392 obstacula
1787 3337 2082 3392 reluctatus
2113 3341 2395 3409 opposuit,

821 3439 877 3485 et
908 3430 1065 3484 modo
1089 3429 1211 3495 hoc,
1235 3429 1395 3483 modo
1417 3429 1567 3493 illud,
1601 3428 1815 3483 tandem
1846 3430 2149 3485 obstinatus
2176 3431 2397 3487 obedire

820 3524 1165 3592 contempsit.
1221 3521 1447 3576 Maiolus
1500 3532 1678 3575 autem
1734 3523 2151 3577 inobedlentiam
2210 3524 2396 3581 fratris

819 3615 1198 3685 aequanimiter
1220 3614 1361 3677 tulit,
1383 3628 1556 3681 eoque
1586 3613 1794 3675 relicto,
1833 3614 2023 3668 itinere
2046 3615 2188 3684 quod
2214 3616 2398 3670 decre-

818 3712 973 3757 verat
998 3702 1339 3757 commeavit.
1369 3700 1611 3769 Cumque
1642 3699 1811 3753 frater
1859 3702 1907 3753 in
1944 3704 2273 3757 monasterio
2301 3720 2397 3773 per

821 3793 1240 3848 inobedientiam
1298 3791 1668 3855 remansisset,
1727 3799 1781 3844 et
1830 3791 2016 3861 reliqui
2076 3791 2273 3846 fratres
2340 3793 2391 3846 in

819 3901 941 3939 eum
992 3884 1341 3938 vehementer
1370 3881 1703 3945 inveherent,
1732 3882 1944 3935 tandem
1976 3882 2042 3935 ad
2092 3898 2185 3937 cor
2212 3899 2394 3939 rever—

818 3993 931 4038 sus,
975 3982 1098 4044 post
1146 3972 1398 4027 Maiolunt
1435 3970 1754 4026 festinanter
1802 3973 2145 4027 acceleratit.
2174 3974 2291 4029 Mox
2326 3976 2392 4030 ad

818 4067 1105 4133 quennlam
1144 4062 1363 4116 fluvium
1409 4062 1675 4131 pervenit,
1731 4062 1883 4131 cujus
1926 4064 2007 4116 vir
2040 4062 2249 4118 Domini
2279 4064 2390 4132 jant

816 4156 953 4209 vada
979 4154 1287 4215 transierat,
1321 4162 1556 4222 etsuper
1596 4153 1765 4221 ripam
1804 4155 1980 4208 adhuc
2009 4154 2231 4207 alteram
2264 4171 2391 4209 con-

817 4248 1059 4301 sistebat.
1108 4245 1242 4300 Cum
1276 4245 1793 4313 itaque.monachus
1828 4244 1879 4296 in
1917 4245 2155 4298 citeriori
2197 4261 2253 4299 se
2289 4244 2389 4297 llu-

816 4341 977 4395 minis
1020 4340 1297 4408 crepidine
1357 4340 1559 4408 ﬁgeret,
1618 4338 1870 4407 quoniam
1918 4340 2139 4392 absente
2180 4340 2389 4410 navigio

814 4431 1102 4485 transitum
1138 4446 1241 4483 non
1276 4429 1519 4492 haberet,
1572 4428 1759 4482 videns
1805 4428 1990 4496 procul
2051 4437 2233 4482 astare
2275 4445 2389 4481 ma-

812 4525 1064 4595 gistrum,
1112 4521 1252 4591 quod
1310 4521 1479 4575 solum
1532 4520 1725 4589 potuit,
1780 4531 1975 4590 prmsto
2020 4537 2280 4577 corruens
2335 4523 2388 4575 in

812 4623 1015 4667 terram
1041 4629 1099 4668 se
1139 4612 1416 4667 humiliter
1464 4611 1689 4675 stravit;
1718 4623 1770 4665 et
1797 4612 1921 4680 quia
1950 4612 2162 4666 veniam
2196 4614 2389 4683 depre-

808 4719 943 4758 cans
972 4720 1067 4774 per
1090 4704 1201 4758 oris
1227 4718 1487 4765 organum
1534 4700 1672 4757 forte
1702 4718 1808 4757 non
1841 4711 2025 4770 posset
2062 4704 2249 4758 audire
2281 4703 2390 4758 cla-

816 4810 1042 4861 morem,
1083 4794 1149 4849 de
1194 4803 1304 4849 toto
1346 4808 1573 4862 corpore
1603 4792 1839 4863 linguam
1871 4792 2020 4849 fecit.
2068 4794 2222 4860 Quod
2263 4795 2385 4848 dum

810 4884 1034 4941 Maiolus
1055 4886 1269 4941 eminus
1293 4887 1528 4955 aspexit,
1559 4886 1685 4956 quid
1717 4886 1819 4939 hoc
1843 4894 1985 4939 esset
2012 4885 2389 4941 incunctanter

809 4978 1077 5047 agnovit:
1113 4992 1344 5046 moxque
1408 4977 1572 5031 misso
1626 4976 1851 5045 remigio
1904 4976 2187 5030 transferri
2231 4977 2297 5031 ad
2329 4993 2387 5032 se

809 5069 1138 5123 monachum
1190 5067 1344 5134 feeit;
1377 5083 1535 5137 quem
1585 5078 1780 5137 praesto
1805 5068 1886 5121 vir
1917 5068 2006 5121 Dei
2040 5068 2104 5122 ad
2139 5068 2265 5135 quid
2304 5084 2388 5122 vc-

806 5160 968 5204 nigapl
1006 5159 1245 5204 lnﬂllil‘ll.
1283 5163 1341 5204 At
1388 5160 1473 5204 ξιιμ
1501 5159 1658 5204 simul
1691 5169 1746 5204 et
1776 5160 1841 5204 rip
1864 5161 2151 5204 nrmlm-itis
2176 5160 2383 5204 veniam

2419 4465 2466 4524 D

2501 3250 2819 3314 nasterinm,
2854 3250 3322 3305 Antissiodorense
3360 3250 3535 3303 sancti
3590 3248 3867 3311 Germani,
3924 3245 4072 3299 Reo-

2500 3355 2719 3395 maense
2749 3341 2919 3393 sancti
2957 3338 3199 3404 Joannis,
3231 3340 3549 3394 Divionense
3573 3338 3629 3392 S.
3662 3337 3903 3407 Benigni,
3944 3335 4051 3388 Fos

2499 3442 2714 3487 satense
2744 3433 2913 3486 sancti
2970 3432 3159 3494 Mauri,
3190 3432 3403 3499 aliaque
3446 3430 3510 3484 de
3537 3443 3764 3499 quorum
3796 3425 4073 3480 nonnullis

2499 3521 2552 3576 in
2581 3522 2846 3590 superiori
2873 3523 3047 3591 capite
3072 3520 3183 3589 jam
3215 3522 3546 3576 dictum‘est.

2552 3613 2640 3669 37.
2665 3613 2801 3680 Quid
2818 3614 2870 3667 in
2891 3612 3075 3681 Majori
3100 3615 3427 3667 monasterio
3444 3611 3581 3681 apud
3598 3611 3840 3664 Turonos
3855 3607 4079 3662 Maiolus

2498 3702 2832 3771 praestiterit,
2857 3701 3016 3755 docet
3040 3702 3090 3755 in
3112 3700 3436 3755 bibliotheca
3461 3700 3795 3755 Cluniacensi
3814 3698 4080 3767 fragmen-

2498 3802 2608 3847 tum
2628 3808 2687 3847 ex
2710 3794 2874 3863 gestis
2891 3793 3139 3846 abbatum
3168 3792 3282 3860 ejus
3299 3792 3421 3856 loci,
3449 3792 3573 3846 alibi
3590 3807 3655 3845 ex
3671 3792 3878 3861 integro
3894 3790 4080 3857 editis.

2495 3885 2568 3938 lbi
2626 3886 2821 3953 quippe
2877 3883 3089 3951 legitur,
3150 3881 3391 3937 Odonem
3442 3882 3718 3942 comitem,
3757 3890 4079 3950 suggerente

2495 3990 2663 4027 uxore
2684 3989 2779 4026 sua
2804 3972 3223 4043 llermengarde,
3258 3991 3276 4022 ι
3307 3988 3337 4025 a
3358 3972 3611 4026 Gluniaco
3637 3972 3894 4026 tredecim
3920 3971 4078 4026 bona

2495 4067 2615 4119 vita:
2653 4074 2704 4119 et
2752 4066 3019 4133 opinionis
3055 4067 3348 4119 monachos
3384 4084 3401 4115 ι
3437 4064 3756 4127 obtinuisse,
3805 4072 3860 4116 et
3910 4063 3963 4116 in
3993 4062 4076 4117 lo-

2494 4172 2616 4210 cum
2643 4155 2961 4223 clericorum
2992 4154 3351 4216 saecularium,
3381 4154 3470 4222 qui
3519 4152 3656 4222 apud
3691 4151 3860 4220 Majus
3887 4167 4077 4206 mona-

2494 4248 2716 4301 sterium
2738 4256 2848 4299 tum
2878 4245 3159 4313 degebant,
3176 4244 3518 4298 substituissc
3538 4260 3550 4295 :
3571 4258 3637 4296 ex
3653 4242 3846 4310 quibus
3867 4260 3882 4291 ι
3908 4258 4075 4295 unum

2493 4352 2558 4389 ex
2592 4335 2869 4397 tredecim,
2894 4332 3153 4401 Stephani
3186 4347 3336 4401 papae
3364 4340 3419 4384 et
3445 4330 3585 4400 regis
3604 4329 3823 4383 Roberti
3852 4330 4069 4399 vigente

2496 4426 2737 4499 imperio,
2773 4426 2825 4477 in
2855 4424 3101 4476 abbatem
3136 4423 3236 4476 sibi
3264 4422 3543 4492 elegerint.
3608 4441 3625 4471 ›
3660 4419 3765 4474 Sed
3812 4419 4073 4473 allucina-

2501 4527 2587 4571 tur
2628 4524 2816 4569 auctor
2859 4515 2913 4568 in
2971 4513 3245 4581 Stephano
3283 4528 3438 4582 papa,
3495 4512 3759 4581 siquidem
3791 4510 3968 4563 nullus
4005 4524 4075 4564 eo

2499 4609 2715 4663 nomine
2766 4605 3007 4676 pontifex
3043 4605 3236 4658 Maiolo
3290 4604 3483 4657 abbate
3542 4602 3724 4656 sedem
3770 4599 4071 4654 Romanam

2496 4700 2835 4771 gubernavit.
2868 4697 3175 4766 Stephanus
3213 4698 3355 4750 enim
3385 4694 3493 4748 Vlll
3519 4710 3661 4747 anno
3683 4694 3785 4747 943
3816 4691 4071 4755 decessit,

2495 4805 2551 4850 et
2603 4794 2909 4861 Stephanus
2945 4791 3013 4845 IX
3046 4790 3260 4845 nonnisi
3323 4805 3463 4843 anno
3510 4789 3645 4842 1057
3698 4786 4071 4857 pontificatum

2496 4886 2634 4940 iniit.
2666 4884 2859 4938 Subdit
2890 4893 3081 4937 auctor
3119 4881 3426 4951 pontificem
3483 4900 3499 4931 ε
3544 4882 3593 4934 in
3623 4880 3943 4934 monachum
3977 4880 4076 4934 be-

2492 4978 2761 5033 nedixisse
2789 4974 3027 5030 Odonem
3054 4975 3328 5035 comitem,
3356 4993 3373 5024 ι
3395 4980 3449 5025 et
3473 4970 3738 5041 privilegii
3768 4969 3851 5023 sui
3880 4976 4072 5023 aucto-

2494 5068 2651 5122 ritate
2671 5067 2890 5120 liberam
2909 5066 3237 5120 concessisse
3258 5062 3483 5132 eligendi
3507 5061 3716 5115 abbatis
3731 5058 4070 5123 facultatem,

2493 5174 2520 5204 εδ
2544 5158 2803 5204 Cluniam
2831 5155 3155 5204 absolutam.
3184 5152 3429 5204 Rolbcrti
3462 5151 3605 5204 regis
3630 5150 3951 5203 auctoritate
3974 5162 4072 5204 an—
