4494 5520
382 448 483 511 ’129

1607 447 1906 504 ELOGIUM
1945 446 2384 505 ιιιδτοῐιιεωι.

3511 443 3615 500 ῗόο

391 562 635 617 abbatem
689 558 893 614 institui
951 557 1180 622 curavit,
1231 565 1289 613 ut
1328 557 1460 614 alias
1507 559 1769 613 dicemus.
1806 558 1950 612 idem
1981 562 2027 621 Α
2058 559 2281 627 pellensi
2309 560 2559 615 dioecesis
2586 560 2925 623 Parisiensis,
2956 560 3045 615 sed
3075 560 3137 615 tlc
3168 560 3270 615 alio
3304 562 3618 628 cognomine

392 656 583 711 asserit
629 655 1071 723 chronographns
1120 654 1506 718 Malleacensis,
1559 655 1648 725 qui
1698 653 1951 709 Guilber-

390 754 502 801 tum
528 746 759 817 primum
783 746 999 815 Majoris
1031 746 1341 801 monasterii
1369 746 1617 799 abbatem
1646 755 1763 815 post
1792 744 1956 798 Maio-

391 836 499 891 lnm
526 846 681 891 vocat
711 838 776 890 ad
806 851 928 889 ann.
976 836 1079 891 994
1127 836 1339 904 (Cttess't
1390 835 1621 899 tom.ll,
1664 852 1781 905 pag.
1808 834 1953 902 856).

398 926 476 979 Ad
510 927 944 980 reformationem
988 926 1125 980 hanc
1165 926 1400 994 pertinet
1440 924 1688 980 Gerberti
1734 924 1958 992 epistola

395 1017 572 1073 abbati
599 1016 815 1088 MajOris
838 1018 1149 1072 monasterii
1173 1018 1395 1087 scripta,
1423 1017 1474 1070 in
1498 1032 1602 1086 qua
1627 1017 1739 1071 haec
1764 1016 1955 1070 verba:

400 1112 641 1166 tServat
687 1121 878 1165 natura
926 1111 1089 1171 vices,
1142 1118 1392 1179 terraque
1433 1106 1595 1174 bona,
1626 1123 1731 1163 non
1765 1107 1963 1177 suoju—

394 1201 537 1274 dicio
559 1203 648 1256 diu
671 1202 977 1265 infecunda,
1010 1200 1171 1256 ﬂores
1195 1198 1510 1268 fructusque
1533 1200 1783 1269 parturit.
1826 1198 1963 1253 Ecce

396 1295 538 1349 enim
567 1295 710 1349 beati
736 1294 951 1348 Martini
977 1294 1169 1349 cellula
1202 1294 1589 1350 monachorum
1614 1293 1827 1364 agmina
1848 1291 1961 1360 jam

399 1385 597 1440 dudum
641 1394 885 1441 emortua
939 1386 1248 1449 resuscitat,
1285 1378 1499 1439 Martini
1546 1386 1718 1438 virtus
1760 1386 1812 1437 in
1855 1385 1966 1438 suis

398 1473 676 1543 discipulis
707 1474 1064 1541 dignoscitur.
1110 1473 1151 1528 Ε
1186 1474 1381 1541 quibus
1405 1475 1575 1528 beatae
1602 1472 1965 1527 conversatio-

399 1564 482 1616 nis
520 1562 827 1626 alumnum,
871 1572 1125 1632 tanquam
1170 1562 1445 1631 exemplar
1498 1564 1623 1617 vita:
1652 1572 1706 1616 et
1733 1578 1963 1627 morum,

399 1652 670 1719 accepisse
692 1650 934 1706 Osulfum
971 1651 1282 1720 gaudemus.
1318 1671 1335 1703 ι
1372 1650 1496 1705 llzec
1519 1651 1744 1720 epistola
1777 1651 1828 1703 in
1858 1652 1967 1705 edi-

402 1740 469 1793 tis
511 1741 652 1794 hunc
694 1740 906 1795 titulum
964 1739 1218 1809 praefert:
1252 1740 1533 1793 Adalberlo
1584 1741 1968 1809 archiepiscopo

399 1829 572 1880 abbati
627 1827 849 1899 Majoris
914 1830 1237 1882 monasterii.
1301 1828 1405 1882 Sed
1468 1828 1749 1898 legendum
1810 1838 1968 1898 puto,

2057 651 2307 705 ditrcesis
2344 648 2702 721 Lingonensis
2747 651 3146 721 intelligendum
3179 662 3280 713 est,
3318 652 3404 705 ubi
3438 653 3621 705 hacte—

2057 756 2157 795 nns
2210 750 2388 795 exstat
2448 741 2719 811 prioratus
2778 743 3033 811 prtedicto
3100 754 3289 796 saneto
3350 742 3620 798 Germano

2058 830 2349 900 subjectus.
2400 832 2550 886 Mitto
2587 833 2686 886 alia
2726 833 2893 886 multa
2928 847 3047 901 qute
3073 832 3124 885 in
3150 830 3259 898 jam
3287 834 3426 886 dicta
3456 833 3622 885 hile-

2059 926 2138 980 ria
2169 926 2420 979 abbatnm
2453 926 2621 979 sancti
2652 924 2905 980 Germani
2950 926 3013 979 de
3060 924 3308 979 llcldrico
3355 923 3621 994 leguntur,

2058 1016 2212 1087 cujus
2242 1016 2420 1071 obitus
2458 1026 2578 1087 post
2606 1032 2775 1071 annos
2809 1018 3025 1071 circiter
3050 1016 3112 1070 2|
3148 1017 3425 1084 rcgiminis
3454 1016 3625 1070 conti-

2061 1108 2202 1178 gisse
2228 1108 2426 1163 dicitur
2454 1124 2545 1161 xnx
2582 1106 2853 1161 Kalendas
2882 1106 3152 1161 Januarii.
3194 1107 3243 1161 Is
3272 1107 3480 1161 videtur
3506 1105 3626 1160 lli-l-

2061 1198 2292 1251 dricusa
2327 1198 2464 1267 Syro
2490 1198 2738 1252 laudatus
2790 1198 2841 1251 in
2890 1198 3165 1266 sequentis
3212 1196 3349 1250 Vita:
3386 1197 3523 1250 libro
3564 1212 3626 1257 tt,

2064 1286 2202 1355 apud
2242 1284 2492 1341 Ottonem
2526 1286 2773 1357 Magnum
2826 1306 2843 1337 ι
2876 1289 2927 1340 in
2958 1286 3137 1340 laicali
3168 1286 3407 1355 potentia
3437 1286 3626 1353 praeci-

2064 1396 2222 1449 puus,
2248 1381 2340 1449 qui
2361 1381 2631 1449 quondam
2662 1381 2714 1434 in
2747 1379 2897 1433 ltalia
2928 1380 3068 1433 inter
3098 1389 3322 1432 eteteros
3363 1377 3634 1446 palatinos

2068 1471 2278 1524 exstitit
2322 1470 2654 1523 honorabilis
2681 1484 2694 1523 :
2720 1470 2810 1539 qui
2860 1468 3014 1521 uxori
3055 1482 3176 1521 cum
3226 1482 3415 1535 magna
3456 1482 3631 1519 rerum

2068 1560 2217 1628 copia
2271 1559 2681 1624 abrenuntians,
2730 1560 2971 1627 deposito
3016 1557 3228 1627 cingulo
3276 1556 3531 1611 Cluniaco
3575 1571 3633 1609 se

2069 1651 2372 1715 conferens,
2424 1650 2566 1704 beati
2608 1650 2883 1704 Benedicti
2917 1663 2974 1703 se
3009 1648 3245 1704 subdidit
3286 1648 3576 1717 proposito.
3611 1665 3628 1697 ι

2070 1744 2125 1797 1η
2158 1743 2409 1813 prmdicta
2458 1743 2632 1797 sancti
2680 1741 2933 1797 Germani
2974 1740 3223 1795 abbatum
3254 1740 3475 1794 historia
3508 1738 3636 1809 legi-

2073 1843 2178 1897 tnr,
2211 1832 2517 1888 Heldricnm
2554 1849 2617 1888 eo
2656 1845 2914 1903 tempore,
2948 1849 3054 1905 quo
3080 1832 3371 1889 Botbet‘lns
3400 1847 3488 1886 rex
3521 1833 3633 1885 An-

399 1920 658 1972 Adalbero
688 1920 1122 1990 archiepiscopus,
1158 1929 1217 1974 ut
1248 1921 1361 1975 hare
1396 1921 1621 1989 epistola
1658 1922 1856 1989 scripta
1896 1922 1966 1976 sit
1997 1911 2040 1970 Β
2072 1923 2409 1977 tissiodorum
2445 1926 2815 1993 expugnabat,
2866 1939 2986 1978 cum
3029 1924 3253 1979 0dilone
3301 1923 3638 1979 Cluniacensi

400 2024 429 2063 a
456 2009 723 2065 Gerberto
748 2012 800 2064 in
826 2026 1056 2077 persona
1086 2010 1439 2065 Adalberonis
1464 2010 1755 2066 Remorum
1785 2010 1967 2065 archi-

400 2102 661 2173 cpi-scapi,
691 2104 768 2157 uti
796 2113 850 2158 et
880 2103 997 2157 alite
1018 2104 1285 2172 qumdam.

470 2192 556 2246 58.
585 2192 751 2247 Venio
770 2194 833 2247 ad
848 2193 1315 2248 Antissiodorense
1333 2194 1501 2248 sancti
1519 2194 1771 2249 Germani
1791 2209 1974 2249 mona-

403 2285 648 2345 sterium,
678 2285 741 2338 de
771 2299 877 2353 quo
909 2286 1022 2338 hau:
1065 2284 1292 2353 leginms
1334 2284 1386 2337 in
1427 2284 1651 2338 historia
1692 2286 1970 2353 episcopo-

408 2390 525 2427 rum
570 2375 1122 2429 Antissiodorensium
1154 2374 1329 2443 capite
1367 2374 1434 2427 47
1472 2374 1524 2427 in
1561 2374 1846 2429 Ileriberto
1868 2376 1975 2445 epi-

406 2478 569 2532 scopo
618 2465 703 2518 his
748 2465 969 2518 verbis:
1009 2483 1025 2514 ι
1056 2463 1223 2533 Hujus
1272 2480 1399 2535 ergo
1449 2464 1794 2532 pontificatus
1841 2478 1973 2520 tem—

405 2568 554 2622 pore,
608 2554 715 2607 dux
758 2552 1021 2608 Henricus
1048 2553 1162 2621 ejus
1190 2552 1378 2618 frater,
1422 2562 1480 2606 ut
1506 2565 1622 2607 erat
1657 2556 1824 2610 totius
1852 2557 1975 2609 reli-

406 2646 672 2715 giositatis
734 2654 984 2707 amator,
1049 2646 1435 2699 monasterium
1506 2646 1646 2700 beati
1719 2646 1973 2701 Germani

407 2738 604 2789 domno
655 2735 845 2790 Maiolo
897 2736 1159 2790 commisit
1209 2737 1409 2801 abbati,
1455 2738 1687 2806 qualiter
1724 2738 1975 2793 videlicet

413 2829 678 2897 regularis
716 2844 915 2881 norma:
959 2827 1226 2881 tramitem
1264 2828 1393 2881 inibi
1426 2829 1803 2893 constitueret,
1837 2829 1978 2883 sicut

408 2932 504 2985 per
534 2918 699 2972 multa
733 2918 847 2972 loca
884 2927 989 2971 tam
1035 2918 1087 2971 in
1134 2918 1283 2971 Italia
1320 2934 1482 2987 quam
1517 2920 1568 2973 in
1594 2919 1765 2974 Gallia
1797 2921 1977 2989 digno-

408 3009 661 3062 scebatur
714 3010 906 3064 fecisse
964 3010 1369 3063 monachorum.
1426 3009 1613 3081 Longo
1668 3011 1810 3066 enim
1861 3012 1973 3081 jam

417 3108 690 3152 transacto
737 3110 994 3168 tempore,
1042 3098 1191 3153 locus
1236 3100 1435 3153 ibidem
1484 3102 1688 3169 absque
1721 3101 1915 3155 abbate
1944 3117 1975 3155 a

406 3190 709 3259 pra'positis
763 3189 1067 3258 regebatur.
1131 3188 1231 3255 Qui
1285 3198 1566 3258 gratanter
1614 3192 1761 3244 illum
1811 3193 1976 3246 susci-

2076 2014 2270 2068 abbate
2316 2027 2374 2068 se
2422 2013 2761 2068 transtulisse
2798 2033 2815 2065 t
2846 2016 2911 2067 ad
2940 2014 3083 2068 aliud
3116 2016 3496 2069 monasterium
3530 2028 3640 2066 sua!

2074 2104 2263 2157 ditioni
2293 2103 2590 2169 subditum,
2610 2103 2751 2172 quod
2786 2103 3079 2157 Beomaum
3114 2101 3461 2173 [Reomaens]
3490 2117 3640 2155 voca-

2076 2204 2204 2249 tur:
2237 2214 2255 2247 ι
2310 2196 2450 2264 quod
2497 2193 2886 2249 monasterium
2930 2192 3125 2246 Maioln
3172 2193 3351 2246 abbati
3398 2192 3644 2261 paruisse

2074 2288 2229 2341 docet
2278 2286 2505 2340 historia
2557 2284 2931 2347 Reomaensis,
2986 2282 3217 2337 Roverio
3264 2293 3509 2344 auctore,
3552 2283 3646 2335 sed

2073 2395 2178 2433 non
2209 2379 2280 2432 ita
2320 2387 2377 2431 ut
2418 2378 2673 2431 Cluniaco
2717 2376 3002 2445 subjectum
3042 2385 3184 2429 esset
3232 2389 3297 2428 eo
3341 2376 3496 2427 modo
3541 2390 3647 2441 quo

2076 2476 2257 2536 postea
2289 2466 2389 2519 sub
2426 2465 2650 2535 llugone
2682 2465 2794 2518 hare
2828 2462 3089 2533 subjectio
3120 2477 3176 2517 se
3205 2461 3413 2515 habuit.

2146 2558 2231 2611 39.
2274 2556 2419 2611 Idem
2465 2557 2516 2609 in
2546 2556 2856 2610 Divionensi
2897 2554 3068 2609 sancti
3106 2552 3327 2623 Benigni
3383 2552 3651 2607 asceterio

2078 2648 2302 2702 Maiolus
2353 2648 2671 2717 praestitisse
2720 2647 3035 2716 perhibetur
3082 2645 3133 2699 in
3190 2645 3450 2700 chronico
3501 2643 3652 2697 Beni-

2077 2741 2294 2809 gniano.
2320 2738 2500 2792 Bruno
2524 2738 2787 2807 siquidem
2819 2735 3173 2807 Lingonensis
3210 2736 3435 2788 antistes
3467 2735 3643 2786 locum

2078 2833 2130 2883 in
2161 2830 2355 2884 melius
2388 2828 2686 2883 reformare
2726 2828 2931 2888 volens,
2981 2825 3231 2879 Maiolum
3265 2825 3397 2879 adiit
3424 2825 3539 2893 ejus
3571 2827 3651 2879 rei

2077 2920 2247 2990 gratia
2290 2937 2304 2972 :
2354 2938 2370 2969 ε
2398 2918 2562 2985 Cujus
2604 2918 2857 2987 precibus
2897 2915 3067 2971 ﬂexus
3110 2917 3434 2970 reverendus
3486 2916 3652 2970 abbas

2082 3012 2308 3066 Maiolus
2357 3011 2505 3065 dedit
2557 3012 2604 3064 ei
2652 3010 2932 3063 duodecim
2991 3007 3284 3062 monachos
3370 3007 3651 3075 disciplina

2082 3112 2281 3157 sanctae
2328 3100 2602 3171 religionis
2654 3100 2969 3163 instructos,
3015 3098 3191 3152 divina
3223 3106 3278 3153 et
3305 3097 3537 3152 humana
3562 3112 3652 3151 sa-

2085 3194 2282 3263 pientia
2306 3191 2512 3253 doctos,
2539 3190 2816 3244 nobilitate
2837 3188 3037 3243 carnali
3062 3189 3258 3243 claros.
3286 3188 3381 3243 His
3405 3188 3654 3241 abbatem

411 3255 583 3350 piens,
618 3255 848 3350 regulari
873 3281 1213 3335 districtione
1235 3255 1462 3350 qumque
1494 3293 1771 3351 repererat
1801 3284 1979 3349 devia,
2009 3255 2052 3315 C
2085 3255 2323 3351 praefecit
2360 3280 2685 3335 Willelmum
2740 3279 2958 3334 nomine
2982 3319 2996 3343 ,
3034 3289 3093 3333 et
3146 3288 3353 3349 patrem
3406 3279 3656 3347 spiritua-

410 3373 478 3424 ad
524 3386 755 3440 unguem
802 3371 1058 3424 correxit.
1110 3370 1458 3424 l’ostmodum
1490 3386 1619 3426 vero
1651 3374 1735 3426 vir
1764 3382 1984 3427 sanctus

410 3478 473 3517 ac
506 3462 829 3516 venerabilis
864 3462 1091 3515 Maiolus
1116 3461 1355 3529 praefecit
1382 3461 1578 3517 ibidem
1616 3464 1788 3516 virum
1818 3464 1985 3517 hono-

412 3554 636 3607 rabilem
678 3552 986 3606 Heldricum
1024 3551 1295 3614 abbatem,
1328 3553 1420 3622 qui
1447 3562 1501 3606 et
1533 3554 1643 3622 ipse
1670 3554 1983 3621 praedictum

414 3642 590 3697 locum
621 3644 686 3695 ad
712 3642 972 3711 regularis
995 3642 1137 3695 beati
1164 3640 1439 3695 Benedicti
1470 3644 1703 3696 tramitis
1730 3641 1985 3697 informa-

410 3734 489 3785 vit
532 3733 746 3802 callem.
793 3732 961 3798 Quem
1017 3732 1306 3799 praedictus
1337 3732 1642 3801 episcopus,
1672 3745 1770 3785 nec
1798 3746 1903 3785 non
1932 3740 1986 3786 et

415 3822 587 3876 frater
618 3822 733 3891 ejus
760 3825 865 3875 dux
897 3821 1162 3875 Henricus
1190 3822 1357 3876 nimio
1386 3836 1506 3875 cum
1539 3822 1651 3876 suis
1683 3822 1987 3875 dilexerunt

416 3928 621 3967 amore.
654 3933 671 3965 ι
717 3912 805 3966 Sic
854 3912 1050 3982 legitur
1100 3912 1152 3971 in
1206 3921 1349 3965 tomo
1397 3912 1413 3965 l
1458 3912 1802 3966 Bibliotheca:
1858 3910 1985 3965 Lab-

413 4002 622 4065 beanse,
646 4002 734 4054 ubi
759 4002 883 4054 item
910 4002 1052 4054 edita
1078 4010 1161 4053 est
1184 4001 1409 4054 historia
1438 4002 1501 4055 tle
1524 4001 1701 4055 Gcstis
1729 4002 1983 4055 abbatum

423 4093 599 4146 sancti
648 4091 903 4145 Germani
948 4092 1455 4153 Antissiodorensis,
1508 4092 1559 4144 in
1615 4092 1768 4160 cujus
1810 4092 1985 4159 capite

414 4184 593 4253 primo
637 4184 751 4237 haec
793 4183 963 4236 fusius
994 4182 1338 4247 referuntur;
1372 4194 1534 4251 atque
1558 4183 1789 4237 Heldrici
1819 4183 1981 4236 abba-

417 4273 485 4325 tis
518 4273 713 4326 ibidem
732 4274 998 4326 institutio
1022 4271 1372 4326 factadicitur
1389 4292 1406 4323 ‹
1430 4290 1570 4327 anno
1589 4274 1794 4327 Domini
1813 4272 1934 4327 989.
1951 4292 1969 4323 ι

415 4363 519 4429 Qui
564 4363 845 4417 llcblrieus
902 4382 919 4414 ‹
951 4374 1171 4433 propter
1216 4378 1367 4417 suam
1403 4364 1743 4418 sanctitatem
1771 4372 1824 4418 et
1856 4363 1983 4417 reli-

417 4454 593 4526 gionis
637 4452 901 4508 fervorem
950 4454 1132 4507 multis
1179 4455 1449 4509 nobilibus
1498 4456 1696 4509 charus
1728 4454 1929 4508 fuerit:
1961 4474 1979 4507 ι

419 4546 473 4598 in
522 4543 674 4611 cujus
714 4544 943 4614 gratiam
1006 4562 1024 4594 ι
1062 4544 1384 4598 venerabilis
1428 4544 1535 4598 Deo
1573 4547 1727 4615 digna
1772 4545 1983 4598 ducissa

413 4635 726 4695 Gersendis,
759 4634 1031 4701 sarpedicti
1061 4634 1210 4688 ducis
1236 4633 1496 4706 (Ilenrici)
1524 4652 1660 4689 uxor
1688 4652 1714 4688 a
1742 4636 1857 4689 viro
1887 4650 1984 4690 suo

422 4725 600 4794 petiit,
634 4733 687 4778 et
717 4725 944 4779 obtinuit
998 4725 1383 4778 monasterium
1430 4728 1600 4780 sancti
1652 4725 1982 4797 Lcodegarii,

415 4816 561 4883 quod
604 4814 891 4884 Campellis
939 4814 1157 4879 dicitur,
1213 4814 1386 4869 eidem
1431 4816 1716 4880 committi,
1759 4832 1983 4885 sperans

416 4906 545 4960 illud
572 4922 665 4976 per
695 4923 815 4961 eum
846 4907 912 4961 ad
941 4908 1202 4977 regularis
1246 4908 1367 4962 vita:
1415 4923 1658 4962 normam
1698 4925 1855 4980 posse
1906 4925 1985 4964 re-

415 5000 560 5054 duci.
609 4999 751 5053 ldem
796 5001 938 5053 enim
991 5002 1381 5054 monasterium
1428 5015 1457 5053 a
1503 5001 1657 5055 bona:
1708 5002 1983 5057 memoria:

416 5088 731 5143 Theodrada
774 5087 869 5160 [αι.
902 5088 1293 5160 Thengradamj
1347 5090 1528 5160 regina
1587 5090 1813 5159 (scilicet
1875 5092 1983 5145 ﬁlia

416 5181 587 5236 Caroli
630 5182 725 5247 M.;
771 5198 893 5236 nam
925 5182 1061 5237 filias
1093 5198 1275 5253 regum
1310 5184 1519 5254 reginas
1549 5183 1654 5237 dici
1691 5200 1803 5238 mos
1845 5184 1984 5253 erat)

417 5283 778 5329 restauratum
827 5272 1021 5336 fuerat,
1053 5284 1107 5329 et
1136 5278 1435 5328 tnonastico
1476 5273 1654 5328 ordini
1706 5274 1983 5343 mancipa-

420 5373 531 5404 Ilun
557 5382 569 5394 ο

636 5366 728 5404 cmi
787 5363 893 5404 inm
951 5366 1185 5404 nonnglic
1244 5364 1580 5404 ptiopnlilme
1628 5381 1654 5404 9
1706 5366 1986 5404 nlncnnnm

2084 3373 2189 3426 lem
2221 3371 2319 3425 sibi
2344 3368 2689 3438 poscentibus
2727 3367 3071 3437 filiispetiit.
3103 3387 3121 3418 ι
3176 3368 3280 3423 Sed
3320 3369 3385 3422 de
3412 3383 3477 3422 eo
3501 3367 3653 3437 plura

2086 3463 2138 3516 in
2166 3461 2324 3531 hujus
2355 3459 2475 3513 Vita
2504 3459 2559 3513 in
2588 3456 2784 3512 saecuio
2815 3457 3082 3526 sequenti.

2152 3552 2240 3606 40.
2283 3549 2537 3622 Ejusdem
2570 3549 2769 3619 negotii
2800 3563 2958 3603 causa
2993 3547 3336 3603 Fiscamnum
3364 3549 3657 3603 arcessitus

2083 3654 2166 3701 est
2192 3660 2220 3698 a
2252 3644 2522 3699 Richardo
2553 3642 3007 3698 Nortmannorum
3044 3643 3178 3698 duce
3216 3642 3462 3707 Maiolus,
3503 3653 3562 3697 ut
3601 3645 3653 3697 in

2086 3736 2259 3790 locum
2304 3734 2689 3789 canonicorum
2728 3734 3019 3788 monachos
3054 3736 3193 3788 istuc
3230 3736 3559 3789 restitueret.
3602 3734 3656 3787 Id.

2084 3840 2215 3879 vero
2244 3824 2460 3895 aggredi
2493 3823 2667 3877 noluit
2692 3824 2775 3876 vir
2808 3832 3043 3887 sanctus,
3074 3824 3126 3876 ni
3158 3823 3458 3877 Richardus
3488 3824 3658 3877 tribu-

2088 3925 2247 3978 tum,¢
2277 3913 2419 3982 quod
2442 3913 2757 3982 pasnagium
2781 3912 2977 3966 dicitur
2996 3931 3015 3963 ι
3051 3912 3205 3983 (δατ.
3237 3928 3272 3966 Il
3306 3912 3501 3966 Bened.
3529 3930 3650 3983 pag.

2084 4005 2231 4074 97.5),
2279 4004 2506 4060 subditis
2552 4006 2666 4059 suis
2708 4004 2972 4059 relaxaret
3004 4023 3016 4057 :
3050 4004 3192 4073 quod
3235 4018 3356 4058 cum
3394 4004 3515 4057 duci
3550 4021 3656 4058 non

2083 4096 2395 4164 placuisset,
2426 4108 2511 4148 res
2535 4094 2603 4147 ad
2629 4093 2885 4148 Willelmi
2908 4092 3117 4147 abbatis
3143 4107 3264 4147 mox
3292 4092 3495 4147 laudati
3527 4103 3659 4147 tent-

2085 4201 2184 4255 pns
2211 4186 2373 4240 dilata
2404 4194 2507 4239 est.

2155 4277 2244 4330 Η.
2288 4276 2393 4331 Sed
2422 4276 2647 4331 illustris
2671 4277 2722 4330 in
2746 4276 2932 4345 primis
2960 4275 3061 4330 fuit
3088 4275 3404 4331 reformatio
3425 4277 3657 4331 emnobii

2087 4369 2259 4423 sancti
2310 4368 2480 4422 Mauri
2518 4368 2858 4422 Fossatensis
2906 4384 3071 4438 prope
3111 4368 3369 4432 Parisios,
3419 4368 3525 4423 late
3567 4372 3660 4423 de-

2088 4459 2286 4527 scripta
2318 4458 2371 4511 in
2398 4458 2551 4511 Actis
2580 4458 2873 4512 Bnrehardi
2904 4459 3139 4521 comitis,
3175 4472 3337 4527 quam
3372 4458 3424 4511 in
3462 4459 3659 4512 szeculo

2089 4547 2334 4615 proximo
2366 4546 2693 4601 referemus;
2721 4545 2795 4601 lbi
2822 4547 3018 4617 quippe
3076 4546 3270 4615 legitur
3302 4548 3457 4601 istius
3479 4561 3658 4600 emno-

2093 4638 2165 4691 bii
2208 4646 2409 4691 statum
2458 4636 2782 4708 Magenardo
2822 4636 3013 4691 abbate
3040 4650 3104 4692 eo
3132 4636 3437 4706 prolapsum
3468 4635 3657 4701 fuisse,

2094 4734 2149 4778 ut
2197 4726 2364 4779 abbas
2417 4726 2529 4795 ipse
2576 4725 2775 4779 nobilis
2812 4726 3047 4793 quidem,
3087 4726 3178 4779 sed
3212 4727 3333 4781 vita:
3362 4725 3657 4789 solutioris,

2096 4834 2112 4866 ι
2138 4813 2397 4883 depositis
2456 4814 2863 4868 monachalibus
2912 4814 3262 4879 indumentis,
3299 4815 3659 4884 pretiosarum

2088 4906 2307 4977 pellium
2358 4908 2685 4975 tegumentis
2742 4915 3133 4967 exornaretur,
3190 4904 3662 4973 calamantumque

2088 4998 2348 5066 optimum
2378 5012 2474 5066 pro
2503 4998 2703 5065 capitio
2731 4996 2917 5051 humili
2944 4996 3108 5066 capiti
3140 4996 3476 5066 imponeret;
3510 5015 3527 5049 ι
3569 4997 3664 5065 qui

2090 5088 2225 5143 ritus
2278 5098 2334 5143 et
2386 5089 2438 5141 in
2496 5086 2616 5141 aliis
2668 5088 3014 5143 monasteriis
3060 5086 3354 5142 Gallicanis
3402 5085 3454 5139 in
3508 5100 3666 5140 usum

2092 5182 2321 5235 venerit.
2381 5181 2723 5237 Burchardus
2780 5182 2881 5237 loci
2933 5181 3298 5238 conditionem
3355 5179 3670 5246 miseratus,

2092 5272 2263 5327 Adice
2286 5272 2551 5327 monacho
2578 5271 2869 5343 instigante
2894 5288 3079 5345 regem
3109 5271 3390 5345 llugonem
3422 5269 3678 5337 interpel-

2093 5363 2219 5404 lavit
2281 5381 2337 5404 Ill
2377 5363 2476 5404 eihi
2510 5363 2859 5404 νμςιίιιιρηήω
2890 5364 3021 5404 inihi
3056 5363 3357 5404 dieeinli-nm
3402 5361 3679 5404 nrnvinnin
