4494 5520
764 358 872 413 τδι

1878 353 1937 409 S.
1978 352 2208 407 MAIOLI
2246 349 2537 404 ABBATIS
2575 348 2890 407 CLUNIAC.

3925 346 4030 403 733

769 466 998 530 vellent;
1050 479 1132 518 sm
1177 465 1376 527 minus,
1423 462 1653 517 abeundi
1696 479 1804 532 quo
1843 463 2058 526 vellent,
2099 461 2338 531 plerique
2366 465 2413 520 Α
2441 472 2536 527 per
2561 460 2756 513 direxit
2795 460 3155 530 (qumrebatur
3189 460 3333 514 enim
3369 459 3484 530 ejus
3514 461 3777 514 sententia
3808 460 3873 515 de
3896 478 4030 531 pne-

770 559 882 611 vias
934 556 1107 610 cordis
1154 555 1354 624 proprii
1420 553 1851 625 pricelegerunt,
1907 554 2130 623 ipseque
2176 552 2342 604 abbas

772 645 1149 717 Magenardus,
1201 664 1220 696 ε
1249 644 1445 700 nobilis
1475 645 1751 714 progenie,
1782 664 1799 695 ι
1843 643 2039 714 quippe
2074 662 2091 695 ι
2119 658 2185 698 ex
2215 658 2343 697 san-

771 738 1035 809 guinilale
1098 733 1355 790 Ansoaldi
1417 734 1647 791 divitis»
1709 736 1844 791 civis
1901 734 2177 798 Parisini,
2241 732 2344 786 «in

772 825 1081 881 ctenobium
1101 824 1273 879 sancti
1295 822 1486 891 Mauri,
1510 824 1652 894 quod
1673 822 2070 880 Glannafolium
2090 822 2308 889 dicitur,
2322 840 2340 873 ι

775 930 904 972 tunc
935 916 1246 971 Fossatensi
1279 915 1605 985 subjectum,
1643 934 1660 967 ι
1694 917 2044 972 transmissus
2069 924 2170 971 est.
2204 933 2224 967 ι
2276 915 2347 969 At

772 1016 993 1063 sanctus
1031 1008 1255 1062 Maiolus
1284 1010 1598 1079 praedictum
1629 1008 1805 1064 locum
1844 1027 1863 1061 ι
1893 1024 2012 1063 cum
2042 1008 2153 1063 suis
2179 1007 2349 1063 susci-

769 1100 927 1171 piens
983 1099 1313 1165 monachis,
1374 1099 1769 1154 districtionem
1822 1100 2087 1171 regularis
2142 1097 2348 1153 ordinis

772 1189 1019 1245 districle
1071 1190 1363 1246 observare
1407 1191 1594 1259 ctepit.
1629 1208 1647 1241 ι
1696 1188 1825 1259 Ejus
1855 1198 2045 1260 rogatu
2077 1188 2229 1259 Hugo
2254 1203 2349 1243 rex

771 1280 827 1334 in
854 1280 1170 1336 alimoniam
1220 1279 1449 1336 fratrum
1486 1282 1761 1337 concessit
1805 1282 1987 1337 villam
2018 1282 2348 1350 Mansiones,

772 1371 900 1426 dato
937 1371 1250 1442 diplomate,
1298 1373 1443 1443 quod
1467 1383 1645 1428 exstat
1676 1374 1729 1428 in
1764 1374 1857 1430 lib.
1890 1391 1938 1429 vt
1966 1376 2042 1431 De
2070 1375 2149 1431 lle
2176 1375 2348 1445 diplo-

769 1462 992 1528 matiea,
1022 1477 1144 1534 pag.
1172 1462 1297 1529 576,
1328 1482 1346 1515 ι
1369 1479 1445 1516 xu
1481 1462 1599 1518 Kal.
1649 1464 1797 1531 Julii,
1842 1465 2029 1521 indict.
2064 1466 2119 1531 2,
2148 1482 2288 1522 anno
2314 1467 2350 1521 2

770 1562 1032 1625 regnante
1080 1553 1304 1621 llugone
1352 1569 1498 1625 rege,
1525 1573 1542 1606 ι
1587 1554 1640 1609 id
1684 1563 1767 1611 est
1814 1571 1956 1610 anno
1996 1556 2195 1610 Christi
2225 1556 2349 1621 989,

765 1659 878 1699 non
900 1644 1260 1713 prmeedente,
1287 1654 1345 1699 ut
1371 1646 1487 1701 Odo
1510 1646 1807 1701 monachus
1831 1647 1884 1701 in
1908 1647 2028 1702 Vita
2054 1647 2351 1701 Burchardi

763 1736 1032 1802 comitis,
1092 1736 1294 1806 aliique
1351 1736 1493 1792 male
1549 1737 1891 1806 interpretati
1948 1747 2094 1792 sunt.
2153 1736 2351 1792 Verum

770 1822 999 1879 Maiolus
1027 1822 1343 1879 Cluniacum
1370 1826 1582 1896 regredi
1611 1834 1850 1891 coactus,
1879 1827 2054 1880 locum
2081 1826 2355 1881 commisit

775 1933 793 1966 ι
825 1915 1037 1970 cuidam
1082 1917 1337 1987 religioso
1382 1917 1535 1983 viro,
1588 1918 1808 1973 nomine
1866 1916 2134 1980 Teutoni,
2193 1931 2352 1986 quem

769 2004 1030 2060 Cluniaco
1077 2020 1265 2060 secum
1309 2007 1634 2061 adduxerat.
1666 2026 1684 2058 ι
1736 2007 1961 2079 llugone
1991 2022 2115 2078 rege
2144 2015 2355 2061 mortuo

766 2113 894 2152 cum
920 2096 1147 2153 Maiolus
1174 2112 1242 2153 eo
1277 2099 1476 2153 reverti
1505 2108 1875 2164 cunctaretur,
1915 2097 2212 2153 Rotbertus
2238 2097 2355 2166 ejus

767 2190 914 2246 filius
949 2207 968 2241 ι
998 2190 1225 2246 consilio
1271 2198 1327 2245 et
1373 2191 1593 2245 hortatu
1645 2190 1864 2245 comitis
1907 2190 2082 2246 eidem
2123 2189 2355 2244 Teutoni

766 2281 969 2336 donum
999 2281 1230 2336 abbatis:
1260 2280 1431 2335 isdem
1471 2296 1567 2335 rex
1608 2279 1779 2345 dedit,
1823 2295 2055 2350 eumque
2104 2279 2353 2334 abbatem

765 2372 1025 2426 ordinare
1064 2369 1338 2441 praecepit.
1387 2368 1541 2437 Quod
1586 2385 1710 2425 cum
1752 2370 1817 2425 ad
1851 2385 2012 2424 aures
2037 2369 2355 2424 Cluniacen-

767 2465 910 2521 sium
959 2464 1320 2534 pervenisset,
1366 2463 1524 2518 valde
1567 2463 1756 2517 tristes
1796 2461 1972 2516 effecti
2020 2468 2168 2526 sunt,
2226 2461 2352 2529 quia

762 2556 1062 2626 cupiebant
1108 2555 1210 2611 sibi
1256 2556 1432 2624 ipsum
1480 2554 1658 2609 locum
1706 2554 1761 2608 in
1802 2552 1993 2607 cellam
2032 2552 2294 2623 redigere.
2328 2569 2347 2603 ι

767 2650 842 2705 At
880 2648 1180 2704 Teutonem
1206 2647 1295 2719 (de
1316 2662 1425 2717 quo
1451 2646 1604 2718 plura
1632 2645 1880 2717 inferius)
1911 2654 2137 2700 curante
2161 2643 2355 2698 Maiolo

767 2738 1023 2794 abbatem
1051 2738 1126 2794 ibi
1156 2738 1465 2793 institutum
1494 2746 1649 2808 puto.
1675 2735 1859 2806 Neque
1885 2736 2028 2791 enim
2060 2736 2185 2789 dum
2213 2732 2355 2803 apud

766 2830 1155 2887 Cluniacenses
1196 2828 1412 2899 vigebat
1446 2844 1563 2883 mos
1599 2828 1689 2883 ille
1715 2827 1961 2883 abbatias
1992 2825 2271 2896 redigendi
2302 2823 2355 2877 in

769 2922 969 2977 cellas:
1003 2922 1100 2977 sed
1129 2920 1426 2976 coabbates
1447 2919 1869 2974 instituebantur
1894 2917 1994 2972 sub
2014 2913 2357 2971 Cluniacensi

770 3013 988 3078 abbate,
1021 3022 1383 3083 praeterquam
1414 3010 1467 3065 in
1497 3008 1797 3064 minoribus
1823 3005 2192 3070 monasteriis,
2233 3018 2355 3073 quat

768 3112 901 3158 tunc
925 3120 942 3153 ι
964 3102 1218 3167 abbatiae,
1236 3101 1405 3166 cellze,
1436 3110 1491 3155 et
1518 3099 1856 3163 obedientize,
1877 3117 1896 3150 ι
1917 3110 2059 3151 nunc
2087 3097 2358 3166 prioratus

772 3194 1135 3266 appellantur.
1192 3193 1298 3248 Sed
1351 3194 1453 3248 hac
1502 3192 1569 3247 de
1614 3206 1674 3246 re
1722 3189 1891 3245 fusius
1941 3189 1994 3243 in
2043 3186 2355 3258 praefatione

772 3286 979 3340 dictum
1019 3293 1123 3340 est.
1161 3283 1220 3338 In
1264 3282 1565 3353 majoribus
1595 3296 1726 3336 vero
1756 3280 2023 3335 cmuobiis
2052 3279 2143 3333 ubi
2173 3278 2355 3332 vivere

769 3376 1010 3431 desierat
1057 3375 1127 3441 is,
1174 3389 1334 3444 quem
1374 3373 1458 3429 sui
1493 3373 1613 3428 loco
1643 3371 1812 3426 abbas
1839 3369 2213 3425 Cluniacensis
2242 3378 2357 3422 tum

775 3469 1110 3534 instituerat,
1149 3468 1364 3522 redibat
1394 3466 1462 3521 ad
1504 3467 1800 3521 monachos
1830 3464 1946 3535 ejus
1971 3462 2203 3522 coenobii
2227 3476 2357 3534 pro-

774 3561 955 3632 prium
981 3560 1232 3615 abbatem
1269 3558 1501 3630 eligendi
1534 3558 1785 3612 facultas.

847 3653 937 3707 42.
981 3651 1111 3707 Tale
1135 3661 1255 3707 erat
1283 3651 1629 3707 Floriacense
1669 3648 2085 3713 monasterium,
2117 3646 2259 3717 quod
2288 3646 2357 3702 ab

771 3743 962 3801 Odone
1016 3744 1212 3800 abbate
1269 3744 1336 3799 ad
1393 3741 1699 3814 regularem
1744 3742 1909 3796 vitam
1960 3739 2354 3805 reformatum,

772 3846 963 3910 postea
1002 3838 1182 3892 varias
1221 3835 1409 3890 turbas
1436 3834 1694 3889 sustinuit
1726 3834 1778 3887 in
1809 3832 2056 3903 eligendo
2082 3842 2203 3902 post
2232 3829 2358 3901 Oyl-

770 3928 919 3984 boldi
959 3930 1039 3999 (ut
1066 3926 1217 3998 puto)
1260 3935 1488 3981 mortem
1529 3925 1741 3980 abbate.
1772 3918 1907 3979 Nam
1940 3938 2060 3979 cum
2094 3924 2357 3995 superbus

771 4020 993 4088 quidam
1043 4018 1343 4071 monachus
1387 4031 1485 4086 per
1526 4015 1818 4070 factionem
1872 4015 2113 4069 intrusus
2169 4013 2359 4068 fuisset

772 4107 827 4160 in
853 4104 969 4173 ejus
998 4105 1100 4160 loci
1129 4105 1394 4177 regimen,
1431 4105 1504 4174 pii
1542 4107 1742 4174 quique
1768 4105 1842 4158 uti
1872 4119 1968 4174 pro
1990 4104 2150 4158 domo
2176 4104 2271 4158 Dei
2299 4117 2359 4158 se

773 4206 1164 4268 opposuerunt,
1214 4197 1265 4250 in
1326 4197 1518 4265 primis
1570 4195 1911 4271 Gerbertus,
1965 4195 2118 4267 cujus
2174 4196 2359 4265 plures

774 4291 880 4346 hac
912 4291 977 4345 de
1020 4306 1082 4346 re
1127 4290 1369 4361 epistola:
1417 4298 1657 4346 exstant.
1713 4289 1827 4345 Una
1874 4298 1961 4344 est
2010 4288 2358 4358 nonagesima

770 4384 964 4454 quinta
1029 4383 1096 4437 ad
1164 4383 1363 4438 fratres
1419 4383 1795 4438 Floriacenses
1845 4398 1909 4437 ex
1959 4397 2193 4453 persona
2255 4381 2363 4436 Re-

776 4475 1050 4529 mensium
1111 4474 1389 4528 abbatum.
1466 4493 1483 4525 ι
1518 4473 1635 4529 Non
1692 4474 2004 4540 immerito,
2072 4473 2357 4543 inquiunt,

770 4580 875 4620 nos
896 4565 1054 4619 unius
1084 4564 1289 4636 collegii
1322 4579 1441 4620 esse
1477 4564 1810 4635 profitemur,
1853 4566 1943 4634 qui
1984 4574 2162 4620 vestra
2194 4564 2363 4620 felici-

772 4666 884 4711 tate
912 4656 1192 4725 erigimur,
1225 4663 1407 4711 vestro
1440 4654 1732 4710 infortunio
1757 4655 1920 4709 etiam
1960 4655 2213 4725 opinione
2256 4654 2366 4708 cla-

772 4746 1114 4802 rissimorum
1158 4746 1434 4801 hominum
1488 4746 1850 4799 liumiliamur.
1893 4744 2044 4800 Hanc
2083 4744 2359 4799 sanctissi-

774 4857 920 4897 mam
949 4842 1263 4896 societatem
1298 4840 1763 4910 castissimamque
1794 4839 2084 4893 amicitiam
2112 4854 2367 4908 quorum«

769 4936 900 4990 dam
930 4934 1097 4989 foedat
1124 4933 1345 4988 ambitio
1360 4933 1578 4996 lasciva,
1610 4932 1937 4988 detestabilis
1962 4932 2211 4998 audacia,
2240 4933 2365 4986 dum

773 5046 873 5101 per
896 5029 1183 5085 factionem
1218 5030 1263 5082 is
1287 5027 1438 5082 vobis
1467 5026 1759 5096 prazftcitur
1794 5035 1967 5097 pater,
2005 5040 2163 5094 quem
2200 5024 2367 5080 veris—

773 5123 899 5178 simi
930 5137 1036 5177 non
1078 5128 1318 5176 metuant
1340 5123 1595 5173 damnare
1629 5117 1817 5172 Patres
1848 5134 1863 5172 :
1892 5124 1947 5171 et
1967 5116 2235 5186 quomodo
2263 5129 2369 5169 una

776 5222 860 5269 cst
907 5211 1146 5267 Ecclesia
1190 5209 1477 5272 catholica,
1524 5216 1946 5278 cunctorumque
1988 5205 2222 5260 fidelium
2264 5218 2371 5258 una

777 5303 1029 5368 societas,
1054 5316 1084 5355 a
1108 5300 1391 5356 sententiis
1416 5314 1602 5354 eorum
1631 5314 1737 5353 non
1766 5297 1983 5353 deviare
2009 5295 2367 5360 decrevimus,

776 5396 871 5467 qui
916 5396 971 5450 in
1014 5393 1251 5450 Ecclesia
1282 5392 1514 5463 Domini,
1552 5392 1703 5447 velut
1730 5390 2039 5446 clarissimae
2068 5388 2255 5452 stellae,
2287 5402 2371 5442 re-

2448 548 2616 603 latura
2658 552 2826 619 patris
2863 552 3047 617 vestri)
3085 552 3225 604 inter
3263 561 3455 605 caetera
3492 552 3569 605 sic
3598 551 3765 605 dicit:
3794 551 4031 607 Persona

2446 641 2663 709 quidem
2704 642 2854 697 vobis
2890 641 3003 710 jam
3051 641 3178 696 olim
3228 640 3412 695 infami
3464 642 3881 696 conversatione
3912 650 4033 695 erat

2446 730 2651 788 famosa
2673 774 2686 795 ,
2707 753 2747 790 ι»
2780 742 2884 788 etc.
2926 732 3090 803 Cujus
3119 732 3281 788 fuerit
3316 733 3427 788 haec
3450 732 3674 803 epistola
3695 773 3709 796 ,
3742 732 3941 797 Maioli,
3965 748 4033 786 an

2447 824 2664 893 Egberti
2691 824 2837 894 (nam
2865 833 3091 893 uterque
3112 822 3387 879 consultus
3412 822 3629 894 fuerat),
3669 824 3791 880 inde
3817 840 3921 879 non
3967 824 4034 878 li-

2448 922 2595 983 quet.
2631 914 2878 969 Gerberti
2907 915 3132 984 epistola
3157 914 3225 971 88
3265 915 3464 985 scripta
3504 924 3586 971 est
3619 933 3639 967 ‹
3696 930 3762 970 ex
3804 930 4037 984 persona

2447 1005 2801 1061 Adalberonis
2822 1008 3208 1078 archiepiscopi
3236 1008 3415 1063 abbati
3431 1008 3622 1062 Maiolo
3636 1007 3998 1073 Cluniacensi,
4011 1027 4029 1060 ι

2449 1115 2519 1154 ex
2564 1114 2670 1170 qua
2707 1098 2955 1170 colligere
2987 1100 3145 1166 licet,
3194 1100 3369 1156 Maioli
3410 1115 3530 1156 eam
3558 1101 3842 1171 epistolam
3893 1116 4035 1165 esse,

2449 1190 2601 1261 cujus
2650 1192 2811 1246 verba
2874 1192 2925 1246 in
2977 1192 3203 1263 epistola
3263 1193 3332 1248 95
3385 1191 3712 1247 referuntur.
3785 1192 4038 1247 Maiolum

2450 1283 2646 1353 quippe
2688 1283 2866 1354 arguit
2908 1283 3196 1349 Adalbero,
3238 1284 3379 1354 quod
3421 1283 3477 1339 in
3522 1284 3624 1339 hac
3666 1299 3827 1339 causa
3883 1283 4040 1337 aliter

2449 1375 2648 1429 scribat
2682 1391 2843 1445 quam
2878 1391 2937 1432 se
2975 1387 3146 1447 gerat.
3178 1396 3195 1429 ι
3228 1377 3489 1432 Praeclara
3535 1377 3773 1447 quidem,
3807 1378 3903 1442 ait,
3944 1393 4042 1432 ex-

2452 1466 2686 1521 hortatio
2706 1476 2883 1522 vestra
2908 1467 2960 1521 in
2983 1482 3324 1537 pervasorem
3349 1485 3363 1533 ;
3388 1468 3481 1523 sed
3510 1484 3630 1524 cum
3655 1468 3913 1539 scriptum
3935 1469 4038 1522 sit:

2453 1555 2581 1621 Quae
2609 1556 2770 1625 coepit
2791 1555 2947 1612 Jesus
2976 1557 3153 1613 facere
3183 1568 3237 1613 et
3258 1560 3471 1623 docere,
3506 1575 3602 1614 cur
3628 1560 3841 1613 diversa
3865 1561 4037 1628 impe-

2454 1648 2553 1709 ria,
2601 1647 2811 1701 diversa
2854 1648 2975 1703 οωιί
3023 1648 3240 1704 climata
3287 1650 3636 1718 praetenditis,
3686 1659 3745 1703 ut
3783 1651 3832 1705 ei
3883 1665 4041 1719 quem

2458 1751 2605 1790 reum
2642 1737 2929 1802 statuistis,
2964 1738 3082 1794 aliis
3110 1754 3217 1794 non
3249 1741 3772 1796 communicantibus
3797 1756 4043 1796 commn-

2455 1828 2690 1882 nicetis?
2728 1827 3082 1884 Detestamini
3128 1845 3257 1901 ergo
3301 1845 3667 1901 pervaserem,
3714 1832 3911 1886 sentiat
3950 1846 4046 1886 vos

2454 1917 2554 1972 sibi
2581 1933 2689 1973 non
2716 1918 2918 1983 favere,
2944 1935 3051 1975 non
3091 1921 3192 1976 sibi
3240 1923 3659 1988 communicare,
3704 1938 3767 1977 ac
3811 1939 3909 1993 per
3949 1938 4047 1979 vos

2454 2024 2561 2063 non
2592 2009 2786 2063 solum
2833 2026 3077 2080 quosque
3126 2012 3406 2083 religiosos
3452 2013 3619 2067 vestri
3665 2013 3892 2077 ordinis,
3950 2015 4045 2067 sed

2455 2101 2641 2165 etiam,
2674 2103 2717 2156 si
2759 2102 2875 2157 fieri
2916 2112 3113 2172 potest,
3163 2104 3389 2159 Romani
3438 2104 3707 2173 pontificis
3734 2120 3791 2160 se
3824 2104 4047 2159 maledi-

2453 2191 2556 2245 etis
2583 2193 2784 2262 urgeri.
2810 2212 2829 2245 ι
2892 2192 2997 2248 Sed
3027 2202 3081 2248 et
3104 2194 3204 2248 alia
3230 2195 3400 2265 ipsius
3433 2195 3678 2251 Cerberti
3704 2196 3769 2250 ad
3795 2196 4047 2251 Maiolmu

2454 2281 2679 2349 epistola
2705 2281 2771 2335 70
2792 2283 2977 2337 eodem
3014 2283 3201 2337 tendit.
3255 2303 3273 2334 ‹
3302 2283 3413 2339 Etsi
3446 2284 3688 2353 vigilanti
3722 2300 3851 2339 cura
3884 2299 4048 2353 Super

2454 2380 2633 2424 vestro
2680 2385 2843 2442 grege
2883 2374 3131 2439 occupati
3176 2372 3328 2436 estis,
3356 2373 3719 2443 propensioris
3748 2382 3831 2428 est
3866 2381 4049 2427 tamen

2454 2461 2759 2525 cliaritatis,
2807 2462 2850 2515 si
2895 2462 3052 2515 alieni
3094 2463 3272 2533 gregis
3320 2464 3571 2533 contagio
3620 2464 3890 2519 interdum
3942 2477 4051 2517 me-

2454 2550 2678 2606 demini.
2739 2552 3100 2607 Floriacensis
3150 2553 3382 2607 ctenobii
3428 2562 3651 2621 propter
3692 2553 4051 2608 reverentiam

2455 2642 2624 2711 patris
2654 2632 2938 2698 Benedicti
2951 2658 3219 2697 summum
3242 2642 3416 2697 locum
3442 2659 3606 2714 penes
3637 2644 3949 2706 monachos,
3992 2649 4054 2696 ut

2457 2733 2626 2796 aiunt,
2660 2748 2916 2801 pervasor
2938 2734 3240 2802 occupavit.
3299 2732 3356 2788 Si
3404 2749 3502 2789 vos
3548 2736 3761 2800 tacetis,
3799 2735 3921 2804 quis
3966 2734 4047 2787 lo-

2458 2823 2696 2891 quetur?
2731 2824 2835 2877 hoc
2872 2823 3196 2887 incorrecto,
3236 2823 3359 2891 quis
3399 2824 3671 2894 improbus
3708 2825 3904 2879 similia
3944 2840 4051 2879 non

2458 2911 2739 2980 sperabit?
2777 2912 2887 2967 Nos
2925 2913 3140 2983 quidem
3184 2912 3301 2967 haec
3346 2913 3461 2968 zelo
3491 2914 3657 2969 divini
3689 2916 3889 2970 amoris
3915 2915 4054 2969 dici-

2461 3016 2598 3062 mus,
2632 3009 2686 3055 et
2712 3010 2769 3055 ut
2798 3012 2982 3056 nostro
3004 3004 3273 3065 examine,
3299 3002 3344 3055 si
3366 3003 3567 3071 probus
3588 3011 3690 3068 est,
3720 3004 4050 3073 recipiatur;

2459 3091 2505 3146 si
2547 3091 2842 3162 improbus,
2881 3093 3120 3148 omnium
3153 3094 3407 3147 abbatum
3437 3109 3499 3148 ac
3532 3096 3813 3149 monastici
3847 3095 4057 3149 ordinis

2459 3183 2717 3238 societate
2768 3184 2834 3237 ad
2882 3198 3095 3253 pmnam
3150 3197 3260 3237 sure
3319 3183 3681 3238 damnationis
3742 3184 3985 3254 privetur
4035 3204 4051 3240 :

2459 3275 2601 3346 quod
2630 3275 2782 3330 vobis
2811 3284 3008 3339 ratum,
3035 3274 3230 3330 litteris
3254 3275 3451 3329 vestris
3482 3274 3637 3329 nobis
3665 3276 3756 3331 fiet
3782 3278 4054 3345 acceptis-

2457 3366 2675 3420 simum.
2707 3385 2725 3417 ι
2781 3365 2857 3419 Ex
2890 3365 2991 3419 hac
3025 3364 3250 3434 epistola
3291 3364 3655 3435 intelligimus,
3692 3367 3837 3437 quod
3887 3381 4053 3436 snpe-

2458 3457 2570 3511 rius
2613 3455 2954 3520 dicebamus,
3013 3455 3357 3510 Floriacense
3418 3457 3802 3510 monasterium
3860 3456 4057 3511 Maiolo

2456 3545 2623 3601 fuisse
2636 3544 2791 3597 alieni
2821 3545 3013 3613 gregis,
3036 3559 3099 3599 ac
3120 3545 3344 3614 proinde
3358 3543 3617 3599 Clbniaco
3640 3546 4055 3615 haudquaquam

2457 3634 2755 3703 subjectum
2782 3674 2797 3698 ,
2868 3635 3078 3689 tametsi
3122 3650 3220 3705 per
3257 3645 3500 3689 sanctum
3552 3632 3827 3699 Odonem,
3871 3636 3960 3704 qui
3999 3644 4059 3690 et

2457 3726 2656 3781 ibidem
2688 3725 2855 3780 abbas
2877 3726 2997 3791 fuit,
3028 3725 3095 3779 ad
3127 3725 3427 3795 regularem
3454 3726 3621 3779 vitam
3655 3728 3980 3781 restitutum.

2531 3819 2621 3873 45.
2662 3819 2793 3885 Quis
2832 3818 2991 3872 fuerit
3016 3818 3280 3888 Egbertus
3308 3832 3401 3871 seu
3433 3816 3710 3872 Ebrardus
3738 3818 3906 3872 abbas
3937 3817 4053 3882 ille,

2458 3912 2526 3967 ad
2551 3927 2709 3981 quem
2740 3910 3053 3974 Gerbertus,
3087 3919 3339 3978 tanquam
3379 3909 3446 3963 ad
3485 3907 3715 3962 alterum
3766 3910 4051 3965 monastici

2457 4007 2662 4062 ordinis
2685 4004 2853 4069 sidus,
2874 4006 2944 4058 de
2973 4003 3163 4058 eodem
3196 4010 3517 4071 argumento
3542 4002 3754 4065 scribit,
3790 4017 3893 4055 non
3921 4003 4058 4056 satis

2458 4095 2782 4165 explicatum
2812 4101 2913 4147 est.
2970 4093 3104 4147 Tres
3135 4092 3202 4145 ad
3232 4107 3355 4145 eum
3396 4090 3641 4146 Gerberti
3668 4092 3915 4162 leguntur
3937 4096 4057 4162 epi-

2460 4187 2633 4251 stolas,
2662 4199 2853 4254 nempe
2877 4184 2938 4239 81
2970 4192 3025 4237 et
3060 4183 3129 4237 89
3167 4193 3353 4236 contra
3396 4182 3699 4236 invasorem
3746 4182 4057 4237 Floriacen-

2460 4291 2597 4343 sem,
2638 4285 2694 4330 et
2738 4275 2807 4327 44
2835 4275 2899 4328 de
2944 4288 3001 4327 re
3029 4272 3310 4325 litterario.
3356 4270 3480 4324 Haec
3520 4271 3591 4324 ita
3637 4271 3894 4340 inscripta
3928 4284 4053 4326 est:

2460 4367 2686 4437 Egberto
2710 4366 2882 4418 abbati
2909 4362 3221 4425 Turonensi;
3244 4360 3361 4414 alite
3390 4360 3648 4430 Egberdo,
3674 4370 3727 4414 et
3755 4361 3821 4415 ad
3854 4362 4056 4432 margi-

2466 4473 2588 4512 nem
2629 4456 2732 4511 alia
2782 4463 2865 4509 est
2908 4454 3142 4523 ascripta
3189 4452 3368 4514 lectio,
3418 4450 3655 4504 Evrardo
3700 4461 3747 4504 et
3790 4450 4053 4513 Ebrardo.

2472 4546 2700 4617 Scripta:
2735 4553 2862 4600 sunt
2887 4545 2969 4599 lue
3008 4541 3266 4611 epistolae,
3298 4550 3357 4595 ut
3388 4556 3514 4595 mox
3548 4543 3807 4607 dicemus,
3838 4544 3936 4597 sub
3958 4559 4059 4599 au-

2470 4656 2599 4696 num
2629 4639 2753 4703 987,
2778 4652 2883 4707 quo
2918 4645 3155 4706 tempore
3185 4635 3472 4689 Bernerius
3508 4633 3693 4703 Majori
3726 4636 4056 4691 monasterio

2470 4741 2719 4804 praeerat,
2772 4730 2943 4786 sancti
3000 4727 3196 4783 Juliani
3244 4727 3493 4783 coenobio
3539 4726 3840 4794 Evrardus,
3892 4744 4054 4799 quem

2470 4826 2643 4896 ipsum
2670 4836 2789 4878 esse
2813 4829 2942 4891 puto
2965 4859 2980 4885 ,
3014 4820 3099 4875 cui
3130 4821 3242 4874 istae
3272 4818 3514 4889 epistola:
3555 4818 3771 4873 directze
3812 4829 3955 4874 sunt.
3997 4821 4054 4874 In

2470 4916 2683 4972 laudem
2711 4912 2827 4982 ejus
2858 4912 2969 4966 fere
3000 4920 3109 4966 tota
3138 4920 3221 4965 est
3248 4910 3472 4980 epistola
3495 4910 3600 4965 89:
3630 4930 3647 4961 ι
3682 4910 3810 4978 Quae
3844 4928 4054 4967 morum

2475 5010 2710 5081 gravitas
2736 5006 2886 5061 vobis
2917 5004 3065 5067 insit,
3099 5017 3259 5073 quam
3299 5002 3508 5072 integer
3552 5003 3673 5056 vitre
3696 5015 3866 5068 actus,
3892 5020 4055 5074 quam

2474 5116 2667 5173 purum
2691 5097 2983 5166 eloquium,
3011 5095 3201 5148 littera:
3225 5100 3413 5147 vestra:
3437 5092 3610 5162 palam
3642 5093 3902 5150 fecerunt.
3945 5096 4055 5150 Ita-

2476 5206 2581 5261 que
2621 5189 2857 5244 studium
2886 5186 3103 5256 pietatis
3130 5200 3193 5239 ac
3221 5185 3523 5238 severitatis
3549 5194 3743 5251 vestrae
3768 5188 3931 5241 movit
3957 5202 4055 5242 nos

2474 5284 2557 5339 ire
2580 5283 2633 5337 in
2662 5288 2891 5336 vestram
2938 5276 3283 5340 sententiam,
3332 5276 3521 5345 virque
3570 5276 3657 5330 ille
3697 5278 3805 5333 Deo
3844 5278 4052 5349 plenus,

2478 5375 2545 5430 ad
2580 5388 2740 5444 quem
2782 5370 3005 5425 multam
3056 5367 3214 5421 fidem
3263 5366 3542 5423 habemus.
3606 5366 4054 5426 Submovebimus
