4494 5520
391 462 485 495 to.)

1584 435 1886 493 LLOGIUM
1925 438 2363 496 HISTORICUM.

3538 439 3641 496 756

377 551 528 617 Quod
572 549 615 603 si
652 547 929 603 divinitate
967 546 1194 615 propitia
1226 546 1461 601 favorem
1487 548 1785 617 principum
1822 549 1961 603 obti-
1991 555 2035 612 Α
2068 560 2207 604 runt.
2234 552 2475 606 Cernens
2501 552 2642 607 enim
2675 567 2813 607 unus
2852 551 3061 607 illorum
3114 553 3210 607 viri
3262 553 3354 606 Dei
3390 566 3639 607 reveren'

378 642 623 697 nebimus
656 681 669 703 ,
723 640 787 693 ad
839 640 952 693 hac
1010 639 1159 692 utilia
1210 638 1409 707 majora
1453 638 1755 708 jungemus.
1788 659 1805 691 ι
1864 640 1959 696 Ilie

376 736 672 805 principum
696 732 912 787 nomine
954 732 1174 802 intelligi
1208 732 1456 788 videntur
1478 731 1628 803 Ilugo
1650 742 1703 787 et
1733 733 1961 787 Ilotber-

379 834 464 877 tus
491 822 819 877 Francorum
846 837 1017 891 reges,
1048 836 1274 891 quorum
1306 838 1446 876 anno
1475 824 1650 891 primo
1688 824 1769 878 lia:
1794 824 1962 877 turbze

378 920 535 965 mota:
559 911 826 974 videntur,
858 920 1069 965 mortuo
1103 909 1364 981 Oylboldo
1389 912 1598 967 abbate.
1640 911 1791 967 'I‘unc
1817 912 1960 966 enim

378 1022 499 1060 cum
549 1020 676 1075 pars
712 1002 1133 1059 Floriacensium
1175 1006 1227 1059 in
1276 1004 1553 1059 Abbonem
1605 1006 1960 1073 conspiraret,

379 1099 467 1152 alii
529 1116 546 1148 ι
581 1099 704 1153 huic
764 1098 1010 1152 electioni
1056 1098 1388 1166 pervicacius
1440 1097 1599 1151 renisi
1652 1106 1799 1159 sunt,
1832 1115 1849 1148 ι
1906 1105 1963 1150 ut

379 1189 569 1243 scribit
596 1188 877 1242 Aimoinus
907 1190 956 1241 in
989 1186 1111 1243 Vita
1148 1188 1317 1241 sancti
1349 1188 1607 1242 Abbonis.
1660 1188 1800 1242 Sane
1829 1186 1962 1243 Ger—

379 1280 514 1333 berti
541 1277 799 1348 epistolae,
825 1293 943 1347 qua:
965 1279 1062 1332 has
1088 1280 1331 1347 proxime
1370 1280 1696 1334 antecedunt
1726 1294 1962 1348 sequun-

381 1380 607 1438 turque,
660 1377 780 1439 post
820 1368 1061 1423 Lotharii
1115 1371 1254 1441 regis
1303 1370 1505 1424 obitum
1552 1371 1763 1440 scripta:
1816 1379 1961 1437 sunt,

380 1461 593 1513 tametsi
626 1461 677 1512 in
709 1458 1059 1528 epistolarum
1091 1460 1231 1513 serie
1266 1460 1406 1513 haud
1434 1469 1682 1514 accurata
1714 1467 1795 1513 est
1830 1468 1965 1513 tem-

380 1550 525 1619 poris
559 1550 713 1603 ratio.
757 1550 861 1603 Sed
894 1564 997 1603 non
1044 1550 1133 1603 diu
1174 1549 1471 1619 supervixit
1516 1550 1729 1604 invasor
1778 1549 1886 1613 ille,
1934 1564 1960 1601 a

382 1642 576 1695 Maiolo
618 1652 670 1695 et
717 1642 949 1711 Eg‘ierto
998 1642 1248 1709 rejectus,
1296 1658 1399 1711 qua
1447 1644 1514 1698 de
1573 1660 1629 1698 re
1673 1644 1966 1699 Gerbertus

380 1732 734 1785 Constantino
760 1731 1086 1785 Floriaceusi
1117 1734 1381 1786 monacho
1416 1732 1713 1801 gratulatur
1755 1734 1806 1786 in
1848 1733 1931 1802 cpi
1953 1762 1966 1773 -

383 1820 516 1872 stola
550 1820 649 1872 142
683 1839 694 1872 :
731 1839 747 1870 ι
782 1819 1234 1889 Congratulamur
1265 1821 1381 1885 tibi,
1424 1821 1732 1874 dulcissime
1778 1820 1961 1885 frater,

2064 639 2211 706 tiam,
2266 642 2465 712 pietate
2500 643 2710 708 ductus,
2762 660 2965 699 exuens
2992 644 3209 698 brachia
3258 643 3521 711 simulque
3549 645 3640 697 ab-

2062 731 2237 796 luens,
2267 743 2320 786 ct
2346 732 2613 802 clypeum,
2666 748 2827 803 super
2854 749 3012 803 quem
3060 735 3223 788 etiam
3253 734 3304 786 in
3350 741 3640 800 conspectu

2061 822 2384 877 venerabilis
2408 822 2585 877 Maioli
2616 824 2748 878 satis
2771 824 3124 878 mundissime
3151 838 3342 894 panem
3366 822 3598 877 confecit
3624 838 3638 885 ;

2062 932 2217 985 quem
2251 916 2411 970 etiam
2432 915 2748 970 citatissime
2776 916 3099 985 decoquens,
3124 916 3171 969 ei
3208 913 3643 969 reverentissime

2062 1006 2272 1060 detulit.
2297 1006 2414 1076 Ipse
2438 1020 2648 1075 quoque
2675 1007 2973 1075 suscipiens
2997 1006 3165 1071 illum,
3205 1014 3365 1073 atque
3395 1020 3457 1059 ex
3492 1019 3641 1059 more

2061 1100 2303 1170 oratione
2335 1099 2608 1168 praemissa
2640 1114 2701 1151 ex
2733 1100 2921 1151 eodem
2965 1096 3234 1161 reficiens,
3264 1095 3489 1150 Domino
3518 1110 3641 1162 gra-

2066 1190 2165 1243 tias
2197 1190 2328 1258 egit.
2364 1208 2382 1241 i
2417 1188 2575 1242 Aliud
2603 1187 2803 1241 factum
2833 1186 3093 1256 ejusmodi
3126 1196 3208 1242 est
3237 1206 3248 1240 :
3292 1204 3311 1237 ι
3340 1186 3491 1239 Alius
3510 1201 3644 1255 quo-

2062 1296 2165 1350 que
2196 1280 2589 1334 Saracenorum
2642 1280 2955 1333 eorumdem
2981 1279 3158 1334 cultro
3192 1280 3484 1347 deplanans
3515 1276 3642 1345 ligni

2064 1369 2349 1433 castulam,
2378 1370 2557 1438 posuit
2589 1369 2963 1423 incunctanter
2987 1370 3177 1438 pedem
3229 1383 3389 1437 super
3416 1368 3515 1421 viri
3550 1367 3645 1420 Dei

2065 1460 2323 1523 codicem,
2352 1459 2730 1513 bibliothecam
2766 1459 2972 1513 scilicet
3002 1459 3077 1527 (id
3106 1468 3179 1511 est
3207 1458 3436 1511 codicem
3465 1456 3646 1508 biblio-

2065 1552 2201 1619 rum)
2259 1566 2420 1619 quam
2452 1565 2518 1604 ex
2570 1565 2718 1604 more
2771 1565 2953 1604 secum
3004 1564 3219 1617 semper
3271 1554 3644 1600 consueverat.

2066 1642 2307 1710 Dumque
2331 1642 2414 1693 vir
2436 1648 2656 1695 sanctus
2692 1642 2906 1694 intuens
2954 1639 3322 1708 ingemuisset,
3352 1636 3515 1703 aliqui
3548 1636 3648 1698 ini-

2066 1747 2168 1785 nus
2197 1730 2403 1783 feroces
2433 1746 2496 1783 ex
2549 1730 2679 1799 ipsis
2710 1729 3121 1799 perspicientes,
3158 1742 3313 1781 suum
3364 1726 3648 1794 increpue-

2069 1831 2547 1891 runtcomparem,
2584 1822 2841 1884 dicentes,
2877 1836 2982 1874 non
3026 1820 3224 1873 debere
3271 1832 3492 1888 magnos
3519 1832 3645 1885 pro-

382 1925 671 1979 pervasere
734 1920 896 1980 atque
964 1912 1115 1965 hoste
1179 1912 1488 1967 monasticm
1571 1912 1840 1981 religionis
1902 1915 1966 1967 ad
1999 1899 2041 1957 Β
2072 1915 2262 1982 plietas
2294 1916 2371 1969 sic
2399 1930 2497 1983 pro
2529 1915 2695 1969 nihilo
2718 1914 2859 1979 duci,
2894 1923 2951 1967 ut
2980 1914 3189 1967 illorum
3215 1913 3356 1966 dicta
3379 1911 3499 1981 pedi
3527 1909 3649 1965 sub-

384 2000 668 2053 iuultorum
718 1999 945 2053 salutem
994 2001 1242 2055 humanis
1293 2002 1451 2055 rebus
1495 2012 1763 2071 exempto.
1826 2002 1964 2056 Iusta

380 2105 509 2159 ergo
542 2131 554 2149 .
594 2100 645 2143 et
693 2091 735 2143 si
771 2089 882 2156 jam
922 2099 1128 2157 patrem
1183 2100 1267 2143 tua
1305 2106 1367 2144 ac
1402 2089 1628 2144 fratrum
1681 2093 1968 2146 dilectione

383 2179 599 2245 dignum
654 2179 851 2239 babes,
906 2178 1197 2232 habeamus
1257 2188 1312 2233 et
1362 2194 1460 2233 nos
1502 2190 1822 2249 praesentem
1880 2190 1967 2234 tua

380 2283 541 2336 Opera
572 2270 811 2335 proxime
836 2270 887 2321 in
914 2270 1051 2322 festo
1078 2269 1215 2321 beati
1242 2267 1490 2337 Remigii.
1517 2288 1533 2317 ι
1564 2267 1686 2321 Haec
1711 2270 1969 2338 prolixius

380 2359 695 2425 exponenda
748 2358 917 2421 fuere,
967 2366 1079 2410 tum
1128 2358 1269 2426 quod
1323 2358 1375 2411 in
1416 2358 1590 2412 Maioli
1637 2368 1691 2413 et
1745 2360 1966 2429 Egberti

382 2448 604 2517 gloriam
646 2448 967 2511 redundent,
1002 2458 1111 2501 tum
1146 2448 1271 2517 quia
1309 2450 1478 2502 sancti
1532 2449 1772 2502 Abbonis
1813 2450 1967 2503 Actis

383 2539 675 2609 ριωίέτιιιιι
716 2538 911 2591 lucem.

451 2629 539 2682 Η.
579 2628 683 2682 Sed
718 2626 829 2694 jam
866 2637 1071 2695 tempus
1110 2637 1212 2691 est,
1256 2638 1314 2681 ut
1361 2628 1459 2681 hoc
1489 2638 1648 2697 caput
1680 2631 1745 2683 de
1785 2646 1969 2683 mona-

383 2722 665 2773 steriorum
707 2719 840 2773 facta
876 2735 968 2787 per
995 2718 1245 2772 Maiolum
1292 2719 1673 2774 reformatione
1722 2723 1966 2775 absolva-

385 2823 521 2869 nms,
554 2808 889 2861 observando
912 2823 972 2860 ea
1000 2824 1119 2877 qua:
1142 2810 1240 2862 sub
1272 2809 1428 2861 finem
1460 2812 1581 2863 vitae
1624 2811 1690 2863 ab
1726 2826 1791 2865 eo
1825 2812 1963 2865 facta

384 2907 508 2950 sunt
539 2913 634 2966 pro
663 2896 906 2951 etnuobio
928 2900 1099 2949 sancti
1133 2898 1389 2967 Dionysii.
1432 2918 1446 2948 ι
1471 2899 1670 2952 Eadem
1698 2902 1964 2968 siquidem

386 2998 724 3059 tempestate,
762 2989 934 3057 inquit
970 2990 1159 3058 Syrus,
1189 2990 1327 3058 regis
1355 2988 1685 3043 Francorum
1732 2993 1966 3059 impelle-

386 3080 541 3131 batur
567 3079 728 3131 niinia
758 3079 1178 3145 importunitate,
1207 3088 1264 3131 ut
1293 3080 1583 3131 secundum
1616 3081 1759 3133 beati
1796 3082 1965 3148 patris

385 3170 654 3224 Benedicti
717 3172 1084 3236 magisterium
1148 3169 1291 3222 beati
1354 3169 1589 3237 Dionysii
1657 3172 1965 3239 disponeret

386 3264 791 3317 monasterium.
842 3262 942 3327 Qui
993 3272 1049 3313 ut
1099 3277 1231 3331 Opus
1274 3262 1472 3315 bonum
1518 3264 1583 3314 ad
1634 3262 1794 3315 finem
1845 3266 1967 3316 vitae

386 3372 555 3425 usque
604 3358 941 3425 perduceret,
996 3355 1121 3408 licet
1158 3356 1315 3409 finem
1354 3356 1560 3409 dierum
1603 3372 1824 3410 suorum
1856 3357 1967 3425 jam

381 3452 600 3519 jamque
647 3448 831 3503 adfore
876 3465 979 3503 non
1027 3449 1318 3518 ignoraret,
1372 3450 1643 3517 proficisci
1684 3458 1861 3504 tamen
1899 3452 1968 3505 ob

388 3543 684 3597 istiusmodi
740 3557 955 3596 causam
1008 3542 1227 3595 minime
1278 3543 1564 3595 recusavit.
1596 3562 1614 3594 ι
1678 3541 1870 3595 Verum
1916 3544 1968 3596 in

391 3636 579 3688 itinere
621 3632 893 3687 Silviuiaci
926 3642 1097 3687 morte
1130 3634 1456 3702 interceptus
1492 3643 1593 3687 est.
1634 3634 1711 3688 Ex
1743 3635 1825 3688 bis
1854 3650 1970 3687 om-

390 3725 544 3777 nibus
571 3724 885 3793 intelligitur
913 3738 1097 3777 verum
1124 3738 1241 3778 esse
1267 3724 1408 3792 quod
1448 3722 1618 3794 Syrus
1664 3727 1729 3777 de
1776 3723 1970 3779 Maiolo

392 3806 606 3885 scripsit
632 3815 682 3868 in
712 3813 802 3868 lib.
838 3830 898 3879 II,
936 3829 1125 3883 nempe
1154 3829 1276 3868 eum
1315 3833 1332 3864 ι
1364 3814 1623 3883 regularis
1661 3816 1780 3868 vitae
1811 3816 1972 3869 disci-

391 3908 608 3976 plinam,
636 3923 755 3977 qum
788 3906 898 3975 jam
943 3922 1079 3977 pene
1106 3908 1383 3962 deciderat
1406 3923 1501 3977 per
1528 3917 1769 3961 veterum
1804 3908 1970 3977 negli-

392 4001 650 4068 gentiam,
680 4000 731 4053 in
772 3999 1059 4068 pristinum
1088 4009 1287 4054 statum
1318 4000 1639 4064 restituisse,
1674 4015 1738 4055 ac
1765 4014 1859 4068 per
1887 4001 1968 4055 di-

392 4103 577 4142 versas
605 4088 787 4142 mundi
838 4100 1020 4157 partes
1049 4088 1300 4157 perplura
1331 4090 1658 4142 monasteria
1684 4105 1712 4141 a
1738 4088 1969 4158 regulari

395 4177 611 4231 tramite
648 4178 821 4241 devia,
852 4187 960 4230 tam
1013 4193 1109 4247 per
1136 4194 1218 4241 se,
1248 4194 1409 4247 quam
1440 4193 1535 4248 per
1562 4194 1689 4234 suos
1717 4194 1850 4247 quos
1880 4181 1972 4234 ab-

393 4270 543 4323 bates
573 4267 933 4333 ordinaverat,
965 4270 1265 4323 monastico
1299 4270 1476 4324 ordini
1526 4270 1846 4335 subdidisse,
1873 4288 1891 4321 »
1919 4270 1972 4324 id

392 4370 476 4417 est
498 4361 813 4416 restituisse.

394 4472 481 4527 VI.
534 4471 719 4526 Maioli
768 4474 1037 4543 captivitas
1064 4474 1156 4527 sub
1183 4474 1483 4527 Saracenis.
1551 4472 1818 4543 Romanus
1842 4490 1970 4542 pon-

461 4544 693 4611 tiﬁcatus
720 4545 784 4595 ab
806 4559 863 4595 eo
888 4553 1174 4597 recusatus.
1204 4543 1584 4596 Reconciliatus
1609 4542 1728 4596 Otto
1754 4543 1814 4596 H
1850 4560 1967 4596 cum

463 4624 651 4677 matre;
684 4612 930 4667 Romana;
951 4614 1182 4683 ejusdem
1208 4614 1665 4683 peregrinationes.

462 4720 551 4774 45.
601 4719 758 4774 Ιιιίιίο
804 4720 925 4775 libri
976 4721 1121 4776 tertii
1162 4720 1329 4792 Syrus
1386 4722 1499 4791 agit
1542 4722 1607 4775 de
1659 4722 1969 4792 captivitate

395 4813 571 4868 Maioli
602 4813 699 4867 sub
724 4812 1030 4877 Saracenis,
1053 4813 1143 4883 qui
1192 4822 1320 4867 tunc
1364 4812 1635 4867 Penninas
1656 4813 1819 4882 Alpes
1842 4814 1974 4867 insi-

394 4907 592 4961 debant
610 4905 721 4974 jam
748 4906 870 4959 inde
901 4906 968 4959 ab
993 4920 1059 4961 eo
1098 4915 1355 4976 tempore,
1394 4922 1501 4975 quo
1539 4923 1606 4962 ex
1636 4907 1888 4977 Hispania
1918 4908 1970 4961 in

395 4998 545 5053 Italia
582 4996 759 5061 effusi,
794 4997 1001 5068 Hugoni
1043 4997 1208 5052 Italia:
1260 4997 1371 5067 regi
1420 4997 1677 5053 adversus
1705 4997 1974 5069 Berenga-

397 5093 534 5146 rium
559 5090 833 5161 suppetias
868 5090 1122 5145 tulerunt.
1156 5090 1391 5160 Idipsum
1428 5089 1494 5146 de
1516 5091 1711 5147 Maiolo
1740 5106 1976 5146 comme-

396 5192 576 5238 morat
626 5182 825 5239 Glaber
880 5181 1141 5239 Rodulfus
1192 5184 1245 5237 in
1274 5181 1364 5237 lib.
1399 5199 1437 5249 I,
1475 5199 1593 5254 cap.
1631 5186 1685 5250 4,
1727 5184 1819 5239 ubi
1862 5186 1977 5255 ejus

396 5272 672 5343 epistolam
706 5272 775 5327 ad
807 5286 934 5325 suos
959 5270 1342 5329 Cluniacenses
1363 5288 1460 5343 pro
1480 5288 1579 5328 suo
1616 5275 1755 5346 lytro
1787 5276 1975 5341 refert,

350 5430 357 5436 ,
397 5374 452 5419 et
499 5364 700 5420 factum
753 5361 951 5431 duplex
997 5381 1029 5420 a
1059 5367 1199 5439 Syro
1257 5363 1481 5435 aliisque
1531 5367 1975 5434 praztermissum.

400 5454 595 5490 Nom-1n
624 5454 692 5490 Qa
702 5452 881 5490 νηρριιί

918 5468 1085 5490 ειη-νη
1112 5458 1159 5490 οἳ
1211 5454 1340 5490 Iani-0
1394 5456 1599 5490 nronrlii
1658 5457 1978 5490 nlui-linea“!

1994 4586 2045 4646 D

2076 2013 2459 2058 stcrneret.....
2516 2004 2809 2068 Praeterea,
2843 2013 2903 2057 ut
2932 2003 2993 2057 Β.
3037 2002 3213 2057 Maioli
3245 2002 3506 2055 sanctitas
3535 2000 3645 2052 cla-

2070 2106 2325 2155 resceret,
2357 2095 2401 2148 is
2426 2094 2513 2161 qui
2538 2095 2653 2162 ejus
2680 2094 2925 2147 volumen
2959 2094 3092 2162 pede
3114 2092 3435 2156 calcat-erat,
3462 2091 3649 2144 eodem

2069 2186 2155 2238 die
2192 2199 2287 2252 pro
2308 2184 2498 2253 quavis
2528 2183 2834 2244 occasione,
2872 2198 3056 2237 revera
3094 2181 3297 2249 judicio
3326 2180 3439 2242 Dei,
3470 2180 3649 2233 carteri

2070 2275 2271 2329 furiose
2310 2276 2578 2329 irruentes
2632 2276 2682 2327 in
2730 2290 2871 2336 eum,
2904 2272 3149 2326 eumdem
3183 2272 3231 2326 ei
3267 2280 3651 2323 truncaverunt

2068 2366 2277 2433 pedem.
2330 2364 2516 2419 Plures
2564 2365 2705 2418 enim
2734 2362 2845 2431 jam
2908 2379 2973 2417 ex
3026 2364 3154 2432 ipsis
3203 2376 3331 2429 erga
3372 2376 3492 2415 eum
3544 2376 3649 2413 cre-

2069 2463 2264 2522 perunt
2335 2454 2579 2507 mitiores
2638 2468 2700 2506 ac
2753 2454 3145 2507 reverentiores
3206 2452 3459 2505 existere.
3502 2467 3521 2501 ι
3579 2450 3652 2502 De

2071 2544 2169 2595 liae
2222 2542 2398 2596 Maioli
2459 2543 2939 2611 comprehensione
2994 2541 3050 2595 S.
3108 2540 3263 2595 Odilo
3319 2554 3486 2610 pauca
3539 2540 3653 2592 haec

2073 2631 2250 2683 habet.
2295 2650 2312 2681 ι
2342 2631 2486 2684 Inter
2522 2641 2715 2684 eaatera
2753 2631 2888 2683 mala
2919 2646 3039 2699 quze
3086 2630 3313 2697 ropulus
3346 2629 3434 2680 ille
3463 2626 3651 2679 nefan—

2069 2722 2325 2774 dissimus
2382 2722 2567 2790 gessit,
2617 2721 2988 2774 beatissimum
3041 2729 3247 2787 patrem
3296 2718 3571 2779 Maiolum,
3621 2733 3651 2769 a

2069 2811 2343 2865 liminibus
2384 2812 2746 2879 apostolorum
2774 2812 3107 2871 redeuntem,
3138 2810 3323 2863 fraude
3363 2820 3415 2863 et
3445 2808 3654 2861 insidiis

2069 2904 2229 2969 cepit,
2265 2903 2427 2955 rebus
2464 2902 2715 2955 onmibus
2752 2901 3110 2969 exspoliatum
3141 2900 3405 2968 alligavit,
3430 2897 3570 2951 fame
3600 2910 3655 2951 et

2070 2994 2156 3047 siti
2186 2991 2392 3045 alIlixit.
2436 2992 2527 3045 Ille
2566 3006 2694 3044 vero
2724 2991 2982 3044 divinitus
3014 2990 3315 3051 absolutus,
3345 2990 3410 3041 ad
3440 2999 3652 3057 postre-

2071 3098 2214 3135 mum
2241 3082 2551 3135 monasterii
2581 3082 2660 3135 sui
2684 3082 2927 3150 pecuniis
2952 3083 3281 3149 redemptus,
3312 3082 3375 3133 de
3407 3082 3655 3133 manibus

2073 3172 2283 3224 illorum
2338 3171 2564 3224 Domino
2606 3181 2922 3241 protegente
2964 3172 3137 3225 evasit
3188 3173 3404 3235 illarsus,
3458 3181 3512 3224 et
3540 3170 3656 3237 ejus

1995 3235 2038 3293 (ἶ
2077 3262 2272 3328 injusta
2309 3265 2487 3331 captio
2516 3262 2850 3330 expulsionis
2896 3263 3110 3317 illorum
3139 3273 3192 3317 et
3233 3274 3503 3332 perpetua:
3536 3278 3657 3331 per-

2072 3353 2291 3404 ditionis
2336 3352 2434 3404 fuit
2484 3355 2716 3405 occasio.
2788 3353 2941 3405 Sicut
2994 3369 3121 3407 vero
3178 3362 3300 3423 post
3349 3354 3654 3422 passionem

2071 3442 2270 3497 Christi
2299 3439 2466 3496 Judaei
2499 3453 2623 3495 sunt
2650 3458 2678 3495 a
2710 3444 2823 3497 suis
2851 3444 3078 3497 exsulati
3110 3486 3124 3509 ,
3186 3446 3257 3498 ita
3297 3453 3418 3513 post
3444 3446 3654 3512 captio—

2072 3550 2195 3587 nem
2246 3535 2386 3588 servi
2440 3535 2582 3589 illius
2624 3544 2680 3590 et
2726 3536 3020 3590 fidelissimi
3070 3538 3187 3607 ejus
3224 3537 3405 3590 famuli
3454 3536 3654 3601 Maioli,

2073 3624 2327 3678 Saraceni
2374 3640 2403 3678 a
2446 3625 2642 3680 finibus
2689 3625 3126 3681 Christianorum
3186 3637 3307 3681 sunt
3342 3628 3570 3695 expulsi,
3603 3636 3659 3681 et

2072 3716 2211 3768 sicut
2236 3729 2333 3783 per
2364 3714 2544 3768 Titum
2594 3725 2649 3769 et
2699 3715 3087 3785 Vespasianum
3118 3718 3482 3771 Romanorum
3510 3717 3660 3786 prin-

2070 3806 2219 3872 cipes
2252 3805 2510 3859 Dominus
2562 3806 2627 3860 de
2664 3804 2865 3861 Judteis
2914 3808 3206 3863 vindictam
3258 3809 3537 3871 exercuit,
3585 3808 3659 3861 ita

2070 3911 2167 3965 per
2219 3896 2545 3951 Willelmum
2594 3896 3017 3952 illustrissimum
3074 3898 3246 3952 virum
3300 3908 3355 3954 et
3394 3898 3659 3953 CliriStia-

2072 3989 2352 4042 nissimum
2382 3988 2699 4057 principem,
2728 3989 2935 4044 meritis
2960 3988 3022 4043 Β.
3049 3989 3250 4055 Maioli,
3278 3988 3466 4058 jugum
3496 3988 3662 4044 Sara-

2071 4094 2327 4133 cenorum
2370 4078 2436 4132 ab
2499 4079 2743 4133 humeris
2797 4079 3227 4134 Christianorum
3285 4080 3553 4148 deposuit,
3604 4088 3662 4132 et

2072 4168 2237 4223 multa
2283 4178 2551 4222 terrarum
2605 4170 2797 4237 spatia,
2829 4171 2897 4223 ab
2938 4170 3017 4223 eis
3048 4170 3244 4239 injuste
3294 4185 3565 4239 possessa.
3592 4171 3661 4223 ab

2071 4274 2258 4314 eorum
2300 4260 2585 4330 tyrannica
2636 4258 3027 4322 dominatione,
3074 4258 3279 4327 potenti
3318 4259 3515 4311 virtute
3546 4258 3658 4312 cri-

2070 4353 2208 4422 puit.
2246 4370 2265 4403 ι
2302 4350 2423 4405 llaec
2449 4351 2551 4404 sub
2576 4365 2773 4403 annum
2812 4350 2915 4404 975
2937 4358 3231 4420 contigere.

2139 4441 2252 4495 45‘.
2286 4461 2303 4492 ι
2340 4439 2455 4494 Non
2486 4438 2643 4508 longa
2676 4449 2797 4508 post
2833 4449 3096 4508 tempora,
3126 4440 3299 4508 inquit
3328 4438 3517 4508 Syrus,
3548 4437 3659 4491 Ro-

2072 4550 2231 4587 mana
2260 4535 2388 4588 sede
2431 4534 2651 4603 proprio
2675 4532 2888 4586 viduata
2912 4543 3151 4603 pastore,
3195 4533 3333 4586 idem
3367 4532 3458 4586 Dei
3489 4530 3661 4585 famu-

2075 4629 2179 4693 lus,
2222 4628 2435 4683 Ottonis
2463 4626 2685 4682 secundi
2724 4626 2911 4695 juncta
2948 4641 3071 4680 cum
3111 4626 3297 4679 matris
3336 4638 3517 4693 prece,
3556 4622 3662 4678 Ita-

2077 4720 2204 4773 liam
2234 4727 2476 4786 repetere
2514 4735 2542 4773 a
2575 4719 2819 4788 partibus
2847 4726 2930 4773 est
2976 4726 3199 4773 coactus
3242 4717 3449 4774 Galliis.
3478 4715 3521 4769 A
3547 4731 3662 4771 ma-

2077 4818 2161 4865 tre
2210 4819 2343 4864 tunc
2389 4818 2444 4863 et
2489 4808 2601 4862 filio
2642 4810 2846 4864 honore
2894 4818 3177 4879 susceptus
3225 4807 3563 4877 dignissimo,
3593 4807 3663 4861 ad

2079 4903 2293 4958 culmen
2343 4901 2650 4972 apostolica:
2684 4902 2964 4973 dignitatis
2988 4902 3238 4973 precibus
3268 4901 3471 4971 impelli
3498 4902 3666 4971 coepit

2083 4996 2451 5051 continuatis:
2482 4995 2575 5050 sed
2600 4996 2688 5050 cui
2740 4997 2911 5063 magis
2968 4995 3224 5065 abjectio,
3254 5008 3417 5065 quam
3448 5003 3668 5063 expete-

2078 5096 2227 5140 retur
2258 5086 2456 5151 elatio;
2499 5085 2809 5143 uullatenus
2829 5087 2897 5141 ad
2923 5102 2984 5142 se
3013 5102 3336 5157 promovere
3370 5085 3541 5153 potuit
3576 5101 3671 5140 su-

2079 5178 2361 5234 blimitatis
2403 5178 2651 5233 ambitio.
2710 5200 2730 5233 »
2768 5178 2920 5236 Hanc
2952 5180 3136 5249 itaque
3190 5179 3506 5252 dignitatem
3552 5191 3679 5231 con-

2081 5283 2289 5329 stanter
2351 5272 2668 5330 recusavit:
2724 5274 2999 5344 Nalgodus
3071 5272 3128 5327 id
3193 5272 3455 5332 accidisse
3502 5269 3688 5335 tradit,

2088 5385 2108 5420 ι
2155 5383 2277 5422 cum
2326 5366 2482 5421 navis
2532 5364 2809 5428 Ecclesiae
2854 5365 3079 5421 rectoris
3117 5364 3383 5433 prazsidio
3420 5356 3698 5423 destituta.

2086 5457 2139 5490 ἶη
2173 5457 2328 5490 ιιι-ἶσαι-
2371 5457 2495 5488 ινῖίω
2538 5454 2876 5488 Παιδί---.ιιοῖο
2919 5454 3128 5486 ἷηηιιοση
3185 5450 3421 5484 ηιξκιε-αἶα
3448 5443 3705 5484 ιπηιοαιίἱα
