4494 5520
793 368 900 423 735

1938 375 1995 430 S.
2040 375 2271 432 MAIOLI
2309 377 2600 434 ABBATIS
2638 378 2951 439 CLUNIAC.

3963 391 4065 447 736

796 476 918 530 dam
947 473 1154 530 nefario
1195 476 1433 544 homine,
1491 479 1583 549 qui
1624 480 1722 535 sub
1748 481 2011 537 Bonifacii
2044 484 2131 538 Vll
2160 487 2376 541 nomine
2404 492 2453 551 Α
2482 488 2657 542 nexio.
2690 510 2707 540 ι
2743 492 2980 547 Annales
3004 494 3257 551 Saxonici
3281 511 3373 551 seu
3419 495 3901 569 Magdeburgenses
3932 517 4063 555 mss.

796 568 1078 639 tyrannice
1102 570 1282 624 sedem
1310 570 1526 627 invasit.
1545 572 1661 639 Quo
1682 572 2202 646 Constantinopolim
2225 580 2378 647 pulso

795 676 917 715 cum
968 660 1153 716 Donus
1203 662 1479 718 Benedicti
1518 664 1586 719 VI
1642 666 1723 731 (ut
1784 664 2155 721 llenschenius
2208 669 2378 738 putat)

795 765 1097 816 successor,
1126 767 1233 808 non
1259 752 1423 825 (quod
1461 755 1584 810 aliis
1633 756 1862 825 videtur)
1899 760 2172 823 decessor,
2202 759 2380 830 legiti-

795 855 885 896 me
913 840 1210 909 institutus,
1255 859 1378 898 cum
1426 845 1570 901 circa
1610 846 1771 900 ﬁnem
1815 845 2066 903 Octobris
2103 852 2229 903 anni
2278 850 2382 905 975

797 932 1141 998 decessisset,
1199 933 1569 990 Bonifacianis
1615 938 1926 1007 antipapam
1977 939 2236 994 reducere
2291 955 2382 994 co-

797 1021 1072 1088 nantibus,
1124 1022 1252 1081 Otto
1297 1041 1328 1080 a
1384 1025 1647 1081 Romanis
1704 1027 1770 1082 de
1820 1028 2103 1084 electionis
2133 1029 2385 1083 libertate

798 1115 933 1185 ipsis
966 1118 1337 1172 conservanda
1368 1117 1766 1189 interpellatus,
1800 1118 2053 1174 Maiolum
2079 1120 2132 1173 in
2160 1118 2384 1174 Genna-

798 1205 947 1260 niam
971 1206 1301 1273 evocaverit,
1324 1207 1479 1277 quasi
1514 1223 1634 1264 cum
1668 1223 1734 1264 eo
1768 1223 1932 1278 super
1961 1211 2095 1264 tanti
2126 1209 2385 1265 momenti

798 1299 1017 1369 negotio
1037 1300 1462 1368 consultaturus,
1505 1304 1823 1373 priusquam
1866 1304 2069 1375 legatos
2122 1319 2248 1359 suos
2279 1305 2387 1359 Ro-

799 1403 945 1443 mam
975 1388 1214 1445 mitteret
1235 1390 1590 1448 interfuturos
1629 1395 1899 1449 elcctioni.
1942 1394 2133 1449 Verum
2164 1394 2388 1450 Maiolus

800 1492 908 1532 non
957 1478 1011 1532 in
1059 1478 1428 1547 Germaniam,
1471 1483 1565 1537 sed
1607 1485 1662 1537 iu
1712 1483 1929 1538 Italiam
1964 1487 2258 1541 arcessitus
2282 1496 2386 1551 est,

800 1574 1035 1622 testante
1064 1566 1236 1640 Syro:
1266 1587 1441 1642 neque
1467 1588 1596 1629 vero
1631 1584 1755 1630 ante
1783 1591 1984 1630 annum
2028 1578 2132 1633 980
2159 1594 2224 1632 eo
2258 1594 2386 1647 pro-

801 1656 975 1714 fectus
1022 1668 1108 1714 est
1135 1659 1260 1716 Otto
1296 1672 1419 1733 post
1468 1664 1675 1719 obitum
1705 1666 1898 1734 patris.
1942 1667 2014 1721 At
2063 1682 2238 1736 neque
2276 1676 2389 1722 toto

801 1747 893 1803 illo
944 1749 1200 1818 triennio,
1249 1767 1357 1822 quo
1408 1752 1462 1806 in
1513 1753 1663 1807 italia
1704 1754 1967 1824 reliquum
2031 1756 2154 1809 vitae
2182 1757 2389 1825 peregit

2483 579 2807 635 discordiam
2857 582 3072 639 Ottonis
3102 601 3222 639 cum
3266 596 3439 643 matre
3473 598 3740 658 reponunt
3766 604 3908 644 anno
3937 592 4060 647 978.

2487 686 2505 719 ε
2544 669 2853 727 Adellieidis
2905 673 3221 743 imperatrix
3252 692 3372 731 cum
3403 678 3508 733 filia
3530 678 3847 734 Atlielheide
3899 680 4065 734 abba-

2484 761 2613 815 tissa
2646 762 2695 815 in
2731 763 2939 818 Italiam
2966 766 3204 835 profecta
3234 780 3318 823 est
3337 779 3556 839 propter
3576 771 3832 839 quasdam
3863 771 4070 826 discor-

2484 850 2601 904 dias
2624 852 2765 907 inter
2792 868 2851 907 se
2889 864 2943 909 et
2986 856 3152 911 ﬁlium
3190 857 3383 913 factas.
3432 879 3451 911 i
3503 860 3574 913 At
3613 875 3718 914 non
3756 861 3807 915 in
3835 860 4065 925 italiam,

2484 941 2577 995 sed
2611 942 2662 995 in
2681 943 3020 1001 Provinciam
3036 949 3600 1014 secessitAtlelheidis,
3639 950 3904 1007 referente
3935 952 4066 1006 0di-

2485 1032 2609 1085 lone
2629 1029 2943 1088 Adelheidis
2966 1032 3248 1091 familiari:
3272 1053 3391 1107 quae
3405 1039 3771 1094 reconciliatio
3786 1055 3907 1094 cum
3924 1039 4069 1094 facta

2485 1118 2773 1191 sitPapiw,
2806 1124 2861 1177 in
2909 1139 3108 1180 annum
3137 1127 3259 1192 980,
3298 1144 3406 1198 quo
3436 1127 3560 1184 Otto
3604 1132 3656 1184 in
3691 1130 3891 1184 Italiam
3914 1130 4067 1193 abiit,

2488 1213 2788 1266 revocanda
2830 1222 2931 1267 est.
2976 1214 3042 1268 Et
3083 1217 3298 1284 quidem
3338 1232 3480 1271 anno
3520 1219 3821 1288 insequenti
3863 1218 4071 1272 Pascha

2487 1303 2671 1357 Romae
2700 1302 2825 1358 Otto
2870 1305 3163 1361 celebravit
3206 1320 3459 1376 prasente
3519 1320 3708 1373 matre,
3741 1324 3808 1363 ex
3848 1307 4071 1363 Annali-

2489 1396 2587 1449 bus
2615 1394 2896 1451 Saxonicis
2927 1413 3055 1451 mss.
3080 1413 3240 1466 quem
3278 1399 3436 1467 paulo
3476 1409 3595 1469 post
3630 1401 3798 1468 ipsam
3830 1401 4074 1455 reconci-

2488 1484 2764 1539 liationem
2796 1498 3068 1541 mortuum
3101 1488 3268 1543 fuisse
3293 1489 3431 1543 idem
3455 1489 3609 1544 0dilo
3635 1488 3883 1543 afﬁrmat.

2558 1573 2645 1626 47.
2684 1573 2752 1629 Ut
2781 1590 2844 1628 ea
2899 1590 3019 1644 quae
3066 1577 3166 1630 hoc
3211 1576 3263 1630 in
3303 1579 3479 1645 capite
3505 1578 3731 1646 aliisque
3779 1578 3844 1631 de
3882 1576 4074 1630 Maiolo

2491 1664 2748 1728 diximus,
2780 1667 2950 1736 magis
2980 1666 3210 1721 dilucide
3242 1667 3624 1738 intelligantur,
3646 1668 3792 1720 varia
3823 1668 3937 1736 ejus
3967 1668 4078 1721 Ro-

2494 1771 2652 1808 mana
2679 1755 2930 1811 italicave
2959 1757 3151 1811 itinera
3167 1758 3499 1828 distinguere
3520 1774 3695 1829 opera:
3721 1760 3949 1828 pretium
3974 1776 4072 1829 pu-

802 1839 1125 1910 imperator,
1184 1844 1249 1897 ad
1301 1858 1500 1898 annum
1544 1844 1751 1900 scilicet
1802 1845 1926 1910 985,
1982 1847 2074 1915 qui
2123 1847 2245 1901 vita:
2276 1836 2465 1914 ejusB
2497 1855 2571 1899 to.
2603 1844 2784 1900 Primo
2846 1849 3143 1903 monachus
3193 1847 3425 1903 Romam
3458 1850 3525 1903 ab
3564 1850 3834 1920 Aymardo
3883 1849 4078 1903 abbate

801 1948 1088 2003 supremus
1112 1934 1234 2000 fuit,
1266 1937 1475 1993 vacavit
1515 1935 1759 1991 Romana
1788 1938 1967 2001 sedes,
2002 1953 2125 1991 cum
2154 1936 2388 1992 Joannes

804 2026 1018 2080 nonnisi
1050 2041 1193 2081 anno
1236 2029 1598 2098 subsequente
1620 2038 1866 2083 mortuus
1894 2030 1983 2083 sit.
2016 2028 2202 2099 itaque
2232 2028 2389 2086 facile

802 2116 1190 2183 concesserim,
1221 2117 1417 2189 Syrum
1448 2119 1551 2174 hoc
1596 2119 1651 2172 in
1704 2118 1823 2174 loco
1878 2120 2137 2175 memoria
2179 2121 2388 2189 lapsum

803 2221 903 2275 pro
950 2205 1240 2263 Germania
1280 2210 1529 2278 posuisse
1568 2208 1808 2265 Italiam:
1843 2219 1897 2265 et
1923 2226 1982 2266 re
2018 2212 2234 2281 quidem
2262 2227 2389 2266 vera

805 2296 1058 2352 Maiolum
1086 2300 1286 2355 adiisse
1337 2300 1590 2357 Ottonem
1628 2301 1674 2356 ll
1706 2302 1759 2356 in
1799 2301 2087 2358 Germania
2124 2314 2233 2358 tum
2263 2319 2388 2359 cum

804 2398 980 2444 matre
1010 2400 1465 2457 commorantem;
1495 2408 1523 2446 a
1554 2393 1750 2462 quibus
1778 2409 2052 2463 nunquam
2076 2396 2389 2464 persuaderi

806 2481 999 2550 potuit,
1032 2489 1091 2535 ut
1116 2481 1355 2537 oblatum
1384 2498 1482 2553 per
1505 2498 1598 2540 eas
1629 2486 1815 2540 turbas
1861 2487 2233 2555 pontiﬁcatum
2272 2502 2390 2543 sus-

808 2573 1032 2642 ciperet.

874 2661 963 2714 46.
1002 2680 1019 2713 ‹
1051 2661 1162 2718 Sub
1186 2664 1374 2719 eodem
1402 2675 1642 2735 tempore
1672 2687 1689 2720 ι
1717 2668 1889 2738 Syrus
1902 2669 2082 2724 subdit
2103 2672 2389 2737 accidisse,

806 2759 868 2805 ut
900 2749 1027 2807 Otto
1070 2751 1112 2807 ll
1157 2752 1213 2807 in
1260 2754 1574 2810 Adelaidem
1602 2756 1904 2826 piissimam
1958 2768 2188 2814 matrem
2237 2776 2390 2815 suam

805 2851 1132 2910 commotus,
1163 2864 1181 2896 ε
1227 2844 1283 2899 in
1328 2860 1451 2900 eam
1495 2847 1652 2916 quasi
1685 2848 1741 2901 in
1771 2848 1848 2902 rei
1877 2849 2103 2917 publicae
2129 2850 2393 2920 dilapida-

805 2934 994 2989 tricem
1016 2954 1033 2986 ι
1072 2936 1461 3004 excanduerit;
1491 2938 1805 3009 nullumque
1827 2941 2150 3010 principum,
2182 2943 2392 2998 tametsi

806 3031 1062 3099 Augusta:
1101 3030 1466 3085 innocentiam
1493 3032 1658 3101 probe
1694 3043 2072 3103 agnoscerent,
2133 3052 2151 3085 ι
2185 3036 2392 3090 crimen

808 3134 835 3172 a
860 3129 1045 3174 sancta
1075 3129 1248 3176 matre
1277 3131 1523 3178 avertere
1558 3144 1577 3175 ι
1638 3140 1829 3179 ausum
1877 3125 2065 3180 fuisse:
2096 3126 2232 3181 Tum
2262 3143 2393 3183 vero

2492 1937 2830 2008 negotiorum
2878 1953 3041 1993 causa
3102 1938 3299 1994 missus
3327 1948 3429 2004 est,
3480 1954 3672 2008 nempe
3721 1940 3821 1993 sub
3876 1954 4077 1992 annum

2492 2030 2615 2097 945,
2647 2046 2715 2085 ex
2759 2031 2918 2086 dictis
2956 2047 3103 2086 num.
3144 2032 3229 2085 i7.
3280 2032 3481 2085 Deinde
3523 2030 3636 2100 jam
3688 2032 3853 2087 abbas
3902 2030 4080 2100 Papia:

2491 2126 2810 2181 versabatur
2850 2140 2994 2180 anno
3019 2125 3141 2192 966,
3201 2140 3323 2182 cum
3381 2127 3625 2195 quaedam
3682 2127 3884 2197 capella
3923 2125 4079 2193 juxta

2490 2231 2610 2271 eam
2654 2217 2842 2272 urbem
2881 2217 2947 2271 ad
2991 2216 3181 2272 cellam
3223 2218 3640 2272 construendam
3693 2218 3790 2287 ipsi
3823 2233 4080 2271 concessa

2490 2316 2591 2369 est,
2619 2322 2778 2377 supra
2816 2321 2963 2360 num.
2991 2307 3081 2361 21.
3109 2307 3279 2377 Syrus
3301 2306 3407 2361 duo
3433 2307 3693 2362 miracula
3724 2309 3793 2361 ab
3816 2321 3881 2362 eo
3902 2307 4081 2377 Papi:e

2491 2396 2634 2451 facta
2661 2405 3049 2451 commemorat
3073 2398 3123 2451 in
3153 2397 3246 2451 lib.
3270 2413 3351 2463 in,
3375 2412 3494 2469 cap.
3547 2398 3614 2452 i5
3634 2407 3689 2452 et
3710 2398 3794 2452 16.
3820 2398 3915 2452 llis
3944 2399 4081 2452 adde

2492 2502 2612 2557 quae
2642 2488 2915 2543 Widricus
2938 2488 3104 2543 abbas
3131 2486 3466 2543 Tullensisin
3495 2489 3631 2543 actis
3655 2490 3828 2544 sancti
3851 2488 4082 2544 Gerardi

2492 2579 2729 2648 episcopi
2766 2587 3162 2633 commemorat
3198 2579 3265 2633 de
3296 2587 3483 2633 mutuo
3518 2586 3812 2647 conspectu
3840 2587 3893 2631 et
3917 2577 4083 2632 collo-

2494 2671 2621 2740 quio
2641 2670 2881 2740 ejusdem
2912 2668 3138 2725 Gerardi
3169 2684 3291 2725 cum
3328 2669 3542 2726 Maiolo.
3572 2669 3844 2726 Gerardus
3884 2670 4083 2739 quippe

2494 2763 2721 2818 Romam
2745 2763 3097 2833 proﬁciscens
3132 2783 3151 2815 ι
3204 2764 3424 2833 Papiam
3476 2763 3794 2832 ingreditur,
3821 2762 3911 2815 ubi
3937 2762 4084 2816 viros

2494 2854 2831 2921 magniﬁcos,
2861 2863 3107 2909 sanctum
3134 2855 3341 2909 scilicet
3393 2854 3641 2907 abbatem
3679 2852 3951 2913 Maiolum,
3982 2866 4084 2906 nec

2496 2961 2601 2999 non
2655 2944 3005 2999 Adalbertum
3060 2952 3182 3015 post
3219 2954 3515 3015 martyrem
3571 2958 3630 2997 se
3679 2943 3945 3011 reperisse
4002 2951 4088 2995 est

2496 3034 2839 3090 ineﬁabiliter
2856 3036 3172 3091 collzetatus.
3200 3035 3515 3090 Pendebant
3539 3035 3731 3106 singuli
3762 3036 3987 3089 invicem
4016 3034 4087 3086 ab

2497 3128 2705 3182 alterno
2734 3144 2849 3183 ore.
2896 3128 2953 3182 in
3000 3130 3100 3183 hac
3159 3138 3341 3184 mutua
3388 3129 3820 3184 confabulatione
3863 3128 4085 3197 longum

805 3208 1030 3264 Maiolus
1072 3211 1139 3265 ab
1168 3212 1299 3281 ipsis
1345 3212 1462 3281 ejus
1519 3215 1597 3270 rei
1649 3216 1825 3285 gratia
1871 3214 2092 3285 Papiam
2138 3218 2388 3284 accitur;
2419 3188 2463 3249 C
2496 3220 2600 3276 dici
2626 3220 2985 3291 transigentes
3007 3220 3260 3291 spatium,
3298 3220 3457 3275 simul
3503 3230 3611 3274 tres
3634 3219 3807 3273 sancti
3847 3218 4088 3272 conviva:

807 3299 961 3369 isque
980 3301 1228 3356 oratione
1254 3318 1349 3357 sua
1379 3304 1585 3368 Ottoni,
1618 3314 1674 3358 ut
1696 3321 1819 3359 cum
1877 3314 2051 3360 matre
2079 3306 2130 3359 in
2160 3309 2392 3377 gratiam

806 3391 1030 3455 rediret,
1060 3393 1346 3459 persuasit.
1374 3392 1629 3448 Maiolum
1652 3395 1926 3450 ab.0ttone
1964 3396 2078 3465 ipso
2106 3397 2393 3451 invitatum

807 3480 963 3536 0dilo
989 3483 1178 3537 scribit
1207 3484 1259 3537 in
1291 3483 1429 3539 libro
1454 3485 1519 3538 de
1545 3483 1666 3539 Vita
1718 3487 1885 3556 ipsius
1913 3488 2245 3553 Adallieidis,
2277 3505 2397 3558 quae

814 3591 832 3624 ι
861 3572 1030 3627 ﬁlium
1077 3573 1328 3644 diligens,
1363 3586 1615 3632 auctores
1664 3578 1966 3643 discordiae,
2002 3598 2021 3632 ι
2091 3596 2252 3650 quam
2279 3583 2398 3652 qui-

808 3662 935 3719 dam
969 3664 1072 3717 uiri
1101 3666 1269 3735 iniqui
1303 3666 1446 3720 inter
1487 3676 1721 3722 matrem
1770 3684 1833 3723 ac
1868 3669 2039 3723 ﬁlium
2069 3672 2394 3726 dissemina-

808 3752 960 3818 bant,
997 3771 1015 3804 ι
1059 3752 1205 3810 ferre
1251 3771 1359 3810 non
1394 3756 1603 3822 valens,
1658 3759 1955 3813 secundum
1989 3760 2231 3829 Apostoli
2263 3777 2399 3830 prac-

810 3853 1025 3913 ceptum
1080 3846 1215 3901 dans
1258 3847 1326 3901 ad
1384 3848 1657 3902 modicum
1715 3850 1810 3903 ira:
1858 3849 2056 3911 locum,
2116 3861 2398 3921 paternum

811 3936 1054 3990 decrevit
1100 3948 1359 4007 expetere
1402 3955 1646 4011 regnum,
1722 3941 1811 3995 ubi
1863 3956 1894 3995 a
1947 3941 2138 4007 fratre,
2194 3945 2402 3999 scilicet

811 4028 1159 4096 Cbuonrado,
1207 4039 1262 4085 et
1292 4030 1625 4086 nobilissima
1658 4031 1911 4087 Malliilde
1959 4034 2076 4103 ejus
2115 4033 2395 4104 conjuge,»

812 4122 904 4192 qui
933 4123 985 4176 in
1013 4122 1301 4177 Provincia
1330 4125 1678 4194 regnabant,¢
1703 4126 1931 4195 benigne
1946 4127 2404 4181 etlionorabiliter

813 4223 897 4269 est
926 4224 1198 4283 suscepta.
1260 4214 1696 4271 Tristabaturde
1743 4216 1988 4270 absentia
2037 4216 2151 4285 ejus
2186 4216 2404 4271 Germa-

817 4306 947 4373 nia;
997 4307 1282 4361 lzctabatur
1331 4307 1384 4361 in
1444 4308 1677 4363 adventu
1733 4305 1850 4375 ejus
1896 4316 2005 4361 tota
2050 4308 2400 4379 Burgundia;

815 4398 1125 4456 exsultabat
1152 4398 1490 4471 Lugdunum,
1519 4402 1791 4471 quondam
1840 4401 2194 4471 philosophiae
2233 4409 2407 4454 mater

816 4505 871 4548 et
900 4494 1103 4558 nutrix,
1142 4509 1242 4548 nec
1287 4509 1393 4548 non
1445 4502 1499 4547 et
1547 4494 1752 4549 Vienna
1790 4493 1985 4547 nobilis
2047 4492 2203 4546 sedes
2233 4492 2401 4561 regia.

818 4585 1163 4641 Postmodum
1213 4602 1340 4642 vero
1392 4585 1572 4641 flzesar
1625 4585 1752 4641 Otto
1817 4584 2010 4640 ductus
2060 4584 2400 4653 paenitentia,

816 4680 1017 4734 direxit
1049 4680 1159 4749 regi
1208 4680 1477 4733 avunculo
1516 4678 1865 4749 legationem,
1907 4686 1963 4731 et
1987 4688 2190 4731 sancta:
2220 4692 2404 4731 recor-

817 4771 1052 4827 dationis
1104 4772 1244 4843 patri
1296 4771 1489 4827 Maiolo
1538 4773 1638 4827 sub
1708 4770 1990 4824 celerrima
2036 4767 2403 4832 festinatione,

816 4865 1068 4921 obnixius
1103 4866 1421 4935 deprecans,
1470 4875 1527 4919 ut
1564 4863 1797 4934 gratiam
1831 4861 2042 4925 matris,
2069 4875 2233 4929 quam
2282 4875 2408 4928 pro-

818 4959 953 5030 priis
991 4957 1333 5027 exigentibus
1363 4956 1537 5025 culpis
1558 4954 1887 5024 perdiderat,
1930 4967 2118 5006 eorum
2144 4952 2408 5005 interven-

821 5051 1058 5109 tionibus
1078 5049 1374 5121 promereri
1422 5056 1637 5119 posset:
1688 5060 1853 5100 orans
1906 5045 2101 5099 iterum
2152 5052 2207 5097 et
2253 5044 2412 5097 obse-

820 5163 1002 5211 craus,
1035 5155 1093 5200 ut
1124 5142 1446 5215 quantocius
1477 5149 1720 5211 possent,
1746 5153 1853 5191 una
1878 5152 1999 5191 cum
2022 5136 2266 5205 Augusta
2291 5149 2408 5187 ma-

822 5251 905 5295 tre
934 5238 1157 5308 Papiam
1182 5236 1229 5292 ei
1259 5237 1543 5291 studerent
1599 5244 1907 5289 occurrere.
1952 5228 2246 5281 Tantorum
2266 5225 2410 5280 enim

822 5333 1064 5387 virorum
1096 5345 1190 5385 usa
1246 5327 1492 5392 consilio,
1546 5324 1688 5395 apud
1735 5321 1959 5391 Papiam
2006 5327 2249 5388 tempore
2277 5331 2408 5371 con-

822 5428 1017 5482 stituto
1045 5423 1285 5480 occurrit
1322 5429 1500 5476 mater
1525 5418 1633 5472 ﬁlio
1657 5431 1671 5469 :
1710 5430 1817 5487 quo
1839 5428 1962 5468 cum
2001 5420 2189 5465 mutuo
2213 5425 2272 5464 se
2295 5424 2412 5463 cer—

2494 3310 2737 3363 resident
2764 3311 2830 3363 ad
2874 3310 3268 3378 prandendum.
3325 3327 3343 3359 ι
3377 3308 3620 3363 Gerardo
3660 3322 3857 3375 aquam
3905 3317 4087 3375 postu-

2497 3400 2652 3464 lanti,
2680 3407 2734 3453 et
2763 3399 2946 3452 vinum
2980 3414 3047 3453 ex
3070 3413 3207 3467 aqua
3234 3397 3446 3452 caelitus
3473 3397 3672 3451 factum
3706 3396 3950 3464 accipere
3985 3408 4086 3448 no-

2496 3489 2663 3545 lenti:
2710 3508 2729 3541 ‹
2773 3491 2985 3555 Desine,
3020 3490 3195 3559 inquit
3235 3489 3481 3553 Maiolus,
3526 3495 3711 3543 sancte
3736 3484 3998 3555 pontifex,
4031 3485 4088 3538 in

2498 3583 2603 3637 lioc
2631 3581 2777 3636 facto
2806 3581 2929 3636 aliis
2951 3596 3276 3636 succensere
3300 3598 3313 3647 ;
3342 3581 3461 3635 sed-
3480 3579 3696 3649 percipe
3739 3592 3858 3632 cum
3886 3574 4090 3646 gratia-

2499 3689 2617 3727 rum
2647 3672 2884 3738 actione,
2932 3672 3076 3741 quod
3126 3671 3223 3727 tibi
3254 3687 3434 3727 rerum
3464 3671 3690 3726 Creator
3720 3685 3815 3723 sua
3859 3666 4091 3722 contulit

2502 3766 2902 3832 benedictione;
2937 3785 2955 3818 ι
2989 3765 3134 3834 quod
3161 3765 3229 3819 ad
3260 3766 3553 3819 secundum
3577 3761 3753 3815 Maioli
3788 3760 4090 3814 Romanum

2503 3858 2605 3911 iter
2636 3855 2978 3911 referendum
3018 3856 3251 3922 videtur,
3284 3856 3336 3909 id
3366 3864 3449 3910 est
3485 3855 3552 3909 ad
3597 3868 3797 3908 annum
3843 3850 3965 3912 966,
3995 3848 4091 3919 qui

2500 3947 2727 4003 Gerardi
2757 3946 2995 4014 episcopi
3025 3946 3219 4001 tertius
3248 3944 3601 4001 ordinationis
3628 3951 3767 3998 erat.
3798 3941 3926 3995 Post
3951 3940 4088 4005 haec,

2503 4041 2553 4095 id
2582 4049 2663 4095 est
2717 4054 2861 4093 anno
2902 4038 3029 4102 973,
3076 4037 3247 4092 Roma
3281 4052 3406 4091 cum
3448 4043 3815 4090 reverteretur
3840 4032 4087 4097 Maiolus,

2503 4132 2717 4187 Ottonis
2770 4131 2944 4200 Magni
2999 4131 3205 4184 obitum
3250 4128 3517 4199 praedixit,
3567 4142 3631 4181 ex
3684 4140 3801 4194 cap.
3852 4125 3939 4188 10,
3971 4138 4093 4193 qua:

2505 4224 2662 4278 tertia
2711 4222 2992 4276 minimum
3038 4227 3123 4274 est
3164 4218 3279 4286 ejus
3332 4216 3697 4287 peregrinatio
3739 4214 3940 4275 Italica,
3982 4228 4093 4281 quo

2507 4326 2749 4384 tempore
2800 4329 2830 4366 a
2858 4311 3145 4367 Saracenis
3195 4310 3248 4364 in
3280 4310 3454 4364 reditu
3502 4317 3692 4377 captus
3737 4314 3841 4360 est.
3889 4303 4093 4371 Quarta

2508 4408 2608 4462 sub
2645 4420 2845 4460 annum
2869 4403 2997 4469 982,
3024 4418 3146 4457 cum
3178 4402 3405 4457 Veronae
3438 4402 3665 4471 positus,
3694 4396 3876 4454 Ottoni
3896 4411 4093 4451 secun-

2510 4503 2577 4555 do
2605 4508 2832 4553 mortem
2861 4496 3263 4566 pramuntiavit.
3318 4495 3444 4564 Ejus
3499 4493 3838 4548 devotionem
3868 4490 3920 4543 in
3957 4488 4093 4542 visi-

2511 4591 2688 4645 tandis
2723 4590 2906 4646 Romae
2947 4595 3257 4643 sanctorum
3300 4584 3536 4641 basilicis
3566 4582 3796 4654 explicat
3840 4578 4007 4650 Syrus
4039 4578 4093 4632 in

2510 4683 2603 4737 lib.
2634 4698 2694 4736 ιι.

2512 4773 2621 4828 Vll.
2689 4771 2928 4826 0dilom’s
2969 4769 3267 4824 substitutio
3308 4769 3364 4821 in
3414 4766 3585 4820 locum
3622 4761 3809 4818 Μαίοιὲ
3852 4760 4093 4824 abbatis;

2863 4842 3021 4911 hujus
3049 4842 3241 4902 abitus,
3270 4838 3463 4901 cultus,
3494 4836 3749 4905 reliquiae.

2579 4957 2671 5012 48.
2711 4956 2845 5018 Cum
2874 4954 3097 5008 Maiolus
3115 4960 3394 5007 senectute
3441 4949 3555 5018 jam
3604 4946 3947 5017 grandaevus,
3979 4942 4096 4998 obi-

2514 5059 2625 5104 tum
2657 5063 2811 5103 suum
2839 5044 3291 5115 praisentisceret,
3321 5040 3601 5097 0dilonem
3633 5036 3733 5091 sibi
3761 5034 4097 5090 substituen-

2515 5139 2639 5193 dum
2673 5136 2885 5190 curavit
2906 5149 3029 5189 eum
3057 5134 3122 5186 ad
3154 5132 3392 5196 modum,
3415 5144 3522 5198 quo
3542 5126 3655 5183 Odo
3681 5126 3735 5180 in
3765 5126 3940 5179 locum
3963 5123 4095 5177 Ber-

2515 5230 2671 5285 nonis
2706 5228 2880 5282 adhuc
2921 5225 3169 5289 viventis,
3227 5222 3531 5293 Aymardus
3584 5220 3637 5274 in
3678 5218 3849 5273 locum
3872 5214 4095 5279 Odonis,

2516 5330 2571 5376 et
2595 5318 2817 5373 Maiolus
2839 5320 2950 5387 ipse
2977 5318 3031 5370 in
3060 5316 3235 5369 locum
3266 5311 3521 5383 Aymardi
3562 5309 3835 5365 substituti
3858 5306 4091 5360 fuerant.

2517 5410 2629 5464 Hoc
2659 5408 2859 5462 factum
2896 5407 3125 5461 reticent
3152 5403 3339 5475 Syrus,
3370 5399 3547 5463 Odiio,
3584 5396 3874 5467 Nalgodus,
3896 5400 3950 5447 et
3973 5391 4093 5445 alii:

2721 5516 2750 5520 η
2775 5500 2787 5520 1
2816 5497 3101 5520 Κ1.Ι..,ι,.1....-.
3133 5493 3352 5520 ΠηζΛΙηη
3383 5491 3693 5520 ΓΙιι-ιῖηηηηι
3724 5504 3741 5520 ι
3775 5485 3892 5520 εἶπα
3919 5490 4095 5520 nacln.
