4494 5520
359 342 465 399 737

1566 334 1862 391 ηιοςιωι
1906 331 2344 387 ιιίδτυιιιέῐλι.

3510 334 3611 389 758

361 454 643 517 electione,
675 450 768 505 sed
814 449 978 504 etiam
1012 453 1219 501 veteres
1246 446 1467 509 chartzr,
1517 461 1634 513 qum
1659 443 1935 499 Odilonem
1972 446 2013 502 Α
2044 440 2142 493 bus
2184 441 2351 509 ipsius
2384 443 2695 496 monasterii
2732 447 2795 497 ad
2847 444 3136 512 regendum
3182 443 3383 499 nullam
3422 445 3617 501 habeat

363 544 611 599 abbatem
644 538 1075 610 prmferuntante
1090 538 1293 591 obitum
1312 535 1508 591 Maioli.
1538 535 1825 589 Electionis
1856 534 1937 586 in-

364 639 719 688 strumentum
734 630 936 682 editum
954 635 1035 681 est
1054 627 1103 680 in
1120 625 1391 695 Spicilegii
1410 635 1552 678 tomo
1583 624 1642 677 \‘l
1665 639 1783 693 pag.
1808 621 1933 684 125,

362 724 551 780 iisdem
567 732 883 791 conceptum
901 720 1076 773 verbis
1093 728 1252 789 atque
1283 718 1469 772 charta
1500 718 1565 769 de
1581 716 1745 783 ipsius
1762 713 1937 766 Μειἱοιί

362 815 644 876 electione,
676 828 836 882 quam
868 810 1113 879 superius
1143 824 1241 863 suo
1273 808 1389 862 loco
1412 805 1937 877 reprwsentavimus.

365 906 702 975 Quapropter
728 912 997 972 postrema
1031 910 1239 955 tantum
1270 900 1453 962 verba,
1477 914 1594 967 qua:
1618 898 1670 951 in
1696 897 1938 952 Odilonis

366 992 1413 1061 instrumentoelectionisleguntur,una
1448 990 1937 1059 cumsubscriptio-

365 1086 522 1140 nibus
540 1087 742 1139 referre
759 1082 1003 1138 sufﬁciat:
1027 1100 1043 1131 ι
1057 1080 1223 1152 Hujus
1240 1096 1363 1135 vero
1378 1080 1942 1134 electionis’etordina-

367 1178 529 1232 tionis
554 1176 671 1245 ejus
708 1176 903 1229 seriem
954 1190 1049 1243 per
1088 1173 1390 1227 consultum
1439 1172 1518 1242 (ut
1548 1171 1799 1241 diximus)
1830 1171 1940 1239 pri-

367 1278 595 1331 matum,
645 1266 861 1321 comitis
900 1266 1089 1325 etiam,
1136 1274 1189 1317 et
1220 1263 1466 1318 advocati
1500 1263 1669 1317 nostri
1725 1261 1941 1315 llenrici

368 1360 541 1421 ducis,
566 1373 664 1411 nec
683 1373 787 1412 non
812 1365 865 1410 et
886 1355 1120 1420 Ottonis,
1146 1354 1337 1408 litteris
1360 1354 1554 1408 sanciri
1581 1353 1941 1422 przecipimus,

368 1459 531 1515 atque
560 1447 881 1517 regulariter
906 1446 1234 1500 celebratam
1277 1444 1675 1499 ordinationem
1709 1444 1760 1497 in
1788 1443 1944 1497 Chri-

368 1546 436 1593 stt
459 1537 675 1591 nomine
703 1536 1162 1598 confirmavimus,
1195 1543 1249 1588 et
1271 1550 1300 1587 a
1326 1534 1573 1588 Patribus
1596 1549 1659 1587 ac
1688 1532 1946 1587 fratribus

367 1629 591 1692 nostris,
620 1627 839 1696 scriptis
860 1626 1167 1680 conﬁrmari
1194 1626 1395 1694 precati
1432 1641 1638 1681 sumus.
1670 1627 1802 1680 Acta
1824 1625 1947 1680 Clu-

368 1719 621 1773 niacense
643 1716 890 1771 emnobio
922 1714 1151 1769 feliciter
1178 1731 1357 1768 amen.
1396 1716 1507 1785 Ego
1535 1714 1760 1769 Maiolus
1781 1716 1948 1770 abbas

2042 543 2379 602 potestatem.
2416 554 2433 585 ι
2488 534 2565 588 lta
2606 525 2842 605 persmpe
2869 536 3087 599 accidit,
3122 544 3179 589 ut
3230 544 3349 589 acta
3404 537 3615 604 publica

2041 625 2257 678 nomine
2288 625 2481 694 prioris
2523 626 2731 680 abbatis
2771 628 3164 691 conderentur;
3223 626 3512 695 aliquando
3542 637 3619 681 ta-

2041 728 2162 769 men
2192 716 2527 783 posterioris,
2564 724 2623 769 ut
2670 716 2721 769 in
2764 714 3019 785 Aymardi
3052 715 3228 784 elogio
3259 716 3614 772 advertimus.

2111 806 2197 861 5t.
2226 807 2341 873 Quo
2382 816 2621 877 tempore
2672 808 2913 863 0dilonis
2962 808 3155 864 electio
3205 808 3474 864 celebrata
3522 811 3615 875 sit,

2041 912 2147 951 non
2170 900 2426 967 esptimit
2457 899 2705 968 superius
2738 900 3156 955 instrumentum
3187 918 3199 953 :
3234 901 3325 955 sed
3357 916 3421 956 ex
3460 902 3618 955 char-

2043 991 2111 1044 tis
2146 990 2261 1057 ejus
2285 992 2501 1045 nomine
2532 992 2805 1062 inscriptis
2850 1009 2967 1047 eam
3003 1007 3147 1047 anno
3187 992 3283 1048 991
3323 994 3617 1062 contigisse

2042 1083 2407 1152 intelligimus.
2440 1084 2623 1153 Itaque
2671 1095 2794 1139 ante
2822 1100 2944 1139 eum
2976 1101 3173 1139 annum
3202 1086 3269 1140 ad
3301 1087 3615 1141 conversio-

2044 1192 2165 1230 nem
2197 1178 2364 1241 venit,
2405 1177 2617 1231 tametsi
2681 1177 2796 1247 ipso
2828 1193 2971 1232 almo
3018 1192 3137 1232 eam
3196 1188 3420 1245 reponat
3470 1178 3620 1249 liugo

2044 1268 2467 1322 Flaviniacensis
2527 1268 2578 1321 in
2620 1268 2910 1332 Chronico,
2961 1269 3051 1338 qui
3084 1268 3200 1337 ejus
3225 1270 3620 1323 ordinationem

2047 1359 2269 1412 remittit
2306 1360 2355 1412 in
2386 1374 2583 1411 annum
2615 1359 2738 1422 994,
2772 1360 2847 1411 uti
2878 1368 2931 1412 et
2961 1358 3267 1413 Cbronicon
3298 1358 3621 1413 Cluniacen-

2046 1462 2126 1511 se,
2157 1462 2347 1514 nempe
2374 1458 2497 1515 post
2538 1447 2743 1500 obitum
2776 1446 2975 1501 Maioli.
3027 1448 3084 1500 In
3115 1448 3304 1515 primis
3351 1449 3621 1501 censenda

2046 1548 2129 1591 est
2160 1538 2351 1591 charta
2380 1536 2657 1590 llumberti
2689 1538 2925 1606 episcopi
2970 1536 3490 1605 Gratianopolitani,
3525 1537 3618 1606 qui

2048 1628 2389 1682 Cluniacensi
2444 1628 2713 1690 coenobio,
2754 1648 2771 1679 ι
2810 1628 2923 1691 ubi,
2980 1629 3175 1696 inquit,
3209 1628 3438 1683 domnus
3466 1627 3623 1683 Odilo

2052 1721 2219 1781 abbas
2260 1729 2477 1789 praeest,
2521 1737 2538 1769 ι
2576 1718 2919 1773 medietatem
2954 1720 3119 1773 castri
3153 1720 3220 1773 de
3270 1718 3467 1773 Ursilia
3500 1732 3623 1771 cum

369 1810 496 1863 huic
524 1808 774 1863 electioni
802 1821 1080 1861 assensum
1131 1806 1331 1874 praebui
1385 1814 1436 1859 et
1476 1804 1659 1869 subs.;
1691 1797 2023 1869 RodulfusB
2054 1820 2167 1865 ιοιο
2195 1811 2366 1880 purgo
2406 1818 2569 1878 atque
2616 1808 2840 1864 ecclesia
2902 1818 3101 1863 sancta;
3148 1808 3349 1872 Μητῑω,
3412 1809 3627 1879 aliaque

370 1916 468 1954 rex
517 1899 665 1953 subs.
696 1915 709 1961 ;
744 1897 1087 1951 Burchardus
1134 1896 1575 1965 archiepiscopus
1602 1894 1948 1965 (Lugdunen-

370 1992 467 2060 sis)
493 1990 679 2053 subs.;
715 1987 867 2058 llugo
917 1988 1201 2055 episcopus
1231 1986 1563 2041 Genevensis
1590 1986 1770 2049 subs.;
1801 1988 1948 2056 Ayn—

369 2083 517 2137 ricus
537 2082 822 2151 episcopus
866 2079 1231 2133 Lausanensis
1274 2079 1459 2142 subs.;
1493 2077 1643 2148 liugo
1668 2079 1951 2147 episcopus

370 2170 827 2240 (Matisconensis)
856 2186 869 2235 ;
900 2169 1071 2224 Teuto
1115 2170 1282 2223 abbas
1326 2169 1711 2237 (Fossatensis)
1764 2168 1947 2231 subs.;

370 2263 697 2319 ltichfredus
745 2263 943 2325 abbas;
1001 2260 1389 2315 Ermenfredus
1447 2261 1761 2330 episcopus;
1817 2260 1952 2313 Bur-

371 2356 602 2409 chardus
626 2370 845 2419 cernes;
894 2353 1216 2407 Lambertus
1243 2367 1454 2415 comes;
1484 2352 1808 2406 Adalbertus
1857 2366 1950 2406 co-

375 2462 529 2511 mes;
558 2445 851 2500 Leotaldus
887 2445 1367 2513 archiepiscopus;
1419 2442 1710 2498 Walterius
1739 2443 1950 2511 episco-

371 2555 471 2609 pus
499 2537 864 2609 (z’Eduensis);
915 2536 1068 2606 llugo
1096 2537 1262 2591 abbas
1289 2553 1302 2600 ;
1328 2534 1500 2605 Wago
1532 2536 1729 2600 abbas;
1781 2536 1954 2589 Theo-

372 2630 563 2684 baldus
590 2629 787 2693 abbas;
818 2627 1228 2681 Warembertus
1256 2628 1451 2693 abbas;
1515 2625 1816 2681 Willelmus
1866 2627 1955 2681 ab-

374 2722 499 2785 bas;
558 2720 783 2775 Maiolus
830 2720 1184 2788 prmpositus;
1244 2718 1539 2774 Walterius
1593 2720 1945 2789 prtepositus;

373 2809 695 2873 Gundulfus,
721 2809 922 2873 David,
949 2809 1241 2879 Aynricus,
1279 2809 1631 2875 Sendelenus,
1672 2830 1691 2863 ι
1727 2818 1781 2864 et
1827 2825 1950 2864 cum

376 2900 456 2954 cis
490 2900 740 2954 monachi
761 2907 977 2954 centum
1000 2900 1340 2969 septuaginta
1368 2910 1593 2971 septem.

443 2992 533 3047 49.
567 2991 851 3047 Mirabitur
870 2990 1103 3046 fortasse
1132 3006 1423 3055 nonnemo,
1449 3008 1547 3045 eur
1571 3000 1644 3046 tot
1690 2991 1952 3047 ecclesia-

373 3083 493 3138 stici
522 3099 585 3138 ac
636 3082 922 3137 saeculares
966 3082 1067 3135 viri
1122 3082 1247 3137 huic
1294 3082 1543 3137 electioni
1588 3082 1949 3144 interfuerint,

2050 1903 2277 1972 largitur
2308 1922 2325 1953 ι
2362 1917 2504 1956 anno
2536 1902 2925 1956 lncarnationis
2952 1902 3076 1963 99f,
3104 1903 3263 1955 tertio
3288 1902 3498 1956 Rodulfi
3538 1919 3624 1958 re-

2051 1995 2160 2064 gis;
2202 2014 2219 2045 ›
2255 1993 2339 2047 cui
2372 1994 2573 2047 ehartzc
2612 1994 2959 2048 subscribunt
2993 2012 3010 2044 ι
3048 1992 3407 2062 Fredeburgis
3454 2004 3628 2049 mater

2051 2087 2185 2153 ejus,
2216 2085 2372 2154 Wigo
2405 2083 2573 2137 frater
2594 2082 2729 2151 ejus,
2762 2092 2816 2136 et
2864 2084 3197 2139 llumbertus
3245 2086 3528 2154 episcopus
3559 2086 3627 2140 de

2052 2176 2317 2238 Valentia,
2350 2190 2517 2243 nepos
2545 2175 2679 2243 ejus.
2723 2195 2740 2227 ι
2771 2174 2999 2229 Aliunde
3050 2192 3186 2228 arma
3215 2176 3246 2229 6
3274 2174 3514 2245 llugonis
3550 2194 3633 2230 re-

2052 2269 2128 2337 gis
2160 2266 2384 2321 Maiolus
2402 2268 2566 2322 abbas
2589 2267 2933 2336 acquiritper
2954 2269 3430 2321 commutationem
3462 2284 3626 2338 quas-

2054 2358 2176 2412 dam
2228 2356 2485 2412 ecclesias
2516 2358 2567 2411 in
2599 2358 2859 2413 comitatu
2891 2358 3383 2427 Augustodunensi.
3406 2360 3630 2415 Abbatis

2054 2463 2247 2501 nomen
2278 2447 2419 2502 haud
2446 2447 2698 2516 exprimit
2727 2449 2915 2502 eodem
2947 2463 3086 2502 anno
3117 2450 3237 2503 data
3269 2450 3457 2503 charta
3483 2449 3631 2503 Wal-

2056 2538 2175 2591 terii
2202 2537 2487 2593 Eduensis
2502 2539 2756 2609 episcopi,
2794 2538 3070 2610 largientis
3098 2558 3117 2590 ί
3147 2540 3485 2595 Cluniacensi
3514 2554 3629 2596 cce—

2056 2629 2237 2693 nobio,
2266 2628 2487 2697 speciali
2537 2629 2638 2707 sibi
2690 2645 2801 2699 pra:
2832 2630 3042 2685 czeteris
3092 2645 3276 2685 amore
3320 2630 3630 2698 conjuneto,

2054 2717 2143 2773 ubi
2174 2717 2336 2788 pollet
2361 2718 2571 2787 religio,
2609 2738 2627 2771 ι
2660 2720 2918 2790 quidquid
2948 2720 3014 2774 ad
3044 2735 3102 2775 se
3153 2720 3231 2775 vel
3263 2721 3329 2775 ad
3355 2722 3629 2777 archidia-

2056 2824 2219 2865 conos
2244 2810 2551 2878 pertinebat
2578 2811 2627 2864 in
2656 2811 2900 2865 ecclesiis
2932 2826 3041 2865 suae
3090 2812 3338 2867 dimcesis
3378 2812 3635 2868 Cluniaeo

2056 2898 2351 2964 attributis,
2409 2900 2650 2969 exceptis
2691 2900 3038 2970 synodalibus
3069 2902 3313 2972 eulogiis.
3382 2901 3633 2957 Subscri-

2055 2988 2189 3041 bunt
2219 2986 2507 3041 Elinardus
2543 2989 2725 3053 abbas,
2753 3000 2804 3043 et
2847 2999 2968 3060 post
3003 2992 3323 3061 praepositos
3354 3002 3409 3046 et
3452 3002 3637 3047 canto-

2056 3092 2170 3131 rem
2200 3075 2450 3146 Erperlus
2508 3078 2688 3143 abbas,
2722 3076 2833 3149 Ugo
2896 3080 3079 3143 abbas,
3114 3080 3250 3135 forte
3304 3080 3631 3152 dignitates;

376 3175 485 3228 imo
515 3172 1179 3236 etiamelectioniOdonis,
1214 3174 1467 3243 Aymardi
1501 3182 1556 3227 et
1584 3175 1729 3243 ipsus
1752 3174 1949 3230 Maioli.
1983 3144 2026 3205 (ἶ
2060 3167 2254 3221 deinde
2292 3164 2744 3237 archipresbyteri
2780 3178 2834 3222 et
2866 3170 3134 3224 canonici.
3184 3170 3339 3224 Anno
3362 3144 3634 3240 sequenti,

374 3264 575 3318 Verum
632 3279 747 3318 mos
797 3264 885 3317 ille
933 3261 1257 3332 quibusdam
1335 3263 1387 3316 in
1439 3261 1571 3316 locis
1612 3264 1847 3317 obtinuit
1906 3264 1958 3317 iu

374 3354 637 3409 electione
661 3354 931 3415 abbatum,
964 3351 1224 3420 finxitque
1265 3366 1332 3405 ex
1367 3350 1425 3405 S.
1456 3350 1729 3406 Benedicti
1779 3353 1959 3423 regula

378 3446 430 3498 in
462 3460 581 3516 cap.
616 3444 709 3509 64,
740 3444 829 3498 ubi
880 3444 947 3497 de
976 3442 1277 3497 ordinando
1307 3442 1502 3497 abbate
1534 3456 1715 3512 agens,
1752 3443 1960 3498 vicinos

376 3535 678 3602 episcopos,
712 3531 955 3595 abbates,
989 3539 1043 3585 et
1096 3529 1436 3585 Christianos
1479 3530 1533 3584 in
1585 3531 1957 3587 testimonium

380 3625 615 3679 admittit
644 3632 832 3679 contra
864 3623 1186 3677 electionem
1214 3622 1392 3676 vitiosi
1417 3620 1649 3677 abbatis.
1680 3622 1749 3678 Ut
1777 3633 1958 3677 autem

380 3719 434 3772 hi
460 3707 661 3772 aut'illi
696 3723 1145 3780 convocarentur,
1173 3714 1225 3768 id
1252 3720 1369 3767 erat
1398 3714 1449 3767 in
1476 3712 1787 3782 eligentium
1812 3722 1960 3783 pote-

379 3818 539 3871 state,
573 3806 861 3875 aliquando
912 3805 1075 3859 etiam
1134 3818 1165 3857 a
1227 3802 1603 3857 fundatoribus
1644 3800 1766 3870 jure
1800 3802 1959 3857 indu-

380 3906 549 3951 ctum.
580 3896 671 3950 Sic
701 3894 995 3965 Gregorius
1024 3909 1161 3963 papa
1189 3891 1293 3957 Vll,
1333 3892 1638 3960 postulante
1665 3892 1959 3947 Adelhcide

380 3990 678 4053 comitissa,
713 3988 893 4041 sanxit
920 3994 1081 4054 atque
1104 3984 1405 4045 constituit,
1432 3993 1489 4036 ut
1509 3984 1759 4038 electioni
1792 3985 1959 4039 abba-

381 4084 453 4135 tis
501 4082 671 4136 beata:
714 4079 895 4132 Maria:
924 4077 990 4133 de
1048 4076 1301 4130 Pinarolo
1354 4075 1679 4129 interessent
1741 4075 1963 4131 abbates

381 4173 841 4237 Fructuariensis,
868 4169 1249 4231 Bremetensis,
1281 4167 1338 4221 S.
1366 4166 1633 4221 Snlutoris
1664 4167 1962 4223 Taurinen-

382 4268 481 4331 sis,
509 4265 761 4320 Clusinus
808 4270 862 4317 et
910 4259 999 4313 alii
1045 4274 1233 4313 earum
1267 4259 1497 4328 partium
1535 4257 1793 4327 religiosi,
1821 4260 1961 4329 apud

381 4358 785 4414 Guichenonem
834 4352 889 4407 in
948 4349 1230 4405 tomolde
1284 4347 1621 4418 principibus
1673 4349 1961 4404 Sabaudim

381 4464 504 4518 pag.
533 4446 618 4501 17.
652 4444 743 4500 Sic
769 4444 819 4497 in
852 4440 1097 4511 eligendo
1112 4438 1305 4493 abbate
1328 4437 1610 4493 Lezatensi
1636 4437 1808 4493 locum
1831 4439 1956 4495 olim

383 4538 656 4593 habebant
706 4532 913 4588 nobiles
944 4540 1101 4586 terra:
1149 4528 1269 4591 viri,
1304 4536 1361 4581 ut
1402 4535 1613 4582 constat
1638 4542 1700 4583 ex
1732 4529 1958 4585 vetustis

383 4626 765 4683 monumentis.

455 4720 544 4776 50.
576 4717 727 4784 Quod
772 4719 901 4770 Vero
947 4712 1335 4770 Cluniacenses
1370 4711 1593 4769 abbates
1620 4712 1721 4769 sibi
1752 4728 1963 4769 succes-

384 4826 561 4865 sorem
584 4810 782 4877 eligere
806 4803 1068 4875 principio
1098 4803 1240 4857 soliti
1274 4811 1417 4864 sunt.
1444 4802 1565 4857 inde
1594 4804 1777 4872 procul
1801 4805 1963 4861 dubio

384 4924 481 4961 usu
513 4905 675 4964 venit.
708 4911 769 4957 ut
796 4902 896 4956 hoc
932 4907 1091 4971 pacto
1121 4896 1396 4953 extraneis
1419 4896 1723 4951 intrudendi
1756 4897 1966 4954 abbatis

388 5000 467 5051 via
517 4993 958 5065 prmeluderetur.
1010 4989 1225 5044 Electus
1254 4994 1435 5039 autem
1467 4986 1653 5050 abbas,
1688 4998 1745 5041 ut
1797 4988 1850 5042 in
1879 5005 1964 5043 su-

385 5089 685 5163 perioribus
708 5087 1075 5148 observatum,
1101 5082 1171 5135 ita
1206 5077 1544 5146 coadjutoris
1573 5079 1721 5135 vices
1750 5082 1960 5151 agebat,

382 5196 440 5239 ut
462 5199 524 5238 ea
553 5190 761 5235 tantum
811 5183 1028 5229 curaret
1055 5188 1173 5244 quae
1205 5170 1306 5226 sibi
1356 5186 1385 5224 a
1429 5172 1725 5241 superstite
1771 5173 1964 5230 abbate

381 5274 873 5332 demandabantur.
922 5265 995 5320 Ita
1028 5268 1224 5337 quippe
1263 5270 1520 5317 sanxerat
1551 5264 1836 5319 concilium
1866 5267 1965 5322 Ca-

380 5370 661 5424 bilonense
687 5362 790 5418 sub
818 5374 1015 5412 annum
1048 5359 1151 5414 650
1180 5358 1233 5410 in
1268 5368 1386 5423 cap.
1422 5356 1488 5409 12
1520 5373 1532 5408 :
1573 5372 1590 5405 ι
1632 5355 1703 5410 Ut
1729 5356 1835 5412 duo
1865 5361 1963 5415 ab-

379 5462 532 5516 bates
582 5458 637 5512 in
692 5466 803 5509 uno
846 5450 1170 5506 monasterio
1197 5458 1316 5500 esse
1347 5459 1458 5501 non
1484 5445 1739 5511 debeant,
1771 5462 1840 5501 ne
1867 5451 1966 5505 sub

2061 3258 2112 3311 id
2139 3266 2223 3311 est
2259 3258 2487 3325 septimo
2536 3257 2776 3328 llugonis
2828 3260 2989 3329 regis,
3026 3261 3303 3315 invenitur
3339 3262 3554 3327 charta,
3585 3263 3636 3317 in

2060 3363 2164 3418 qua
2203 3347 2509 3402 Bernardus
2540 3350 2622 3402 vir
2666 3349 2861 3404 nobilis
2888 3366 3074 3406 servos
3112 3352 3316 3422 aliquot
3342 3356 3637 3410 manumit-

2063 3438 2127 3491 tit
2158 3455 2176 3487 ι
2204 3440 2271 3492 ad
2301 3452 2488 3507 preces
2518 3438 2729 3493 Viviani
2761 3442 3033 3511 praepositi
3070 3442 3376 3499 Cluniensis
3401 3446 3637 3500 cmnobii

2060 3538 2116 3583 et
2140 3529 2550 3595 monachorum,
2598 3550 2615 3583 ι
2649 3539 2703 3585 et
2739 3532 2933 3586 dieitur
2968 3551 2985 3583 ς
3020 3534 3333 3603 werpivisse
3362 3535 3638 3605 querelam

2061 3619 2206 3673 illam
2244 3619 2503 3675 adversus
2534 3621 2735 3676 dictum
2763 3621 2919 3677 Cluni
2946 3623 3144 3687 locum,
3175 3626 3258 3679 cui
3306 3627 3536 3682 domnus
3575 3642 3641 3683 ac

2060 3709 2533 3765 reverentissimus
2562 3718 2715 3780 pater
2746 3710 2901 3767 Odilo
2929 3722 3125 3782 prazest
3144 3713 3387 3783 jussione
3406 3716 3639 3772 sanctis.

2060 3800 2180 3855 simi
2206 3801 2375 3869 patris
2406 3799 2604 3854 Maioli.
2637 3819 2655 3852 ι
2688 3800 2816 3854 Item
2858 3818 2875 3851 ‹
2913 3816 3055 3857 anno
3082 3803 3113 3855 7
3153 3801 3389 3874 llugonis
3435 3807 3578 3877 regis
3615 3824 3636 3859 ι

2059 3891 2255 3947 Maiolo
2280 3890 2461 3945 abbati
2484 3891 2804 3947 conceditur
2833 3892 3060 3947 ecclesia
3104 3897 3278 3951 sancti
3335 3897 3595 3953 Desiderii
3618 3940 3633 3965 ,

2065 3984 2365 4051 eodemque
2393 3997 2536 4036 anno
2563 3983 2780 4051 quidam
2833 3983 3094 4039 Beraldus
3142 3986 3372 4042 clericus
3419 3987 3636 4044 Clunia-

2061 4074 2334 4138 censibus,
2370 4091 2388 4124 ι
2423 4073 2513 4127 ubi
2545 4072 2770 4129 Maiolus
2800 4084 2882 4128 est
2906 4075 3093 4141 abbas,
3131 4097 3149 4128 ι
3178 4077 3266 4130 dat
3292 4079 3641 4135 medietatem

2060 4168 2207 4223 silvae
2228 4166 2438 4222 Adrolt.
2469 4165 2595 4221 Haec
2616 4177 2885 4237 postrema
2918 4178 3046 4222 sunt
3073 4176 3192 4223 aeta
3218 4168 3393 4225 Maioli
3424 4172 3642 4228 nomine

2062 4259 2319 4329 insignita
2350 4273 2493 4313 anno
2524 4258 2764 4327 Hugonis
2801 4261 2946 4330 regis
2979 4261 3230 4329 septimo,
3259 4261 3540 4317 desinente
3588 4264 3642 4317 in

2062 4367 2262 4406 annum
2316 4349 2519 4407 Christi
2580 4349 2725 4415 994,
2786 4350 2879 4420 qui
2931 4350 3109 4406 Maioli
3171 4360 3296 4406 vrtze
3356 4368 3643 4423 supremus

2062 4442 2179 4497 fuit.

2135 4531 2223 4587 52.
2256 4530 2372 4587 Huc
2410 4538 2619 4600 spectat
2648 4529 2700 4584 id
2726 4528 2867 4599 quod
2901 4530 2965 4585 de
2993 4529 3186 4585 Maiolo
3221 4529 3392 4603 Syrus
3431 4533 3641 4598 scribit,

2066 4639 2259 4695 nempe
2279 4638 2401 4678 eum
2440 4640 2459 4673 ι
2513 4622 2731 4677 biennio
2784 4622 3099 4691 priusquam
3130 4620 3326 4690 obiret,
3366 4639 3396 4678 a
3433 4624 3646 4694 publico

2067 4721 2285 4793 penitus
2315 4717 2658 4782 abstinuisse,
2688 4725 2847 4786 atque
2870 4715 2922 4770 in
2956 4717 3290 4772 monasterio
3311 4726 3401 4772 aut
3429 4719 3482 4773 in
3515 4733 3648 4789 qua-

2070 4814 2192 4866 dam
2219 4809 2414 4865 cellula
2445 4822 2503 4862 se
2542 4806 2899 4869 continuisse,
2924 4814 2981 4860 ut
3007 4806 3079 4861 ibi
3103 4815 3195 4860 aut
3232 4805 3431 4862 fratres
3462 4808 3647 4863 solerti

2071 4901 2251 4958 studio
2282 4898 2601 4968 corrigeret,
2624 4896 2760 4951 etad
2777 4895 2997 4950 meliora
3024 4904 3248 4965 paterna
3280 4897 3652 4952 admonitione

2070 4991 2418 5062 proveherel,
2454 4995 2547 5040 aut
2577 4986 2775 5056 saepius
2821 4987 3045 5041 remotis
3082 4985 3338 5042 omnibus
3381 4986 3525 5040 solus
3553 4986 3655 5040 soli

2074 5085 2183 5139 Deo
2210 5083 2521 5146 inhaereret,
2578 5088 2743 5149 atque
2772 5079 3045 5148 frequenti
3078 5078 3437 5134 alternatione
3462 5088 3552 5131 aut
3583 5078 3657 5131 le.

2074 5176 2260 5242 ctioni,
2297 5182 2389 5230 aut
2414 5172 2646 5228 orationi
2680 5179 2921 5229 vacaret.
2965 5188 2989 5228 s
3034 5170 3137 5225 Per
3164 5169 3218 5224 id
3253 5182 3466 5237 tempus
3493 5170 3664 5225 conti-

2076 5269 2153 5339 git
2180 5269 2231 5323 id
2258 5268 2399 5339 quod
2423 5266 2487 5319 de
2512 5280 2576 5321 eo
2608 5262 3081 5320 refertWidricus
3111 5257 3285 5320 abbas
3317 5259 3585 5315 Tullensis
3610 5260 3667 5317 in

2074 5359 2227 5414 Actis
2256 5358 2431 5415 sancti
2469 5355 2701 5411 Gerardi
2734 5355 3000 5426 episcopi,
3035 5368 3128 5423 qm
3151 5366 3279 5409 cum
3306 5364 3449 5406 anno
3477 5348 3671 5407 eodem

2070 5463 2177 5518 quo
2208 5447 2456 5509 Maiolus,
2487 5452 2541 5499 et
2566 5444 2786 5513 quidem
2816 5444 3019 5514 Aprilis
3040 5441 3112 5497 25
3130 5439 3221 5497 die
3247 5441 3493 5503 obiisset,
3531 5457 3549 5490 ι
3577 5452 3675 5495 ea-
