4494 5520
865 429 969 485 759

1968 424 2025 483 S.
2068 429 2299 485 MXIOLI
2335 430 2627 486 ABBATIS
2661 431 2975 489 ειυκιεις.

4012 449 4114 502 7ιο

865 548 1178 609 advenerat,
1227 545 1449 614 ipseque
1497 544 1722 598 Maiolus
1775 544 1842 597 ad
1905 559 2054 598 csum
2102 545 2446 598 convocando
2475 551 2519 605 Α
2551 552 2740 597 rantur
2770 561 2782 597 :
2817 554 2874 598 et
2913 547 3159 616 quisquis
3201 549 3272 602 ibi
3307 550 3530 606 devotus
3556 552 3846 608 adveniens
3880 556 3946 609 dc
3982 573 4114 625 qua-

865 639 1082 701 fratres,
1138 639 1438 691 monastico
1503 653 1652 691 more
1725 636 2026 707 cymbalum
2083 636 2381 689 insonabat.
2415 656 2432 686 ι

864 730 1016 784 Tunc
1051 730 1197 783 obitu
1225 729 1448 783 Gerardi
1491 727 1748 781 divinitus
1776 735 2072 795 comperto,
2107 743 2226 779 eum
2258 726 2437 779 fratri-

863 820 965 874 bus
1015 818 1302 879 nuntiavit,
1356 826 1516 886 atque
1553 816 1720 884 ipsius
1776 816 2009 868 animam
2060 815 2139 869 eis
2167 829 2436 869 commen-

863 911 1033 973 davit,
1087 918 1144 963 ut
1170 909 1416 977 superius
1440 909 1505 961 de
1538 907 1780 961 Gerardo
1822 906 2118 960 retulimus.

932 1001 1022 1053 55.
1055 1000 1165 1052 Etsi
1198 1013 1326 1051 vero
1353 1014 1382 1052 a
1415 997 1624 1068 publico
1668 996 1891 1050 Maiolus
1919 1011 2138 1063 prorsus
2167 996 2436 1049 abstinere

864 1090 1045 1144 animo
1113 1088 1408 1148 statuisset,
1460 1087 1807 1140 nihilominus
1838 1089 1904 1139 ab
1949 1085 2168 1154 llugone
2199 1086 2434 1138 Franco-

863 1196 979 1233 rnm
1013 1195 1135 1248 rege
1161 1180 1224 1232 de
1252 1179 1591 1234 reformanda
1619 1179 1670 1232 in
1698 1177 2117 1246 sanctiDionysii
2143 1176 2432 1230 Parisiensi

859 1272 1106 1326 cmuohio
1139 1271 1365 1340 regulari
1393 1271 1668 1338 disciplina
1702 1271 2040 1331 sollicitatus,
2073 1288 2089 1319 ι
2121 1269 2244 1322 licet
2275 1268 2431 1321 finem

859 1364 1067 1417 dierum
1092 1378 1310 1416 suorum
1339 1362 1450 1430 jam
1473 1361 1692 1430 jamque
1737 1359 1921 1414 adfore
1952 1375 2055 1411 non
2084 1359 2371 1426 ignoraret,
2407 1376 2424 1408 ι

859 1452 961 1505 iter
982 1452 1208 1520 arripuit
1238 1465 1336 1520 per
1359 1451 1690 1504 territorium
1723 1449 2084 1510 Arvernensc,
2118 1466 2135 1496 ι
2168 1446 2346 1514 ibique
2377 1446 2429 1500 in

854 1543 1085 1611 quadam
1128 1557 1222 1595 sua
1259 1540 1474 1604 cellula,
1523 1539 1813 1595 Silviniaco
1852 1539 2155 1608 (Sourigny)
2205 1537 2426 1600 scilicet,

855 1647 1000 1685 nunc
1035 1631 1152 1686 loco
1199 1631 1570 1695 celeberrimo,
1621 1629 1810 1684 ultima
1846 1629 2159 1698 :rgritudiue
2186 1628 2427 1682 exerceri

853 1723 1038 1792 coepit,
1069 1738 1132 1777 ac
1176 1724 1389 1777 demum
1433 1723 1688 1776 dormivit
1739 1737 1860 1776 cum
1911 1721 2153 1789 patribus
2187 1720 2426 1773 vlduum

853 1809 1131 1872 Maiarum,
1165 1811 1511 1879 sepultusque
1562 1819 1645 1864 est
1702 1810 1755 1864 in
1804 1811 2020 1864 basilica
2059 1810 2226 1864 sancti
2260 1809 2422 1872 Petri,

2544 647 2757 701 ctuique
2807 635 3125 689 necessitate
3173 635 3402 693 fideliter
3445 640 3706 696 auxilium
3747 645 3974 713 expetit,
4007 651 4113 702 voti

2543 722 2622 774 sui
2640 736 2857 789 compos
2873 721 3098 778 effectus
3125 726 3343 780 reditad
3366 730 3582 798 propria
3612 746 3801 801 sospes
3825 744 3883 788 et
3903 734 4109 791 latins.»

2543 811 2638 864 llis
2665 823 3024 868 consentanea
3059 817 3248 870 scribit
3287 817 3483 872 Glaber
3512 821 3774 876 Rodulfus
3812 825 3864 878 in
3897 825 3992 880 lib.
4027 844 4110 892 ιιι,

2541 916 2665 970 cap.
2696 903 2748 956 5.
2777 922 2793 952 σ
2825 903 2956 956 Nam
2983 906 3049 960 ad
3080 907 3221 960 illius
3247 907 3445 962 famam
3474 912 3777 967 sanctitatis
3800 914 4110 970 conﬂuxere

2539 1003 2602 1041 ex
2634 990 2884 1044 universo
2919 991 3164 1048 Romano
3194 997 3324 1050 orbe
3352 998 3450 1051 viri
3475 1008 3528 1052 et
3559 1001 3811 1056 mulieres
3835 1015 4109 1058 utrorum-

2541 1094 2642 1146 que
2671 1081 2919 1135 ordinum
2952 1083 3191 1152 plurimi,
3227 1088 3420 1142 exinde
3453 1090 3744 1146 referentes
3777 1095 4108 1151 diversarum

2540 1170 2913 1227 intirniitatum
2971 1178 3175 1243 gratias
3224 1180 3489 1237 sanitatis.
3540 1183 3870 1240 Deszeviebat
3919 1190 4107 1244 eodem

2541 1271 2780 1330 tempore
2811 1265 2990 1320 clades
3021 1268 3251 1336 pessima
3287 1270 3340 1324 in
3371 1271 3710 1340 hominibus,
3738 1277 3875 1345 ignis
3903 1279 4112 1333 scilicet

2539 1355 2801 1420 occultus,
2839 1358 2929 1425 qui
2972 1360 3329 1429 quodcunque
3359 1365 3723 1420 membrorum
3755 1370 4108 1438 arripuisset,

2538 1447 2812 1499 exurendo
2837 1449 3124 1504 truucabat
3151 1465 3181 1504 a
3223 1466 3468 1520 corpore.
3511 1455 3804 1526 Plerosque
3845 1459 4010 1512 etiam
4057 1461 4110 1514 in

2537 1535 2711 1601 spatio
2737 1538 2895 1591 unius
2926 1540 3097 1593 noctis
3139 1540 3296 1608 hujus
3336 1542 3475 1612 ignis
3503 1548 3836 1617 consumpsit
3866 1551 4104 1604 exustio.

2537 1621 2640 1676 Sed
2666 1639 2788 1677 cum
2815 1625 2866 1678 in
2898 1626 3141 1695 plurimis
3165 1639 3470 1685 sanctorum
3503 1636 3775 1689 memoriis
3803 1636 3960 1706 hujus
3999 1649 4107 1691 tre-

2535 1713 2741 1766 menda:
2765 1716 2930 1782 pestis
2955 1717 3062 1770 sint
3089 1719 3304 1772 inventa
3338 1721 3893 1786 remedia,'maximus
3925 1736 4107 1782 tamen

2535 1815 2829 1857 concursus
2863 1804 3035 1860 factus
3063 1818 3148 1862 est
3191 1809 3258 1862 ad
3291 1810 3453 1866 trium
3482 1824 3793 1870 sanctorum
3829 1817 4108 1873 confesso-

851 1902 942 1955 ubi
971 1902 1324 1956 sanctissimis
1351 1902 1466 1972 ejus
1488 1902 1695 1956 meritis
1725 1901 1889 1955 multa
1925 1910 2251 1970 praestantur
2272 1902 2430 1955 hene-
2465 1902 2505 1960 Β
2536 1904 2654 1944 Γυῐη
2709 1893 3002 1960 θεειεείδε,
3050 1895 3265 1952 Marlini
3297 1899 3504 1954 scilicet
3543 1902 3899 1974 Turonorum,
3945 1919 4108 1977 atque

849 1993 990 2050 licia.
1031 2015 1046 2046 ι
1080 1994 1156 2050 De
1179 2010 1242 2049 ea
1276 2011 1330 2050 re
1357 1996 1427 2050 ita
1459 2007 1676 2050 sanctus
1705 1994 1891 2050 Odilo:
1929 2013 1947 2044 ι
1999 1995 2147 2050 Adeo
2183 1996 2426 2066 magniﬁ-

846 2097 998 2143 catus
1020 2096 1073 2140 et
1091 2087 1418 2157 glorificatus
1438 2097 1522 2140 est
1548 2088 1737 2140 beatus
1769 2087 2012 2150 Maiolus,
2047 2089 2250 2142 Domini
2290 2103 2425 2156 pne-

845 2174 1099 2228 veniente
1143 2175 1340 2243 gratia,
1376 2174 1427 2227 in
1459 2184 1749 2243 conspectu
1803 2191 1988 2243 regum
2033 2187 2088 2230 et
2118 2177 2421 2245 principum

845 2279 1027 2319 coram
1055 2265 1200 2317 omni
1228 2264 1440 2332 populo,
1490 2275 1549 2318 ut
1586 2266 1854 2334 possimus
1882 2266 2063 2320 dicere
2092 2267 2155 2320 de
2201 2282 2266 2320 eo
2307 2267 2423 2319 sine

845 2354 1029 2416 dubio,
1061 2354 1204 2422 quod
1232 2355 1298 2408 de
1323 2353 1503 2424 Moyse
1528 2355 1620 2409 Dei
1651 2355 1848 2408 famulo
1872 2355 2285 2410 Ecclesiasticus
2337 2372 2416 2410 re-

844 2445 1010 2514 plicat
1033 2460 1212 2500 sermo
1241 2461 1254 2496 :
1289 2445 1623 2500 Clorificavit
1651 2446 1864 2500 illumin
1893 2455 2181 2515 conspectu
2214 2462 2416 2516 regum,

841 2547 897 2592 ct
926 2538 1258 2592 ostenditilli
1285 2538 1510 2608 gloriam
1537 2553 1712 2591 suam.
1757 2537 1905 2607 Hugo
1948 2554 2040 2592 rex
2086 2537 2417 2591 Francorum

842 2637 1054 2698 quoties
1099 2629 1246 2683 illum
1279 2630 1444 2694 vidit,
1490 2629 1677 2682 humili
1723 2627 2006 2682 devotione
2059 2628 2315 2696 suscepit,
2366 2637 2419 2682 et

840 2737 962 2775 cum
998 2736 1190 2790 magno
1215 2722 1418 2775 honore
1450 2721 1718 2775 tractavit.
1754 2719 2017 2788 Tempore
2039 2735 2166 2774 vero
2195 2735 2304 2774 sua:
2326 2735 2420 2774 vo-

839 2813 1068 2868 cationis
1097 2813 1162 2866 ad
1191 2826 1249 2866 se
1281 2813 1465 2866 venire
1496 2811 1703 2881 rogavit
1724 2825 1785 2864 ea
1811 2811 2130 2874 intentione,
2155 2819 2211 2863 ut
2241 2824 2418 2863 mona-

840 2905 1061 2960 sterium
1090 2903 1146 2957 S.
1177 2903 1412 2974 Dionysii
1437 2902 1552 2970 ejus
1579 2902 1802 2957 consilio
1829 2911 1882 2956 et
1905 2901 2174 2970 adjutorio
2201 2900 2412 2963 melius,

838 3012 1000 3066 quam
1036 3005 1160 3048 tunc
1181 3003 1318 3058 erat,
1371 2995 1608 3048 ordinari
1642 3003 1934 3062 posset.....
1966 2994 2047 3047 Ad
2078 2993 2204 3047 illud
2252 3009 2415 3065 nego-

837 3087 977 3140 tium
1003 3085 1366 3154 peragendum
1415 3085 1655 3154 gaudens
1697 3085 1797 3138 iter
1849 3085 2105 3154 suscepit,
2135 3098 2307 3154 usque
2348 3083 2413 3137 ad

834 3174 1014 3229 locum
1069 3173 1421 3228 Silviniacum
1475 3174 1738 3241 pervenit,
1785 3173 1874 3227 ubi
1920 3188 1978 3227 se
2031 3173 2138 3227 Deo
2184 3181 2414 3227 vocante

2531 1981 2766 2037 Odolrici
2810 1983 3209 2050 Bajoariorum,
3248 2003 3348 2043 nec
3387 2005 3491 2044 non
3517 2001 3571 2046 et
3594 1993 3748 2049 istius
3786 2000 4107 2054 venerabilis

2528 2077 2700 2144 patris
2721 2077 2927 2143 Maioli;
2955 2088 3255 2148 optataque
3286 2082 3476 2136 salutis
3518 2084 3736 2140 inventa
3778 2098 3902 2142 sunt
3931 2105 4104 2144 reme-

2527 2165 2666 2218 dia.»
2700 2167 2849 2222 llanc
2897 2169 3279 2224 miraculorum
3342 2170 3702 2242 frequentiam
3732 2178 3798 2230 ad
3857 2188 4098 2248 tempora

2526 2254 2667 2310 Petri
2686 2255 3021 2313 Venerabilis
3049 2274 3426 2328 perseverasse
3453 2272 3643 2318 auctor
3662 2274 3743 2319 est
3772 2267 3885 2336 ipse
3907 2266 4101 2323 Petrus

2526 2343 2578 2397 iu
2611 2344 2704 2398 lib.
2738 2361 2798 2408 ll,
2831 2347 2898 2401 de
2940 2349 3212 2403 miraculis
3251 2365 3370 2419 cap.
3402 2352 3461 2405 3t
3486 2391 3498 2414 ,
3533 2353 3619 2407 ubi
3663 2354 3904 2410 referens
3931 2361 4099 2410 mira-

2523 2435 2700 2490 culum
2731 2437 2796 2491 de
2818 2453 2983 2506 puero
3011 2456 3103 2507 per
3130 2452 3366 2495 sanctum
3402 2443 3656 2499 Maiolum
3699 2462 3729 2499 a
3770 2459 3944 2504 morte
3981 2467 4098 2505 Sus-

2521 2525 2709 2581 citato.
2746 2546 2764 2578 ‹
2797 2528 2847 2582 ls
2887 2531 3089 2583 etenim
3135 2542 3372 2598 sanctus,
3410 2535 3506 2598 ait,
3540 2538 3681 2590 sicut
3710 2555 3846 2608 pene
3889 2545 4096 2599 cunctis

2520 2613 2815 2672 Galliarum
2860 2619 3072 2688 populis
3119 2630 3305 2675 notum
3349 2633 3465 2690 est,
3494 2637 3550 2679 ut
3579 2644 3806 2698 magnus
3851 2633 3979 2696 vita,
4017 2637 4095 2689 sic

2520 2707 2818 2774 miraculis,
2847 2720 2901 2764 et
2929 2712 3055 2765 dum
3088 2714 3335 2770 mortalis
3364 2718 3600 2784 viveret,
3635 2731 3689 2775 et
3717 2733 3836 2792 post
3866 2738 4091 2781 mortem

2519 2799 2753 2853 maxime
2777 2799 3003 2871 insignis
3028 2804 3255 2856 exstitit.
3291 2804 3402 2859 Hac
3427 2809 3809 2866 miraculorum
3835 2819 4008 2883 gratia
4038 2817 4089 2871 iu

2520 2898 2722 2943 tantum
2763 2891 2874 2960 jam
2915 2908 3012 2961 per
3044 2905 3259 2948 centum
3293 2899 3569 2968 sexaginta
3617 2910 3671 2955 et
3715 2904 3849 2958 duos
3877 2919 4047 2960 annos
4074 2945 4089 2970 ,

2516 2976 2618 3032 hoc
2647 2988 2728 3033 est
2753 2997 2780 3033 a
2809 2990 3048 3051 tempore
3087 2985 3279 3038 mortis
3306 3000 3432 3049 suat,
3464 2988 3689 3054 claruit,
3725 3001 3783 3045 ut
3819 3002 3944 3060 post
3966 3010 4091 3048 san-

2516 3076 2658 3120 ctam
2691 3070 2785 3123 Dei
2820 3070 3150 3126 Gen‘itricem
3181 3073 3381 3128 nullum
3410 3090 3720 3133 sanctorum
3749 3081 3802 3134 in
3846 3093 3955 3136 tota
3987 3084 4091 3137 Eu-

2516 3173 2646 3228 r0pa
2694 3171 2872 3215 nostra
2906 3164 2959 3215 in
2991 3165 3292 3233 hujusmodi
3321 3168 3573 3235 operibus
3598 3186 3782 3239 parem
3811 3172 4026 3229 habeat.
4065 3195 4083 3226 ι

833 3266 1028 3334 plenus
1052 3265 1258 3318 dierum
1287 3275 1341 3318 et
1369 3266 1673 3320 sanctitatis
1705 3280 1771 3319 ex
1806 3265 1906 3319 hac
1945 3266 2056 3318 vita
2083 3265 2216 3319 obiit
2235 3280 2266 3317 v
2290 3263 2413 3318 Idus
2441 3248 2485 3308 (ἶ
2517 3247 2608 3302 Νθε

2315 3265 2413 3318 dus
2441 3248 2485 3308 C
2517 3247 2625 3303 Nec
2647 3248 2866 3305 defuere
2901 3252 3350 3323 subsequentibus
3383 3260 3716 3327 temporibus
3740 3260 3881 3316 beati
3909 3261 4087 3317 Maioli

834 3353 981 3418 Maii,
1042 3353 1387 3408 illucescente
1433 3354 1567 3408 feria
1619 3363 1791 3418 sexta,
1844 3363 1966 3422 post
1992 3353 2411 3407 celebrationem

833 3446 1004 3514 ipsius
1038 3444 1419 3500 sacratissima:
1449 3444 1826 3510 solemnitatis,
1853 3459 1957 3512 qua
1987 3442 2234 3496 Christus
2256 3441 2413 3496 Jesus

833 3536 1094 3613 Dominus
1117 3545 1316 3598 noster,
1367 3536 1592 3589 subacto
1617 3536 1807 3590 mortis
1832 3534 2096 3605 principe,
2128 3533 2194 3586 ad
2225 3533 2415 3586 dexte-

832 3643 949 3682 ram
967 3626 1142 3682 Patris
1169 3629 1430 3691 ascendit,
1462 3636 1516 3681 et
1541 3628 1682 3682 fideli
1720 3643 1818 3682 suo
1849 3626 2044 3680 Maiolo
2081 3624 2410 3680 ascendendi

831 3727 954 3790 post
979 3733 1038 3773 se
1073 3718 1177 3772 iter
1198 3718 1455 3773 ostendit.
1492 3736 1510 3770 ι
1542 3717 1671 3784 Quae
1692 3719 1870 3772 omnia
1903 3717 2229 3772 conveniunt
2271 3729 2412 3768 anno

831 3807 1030 3863 Christi
1059 3807 1184 3873 994,
1214 3822 1318 3876 quo
1339 3806 1549 3862 Pascha
1582 3807 1634 3860 in
1663 3807 1802 3862 diem
1826 3807 2056 3876 primum
2082 3804 2281 3874 Aprilis
2311 3804 2413 3858 sub

832 3899 1014 3954 littera
1047 3898 1365 3953 Dominicali
1394 3897 1434 3953 G
1462 3898 1748 3959 incidebat,
1797 3897 1929 3952 feria
1979 3906 2132 3951 sexta
2163 3904 2282 3966 post
2315 3909 2414 3948 as-

830 3992 1142 4047 censionem
1188 3990 1397 4044 Domini
1446 3990 1499 4044 in
1534 3990 1676 4043 diem
1704 3988 1763 4042 ll
1806 3988 1950 4042 Maii.
1993 3987 2147 4041 llunc
2195 3987 2334 4039 diem
2357 3993 2410 4038 et

829 4095 1034 4135 annum
1071 4081 1270 4135 diserte
1305 4078 1866 4150 exprimitNalgodus,
1902 4080 1991 4149 qui
2019 4077 2212 4132 Maiolo
2236 4091 2408 4130 annos

828 4173 889 4226 41
931 4172 1208 4242 regiminis
1239 4171 1463 4225 ascribit
1486 4171 1554 4225 ab
1580 4185 1724 4224 anno
1751 4185 1860 4224 suae
1903 4168 2279 4223 ordinationis.
2311 4166 2409 4221 Er-

829 4278 914 4324 rat
942 4269 1125 4336 itaque
1163 4265 1486 4318 Lambcrtus
1535 4263 2041 4334 Scafnaburgensis,
2068 4277 2190 4317 cum
2227 4261 2407 4316 Maioli

827 4357 1036 4412 obitum
1066 4356 1218 4425 ponit
1253 4369 1393 4409 anno
1422 4355 1546 4410 99L

900 4447 989 4500 54.
1021 4445 1197 4515 Pergit
1223 4444 1378 4500 Odilo
1407 4463 1420 4498 :
1453 4463 1471 4495 ι
1505 4445 1632 4498 Post
1657 4445 1810 4514 cujus
1837 4444 2126 4498 transitum
2158 4444 2407 4513 supradi-

827 4546 946 4591 ctus
991 4551 1086 4590 rex
1153 4534 1304 4603 Huge
1347 4535 1611 4587 adventus
1656 4534 1738 4587 sui
1784 4534 2070 4602 praesentia
2115 4545 2170 4587 et
2214 4535 2407 4604 regali-

825 4627 927 4680 bus
950 4624 1103 4679 donis
1131 4625 1419 4692 exsequias
1443 4623 1562 4692 ejus
1589 4623 1874 4677 honoravit
1898 4632 1953 4676 et
2000 4624 2281 4687 tumulum,
2317 4626 2406 4678 ubi

824 4723 1118 4785 praestante
1147 4713 1370 4767 Domino
1402 4714 1568 4766 multa
1623 4721 1834 4783 patrata
1882 4723 2007 4768 sunt
2037 4724 2092 4768 et
2124 4725 2411 4784 patrantur

829 4806 1112 4870 miracula,
1146 4815 1198 4860 et
1222 4805 1466 4874 plurimis
1488 4804 1718 4875 plurima
1749 4806 1992 4873 praestita
2028 4815 2230 4860 sunt'et
2274 4822 2411 4876 pra:-

825 4905 1039 4951 stantur
1072 4895 1354 4958 beneticia,
1381 4910 1610 4964 quorum
1646 4895 2091 4948 numerositatem
2125 4903 2180 4948 et
2201 4895 2409 4964 magni-

827 4985 1067 5040 tudinem
1094 4999 1200 5038 non
1228 4981 1422 5037 sufﬁcit
1447 4997 1541 5051 per
1562 4983 1806 5037 ordinem
1829 4983 2070 5037 omnium
2093 4993 2402 5038 nostrorum

824 5089 1084 5130 enarrare
1118 5073 1400 5128 memoria.
1435 5071 1542 5126 Sed
1574 5081 1632 5126 ut
1665 5071 1984 5127 brevissima
2029 5082 2150 5126 utar
2185 5073 2406 5128 conclu-

826 5167 998 5230 sione,
1029 5165 1098 5219 ad
1135 5164 1438 5233 sepulcrum
1473 5163 1627 5217 istius
1668 5162 2000 5218 sanctissimi
2049 5163 2172 5224 viri,
2203 5165 2268 5218 de
2299 5181 2405 5233 quo

824 5256 1117 5326 loquimur,
1144 5264 1199 5309 et
1225 5253 1380 5323 cujus
1400 5254 1565 5307 vitam
1597 5262 1652 5308 et
1675 5253 1864 5308 merita
1886 5253 2139 5308 charitati
2168 5255 2401 5308 fidelium

821 5345 1206 5387 pnnlmonrlnre
1235 5345 1476 5387 nitimur-
1509 5345 1678 5389 gratia
1709 5353 1763 5389 et
1805 5343 2170 5391 misericordia
2201 5344 2402 5393 Christi

2515 3340 2794 3406 miracula,
2828 3343 2892 3396 de
2921 3343 3115 3411 quibus
3149 3347 3513 3401 testimonium
3555 3352 3795 3417 praebent
3817 3352 4088 3422 _Clemeus

2513 3427 2655 3497 Papa
2687 3428 2776 3495 IV,
2810 3431 3078 3487 Honorius
3109 3434 3176 3488 ιν
3204 3443 3258 3488 et
3281 3435 3528 3511 Clemens
3557 3439 3619 3492 γι
3646 3440 3698 3493 in
3727 3441 3887 3494 bullis
3916 3443 4049 3496 suis.

2585 3519 2675 3574 55.
2715 3519 2851 3576 Hinc
2875 3519 3076 3576 factum
3105 3532 3209 3590 est,
3242 3534 3301 3579 ut
3323 3525 3548 3582 Maiolus
3579 3530 3759 3583 statim
3783 3540 3903 3599 post
3930 3547 4086 3586 suum

2513 3612 2685 3682 ipsius
2727 3614 2933 3669 obitum
2971 3626 3194 3672 sanctus
3241 3621 3458 3676 habitus
3502 3621 3784 3692 cultusque
3810 3625 3900 3678 sit.
3936 3624 4087 3679 Unde

2511 3704 2826 3759 Adalheidis
2856 3706 3446 3776 imperatrix,testante
3472 3710 3715 3776 Odilone,
3749 3732 3767 3764 ‹
3808 3713 3922 3783 ipso
3949 3725 4086 3768 tem-

2512 3810 2644 3865 pore
2669 3813 2776 3866 quo
2806 3797 3043 3853 instabat
3078 3801 3186 3854 sibi
3232 3801 3348 3856 dies
3392 3818 3676 3872 supremus
3706 3806 3866 3874 (anno
3894 3807 4089 3860 scilicet

2512 3885 2808 3956 millesimo)
2853 3887 3228 3943 beatissimum
3274 3899 3482 3961 patrem
3519 3892 3894 3961 Benedictum,
3925 3896 3977 3949 id
4005 3905 4088 3949 est

2512 3976 2858 4032 Floriacense
2889 3981 3297 4045 monasterium,
3331 3983 3460 4036 licet
3488 3985 3716 4054 exiguis,
3747 3995 3923 4040 tamen
3958 3980 4086 4058 pro-

2511 4068 2643 4136 priis
2671 4069 2906 4144 visitavit
2931 4072 3242 4126 muneribus
3267 4089 3280 4124 :
3309 4089 3408 4129 nec
3430 4089 3535 4129 non
3563 4085 3614 4130 et
3639 4077 3810 4132 beata:
3839 4079 4087 4134 recorda-

2515 4160 2679 4215 tionis
2694 4169 2900 4229 patrem
2918 4160 3195 4229 Maiolum,
3212 4163 3418 4220 caalesti
3436 4167 3602 4234 gloria
3618 4166 3728 4234 jam
3744 4180 4056 4224 coronatum
4069 4210 4084 4236 ,

2512 4265 2673 4320 quem
2706 4254 2828 4304 dum
2859 4251 2910 4304 in
2928 4253 3030 4307 hac
3044 4253 3152 4306 vita
3169 4254 3506 4320 subsisteret,
3521 4258 3852 4324 przecunctis
3882 4268 4080 4313 morta-

2511 4349 2653 4403 libus
2691 4347 2781 4402 illo
2807 4349 2998 4403 ordine
3027 4349 3301 4418 diligebat.
3340 4369 3358 4401 ι
3387 4351 3452 4405 Et
3474 4353 3690 4420 quidem
3717 4353 3828 4422 jam
3860 4354 3985 4408 inde
4022 4357 4086 4412 ab

2513 4439 2681 4509 ipsius
2702 4439 2849 4493 obitu
2879 4447 3127 4494 sanctum
3154 4441 3354 4495 dictum
3377 4441 3540 4496 fuisse
3565 4444 3758 4512 probat
3780 4446 3967 4500 charta
3986 4447 4085 4501 145

2514 4530 2566 4583 in
2591 4529 2707 4598 ejus
2735 4528 3029 4591 chartario,
3062 4529 3113 4582 in
3145 4545 3247 4599 qua
3277 4532 3391 4586 haec
3417 4530 3695 4601 leguntur:
3726 4552 3744 4585 ι
3775 4533 3886 4605 Ego
3916 4535 4086 4589 Arleis

2512 4621 2654 4675 dono
2685 4620 2794 4674 Deo
2839 4629 2894 4674 et
2944 4629 3135 4674 sancto
3163 4619 3386 4683 Maiolo,
3434 4632 3494 4675 ut
3535 4637 3630 4691 per
3678 4624 3870 4677 merita
3917 4623 4085 4692 ipsius

2513 4711 2721 4766 valeam
2770 4711 2994 4780 adipisci
3026 4713 3245 4780 praemia
3275 4722 3475 4766 atterna
3499 4753 3512 4776 ,
3537 4723 3593 4767 et
3637 4713 3753 4781 ejus
3803 4714 4083 4767 monachis

2512 4811 2718 4873 partem
2743 4803 2808 4858 de
2838 4801 3008 4857 Medio
3038 4801 3226 4858 Plauto
3256 4804 3308 4858 in
3349 4819 3485 4874 pago
3512 4803 3888 4859 Matisconeusi
3914 4845 3928 4869 ,
3962 4805 4080 4859 villa

2513 4895 2771 4960 Maliaco,
2796 4893 2912 4950 loco
2935 4895 3001 4947 ad
3029 4892 3361 4960 Trihladam,
3383 4911 3524 4950 anno
3546 4896 3578 4948 6
3605 4894 3847 4949 Retberti
3873 4896 4032 4966 regis.
4058 4914 4075 4946 ι

2511 4983 2728 5038 Festum
2751 4985 2866 5053 ejus
2906 4985 3044 5036 inter
3073 4984 3371 5053 praecipuas
3394 4986 3522 5038 anni
3563 4984 3933 5040 solemnitates
3955 5001 4077 5038 ceu-

2511 5083 2661 5128 setur
2689 5073 2829 5142 apud
2860 5072 3170 5126 Udalricum
3205 5072 3260 5124 in
3305 5072 3396 5126 lib.
3425 5089 3441 5126 ι
3473 5072 3931 5127 Consuetudinum
3955 5072 4073 5125 Clu-

2511 5163 2846 5218 niacensium
2875 5177 2994 5230 cap.
3021 5162 3108 5226 ll,
3139 5171 3194 5215 et
3236 5163 3287 5214 in
3315 5177 3414 5231 cap
3441 5161 3510 5217 54
3537 5162 3752 5215 ecclesia
3797 5159 3855 5215 S.
3897 5161 4080 5214 Maioli

2511 5253 2649 5320 apud
2676 5250 2988 5320 Cluniacum
3021 5257 3129 5302 tum
3155 5249 3338 5311 fuisse,
3368 5258 3418 5302 et
3440 5250 3506 5302 ad
3533 5265 3654 5306 eam
3680 5250 4077 5319 processionem

2510 5345 2625 5393 tieri
2655 5342 2868 5393 solitam
2920 5341 2995 5393 ait
3047 5341 3099 5393 in
3128 5340 3319 5393 Bautis
3364 5339 3690 5393 Palmarum.
3730 5340 3787 5393 ln
3815 5339 4079 5393 nlerisanc
