4494 5520
296 310 394 365 ἸΗ

1487 295 1787 352 ELOCIUM
1832 292 2272 349 IIISTORICUM.

3467 299 3568 355 7όὶ

295 423 473 495 primo
502 433 662 490 super
687 417 815 472 illud
844 422 1085 471 erectum
1113 422 1196 468 est
1234 411 1403 466 altare
1447 427 1476 465 a
1508 411 1753 481 Bcggone
1780 411 1878 462 Ar-
1910 419 1951 470 Α
1983 409 2228 476 magistri
2268 410 2517 463 meritum
2559 409 2907 481 intelligatur.
2955 411 3010 465 lu
3062 412 3144 466 bis
3169 413 3275 467 duo
3314 415 3569 486 praecipui

296 511 554 569 vernensi
600 510 872 580 episcopo,
919 505 1010 575 qui
1040 505 1176 559 ritus
1221 513 1337 558 erat
1367 504 1636 572 quondam
1671 511 1883 554 sanctos

299 604 354 658 in
384 615 651 657 canonem
686 596 985 669 redigendi,
1015 604 1073 650 ut
1105 595 1158 649 in
1186 594 1504 665 praefatione
1538 594 1881 647 observatum

299 703 401 751 est.
434 695 510 748 De
535 693 694 748 istius
722 690 911 744 altaris
944 687 1351 743 consecratione
1386 685 1501 755 lege
1545 700 1663 754 quae
1694 685 1744 736 in
1780 684 1882 736 fine

303 784 458 853 hujus
495 783 654 852 elogii
688 780 1004 836 referemus.
1051 776 1181 832 Post
1211 792 1379 830 annos
1407 774 1519 829 fere
1568 785 1782 830 centum
1811 789 1879 828 ex

301 874 509 930 tumulo
531 875 730 929 elatum
756 880 837 926 est
863 885 1076 926 sacrum
1109 883 1326 939 corpus.
1354 865 1481 935 Ejus
1505 867 1578 920 rei
1611 874 1884 920 auctorem

303 967 519 1022 invenio
571 963 849 1020 Urbanum
879 978 1072 1034 papam
1120 961 1186 1025 II,
1235 959 1387 1029 cujus
1433 959 1641 1014 litteras
1689 957 1887 1013 Joellus

302 1059 588 1114 Remensis
613 1055 1052 1125 archiepiscopus
1095 1051 1435 1121 recognoscit
1462 1051 1512 1104 in
1563 1049 1888 1104 bibliotheca

304 1149 646 1205 Cluniacensi
697 1147 800 1202 col.
847 1145 973 1208 309.
1018 1145 1106 1198 ubi
1141 1144 1254 1198 haec
1311 1142 1582 1212 pontificis
1615 1143 1779 1196 verba
1824 1143 1890 1195 ad

305 1237 730 1292 Silviniacenses
771 1252 784 1286 :
843 1251 861 1284 ι
894 1232 1158 1299 Quoniam
1207 1245 1454 1299 superna:
1502 1231 1891 1284 benedictionis

301 1329 617 1398 dignatione
640 1325 955 1380 multimoda
996 1333 1173 1378 actum
1204 1332 1315 1386 est,
1350 1333 1406 1375 ut
1450 1337 1547 1376 nos
1577 1322 1673 1391 ipsi
1707 1338 1891 1374 mona-

307 1419 532 1472 sterium
562 1427 826 1478 vestrum.
857 1425 909 1470 et
934 1416 1074 1469 beati
1112 1414 1290 1468 Maioli
1329 1429 1530 1483 corpus
1559 1415 1697 1468 intra
1722 1414 1892 1468 eccle-

307 1508 440 1562 siam
470 1509 536 1560 ad
558 1507 737 1561 locum
762 1506 922 1559 alium
951 1504 1245 1558 transferre
1268 1504 1645 1567 meruerimus,
1673 1504 1892 1572 dignum

307 1596 582 1659 duximus,
631 1610 753 1648 cum
784 1593 1157 1648 Cluniacensis
1188 1592 1420 1646 emnobii
1452 1632 1466 1655 ,
1500 1592 1585 1645 cui
1639 1601 1891 1660 tanquam

307 1686 550 1739 membra
615 1684 776 1752 capiti
830 1683 1180 1753 singulariter
1227 1682 1543 1744 inhirretis,
1605 1681 1895 1734 dilectione

1993 500 2214 554 fuerunt
2245 501 2399 556 Odilo
2441 511 2492 556 et
2524 502 2826 557 Willelmus
2851 546 2862 567 ,
2900 503 2986 560 ille
3033 504 3205 558 Maioli
3251 520 3570 572 successor,

1989 592 2075 646 hic
2103 594 2267 648 abbas
2292 592 2654 659 Divioncusis,
2689 597 2778 665 qui
2815 597 2978 650 multa
3008 599 3332 652 monasteria
3363 600 3428 654 ad
3453 615 3568 656 me-

1991 683 2176 737 liorem
2233 684 2437 752 frugem
2478 689 2770 741 revocavit.
2825 689 2896 741 De
2934 689 3036 743 hoc
3089 705 3256 760 agens
3305 685 3459 745 Odilo
3514 691 3569 745 in

1989 771 2166 826 IibcIIo
2218 774 2280 828 de
2313 775 2448 829 actis
2483 777 2656 830 sancti
2710 776 2884 830 Maiuli
2915 796 2928 831 :
2987 796 3004 828 ι
3039 777 3103 832 Et
3153 789 3207 833 ut
3236 794 3369 849 pace
3410 781 3572 850 spiri-

1991 864 2215 918 tualium
2247 866 2538 930 artificum,
2571 869 2665 931 ait,
2704 870 2752 922 in
2787 871 2973 924 eadem
3015 870 3215 926 fabrica
3245 871 3450 926 ctelcsti
3491 872 3570 927 la-

1990 953 2296 1009 borantium
2325 957 2356 1010 d
2383 972 2522 1020 cam,
2559 974 2693 1011 unus
2725 960 2991 1030 praecipue
3021 960 3263 1024 refulsit,
3286 962 3376 1030 qui
3405 977 3575 1030 nuper

1994 1047 2154 1100 rebus
2186 1049 2436 1102 humanis
2465 1050 2730 1114 excessit,
2762 1061 2814 1104 et
2839 1055 2928 1120 qui
2965 1050 3085 1120 plus
3128 1052 3285 1106 nobis
3321 1052 3571 1106 omnibus

1994 1140 2299 1203 laboravit,
2352 1141 2581 1195 donmus
2632 1143 2878 1197 videlicet
2925 1143 3091 1197 abbas
3139 1142 3460 1204 Willelmus,
3509 1143 3577 1196 de

1994 1229 2146 1298 cujus
2185 1231 2503 1286 clarissimis
2529 1233 2740 1287 actibus
2767 1244 2820 1287 et
2845 1234 2950 1286 vita
2979 1233 3228 1287 laudabili
3265 1242 3318 1286 et
3343 1233 3577 1287 mirabili

1993 1326 2406 1378 conversatione
2431 1327 2671 1394 parvitas
2695 1337 2876 1381 nostra
2904 1342 3008 1380 non
3033 1325 3223 1378 suflicit
3245 1326 3385 1394 quod
3415 1327 3579 1379 sentit

1995 1416 2060 1468 ad
2094 1418 2308 1486 plenum
2341 1415 2566 1470 referre.
2595 1437 2612 1468 ι
2654 1417 2726 1471 De
2767 1432 2831 1471 eo
2872 1433 2934 1471 ac
2966 1419 3031 1470 de
3061 1415 3284 1470 Odilune
3317 1416 3429 1484 ipso
3452 1430 3576 1484 age-

1995 1522 2114 1560 mus
2143 1508 2193 1560 in
2223 1507 2420 1561 saeculo
2449 1509 2718 1576 sequenti.
2747 1507 2841 1563 His
2872 1508 3193 1578 adjungendi
3219 1506 3389 1561 Teuto
3413 1507 3579 1561 abbas

1995 1594 2360 1659 Fossatensis,
2385 1606 2438 1649 ct
2472 1595 2751 1650 Hcldricus
2778 1596 3264 1650 Autissiodurensis
3285 1595 3397 1664 jam
3430 1611 3457 1647 a
3485 1610 3579 1647 no-

1999 1683 2082 1738 bis
2112 1685 2331 1739 laudati.
2363 1687 2436 1740 De
2479 1685 2720 1740 Teutone
2750 1686 2913 1741 multa
2962 1687 3218 1756 praeclara
3253 1699 3581 1740 commemo-

309 1780 607 1847 prmcipua,
657 1785 770 1829 tum
808 1775 1084 1841 religionis
1115 1784 1307 1828 vestra:
1360 1774 1681 1836 reverentia,
1709 1790 1800 1827 vos
1839 1782 1893 1828 et
1926 1769 1966 1826 Β
2000 1783 2187 1827 rantur
2214 1774 2266 1827 iu
2314 1774 2495 1829 libello
2543 1775 2608 1830 de
2658 1776 2766 1829 vita
2817 1775 3115 1830 Iiurchardi
3162 1775 3396 1829 comitis.
3434 1775 3579 1828 Inter

311 1869 486 1922 locum
536 1877 777 1921 vestrum
811 1865 1097 1933 specialius
1142 1865 1285 1918 sedis
1327 1863 1637 1932 apostolicae
1684 1875 1892 1933 protec-

311 1961 458 2015 tioue
484 1959 811 2013 munire.....
855 1958 1048 2011 Datum
1088 1957 1226 2024 apud
1260 1955 1727 2012 Monticulum.....
1755 1955 1892 2009 Idib.

312 2053 503 2107 Octob.
538 2052 724 2105 indict.
759 2051 836 2113 5.,
881 2065 1022 2102 anno
1055 2050 1346 2104 Dominic;e
1379 2049 1482 2103 inc.
1511 2049 1664 2103 I097.
1705 2069 1721 2098 ›
1761 2049 1898 2102 Sub-

312 2143 559 2210 sequitur
592 2141 734 2194 bulla
764 2139 1056 2194 Clementis
1102 2138 1199 2201 IV,
1233 2140 1304 2192 ita
1357 2138 1622 2208 loquentis
1653 2157 1663 2191 :
1705 2157 1720 2189 ι
1763 2139 1895 2193 Cum

309 2233 518 2302 itaque,
552 2232 692 2286 sicut
720 2246 783 2283 ex
812 2240 990 2284 vestra
1019 2229 1381 2283 insinuatione
1413 2231 1743 2299 accepimus,
1770 2246 1894 2299 pro-

309 2333 432 2394 pter
471 2323 663 2377 merita
696 2322 926 2391 gloriosa
965 2329 1274 2375 sanctorum
1302 2319 1671 2375 confessor-um
1718 2320 1894 2374 Maioli

314 2427 367 2469 ct
408 2414 678 2476 Odilonis,
710 2428 939 2482 quorum
974 2426 1200 2480 corpora
1245 2410 1300 2462 in
1335 2419 1510 2463 vestra
1549 2414 1775 2464 eccleSIa
1819 2426 1903 2464 re-

317 2506 621 2573 quiescunt,
649 2501 914 2555 mirabilis
948 2502 1085 2555 Deus
1117 2501 1167 2553 in
1204 2501 1406 2554 sanctis
1428 2501 1540 2554 suis
1574 2501 1735 2554 multa
1769 2517 1901 2570 quo-

313 2597 448 2649 tidie
497 2593 756 2647 miracula
809 2601 1064 2659 operetur
1119 2590 1355 2652 ibidem,
1407 2601 1624 2660 propter
1670 2608 1789 2660 qua:
1836 2591 1902 2645 ad

320 2688 564 2741 eamdem
595 2685 876 2739 ecclesiam
906 2683 970 2737 de
997 2683 1225 2736 diversis
1248 2684 1488 2751 partibus
1512 2683 1744 2738 fidelium
1771 2683 1903 2736 mul-

322 2778 552 2829 titudine
588 2773 908 2835 confluente,
943 2789 1136 2842 corpus
1161 2773 1399 2842 prtcdicti
1432 2774 1605 2826 sancti
1638 2772 1812 2828 Maioli
1838 2773 1904 2826 ad

324 2870 486 2921 alium
533 2869 705 2920 locum
742 2867 910 2935 ipsius
951 2865 1196 2920 ecclesia:
1246 2866 1415 2934 magis
1455 2866 1818 2918 venerabilem
1852 2875 1905 2919 et

323 2959 605 3010 decentem
658 2955 934 3008 intenditis
977 2970 1097 3007 cum
1127 2953 1304 3007 debita
1345 2957 1688 3009 veneratione
1727 2965 1902 3009 trans-

317 3047 504 3108 ferre;
549 3061 758 3098 nos.....
798 3043 1046 3097 omnibus
1093 3059 1218 3098 vere
1259 3045 1645 3112 paenitentibus
1687 3053 1742 3099 ct
1781 3061 1906 3100 con-

2001 1877 2216 1932 czctera,
2255 1884 2273 1918 ‹
2324 1867 2610 1937 religiosus
2654 1870 2820 1923 abbas
2864 1869 3273 1939 Teutojejuniis
3297 1879 3350 1922 et
3382 1870 3583 1923 oratio-

2001 1958 2197 2022 nibus,
2243 1958 2657 2028 vigiliarumque
2693 1960 3194 2028 pernoctationibus
3241 1960 3454 2013 assidue
3499 1960 3584 2012 in-

2003 2058 2182 2102 tentus
2226 2047 2422 2112 fuisse,
2453 2063 2517 2102 ac
2558 2047 2664 2102 Deo
2692 2063 2905 2118 semper
2931 2048 3143 2117 placere
3177 2049 3406 2102 fideliter
3440 2049 3585 2103 desi-

2002 2141 2222 2194 derasse
2248 2140 2587 2210 perhibetur.
2620 2140 2754 2194 Cum
2791 2155 2921 2210 ergo
2948 2141 2999 2192 in
3029 2139 3146 2192 loco
3169 2139 3267 2194 sibi
3296 2141 3586 2193 commisso

2003 2231 2247 2294 arduam,
2289 2238 2346 2283 ut
2368 2229 2651 2299 cupiebat,
2685 2231 2850 2282 vitam
2893 2231 2960 2283 ob
3004 2228 3290 2298 pastoralis
3325 2230 3586 2285 custodia:

2002 2336 2190 2375 curam
2239 2320 2458 2374 minime
2489 2335 2706 2374 servare
2737 2327 2954 2386 posset,
2999 2317 3283 2374 Bernensis
3315 2319 3460 2372 urbis
3488 2335 3584 2388 pa-

2003 2427 2127 2481 gum
2169 2410 2234 2464 ad
2281 2408 2634 2463 habitandum
2671 2409 2772 2463 sibi
2813 2409 2993 2478 elegit.
3037 2409 3276 2464 Ilabctur
3319 2410 3584 2478 siquidem

2006 2502 2132 2555 illuc
2170 2500 2416 2569 quaedam
2460 2500 2926 2570 possessiuncula,
2971 2516 3132 2569 quam
3183 2499 3451 2571 gloriosus
3492 2517 3587 2554 rex

2005 2591 2230 2646 Carolus
2256 2591 2453 2646 Calvus
2494 2591 2737 2647 ecclesia:
2769 2592 3076 2647 Fossatensi
3110 2593 3398 2662 abbatique
3420 2592 3595 2648 Godu-

2006 2683 2155 2737 fredo
2205 2682 2398 2754 refugii
2447 2699 2609 2738 causa
2650 2694 2872 2754 propter
2901 2684 3364 2739 Nortmannorum
3410 2700 3594 2754 perse-

2006 2776 2275 2830 cutionem
2321 2776 2506 2841 dedit,
2564 2777 2617 2829 in
2671 2791 2777 2846 qua
2826 2776 2988 2829 etiam
3042 2790 3238 2844 corpus
3303 2776 3361 2830 S.
3421 2776 3592 2830 Mauri

2008 2866 2189 2920 multis
2221 2866 2378 2920 annis
2427 2867 2658 2920 traditur
2704 2876 3104 2920 conservatum.
3152 2867 3280 2920 Illuc
3315 2882 3443 2937 ergo
3477 2867 3589 2936 jam

2008 2958 2185 3012 dictus
2219 2955 2385 3012 abbas
2431 2958 2654 3010 arduam
2702 2972 2798 3026 pro
2845 2957 3060 3012 Christo
3106 2972 3370 3027 peragens
3400 2959 3592 3024 vitam,

2009 3046 2177 3100 multo
2221 3057 2462 3116 tempore
2498 3057 2853 3102 conversatus
2885 3056 2985 3102 est.
3032 3047 3149 3114 Quo
3183 3062 3448 3118 pergens,
3494 3049 3596 3104 ibi-

323 3133 501 3199 fessis,
555 3135 646 3204 qui
696 3135 761 3188 ad
809 3135 1006 3187 dictam
1061 3133 1343 3187 ecclesiam
1396 3134 1481 3188 die
1538 3135 1906 3189 translationis
1935 3119 1979 3180 (ἶ
2014 3137 2242 3206 demque
2269 3151 2587 3207 permanere
2612 3137 2942 3204 desiderans,
2967 3137 3216 3193 baculum
3245 3153 3388 3192 curae
3415 3148 3598 3208 pasto-

325 3229 494 3282 sancti
538 3225 812 3294 cjuslem,
854 3241 1017 3278 uuutn
1063 3241 1260 3277 annum
1310 3233 1362 3278 ct
1406 3225 1761 3294 quadraginta
1792 3225 1907 3277 dies

325 3320 426 3373 hac
457 3319 603 3380 vice;
638 3317 741 3370 illis
779 3326 956 3368 autem
987 3316 1073 3384 qui
1109 3313 1246 3367 infra
1285 3325 1407 3368 octo
1448 3316 1562 3368 dies
1589 3315 1901 3368 immediate

327 3419 616 3476 sequentes
645 3415 698 3459 et
730 3406 780 3458 in
813 3405 1184 3457 anniversario
1215 3404 1300 3458 die
1335 3403 1699 3458 translationis
1744 3405 1909 3473 ipsius

327 3497 712 3552 venerabiliter
755 3505 808 3550 ct
840 3496 1031 3550 devote
1070 3494 1420 3559 accesserint,
1448 3505 1664 3548 centum
1694 3496 1808 3548 dies
1845 3495 1911 3549 de

329 3593 589 3661 injunctis
619 3590 717 3643 sibi
744 3587 1075 3658 pmnitcutiis
1104 3587 1429 3641 relaxamus.
1461 3587 1653 3640 Datum
1686 3585 1908 3641 Viterbii

328 3684 468 3752 prid.
517 3682 615 3736 Id.‘
644 3681 855 3744 Martii,
886 3679 1232 3750 pontificatus
1279 3679 1446 3732 nostri
1493 3695 1634 3732 anno
1668 3681 1846 3742 tertio,
1889 3697 1905 3728 ι

332 3790 424 3828 seu
457 3787 600 3826 anno
633 3773 789 3826 1266.
820 3772 966 3826 Alias
998 3769 1354 3839 indulgentias
1384 3769 1574 3822 ibidem
1611 3771 1914 3823 concedunt

336 3865 607 3918 llonorius
635 3864 697 3917 IV
724 3873 776 3917 et
802 3862 1050 3917 Clemens
1088 3861 1174 3914 VI.
1210 3861 1267 3914 S.
1322 3859 1497 3912 Maioli
1529 3859 1786 3921 tumulus,
1821 3859 1914 3912 ad-

326 3959 573 4029 junctum
607 3958 812 4010 habens
843 3956 1013 4008 sancti
1046 3952 1322 4017 Odilonis,
1355 3951 1548 4004 visitur
1596 3951 1646 4004 in
1678 3951 1798 4004 navi
1827 3965 1914 4005 cc-

329 4047 513 4100 clesiaa
544 4045 969 4099 Silviuiacensis.

403 4139 493 4192 57.
539 4139 591 4191 In
623 4139 766 4191 hunc
800 4149 969 4205 usque
992 4134 1132 4188 diem
1165 4132 1405 4203 reliqui-.1:
1430 4130 1487 4186 S.
1527 4130 1702 4184 Maioli
1734 4145 1914 4185 asser-

334 4237 533 4282 vantur
560 4224 862 4290 Silviniaci,
887 4238 1077 4293 nempe
1100 4223 1214 4292 ejus
1237 4238 1358 4276 Ossa
1389 4221 1652 4292 praecipua
1680 4223 1729 4274 in
1758 4235 1915 4290 capsa

335 4337 400 4375 ex
452 4327 678 4390 argento
730 4327 785 4372 et
835 4335 1033 4388 cupro,
1085 4318 1258 4386 posita
1305 4333 1466 4386 super
1495 4317 1610 4386 ejus
1651 4316 1819 4370 altare
1851 4315 1918 4369 ad

333 4409 530 4464 odeum
573 4409 639 4462 ad
687 4409 1034 4478 aquilonem;
1084 4409 1285 4463 scrinio
1330 4409 1500 4462 sancti
1560 4406 1800 4462 Odilonis
1850 4407 1916 4460 ad

2017 3230 2146 3283 ralis
2175 3245 2269 3296 per
2291 3229 2376 3282 sui
2407 3230 2611 3283 servitii
2638 3229 2973 3293 ministrum,
3003 3230 3227 3284 nomine
3259 3228 3582 3294 Walterum,

2016 3336 2174 3391 quem
2216 3321 2329 3390 ipse
2366 3324 2420 3375 in
2460 3320 2674 3376 Domini
2715 3315 2908 3377 timore
2950 3323 3280 3386 nutriverat,
3331 3321 3592 3386 fratribus

2018 3418 2349 3481 transmisit,
2391 3416 2654 3471 mandans
2690 3424 2747 3470 ut
2785 3417 2888 3471 sibi
2927 3415 3223 3470 secundum
3257 3414 3458 3470 Christi
3501 3431 3596 3470 vo-

2018 3507 2278 3563 luntatem
2311 3509 2529 3578 dignum
2561 3517 2831 3576 pastorem
2863 3506 3175 3578 eligerent.»
3207 3506 3501 3578 Postquam
3529 3523 3594 3563 eo

2017 3600 2070 3654 in
2109 3599 2225 3654 loco
2262 3598 2487 3652 arduam
2521 3613 2584 3652 ac
2619 3598 2918 3652 solitariam
2959 3599 3123 3652 vitam
3165 3598 3337 3653 Teuto
3363 3599 3600 3669 egisset,

2010 3689 2370 3746 Fossatenses
2403 3689 2642 3744 revisere
2672 3691 2851 3744 animo
2882 3690 3192 3744 destinavit.
3227 3691 3295 3743 At
3325 3689 3400 3743 illi
3428 3690 3600 3744 obsti-

2021 3788 2162 3844 tere,
2195 3778 2525 3849 allegantes,
2559 3777 2783 3835 suﬁ‘ecto
2811 3779 2916 3833 alio
2946 3779 3157 3844 abbate,
3185 3780 3294 3850 jam
3316 3799 3333 3831 ‹
3367 3797 3471 3836 non
3509 3782 3604 3840 de-

2017 3869 2147 3926 bere
2182 3885 2304 3925 eum
2359 3871 2554 3941 recipi,
2605 3872 2733 3941 quia
2791 3872 3094 3926 animarum
3145 3887 3330 3927 curam
3385 3876 3602 3943 penitus

2021 3960 2330 4031 reliquerat.
2361 3978 2380 4012 ι
2415 3960 2504 4015 Ille
2536 3962 2638 4015 hoc
2672 3976 2929 4031 responso
2959 3963 3202 4017 turbatus
3227 4002 3243 4028 ,
3275 3963 3596 4019 Cluuiaeum

2021 4066 2079 4106 se
2109 4051 2347 4120 recepit,
2379 4051 2468 4104 ubi
2505 4069 2522 4102 ι
2553 4050 2787 4105 feliciter
2813 4052 2947 4107 obiit
2985 4053 3084 4107 sub
3120 4053 3205 4106 die
3242 4053 3429 4107 Iduum
3470 4053 3608 4124 Sep-

2024 4141 2318 4196 tembrium
2351 4158 2363 4194 :
2394 4141 2460 4195 ad
2491 4140 2645 4208 cujus
2685 4141 3025 4210 sepulcrum,
3063 4151 3121 4196 ut
3157 4143 3363 4200 referre
3395 4146 3606 4199 audivi-

2020 4248 2172 4297 mus,
2205 4232 2381 4301 inquit
2410 4242 2622 4297 auctor,
2659 4233 2816 4287 multi
2859 4233 3058 4288 infirmi
3095 4244 3281 4305 postea
3320 4236 3606 4291 sanitatem

2022 4334 2361 4395 receperunt.
2398 4345 2417 4379 »
2451 4325 2526 4381 De
2556 4325 2803 4382 lleldrico
2851 4325 3044 4383 abbate
3095 4338 3274 4384 actum
3331 4345 3491 4401 supra
3545 4330 3602 4384 in

2023 4434 2142 4490 cap.
2172 4418 2224 4472 7.
2260 4418 2403 4474 Inter
2438 4417 2616 4473 Maioli
2655 4419 2952 4490 discipulos
2983 4421 3147 4474 etiam
3188 4422 3441 4477 censendi
3480 4433 3607 4476 sunt

334 4501 479 4555 aliud
519 4499 661 4553 latus
687 4472 893 4570 posito;
938 4472 1218 4568 utriusque
1255 4506 1416 4568 caput
1448 4498 1499 4551 in
1529 4497 1731 4552 scrinio
1754 4511 1922 4566 pecu-
1945 4472 1997 4533 D

1831 4511 1922 4550 ευ·
1945 4472 1997 4533 D
2025 4511 2241 4583 plurimi
2283 4511 2374 4565 alii
2415 4510 2671 4578 abbates,
2704 4526 2838 4580 quos
2874 4512 2939 4566 ad
2973 4513 3124 4567 varia
3164 4515 3491 4569 monasteria
3521 4529 3606 4569 re-

336 4593 480 4648 Iiari.
513 4591 572 4647 S.
613 4591 792 4647 Maioli
821 4591 1121 4661 scapulare,
1156 4589 1370 4660 longum
1405 4589 1528 4642 ulna
1568 4603 1675 4643 una
1704 4628 1717 4651 ,
1748 4587 1918 4641 latum

337 4687 513 4742 tertiis
550 4685 690 4740 ulnae
722 4685 1000 4755 partibus,
1047 4685 1131 4738 cui
1161 4682 1335 4738 simile
1380 4682 1523 4736 aliud
1550 4681 1790 4737 Cluniaci
1831 4681 1922 4734 ha-

337 4781 527 4844 betur;
564 4777 806 4848 ejusdem
838 4775 965 4830 item
993 4776 1113 4846 pedi
1147 4774 1431 4845 pastoralis
1459 4789 1667 4828 sununa
1695 4788 1819 4844 pars
1852 4787 1920 4826 ex

337 4874 523 4935 ebore,
562 4869 905 4940 scyphusque
933 4881 1165 4921 corneus
1196 4864 1374 4920 itidem
1414 4863 1693 4919 Silviniaci
1733 4864 1918 4917 visun-

338 4976 443 5020 tur.
473 4961 768 5019 Gaufridus
797 4957 1003 5013 Cltoleti
1041 4958 1190 5027 prior
1234 4956 1430 5010 sacculo
1472 4955 1563 5010 XV
1607 4954 1917 5025 reliquiaria

341 5055 486 5116 fecit,
519 5067 640 5122 quae
668 5061 794 5104 ante
818 5064 937 5105 eum
969 5047 1194 5103 Ildricus
1224 5046 1472 5116 supprior
1509 5053 1562 5100 et
1590 5046 1813 5100 sacrista
1841 5044 1924 5096 in-

339 5149 653 5203 choaverat.
693 5145 968 5199 Hactenus
999 5141 1349 5197 Silviuiacum
1378 5140 1636 5210 religione
1664 5151 1717 5194 et
1741 5138 1919 5194 Maioli

343 5239 490 5293 cultu
527 5237 736 5292 celebre
758 5245 858 5299 cst,
884 5235 949 5289 de
985 5250 1090 5305 quo
1118 5237 1324 5305 egimus
1349 5234 1402 5287 in
1428 5233 1610 5304 elogiis
1647 5232 1846 5288 Odonis
1872 5239 1924 5286 ct

343 5329 624 5398 Aymardi.

346 5420 475 5474 VIII.
524 5418 972 5490 Maioiiprwcipui
994 5418 1255 5491 discipuli,
1285 5416 1504 5473 cultores
1530 5426 1575 5470 et
1609 5418 1887 5472 miracula.

2027 4600 2310 4658 formanda
2347 4602 2620 4658 instituit:
2663 4618 2730 4657 ex
2767 4603 2966 4673 quibus
3019 4619 3160 4658 unus
3211 4605 3342 4659 mihi
3394 4603 3604 4660 videtur

2028 4706 2148 4749 esse
2179 4693 2446 4764 Egbertus
2485 4709 2578 4750 seu
2610 4692 2888 4749 Evrardus
2915 4692 3003 4749 ille
3035 4695 3205 4750 abbas
3236 4693 3608 4759 Turonensis.

2030 4801 2189 4856 quem
2248 4801 2316 4841 ex
2376 4785 2641 4842 Gerberto
2697 4787 2950 4857 superius
3003 4787 3363 4844 laudavimus.
3425 4788 3611 4858 Neque

2028 4878 2390 4948 prmtereundi
2425 4876 2597 4949 Syrus
2626 4885 2681 4931 et
2707 4876 3037 4935 Aldebaldus
3062 4879 3197 4934 Vitae
3226 4880 3398 4935 sancti
3433 4878 3610 4935 Maioli

2029 4969 2360 5038 scriptores,
2394 4983 2569 5039 neque
2599 4967 2863 5024 Vivianus
2900 4969 3000 5025 sub
3037 4985 3103 5026 eo
3131 4972 3450 5041 praepositus
3485 4971 3616 5025 Clu-

2031 5060 2303 5116 niacensis
2353 5067 2474 5130 post
2520 5059 2975 5126 Hildebrandum,
3025 5062 3113 5118 cui
3158 5060 3383 5117 Maiolus
3427 5064 3618 5132 praeci-

2031 5167 2171 5222 puus
2203 5162 2399 5208 auctor
2431 5150 2536 5206 fuit
2571 5151 2772 5206 saeculo
2809 5153 3056 5208 nuntium
3093 5153 3426 5210 remitteudi.
3461 5152 3620 5207 Deni-

2031 5257 2139 5311 que
2167 5243 2312 5298 inter
2343 5243 2552 5313 primos
2583 5244 2951 5296 numerandus
2981 5243 3128 5299 venit
3155 5240 3463 5302 Willelmus
3491 5241 3624 5296 Pro-

2032 5332 2230 5389 vincire
2267 5331 2376 5388 dux
2400 5373 2415 5398 ,
2458 5343 2604 5401 pater
2648 5333 2835 5400 patrita
2872 5333 3171 5403 appellatus
3199 5372 3214 5398 ,
3249 5334 3317 5389 de
3355 5346 3461 5403 quo
3511 5332 3628 5386 hmc

2034 5422 2192 5480 Odilo
2229 5426 2282 5480 in
2320 5424 2445 5480 Vita
2487 5423 2663 5479 sancti
2699 5421 2900 5478 Maioli.
2939 5444 2955 5476 ‹
2990 5426 3264 5494 Quanlum
3306 5427 3455 5482 illum
3491 5421 3629 5476 Wil-
