4494 5520
858 424 964 479 7ιὸ

1973 422 2031 477 S.
2074 420 2301 476 SIMO”
2342 420 2629 475 ABllATIS
2667 419 2978 475 CLUNIAC.

4016 426 4116 481 744

862 540 1053 596 Nescio
1083 553 1150 593 an
1176 537 1228 592 id
1254 536 1543 608 contigerit
1571 536 1623 591 in
1651 544 1897 591 extremo
1924 535 2014 588 illo
2040 535 2251 598 morbo,
2278 518 2436 603 quem
2469 541 2512 594 Α
2543 531 2715 585 lorum
2753 531 2907 586 libris
2927 572 2941 596 ,
2975 546 3113 601 quos
3145 532 3361 586 exhibet
3395 548 3515 586 cum
3549 532 3890 588 llcnschenio
3918 533 4113 590 Biblio-

862 632 1034 702 Syrus
1088 636 1481 685 commemorat
1533 628 1587 682 in
1640 627 1733 681 lib.
1778 642 1862 680 ιιι.
1910 626 2065 681 llunc
2107 625 2439 679 Willelmum

860 722 1099 777 Cluniaci
1138 721 1405 790 sepultum
1447 719 1610 775 fuisse
1657 734 1764 774 non
1803 718 1934 775 satis
1973 728 2155 787 aperte
2188 718 2442 789 exprimit

861 813 1051 867 charta
1081 810 1396 881 Leodegarii
1425 810 1799 866 Cluniacensis
1825 809 2073 865 monachi
2097 849 2111 875 ,
2146 808 2198 863 in
2226 824 2333 878 qua
2363 808 2440 864 le-

862 902 1026 971 gitur,
1066 901 1209 954 hunc
1238 900 1429 955 cellam
1467 909 1522 955 et
1560 899 1845 955 ecclesiam
1883 899 1937 953 in
1971 900 2231 953 honorem
2270 898 2441 953 sancti

862 988 1157 1043 Marcellini
1188 1004 1338 1059 papae
1366 998 1422 1043 et
1452 989 1709 1060 martyris
1739 998 1902 1057 atque
1932 988 2102 1042 sancti
2128 987 2439 1054 Saturnini,

862 1094 1024 1148 quam
1059 1080 1440 1149 Regimhaldus
1465 1079 1799 1135 Arelatensis
1828 1080 2272 1149 archiepiscopus
2296 1079 2443 1134 dedi-

862 1170 1099 1235 caverit,
1126 1170 1493 1224 construxisse
1518 1170 1569 1224 in
1594 1170 1716 1223 villa
1749 1169 2045 1233 Sarrianis,
2074 1188 2091 1219 ι
2116 1170 2285 1238 'quam
2307 1168 2443 1223 Wil-

862 1262 1056 1317 lclmus
1090 1261 1360 1331 quondam
1395 1262 1500 1314 dux
1537 1261 1851 1324 Provinciae,
1874 1271 2032 1329 pater
2062 1261 2284 1330 patriae,
2319 1276 2446 1314 san-

863 1362 1073 1407 ctorum
1111 1351 1475 1421 apostolorum
1502 1351 1648 1405 Petri
1682 1362 1734 1406 et
1768 1352 1917 1406 Pauli
1951 1353 2284 1407 monasterio
2314 1352 2441 1407 Clu-

863 1443 1034 1496 niensi
1057 1482 1072 1507 ,
1108 1451 1164 1496 et
1197 1442 1313 1497 loco
1345 1443 1397 1495 in
1429 1456 1537 1511 quo
1568 1458 1625 1497 se
1657 1443 1870 1511 sepeliri
1910 1444 2154 1513 rogavit,
2193 1453 2249 1497 et
2283 1444 2443 1498 beato

863 1534 1055 1590 Maiolo
1086 1536 1264 1589 adhuc
1294 1535 1345 1588 in
1386 1549 1550 1589 carne
1589 1534 1790 1588 viventi
1826 1543 1881 1587 et
1916 1535 2105 1588 vivens
2139 1534 2438 1602 delegavit,

861 1636 917 1681 et
970 1627 1207 1681 moriens
1259 1626 1512 1680 donando
1568 1626 1833 1680 attribuit.
1870 1645 1887 1676 ι
1917 1624 2072 1691 Quod
2124 1634 2441 1692 argumento

861 1725 976 1780 est,
1010 1732 1131 1769 eum
1167 1716 1219 1769 in
1250 1716 1515 1770 extremis
1543 1715 1789 1771 habitum
1822 1715 2124 1785 suscepisse
2154 1730 2251 1785 pro
2292 1731 2440 1769 more

864 1808 1077 1861 illorum
1112 1816 1435 1875 temporum.

2548 626 2718 679 theca:
2751 622 3120 677 Cluniacensis
3151 624 3438 693 appendix.
3477 623 3531 677 In
3574 625 3692 679 istis
3731 624 3884 680 libris
3913 640 4117 682 memo-

2545 724 2735 770 rantur
2765 717 3076 769 curationes
3106 714 3262 770 facta:
3294 715 3781 784 daemoniacorum,
3815 733 4115 785 caecorum,

2544 813 2949 859 contractorum
2970 846 2985 871 ,
3034 814 3303 860 mutorum
3322 845 3337 872 ,
3388 820 3703 859 mancorum
3724 846 3738 870 ,
3788 808 4081 862 amentium
4100 850 4115 876 ,

2544 910 2598 953 et
2630 915 2785 955 sacro
2822 900 2944 969 igne
2980 898 3318 955 aﬂ‘ectorum.
3360 901 3474 955 Duo
3512 910 3722 955 tantum
3760 901 3867 955 huc
3905 899 4119 967 refero,

2544 1005 2769 1059 quorum
2806 991 3035 1059 primum
3075 992 3316 1045 continet
3349 993 3677 1046 erectionem
3709 990 3895 1046 altaris
3926 994 3990 1045 ad
4024 1008 4116 1046 ca-

2545 1087 2641 1147 put
2692 1080 2865 1133 sancti
2909 1078 3115 1144 Maioli,
3156 1080 3246 1149 qui
3288 1080 3493 1150 primus
3529 1081 3725 1150 gradus
3760 1079 3862 1133 fuit
3900 1082 3965 1134 ad
4005 1080 4121 1148 ejus

2545 1168 3551 1241 canouizatiouem:tPostquamigitur
3568 1170 3739 1240 primo
3770 1170 3909 1224 beati
3941 1169 4119 1224 Maioli

2546 1272 2738 1324 corpus
2788 1274 2910 1312 cum
2965 1261 3200 1314 maximo
3244 1260 3465 1313 honoris
3523 1270 3576 1314 et
3628 1260 3943 1314 reverentiae
3969 1261 4119 1314 cultu

2543 1356 2626 1401 est
2656 1348 2941 1416 sepultum,
2975 1357 3027 1403 et
3059 1350 3125 1403 ad
3160 1350 3559 1404 sanctissimum
3603 1350 3720 1419 ejus
3751 1359 3912 1419 caput
3950 1349 4122 1403 altare

2544 1439 2814 1506 quoddam
2854 1448 2937 1494 est
2971 1450 3381 1505 constructum,
3429 1439 3623 1493 fratres
3662 1441 3772 1493 Deo
3815 1439 3946 1493 inibi
4000 1455 4120 1494 ser-

2544 1529 2755 1583 vientes
2790 1544 3074 1584 commune
3113 1546 3175 1585 ac
3206 1530 3421 1586 salubre
3456 1530 3559 1584 tale
3596 1530 3916 1583 invenerunt
3944 1532 4123 1584 consi-

2544 1621 2697 1675 lium.
2729 1620 2807 1674 Ad
2833 1622 3142 1692 episcopum
3168 1638 3417 1691 namque,
3445 1622 3495 1675 in
3526 1620 3679 1690 cujus
3704 1622 3923 1675 diteeesi
3951 1621 4123 1678 isdem

2543 1721 2658 1765 erat
2688 1711 2861 1776 locus,
2893 1714 3297 1776 transmittunt,
3327 1721 3384 1765 ut
3407 1712 3578 1766 altare
3608 1712 3732 1765 illud
3757 1722 4120 1767 consecraret.

2551 1802 2705 1857 Unde
2736 1804 2956 1857 veniens
2987 1803 3213 1857 donmus
3245 1803 3423 1873 ltcggo
3454 1803 3812 1857 Arvernensis
3841 1804 3985 1858 sedis
4011 1804 4125 1871 epi-

934 1896 1021 1951 59.
1054 1895 1209 1950 0dilo
1239 1896 1337 1950 sub
1364 1895 1524 1949 finem
1556 1894 1716 1949 libelli
1747 1894 1810 1949 de
1841 1894 2018 1948 Maioli
2049 1894 2214 1965 gestis
2242 1892 2441 1947 multos
2472 1891 2516 1948 Β
2547 1908 2777 1962 scopus,
2820 1892 2990 1955 altare
3030 1893 3157 1945 illud
3192 1907 3313 1947 cum
3356 1907 3549 1962 magna
3590 1894 3927 1947 consecravit
3966 1908 4121 1947 reve-

862 1986 1045 2040 laudat
1074 1985 1369 2041 catholicos
1406 1994 1455 2039 et
1492 1984 1836 2039 honorabiles
1866 1984 2126 2048 clericos,
2163 1984 2442 2053 religiosos

864 2077 1160 2132 monachos
1205 2086 1260 2131 et
1297 2076 1623 2130 revercudos
1658 2076 1884 2128 abbates
1912 2115 1926 2140 ,
1963 2075 2053 2143 qui
2094 2073 2243 2128 illum
2284 2090 2444 2129 vene-

864 2169 1167 2233 rabantur;
1219 2175 1438 2221 sanctos
1487 2174 1543 2219 et
1594 2166 1902 2234 sapientes.
1955 2166 2046 2235 qui
2085 2186 2102 2218 ‹
2135 2168 2445 2222 tractabant

863 2257 1012 2310 illum
1065 2265 1124 2309 ut
1171 2254 1576 2310 sanctissimum
1625 2252 1890 2320 fratrem;
1930 2274 1947 2305 ι
1983 2256 2342 2325 imperatores
2387 2266 2441 2311 et

863 2347 1243 2419 imperatrices
1266 2388 1280 2411 ,
1312 2362 1469 2417 reges
1499 2356 1553 2402 et
1586 2347 1769 2401 mundi
1819 2348 2121 2416 principes,
2173 2363 2203 2401 a
2249 2349 2443 2417 quibus

866 2459 885 2487 ε
912 2439 1100 2493 senior
1125 2436 1495 2507 appellabatur
1525 2446 1579 2490 et
1607 2436 1894 2501 dominus;
1933 2455 1951 2487 ι
1984 2436 2265 2505 pontifices
2312 2452 2443 2505 apu-

862 2526 1065 2580 stolicaa
1123 2526 1267 2580 sedis
1290 2565 1302 2589 ,
1340 2541 1369 2579 a
1410 2526 1607 2594 quibus
1644 2544 1661 2577 ι
1696 2523 2064 2579 honorabatur
2102 2534 2159 2578 ut
2196 2525 2445 2593 princeps

862 2613 1141 2684 religionis
1192 2615 1527 2669 monasticae.
1562 2633 1580 2664 ι
1635 2612 1771 2667 Tum
1815 2605 2042 2667 'suhdit:
2102 2631 2120 2664 ι
2155 2612 2246 2667 llle
2288 2612 2446 2666 divus

860 2705 1044 2759 Caesar
1068 2713 1124 2761 et
1159 2705 1426 2759 maximus
1452 2702 1580 2758 Otto
1606 2718 1730 2758 eum
1757 2702 2017 2773 diligebat
2049 2710 2269 2772 pectore
2297 2710 2405 2755 toto
2428 2718 2440 2753 :

862 2805 919 2847 et
954 2793 1210 2862 diligebat
1241 2808 1363 2848 eum
1395 2792 1636 2863 ejusdem
1669 2790 1899 2845 Cmsaris
1926 2790 2123 2857 conjnx
2153 2789 2270 2843 diva
2298 2788 2445 2843 Ada-

860 2885 1002 2941 leida
1051 2884 1369 2954 imperatrix
1421 2884 1698 2951 Augusta,
1754 2882 2023 2936 charitate
2077 2880 2445 2935 sincerissima

860 2989 915 3035 et
944 2979 1228 3035 devotione
1259 2976 1598 3031 charissima.
1633 2974 1900 3044 Diligebat
1924 2988 2047 3027 eum
2082 2986 2271 3026 eorum
2306 2970 2446 3025 filius

860 3070 1050 3127 humili
1105 3069 1394 3124 devotione
1451 3068 1743 3135 imperator
1779 3064 1946 3129 Otto;
2015 3064 2208 3118 affectu
2247 3072 2301 3117 et
2337 3079 2443 3116 non

862 3159 1115 3215 dissimili
1166 3167 1293 3213 voto
1340 3158 1656 3221 Conradus,
1711 3155 2034 3224 supradictae
2084 3153 2446 3223 imperatricis

2547 1986 2771 2040 rentia»
2796 1983 2972 2054 Beggo
3002 1985 3101 2040 iste
3130 1984 3388 2039 Arvernis
3420 1994 3651 2055 praeerat
3689 1994 3948 2057 regnante
3980 1985 4121 2055 apud

2544 2078 2785 2131 Francos
2812 2075 3056 2147 llugone.
3088 2076 3279 2130 Subdit
3304 2086 3493 2131 auctor
3516 2077 3779 2130 contracti
3810 2086 3864 2130 et
3895 2076 4123 2130 duorum

2547 2172 2841 2225 amentium
2884 2170 3263 2233 sanationem;
3313 2170 3573 2238 postridie
3619 2183 3752 2237 puer
3795 2169 4011 2237 quidam
4058 2168 4126 2223 de

2544 2260 2814 2311 (lavannis
2853 2258 3166 2328 (Cltevines)
3203 2258 3327 2311 villa
3362 2258 3481 2328 pagi
3521 2257 3963 2323 Matisconensis,
4006 2273 4126 2311 ma-

2546 2366 2673 2404 num
2709 2349 2913 2403 habens
2942 2349 3182 2412 aridam,
3214 2349 3499 2403 restitutus
3527 2358 3630 2402 est.

2618 2441 2704 2493 6|.
2749 2457 2767 2491 ι
2804 2439 3081 2505 Quoddam
3108 2441 3268 2493 etiam
3299 2440 3614 2494 miraculum
3646 2437 3985 2510 adjungitnus
4006 2481 4019 2503 ,
4060 2440 4127 2493 de

2548 2544 2656 2599 quo
2702 2543 2807 2582 non
2846 2528 3020 2581 solum
3055 2528 3333 2597 vulgarem
3370 2529 3622 2599 populum
3671 2540 3859 2583 testem
3899 2528 4125 2583 deduci-

2550 2635 2700 2681 tnus,
2734 2619 2827 2673 sed
2857 2619 3020 2672 etiam
3064 2618 3236 2687 ipsum
3272 2634 3451 2689 regem
3499 2619 3805 2690 llngonem,
3840 2621 4125 2675 comitem-

2546 2726 2648 2778 quc
2669 2709 3036 2763 Burchardum
3056 2750 3070 2774 ,
3096 2708 3367 2779 liliumque
3391 2709 3504 2779 ejus
3525 2710 3779 2763 domuum
3804 2710 4124 2764 Rainaldnm

2548 2799 2911 2853 Parisiensem
2958 2799 3289 2869 episcopum.
3343 2798 3441 2853 Hic
3490 2799 3654 2867 igitur
3698 2814 3791 2851 rex
3836 2798 3901 2852 ad
3950 2799 4123 2852 sancti

2548 2886 2727 2940 Maioli
2768 2887 3131 2956 expetendum
3174 2887 3431 2940 auxilium
3474 2887 3728 2951 veniens,
3772 2902 3933 2956 super
3976 2886 4127 2941 infir-

2548 2974 2754 3027 mitatis
2800 2989 2910 3027 sua:
2957 2974 3355 3043 gravitudincm
3402 2974 3647 3028 invenire
3690 2977 3989 3043 promeruit
4027 2972 4129 3029 ali-

2547 3064 2861 3134 quantulam
2913 3064 3375 3134 levigabilitatem.
3434 3064 3536 3130 Qui
3584 3079 3691 3119 uno
3743 3066 3952 3118 dierum
4002 3076 4127 3134 post

2548 3165 2766 3225 peracta
2818 3155 3123 3209 orationum
3181 3154 3439 3208 solemnia
3496 3155 3564 3209 ab
3617 3154 3846 3209 ecclesia
3900 3171 4123 3224 progre-
4191 3149 4204 3157 ’

861 3252 1030 3305 frater
1061 3250 1258 3304 nobilis
1287 3258 1343 3303 et
1369 3248 1662 3318 pacificus,
1697 3246 1924 3315 ejusque
1969 3244 2244 3298 Mathildis
2288 3243 2441 3297 nohi-
2471 3237 2513 3298 C
2548 3249 2723 3311 diens,
2754 3246 3041 3315 quemdam
3076 3259 3273 3299 cmcum
3309 3245 3361 3298 in
3396 3244 3582 3299 eodem
3618 3243 3734 3299 loco
3766 3245 4126 3299 illuminatum

860 3342 1063 3395 lissima
1095 3340 1325 3409 eonjux.
1359 3350 1563 3407 quanto
1591 3338 1925 3407 frequentius
1955 3337 2147 3390 faciem
2178 3336 2294 3405 ejus
2321 3351 2437 3390 cer-

859 3431 1094 3495 nebant,
1150 3438 1299 3484 tanto
1348 3430 1579 3500 amplius
1619 3429 1670 3483 in
1714 3427 1830 3496 ejus
1877 3440 2059 3480 amore
2100 3426 2439 3481 crescebant.

863 3521 1002 3587 Quid
1030 3520 1204 3575 dicam
1230 3519 1298 3573 de
1326 3519 1664 3573 nobilissimo
1690 3519 1809 3573 viro
1848 3516 2082 3571 Henrico
2111 3516 2444 3586 Burgundio-

861 3628 992 3666 unm
1026 3611 1206 3666 duce?
1236 3610 1363 3680 quid
1402 3609 1469 3665 de
1499 3608 1789 3665 Lamberto
1829 3608 2198 3661 illustrissimo
2236 3608 2354 3661 viro
2389 3616 2445 3661 et

862 3703 1197 3760 nobilissimo
1232 3701 1474 3757 comite?
1503 3701 1633 3770 quid
1671 3700 1738 3754 de
1765 3699 2071 3764 Willelmo,
2100 3698 2229 3767 quid
2257 3699 2322 3751 de
2351 3697 2446 3751 Ri-

861 3797 1062 3852 chardo
1109 3797 1501 3865 Aquitanorum
1547 3803 1602 3848 et
1647 3792 2085 3847 Normannorum
2136 3790 2447 3845 fortissimis

863 3886 1137 3941 ducibus?
1166 3885 1296 3955 quid
1325 3884 1392 3939 de
1422 3884 1626 3938 Italicis
1655 3882 1989 3953 principibus
2026 3890 2081 3935 et
2116 3880 2447 3935 marchioui-

858 3978 1005 4033 bus?
1038 3979 1312 4045 Quantum
1368 3976 1516 4031 illum
1566 3974 1875 4029 Willelmus
1923 3983 2101 4029 rector
2145 3973 2447 4027 Provinciae

858 4067 1060 4132 coluit,
1094 4068 1201 4121 vita
1234 4067 1377 4121 illius
1410 4074 1465 4120 et
1500 4065 1624 4120 finis
1660 4065 1911 4119 ostendit.
1952 4064 2055 4117 Per
2092 4063 2208 4132 ejus
2244 4062 2442 4129 quippe

859 4160 1115 4215 meritum
1148 4168 1202 4213 et
1232 4157 1387 4211 fidele
1414 4155 1736 4226 obsequium
1768 4156 1827 4209 Β.
1861 4154 2137 4209 Benedicti
2170 4152 2448 4221 percipere

859 4249 1060 4303 meruit
1086 4248 1349 4302 habitum.
1380 4243 1789 4300 Archenbaldus
1815 4244 2009 4306 etiam,
2043 4240 2448 4295 Silviniacensis

860 4338 963 4393 loci
996 4336 1245 4407 provisor
1273 4334 1650 4398 ﬁdelissimus,
1681 4334 1820 4388 inter
1849 4348 1977 4387 suos
2006 4330 2363 4393 clarissimus,
2394 4336 2449 4382 et

860 4430 1157 4499 adjacentis
1192 4428 1381 4498 patriae
1419 4435 1599 4497 pater,
1629 4434 1684 4480 et
1712 4439 2008 4496 pauperum
2038 4430 2185 4476 tutor
2215 4421 2447 4475 fortissi-

859 4539 980 4579 nms
1002 4563 1016 4587 ,
1050 4529 1314 4590 quantum
1349 4527 1404 4574 et
1432 4517 1666 4587 qualiter
1698 4516 1908 4571 exstitit
1947 4514 2009 4569 Β.
2042 4512 2235 4567 Maiolo
2272 4512 2439 4565 devoo

2548 3338 2786 3401 audivit,
2821 3352 2981 3406 quem
3015 3338 3079 3389 ad
3114 3352 3172 3390 se
3202 3336 3393 3390 adduci
3419 3336 3607 3404 jubet,
3642 3346 3699 3391 ut
3729 3338 3795 3392 ab
3826 3351 3889 3391 eo
3922 3338 4126 3392 verita-

2550 3438 2656 3483 tctn
2690 3428 2972 3482 retineret.
3008 3426 3143 3479 Dum
3173 3439 3404 3493 namque
3432 3426 3485 3480 in
3517 3442 3802 3495 pauperem
3836 3426 3994 3481 talem
4021 3428 4130 3481 vir-

2550 3528 2718 3572 tutem
2749 3515 2949 3571 factam
2980 3530 3101 3569 esse
3131 3530 3228 3585 pro
3259 3525 3410 3569 certo
3440 3517 3722 3593 cognovit,
3754 3531 3867 3585 prae
3907 3518 4125 3587 gaudio,

2552 3614 2692 3667 sicut
2728 3612 2811 3665 vir
2847 3626 3054 3681 magnae
3102 3610 3431 3674 dulcedinis,
3475 3609 3596 3664 cum
3640 3610 3963 3680 supradictis
4003 3626 4130 3680 per-

2551 3705 2701 3760 sonis
2734 3702 2972 3774 proﬂuos
3000 3703 3378 3773 lacrymarum
3420 3701 3622 3756 rivulos
3661 3700 3887 3757 effudit:
3937 3702 4129 3771 sicque

2549 3811 2670 3850 cum
2702 3795 2870 3849 multa
2904 3794 3058 3849 turba
3088 3794 3353 3863 populoru
3375 3810 3411 3846 ιι
3442 3793 3753 3847 collaudans
3775 3794 3973 3858 Deum,
3998 3808 4130 3847 sau-

2549 3898 2802 3955 cttmtque
2829 3900 3093 3939 venerans
3126 3884 3467 3948 Maiolnm,et
3488 3899 3661 3937 carens
3695 3883 4030 3938 illuminatus
4055 3884 4126 3937 ad

2548 3976 2762 4046 pr0pria
2803 3976 2973 4038 redit,
3005 3984 3057 4029 et
3088 3990 3184 4029 rex
3212 3974 3529 4044 magnificus
3554 3973 3729 4027 laetior
3756 3973 3808 4028 in
3836 3972 4126 4028 Frauciam

2549 4066 2690 4119 viam
2721 4066 3033 4133 assumpsit.
3068 4084 3086 4116 ι

2620 4157 2708 4211 62.
2749 4156 3046 4224 Suhjicitur
3077 4155 3393 4209 miraculum
3425 4155 3490 4210 de
3523 4155 3627 4211 alio
3659 4170 3801 4210 caeco
3833 4156 3922 4224 qui
3962 4164 4128 4210 natus

2548 4256 2665 4305 crat
2690 4249 2741 4302 in
2769 4266 2789 4299 ι
2818 4246 3186 4316 Enguiliuensi
3210 4246 3342 4300 silva
3363 4286 3376 4311 ,
3400 4264 3417 4296 ι
3447 4246 3535 4300 ubi
3565 4264 3581 4296 t
3608 4256 3691 4300 est
3719 4244 3889 4300 sancti
3913 4244 4123 4298 Aruulfi

2548 4340 2819 4405 ecclesia;
2852 4360 2869 4393 ι
2920 4338 3060 4408 quod
3105 4334 3509 4408 intelligendum
3552 4338 3618 4390 de
3664 4336 3892 4391 ecclesia
3942 4336 4124 4390 sancti

2546 4432 2755 4489 Aruulli
2785 4433 2835 4485 in
2868 4430 3001 4485 silva
3030 4429 3279 4498 Aquiliua
3314 4426 3493 4498 (Feret
3524 4426 3797 4493 d'lveline)
3820 4468 3835 4492 ,
3867 4428 4124 4483 ditecesis

2549 4523 2889 4578 Parisiensis.
2924 4519 3285 4589 Subsequitur
3323 4519 3533 4574 curatio
3563 4517 3773 4573 Viviaui
3819 4519 3949 4589 (qui
3978 4535 4124 4574 unus

859 4626 947 4670 tus
968 4654 983 4678 ,
1005 4584 1366 4683 supradictus
1400 4584 1715 4665 multimode
1753 4607 2014 4679 praedicat
2048 4604 2199 4660 locus
2228 4646 2241 4667 ,
2282 4603 2350 4657 ab
2379 4617 2443 4657 eo
2474 4584 2523 4641 Π
2550 4628 2634 4667 οη

2349 4639 2350 4642 η
2379 4617 2443 4657 θο
2474 4584 2523 4641 D
2550 4624 2667 4667 erat
2700 4631 2716 4663 ι
2751 4612 3071 4667 e’fratribus
3100 4609 3469 4665 Cluniacensis
3507 4610 3849 4675 monasterii,
3886 4629 3904 4661 ι
3940 4611 4124 4664 nescio

856 4719 1052 4765 etante
1068 4715 1260 4778 etpost
1290 4706 1573 4761 transitum
1609 4716 1823 4774 semper
1848 4700 2058 4755 dicendi
2078 4699 2249 4769 patris
2273 4696 2441 4751 aedifi-

858 4803 959 4858 ciis
995 4809 1051 4857 et
1089 4799 1321 4862 divitiis,
1359 4808 1414 4851 et
1452 4798 1790 4852 diversorum
1831 4800 2276 4847 ornamentorum
2314 4805 2431 4859 spe-

856 4894 1045 4949 ciebus
1066 4901 1293 4946 ornatus
1318 4898 1372 4944 et
1401 4888 1717 4945 nobilitatus
1743 4905 1754 4937 :
1790 4886 1861 4941 ita
1892 4894 1951 4939 ut
1978 4884 2227 4948 deceret,
2260 4884 2304 4937 si
2336 4882 2440 4935 tale

857 4984 988 5055 quid
1019 4982 1241 5038 fecisset
1270 4979 1465 5049 aliquis
1496 4994 1563 5034 ex
1596 4979 1833 5049 regibus.
1864 4976 1970 5030 lste
2000 4988 2129 5029 vero
2164 4973 2252 5042 qui
2292 4988 2437 5026 nunc

858 5083 1138 5148 superest,
1172 5071 1394 5127 honoris
1424 5070 1540 5141 ejus
1569 5070 1745 5125 lueres
1774 5076 1827 5121 et
1860 5064 2127 5128 nominis,
2160 5064 2296 5118 bene
2330 5071 2438 5115 tra-

856 5175 970 5223 ctat
1003 5166 1180 5220 locum
1212 5162 1394 5228 illum,
1428 5160 1630 5215 nullum
1658 5159 1821 5215 etiam
1855 5155 2016 5212 infert
2043 5153 2436 5210 habitatoribus

856 5258 1134 5302 alumnum.
1172 5273 1190 5302 ι

2551 4721 2617 4759 au
2648 4704 2964 4775 praepositus
2991 4717 3151 4773 supra
3180 4702 3488 4770 laudatus),
3518 4700 3791 4756 articulari
3822 4702 4008 4757 morbo
4036 4701 4123 4756 la-

2553 4797 2800 4852 borantis
2820 4836 2833 4859 ,
2858 4803 2912 4848 et
2943 4794 3101 4863 paulo
3130 4804 3252 4862 post.
3278 4792 3535 4849 Bernardi
3567 4790 3749 4847 clerici
3775 4790 4124 4846 Carnotensis

2550 4890 2921 4945 contractione
2970 4886 3285 4942 laborantis.
3332 4886 3457 4941 Hmc
3504 4887 3640 4942 satis
3690 4888 3755 4942 de
3800 4885 4119 4941 miraculis:

2552 4980 2748 5053 Syrum
2789 4980 3072 5034 audiamus
3097 5018 3111 5043 ,
3153 4979 3305 5047 cujus
3346 4977 3651 5033 lucubratio
3690 4978 3745 5033 in
3786 4994 3889 5032 ms.
3933 4978 4127 5033 codice

2550 5072 2849 5141 collegiate
2898 5070 3064 5125 sancti
3118 5068 3379 5124 Martialis
3428 5069 3866 5134 Lemovicensis,
3905 5084 3971 5123 ex
4012 5083 4122 5137 quo

2545 5181 2663 5219 eam
2719 5164 2861 5218 eruit
2914 5172 3100 5216 noster
3151 5161 3341 5217 Petrus
3394 5159 3639 5227 Trelius,
3701 5160 3842 5215 hanc
3894 5158 4121 5231 praefert

2548 5255 2980 5300 inem'inlinnem.
