4494 5520
379 345 480 397 745

1702 337 1878 393 “TA.
1918 368 1983 376 ——
2021 338 2134 392 Lib.
2175 339 2215 390 Ι.

3505 351 3606 402 748

1221 737 1573 852 VITA
1660 735 2167 848 SANCTI
2254 737 2739 850 MAIOLI

1430 950 1818 1012 AUCTORE
1857 950 2062 1011 SYRO
2102 951 2528 1012 MONACIIO.

809 1219 1140 1276 LPISTULA
1179 1218 1391 1275 DOMNI
1434 1217 1590 1272 SYRI
1631 1218 1722 1272 AD
1763 1217 2048 1273 DOMNUM
2086 1217 2436 1274 ODILONEM
2478 1218 2799 1274 ABBATEM
2842 1221 3156 1278 DIRECTA.

446 1400 724 1469 Spirituait

382 1488 769 1541 monachorum
813 1485 1057 1549 infimus,
1096 1485 1352 1554 quidquid
1394 1486 1444 1536 in
1472 1484 1688 1537 Christo
1714 1482 1940 1536 felicius.

450 1578 600 1644 Saepe
663 1576 791 1628 mihi
850 1574 1185 1642 multumque
1240 1573 1517 1626 cunctanti
1576 1571 1716 1624 beati
1771 1571 1944 1624 Maioli

375 1663 715 1720 venerabiles
759 1673 910 1716 actus
972 1661 1093 1730 styli
1145 1661 1396 1728 prosequi
1446 1660 1654 1720 otlicio,
1705 1675 1825 1711 eum
1880 1663 1946 1711 ad

381 1757 432 1808 id
479 1754 657 1823 operis
706 1761 907 1805 sanetae
960 1749 1348 1803 recordationis
1397 1746 1668 1800 Warnerii
1737 1745 1944 1813 impor-

379 1855 504 1895 tuna
549 1849 864 1910 perurgeret
897 1838 1118 1906 petitio,
1152 1837 1316 1889 multa
1347 1851 1404 1888 se
1429 1835 1755 1902 objiciehant
1783 1874 1796 1895 ,
1829 1847 1946 1899 qum

379 1949 445 1986 ne
494 1933 546 1986 id
599 1945 825 1984 conarer
883 1944 987 1982 non
1042 1927 1248 1980 modica
1301 1940 1384 1978 mc
1430 1923 1715 1977 formidine
1768 1924 1943 1975 deter-

380 2023 589 2077 rebant.
647 2021 739 2073 Vir
788 2020 983 2088 quippe
1039 2017 1125 2071 ille
1176 2017 1266 2086 qui
1327 2016 1586 2084 divulgari
1640 2013 1942 2082 petebatur,

381 2116 461 2166 sic
505 2113 718 2164 virtutis
768 2109 1087 2162 sectantium
1116 2108 1325 2161 exstitit
1355 2107 1612 2163 imi:ator.
1661 2112 1718 2155 ut
1761 2116 1945 2155 earum

381 2204 618 2255 ninnium
665 2199 967 2254 indefessus
1006 2207 1148 2252 esset
1187 2206 1458 2265 operator.
1505 2193 1655 2248 Unde
1696 2193 1744 2244 ei
1798 2199 1948 2260 gesta

381 2296 626 2362 digerere
691 2295 894 2360 absque
949 2301 1266 2344 cunctarum
1320 2288 1578 2340 virtutum
1627 2285 1937 2352 conjectura

383 2386 690 2454 quempiam
741 2394 823 2437 est
879 2381 1228 2451 impossibile.
1285 2380 1447 2432 Recte
1499 2392 1626 2430 vero
1673 2377 1950 2444 disputare

369 2491 482 2528 non
539 2473 792 2541 przevalct
847 2475 911 2526 de
967 2472 1286 2531 virtutibus,
1346 2467 1592 2535 quisquis
1648 2465 1730 2518 bis
1787 2463 1950 2517 fuerit

381 2579 624 2627 vacuus;
668 2564 921 2631 quoniam
962 2576 1113 2614 meus
1151 2560 1234 2613 cui
1276 2569 1425 2613 caret
1466 2556 1817 2626 intelligentia
1842 2596 1855 2617 ,
1896 2554 1948 2607 id

387 2653 591 2704 discere
633 2652 819 2719 nequit
867 2650 1111 2703 scicntia.
1164 2648 1286 2702 "me
1325 2648 1525 2700 idcirco
1564 2646 1778 2715 aggredi
1816 2660 1947 2698 cun-

796 1398 940 1452 Patri
995 1399 1190 1451 domno
1235 1396 1460 1450 ODILONI
1512 1395 1720 1454 abbati,
1775 1403 1944 1448 bvncs
1975 1397 2022 1456 Α
2053 1411 2155 1447 non
2185 1395 2411 1448 audebat
2441 1410 2556 1462 qum
2585 1395 2779 1462 ingenii
2812 1397 3075 1464 parvitate
3098 1414 3472 1453 consunnnare
3502 1401 3598 1454 dif-

2049 1485 2263 1537 fidebat.
2289 1483 2627 1538 Temeritatis
2650 1486 2866 1552 insuper
2891 1502 2993 1540 non
3030 1488 3205 1540 itnmei
3225 1489 3296 1541 ito
3341 1489 3490 1558 argui
3519 1506 3610 1544 ve-

2048 1573 2223 1634 rebar,
2257 1572 2299 1625 si
2333 1572 2587 1626 audacter
2609 1588 2986 1639 praesumerem
3009 1615 3022 1637 ,
3065 1591 3183 1643 quae
3210 1591 3294 1630 me
3337 1579 3607 1647 perSpiea-

2048 1661 2280 1714 ciorihus
2310 1661 2388 1714 vel
2430 1663 2878 1728 ingeniosnorihus
2906 1666 3290 1718 eoumtittenda
3341 1665 3453 1720 fore
3505 1683 3608 1719 non

2049 1748 2380 1816 ignorabam.
2431 1750 2534 1804 Sed
2579 1751 2693 1805 bme
2726 1753 2850 1806 mihi
2885 1754 2948 1808 de
2989 1769 3073 1807 me
3113 1765 3325 1824 cognita
3373 1757 3618 1826 prmfatio

2049 1840 2342 1906 quamlibet
2369 1858 2495 1895 vero
2522 1844 2717 1912 smpins
2743 1861 2842 1913 pro
2885 1848 3230 1901 excusatione
3281 1849 3420 1902 foret
3449 1866 3614 1918 oppo-

2049 1932 2169 1992 sita,
2203 1933 2500 1986 ille.........
2536 1933 2647 1987 Sub
2676 1938 2861 1990 eodem
2896 1941 3152 2007 temporis
3180 1942 3404 1994 articulo
3433 1958 3517 1995 me
3549 1945 3612 1996 ad

2049 2019 2276 2084 Italiam,
2305 2022 2554 2089 illumque
2585 2025 2734 2077 vobis
2765 2025 2995 2096 dirigere
3025 2029 3310 2095 placuisset
3334 2032 3398 2084 ad
3451 2031 3608 2084 Alsa-

2053 2112 2200 2172 tiam,
2233 2127 2366 2180 OpIIS
2391 2116 2532 2182 quod
2580 2114 2944 2183 relinquebam
2994 2117 3361 2185 imperfectum
3387 2159 3401 2181 ,
3433 2135 3614 2174 secum

2051 2202 2162 2270 ipse
2194 2202 2380 2255 detulit
2404 2219 2498 2270 per
2519 2204 2740 2257 schedas
2771 2206 3088 2274 dispersum.
3109 2207 3236 2260 Post
3266 2208 3612 2278 ejusdemque

2052 2290 2454 2360 lacrymabilcm
2485 2292 2792 2354 transitum,
2819 2309 2939 2346 cum
2979 2303 3170 2348 vestra:
3217 2298 3512 2363 prtesentize
3564 2301 3616 2351 iu

2053 2378 2383 2432 Morhaceusi
2440 2380 2686 2432 cwnobio
2743 2379 2928 2434 fuisset
2983 2382 3257 2446 oblatum,
3319 2384 3613 2453 injunct'un

2053 2469 2181 2523 mihi
2231 2477 2312 2522 est
2346 2484 2410 2521 ex
2462 2478 2637 2521 vestra
2681 2472 2945 2524 sententia
2974 2511 2988 2533 ,
3039 2487 3144 2540 quo
3186 2473 3453 2527 studerem
3502 2491 3618 2541 qua!

2053 2558 2272 2612 deerant
2302 2559 2528 2621 addere,
2568 2567 2620 2610 et
2665 2560 2990 2627 scriptorum
3041 2561 3168 2615 vitio
3214 2562 3504 2631 depravata
3550 2564 3615 2615 ad

2053 2658 2248 2702 statum
2273 2650 2552 2718 pristinum
2583 2651 2864 2718 relegendo
2888 2653 3179 2722 corrigere,
3198 2655 3336 2722 quod
3362 2654 3617 2707 iuchoans

380 2747 586 2809 ctahar,
631 2745 825 2812 quibus
867 2759 952 2796 me
998 2743 1138 2796 nulla
1187 2743 1384 2795 virtute
1431 2740 1708 2807 dignabar.
1743 2737 1949 2791 "lterum
1982 2731 2026 2788 Β
2056 2741 2280 2808 utpotui
2340 2757 2436 2809 pro
2491 2751 2666 2794 vestra
2713 2742 2953 2806 jussioue
3001 2743 3261 2810 perﬁcere
3311 2744 3519 2805 studui,
3566 2755 3620 2797 et

378 2836 611 2904 denique
639 2835 950 2903 magnitudo
977 2834 1232 2902 laborque
1259 2831 1486 2887 difﬁcilis
1515 2848 1599 2884 me
1629 2846 1814 2884 rursus
1837 2844 1950 2882 mo-

384 2926 572 2987 vebat,
612 2925 752 2992 quod
793 2925 1114 2993 multiplices
1141 2923 1517 2976 miraculorum
1549 2931 1804 2988 actusque
1844 2920 1947 2972 vir-

380 3024 554 3068 tnuzm
586 3014 711 3066 dum
745 3029 896 3067 mens
927 3012 1408 3082 contemplabatur,
1458 3026 1718 3078 suamque
1769 3010 1946 3063 scien-

384 3103 511 3155 tiam
539 3103 899 3167 scrutabatur,
939 3101 1181 3156 veritatis
1211 3101 1394 3156 territa
1422 3099 1687 3154 sententia
1715 3098 1948 3164 incipere

2055 2832 2259 2883 utinam
2291 2839 2397 2883 tam
2446 2831 2776 2896 ellieacitcr,
2819 2849 2978 2902 quam
3026 2833 3298 2898 libenter,
3352 2844 3512 2902 atque
3561 2847 3619 2887 nt

2057 2921 2212 2974 debui
2259 2931 2438 2974 vestro
2478 2923 2702 2989 imperio
2743 2923 2915 2992 parui.
2957 2923 3082 2977 ldeo
3275 2925 3619 2993 prasumptio

2055 3023 2238 3065 contra
2273 3014 2635 3082 redargn......

1480 3420 2016 3536 INCIPIT
2102 3417 2494 3535 VITA.

1542 3636 1580 3651 κ’
1619 3674 1924 3753 LIBER
1977 3674 2389 3751 PRIMUS.

451 3885 490 3940 ἰ.
525 3879 834 3939 Laudabilis
857 3879 952 3933 Dei
991 3877 1160 3930 nostri
1189 3883 1359 3929 Virtus
1383 3883 1440 3929 et
1480 3872 1743 3941 sapientia
1776 3873 1952 3924 :ctatis
1981 3874 2023 3934 C
2056 3870 2158 3923 dici
2184 3870 2389 3924 oculus.
2439 3868 2784 3925 Convenienti
2825 3873 3024 3927 etenim
3087 3873 3392 3929 futurarum
3445 3894 3625 3934 rerum

379 3987 436 4030 et
483 3971 845 4046 generationis
888 3968 1228 4024 suceedcntia
1280 3967 1382 4019 sibi
1433 3973 1672 4031 tempora
1718 3962 1947 4016 mirabili

383 4065 752 4134 pmordinans
781 4061 1096 4116 sreculorum
1128 4056 1549 4127 dispensatione,
1586 4055 1788 4106 mdlum
1817 4065 1953 4107 tem-

381 4173 482 4226 pus
512 4155 765 4224 relinquit
813 4167 1039 4206 vacunm
1078 4151 1334 4204 bonitatis
1372 4163 1502 4202 sure.
1541 4146 1694 4200 Unde
1751 4155 1951 4198 sancta:

383 4264 495 4302 sua:
525 4245 776 4300 Ecclesia:
798 4242 982 4296 fideles
1011 4256 1109 4309 per
1138 4255 1332 4307 aquam
1369 4237 1560 4291 salutis
1588 4245 1642 4288 et
1670 4249 1951 4304 regenera-

385 4338 545 4390 tionis
570 4337 620 4388 in
650 4335 878 4387 filiorum
911 4346 1135 4384 numero
1165 4339 1552 4382 annumeratos
1598 4328 1738 4380 bono
1767 4340 1949 4378 exem-

383 4425 471 4493 plo
502 4423 888 4478 melioratienis
926 4429 1034 4474 tam
1071 4417 1486 4489 pmcedentium
1534 4425 1746 4485 patrum
1792 4429 1949 4484 quam

385 4525 440 4568 et
460 4513 799 4583 praesentium
829 4524 1040 4579 semper
1069 4508 1372 4571 confirmat,
1402 4515 1455 4560 et
1481 4506 1545 4560 ad
1575 4505 1949 4572 consequenda

384 4614 597 4659 aeternae
647 4602 977 4656 haereditatis
1021 4600 1210 4668 gaudia
1256 4585 1838 4667 invigilareuiusinuat.
1895 4595 1950 4647 In

386 4695 485 4748 hoc
514 4694 675 4762 igitur
705 4692 890 4746 ultimo
919 4692 1095 4745 aetatis
1131 4691 1358 4744 termino
1387 4703 1569 4742 verum
1601 4688 1790 4756 suique
1819 4686 1951 4740 [ide-

382 4783 486 4838 lem
539 4785 900 4839 certissimum
954 4783 1169 4835 beatum
1227 4781 1478 4834 Maiolum
1538 4780 1716 4834 divina
1780 4780 1952 4847 pietas

384 4877 583 4930 mundo
615 4875 853 4944 protulit,
880 4875 969 4943 qui
998 4875 1157 4928 claris
1184 4882 1333 4927 ortus
1365 4873 1652 4934 natalibus,
1684 4886 1746 4924 ex
1775 4870 1954 4923 Aven-

384 4967 628 5020 nicorum
661 4965 858 5034 oppido
894 4964 1209 5032 parentibus
1239 4960 1683 5031 splendidissimis
1707 4969 1785 5014 est
1827 4975 1954 5028 pro-

378 5067 640 5120 creatus,
699 5053 1055 5109 Provincialis
1117 5053 1334 5126 quidem
1390 5066 1626 5121 genere,
1691 5051 1950 5105 nobilium

377 5147 653 5202 Gallorum
684 5145 864 5199 clarus
902 5148 1282 5213 generositate.
1316 5141 1413 5194 Hic
1441 5142 1508 5195 ab
1552 5141 1681 5209 ipsis
1708 5139 1954 5198 infantiae

2053 3960 2335 4028 praisagio,
2366 3959 2454 4012 tali
2488 3961 2703 4014 nomine
2729 3963 2960 4016 donatur
2991 3963 3076 4015 illa
3111 3966 3351 4020 veritatis
3395 3968 3627 4034 etjusti-

2057 4051 2140 4103 tia:
2167 4052 2414 4105 columna
2440 4069 2453 4115 ;
2485 4054 2735 4120 quoniam
2765 4054 2981 4124 quidem
3006 4073 3098 4124 per
3125 4059 3424 4126 quadritida
3459 4071 3628 4116 terra-

2055 4156 2172 4192 rum
2206 4142 2375 4210 spatia
2405 4158 2597 4212 magna
2624 4146 2864 4198 extendit
2890 4161 2999 4199 sua:
3028 4148 3376 4202 beatitudinis
3400 4151 3621 4204 lumina.

2055 4233 2158 4288 Pro
2210 4234 2461 4301 cperibus
2512 4236 2653 4288 enim
2705 4237 2896 4290 iterato
2937 4239 3198 4304 prmscita:
3248 4250 3302 4292 et
3354 4241 3626 4310 dispositae

2055 4325 2154 4378 sibi
2179 4324 2433 4378 divinitus
2461 4325 2580 4378 vine
2602 4325 2705 4378 tale
2735 4326 2780 4378 ei
2812 4342 3002 4380 nomen
3029 4330 3624 4394 conveniebathabere.

2055 4416 2196 4483 quod
2243 4415 2296 4467 in
2344 4414 2422 4468 sui
2466 4413 2778 4468 memoriale
2822 4416 3019 4470 bonum
3055 4417 3251 4472 Christi
3295 4421 3516 4475 odorem
3571 4422 3624 4476 in

2055 4505 2307 4557 cordibus
2354 4502 2589 4556 fidelium
2641 4503 2842 4557 faceret
2897 4505 3158 4570 redolere,
3207 4516 3284 4571 ut,
3331 4511 3622 4564 secundum

2055 4595 2293 4664 Apostoli
2326 4594 2715 4659 testimonium,
2748 4593 2944 4648 Christi
2992 4596 3162 4652 bonus
3189 4599 3322 4651 odor
3355 4615 3629 4654 mereren-

2058 4696 2144 4740 tur
2179 4687 2315 4750 fieri,
2350 4687 2441 4756 qui
2472 4687 2594 4740 vitae
2629 4695 2682 4740 et
2725 4689 3153 4742 conversationis
3183 4692 3298 4758 ejus
3335 4693 3629 4747 voluissent

2054 4777 2280 4848 vestigia
2304 4777 2520 4830 imitari.
2560 4775 2659 4830 Hic
2681 4777 2877 4830 etenim
2914 4777 3255 4833 beatissimus
3286 4790 3436 4848 pater
3463 4782 3626 4836 Maio-

2058 4872 2140 4924 lus
2181 4886 2275 4938 pro
2300 4868 2602 4922 sanctitatis
2632 4878 2686 4921 et
2732 4867 2949 4937 pietatis
2997 4881 3108 4922 suae
3154 4866 3418 4924 fructibus
3466 4872 3623 4923 imm-

2057 4962 2246 5016 daudis
2269 4959 2469 5014 Christi
2503 4959 2676 5012 bonus
2717 4958 2851 5011 odor
2897 4957 3231 5026 permansit,
3271 4969 3325 5013 et
3351 4971 3628 5027 permanet

2059 5053 2110 5107 iu
2138 5053 2220 5105 his
2245 5053 2335 5120 qui
2369 5058 2622 5119 pereunt,
2652 5058 2706 5102 et
2735 5050 2788 5102 in
2820 5050 2906 5105 his
2933 5050 3024 5119 qui
3057 5048 3187 5103 salvi
3219 5049 3370 5104 fiunt.
3419 5048 3633 5105 Sancti-

2063 5143 2277 5196 ticatum
2332 5156 2564 5209 namque
2625 5140 2916 5209 thymiama
2958 5148 3351 5211 unguentorum
3414 5151 3631 5196 suorum

376 5236 698 5290 rudimentis
725 5233 914 5288 studiis
944 5232 1252 5295 litterarum
1284 5231 1534 5295 traditus,
1569 5246 1796 5298 superna
1828 5246 1956 5299 pro-
1985 5209 2035 5270 D
2064 5232 2353 5286 secundum
2381 5231 2603 5286 Cantica
2632 5231 2960 5284 canticorum
3009 5209 3208 5284 multos
3237 5239 3292 5283 et
3329 5229 3636 5283 innumera-

370 5330 591 5383 vidente
614 5323 892 5380 clementia
917 5322 979 5374 ita
1000 5322 1050 5379 in
1081 5335 1252 5390 domo
1279 5322 1485 5375 Domini
1512 5321 1724 5374 lucerna
1753 5324 1956 5386 ardens

367 5419 594 5474 elucens
643 5413 880 5472 refulsit,
925 5418 971 5461 ut
1010 5419 1093 5486 de
1140 5432 1213 5475 co
1265 5412 1394 5467 illud
1444 5411 1733 5468 Mosaieum
1775 5426 1958 5483 possit

2063 5324 2192 5379 biles
2217 5335 2336 5394 post
2366 5341 2422 5379 se
2452 5324 2636 5385 traxit,
2670 5322 2758 5391 qui
2789 5321 2910 5401 zelo
2927 5320 3234 5376 sanctitatis
3261 5319 3637 5386 accensi,igne

2065 5416 2411 5486 perfectionis
2459 5411 2688 5478 fervidi,
2735 5411 2941 5480 abiecta
2991 5412 3283 5466 inveterati
3320 5411 3644 5478 corporiset

2104 5507 2114 5518 ο
2235 5507 2264 5520 ιι
2314 5509 2325 5520 ι
2479 5516 2510 5520 --
2576 5504 2586 5516 ο
2704 5503 2794 5520 .-1.
2851 5503 2978 5520 ___.‘
3076 5515 3138 5520 ..-Α
3176 5499 3446 5520 ε-....-..---.
3483 5499 3605 5520 Ρ-..ιξ
