4494 5520
885 447 989 500 ῚΓΙ

2018 442 2073 495 ς.
2118 439 2342 494 _\l.-\IOLI
2380 436 2673 492 ABBATIS
2710 438 3019 491 Cl.l7.\'l.\fl.

4024 436 4132 491 748

886 559 1068 613 divino
1116 556 1360 621 dogmate
1390 594 1404 617 ,
1445 562 1521 613 nl,
1570 526 1753 605 relicta
1801 551 2077 618 superﬂua:
2132 550 2460 601 t'ttriosilatis
2492 552 2532 607 Λ
2568 558 2674 599 tmn
2701 549 2968 601 convaluit
3016 566 3118 600 non
3160 550 3314 600 modo
3350 549 3622 611 dot-trina,
3667 565 3847 603 verum
3894 552 4132 605 moribus

882 646 1120 710 sarcina,
1178 642 1507 697 transvolent
1557 642 1749 709 pennis
1798 641 1918 692 tidei
1967 650 2019 692 et
2071 640 2336 691 libertatis
2387 638 2451 689 ad

880 737 1103 791 aethera.
2178 784 2181 785 ν

952 826 1034 878 lll.
1064 823 1204 877 Puer
1224 823 1312 875 dat
1342 824 1621 890 specimina
1650 821 1873 873 virtutis.
1898 819 2075 872 ——llic
2100 819 2298 872 etenim
2324 818 2449 871 bea-

881 914 1120 968 tissimus
1161 925 1223 964 ac
1252 908 1631 963 dilectissimus
1661 907 1886 963 Maiolus
1917 906 2097 961 divino
2143 916 2450 976 praeventus

878 1019 1122 1068 numere,
1155 1002 1333 1072 qualia
1365 1003 1555 1056 itinera
1587 1000 1801 1055 laudum
1833 1011 1886 1055 et
1913 1001 2171 1055 virtutum
2195 986 2449 1070 sequere-

879 1104 986 1156 tur,
1026 1091 1349 1161 praedicebat
1380 1091 1593 1145 nomine
1621 1108 1632 1143 :
1663 1098 1716 1143 et
1747 1090 1798 1143 in
1829 1089 2088 1144 infantilis
2114 1090 2292 1143 mtatis
2319 1099 2450 1143 tem-

876 1198 1007 1251 pore
1041 1222 1056 1244 ,
1112 1181 1266 1251 quasi
1320 1180 1583 1250 quoddam
1641 1180 2091 1249 prtemonstrabat
2139 1180 2451 1234 maturioris

872 1272 1049 1325 aetatis
1075 1269 1549 1339 irreprehensibile
1578 1268 1765 1335 decus,
1798 1271 2035 1324 scienter
2066 1271 2283 1324 nescius
2322 1270 2449 1324 vitae

872 1378 985 1416 sua:
1012 1361 1310 1431 primordia
1337 1359 1545 1415 ctelesti
1577 1359 1941 1429 discipulatui,
1977 1369 2030 1413 et
2065 1360 2339 1428 sapienter
2368 1360 2448 1413 in-

875 1457 1066 1509 doctus
1096 1451 1385 1524 acquirens
1423 1452 1525 1506 sibi
1580 1451 1890 1522 magistrale
1937 1452 2102 1506 decus
2138 1452 2190 1505 in
2240 1452 2450 1505 novello

878 1547 1086 1599 dierum
1119 1558 1368 1598 numero.
1399 1543 1488 1597 Sic
1519 1541 1683 1610 igitur
1711 1541 1949 1595 cmlestis
1972 1542 2144 1609 pietas
2186 1541 2238 1593 in
2284 1541 2450 1609 ipsius

874 1635 1051 1688 aetatis
1076 1632 1306 1687 termino
1329 1640 1589 1700 coaptans
1618 1641 1740 1685 enm
1786 1630 1887 1684 sibi
1932 1630 1999 1683 ad
2048 1630 2329 1684 electionis
2368 1628 2449 1681 fn-

876 1732 1010 1777 tura:
1055 1720 1433 1791 privilegium,
1502 1717 1841 1774 scholaribus
1903 1718 2203 1787 disciplinis
2272 1719 2445 1784 ipsum

870 1811 1023 1865 subdi
1074 1810 1274 1872 voluit,
1314 1823 1411 1878 per
1469 1822 1628 1878 quem
1686 1817 1872 1876 postea
1925 1807 2204 1860 abundans
2251 1807 2445 1860 divina:

2561 651 2613 692 ιιι
2642 642 2767 695 vita.
2796 640 3054 693 Prtezlieta
3087 640 3301 707 quidem
3333 650 3458 693 tunc
3484 641 3677 693 civitas
3724 630 3910 695 omnes
3951 643 4127 695 excel-

2559 730 2703 783 lebat
2733 730 2830 783 sibi
2861 730 3183 798 propinquas
3222 739 3326 782 tam
3372 730 3628 798 religione
3675 732 3931 784 virttttum
3970 746 4131 800 quam
4182 732 4187 736 ’

2556 820 2733 873 studio
2758 819 3056 874 liberalium
3088 821 3307 872 artium.
3337 819 3550 874 Otl‘ensa
3584 836 3813 889 namque
3844 822 4129 889 sapientia,

2555 928 2671 981 qum
2694 922 2908 981 propter
2930 926 2986 965 se
3008 912 3175 981 ipsam
3204 920 3407 965 tantum
3431 912 3725 981 appetenda
3749 922 3853 976 cst,
3876 928 4133 981 quorum-

2555 1003 2676 1057 dam
2716 1003 2881 1057 Iucris
2905 1003 3147 1071 turpibus
3174 1044 3188 1069 ,
3220 1003 3509 1057 multorum
3554 1004 3949 1073 indisciplinata
4000 1005 4133 1083 vita.

2555 1094 2793 1148 omnium
2825 1104 3096 1163 postremo
3137 1095 3312 1163 tepide
3340 1110 3397 1149 se
3433 1095 3798 1165 appetentium
3848 1096 4132 1150 inhonesta

2553 1183 2775 1246 desidia,
2805 1195 3188 1251 praeceptorum
3222 1184 3397 1253 inopia
3449 1184 3813 1237 intercedente
3858 1184 4133 1253 priorum-

2553 1288 2656 1341 quc
2694 1274 2885 1327 Studiis
2913 1273 3183 1343 collapsis,
3215 1274 3373 1343 hujus
3399 1282 3593 1327 nostra:
3616 1273 3908 1327 exitialiter
3933 1290 4128 1343 perosa

2555 1362 2805 1429 regionis,
2832 1362 3069 1431 Lugduni
3097 1362 3195 1417 sibi
3228 1362 3536 1431 aliquandiu
3562 1362 3830 1434 familiare
3860 1364 4130 1417 consisto-

2556 1451 2693 1503 rium
2720 1449 3020 1503 collocavit.
3055 1450 3126 1504 lbi
3158 1465 3293 1518 quas
3333 1452 3519 1504 dicunt
3565 1451 3968 1518 disciplinarum
3999 1452 4131 1505 libe-

2556 1539 2744 1592 ralium
2774 1540 2987 1607 peritia,
3017 1555 3258 1608 quasque
3285 1540 3474 1593 ordine
3505 1555 3726 1594 currere
3754 1542 3855 1594 boe
3886 1550 4135 1610 tempore

2554 1625 2730 1679 fabula
2759 1636 2961 1680 tantum
2991 1637 3095 1690 est,
3123 1642 3187 1682 eo
3212 1644 3383 1696 usque
3413 1628 3684 1682 convaluit
3711 1668 3723 1689 ,
3756 1637 3813 1680 ut
3858 1640 4126 1696 quantum

2552 1720 2616 1770 ad
2650 1718 2883 1781 scholas,
2915 1718 3183 1787 publicum
3206 1719 3566 1787 appellaretur
3596 1720 3729 1773 citra
3760 1720 3951 1772 marini
3983 1722 4134 1773 orbis

2552 1808 2907 1877 gymnasium.
2939 1808 3037 1869 Et,
3078 1817 3135 1861 ut
3172 1808 3371 1878 aliquid
3422 1808 3645 1862 rationis
3680 1807 3873 1869 all‘errc
3908 1810 4092 1862 videar
4115 1850 4131 1871 ,

870 1900 1134 1971 largitatis
1198 1900 1487 1954 thesaurus
1541 1897 1772 1968 pleniter
1838 1896 2040 1950 mundo
2099 1895 2405 1964 aperiretttr
2434 1913 2445 1949 :
2480 1885 2525 1943 Β
2554 1913 2618 1951 eo
2645 1897 2694 1950 id
2723 1906 3036 1966 argumento
3060 1899 3363 1966 colligimus
3387 1938 3402 1963 ,
3453 1898 3594 1967 qttod
3654 1898 3900 1967 quisquis
3934 1899 4131 1951 artium

867 1990 1022 2045 multi
1074 2003 1289 2059 quoque
1346 1986 1635 2055 adjuvante
1690 1985 2068 2053 Redemptoris
2118 1986 2451 2054 benignitate

872 2079 1310 2142 meliorarentur,
1340 2078 1431 2145 qui
1463 2076 1633 2145 ipsius
1663 2076 1970 2129 sanctitatis
2016 2074 2271 2129 laudabili
2317 2072 2451 2128 al'l‘a-

866 2168 1074 2223 bilitate
1102 2167 1429 2221 fruerentur.
1482 2164 1864 2234 Multiplicibus
1910 2166 2142 2234 denique
2190 2166 2451 2220 virtutum

865 2259 1156 2312 adornatus
1184 2256 1341 2311 donis
1374 2256 1567 2309 beatus
1606 2254 1769 2308 Pater
1810 2254 2069 2320 Maiolus,
2121 2255 2227 2308 vita
2268 2255 2449 2323 operi-

863 2351 1070 2419 busque
1098 2346 1403 2410 laudabilis,
1430 2360 1541 2400 suae
1569 2344 1747 2399 aetatis
1788 2343 2085 2399 infantilem
2137 2331 2451 2399 teneritudi;

862 2453 987 2495 nem
1019 2436 1328 2493 maturioris
1356 2435 1523 2491 animi
1573 2434 1829 2490 firmitate
1871 2435 2103 2490 reddidit
2132 2434 2444 2505 perfectam.

864 2529 960 2583 Cui
992 2530 1043 2582 in
1068 2528 1222 2582 initio
1253 2528 1461 2581 viarum
1489 2540 1711 2580 suarum
1740 2525 2170 2594 praedivinabant
2190 2526 2449 2579 coaetanei

867 2636 973 2676 non
1010 2620 1199 2675 deesse
1246 2619 1294 2673 ei
1328 2619 1379 2672 in
1426 2616 1663 2670 futurum
1715 2616 1984 2685 quoddam
2034 2615 2450 2686 magnificentia:

864 2714 1258 2784 magisterium,
1288 2725 1409 2765 eum
1441 2726 1675 2780 quoque,
1704 2720 1761 2764 ut
1791 2702 1978 2765 eorum
2003 2711 2143 2765 scire
2174 2711 2449 2775 manebat,

873 2802 1150 2857 favoribus
1189 2802 1397 2871 magnis
1428 2800 1759 2856 extollebant
1782 2809 1837 2854 et
1861 2799 2129 2855 laudibus.

942 2896 1029 2949 IV.
1057 2893 1395 2948 Matisconem
1416 2893 1633 2957 accedit,
1656 2892 1827 2961 ibique
1850 2892 2131 2946 canonica:
2149 2902 2287 2946 caste
2308 2893 2446 2947 vivit.

867 3016 934 3025 -
970 2986 1229 3039 Processu
1264 2984 1445 3052 itaque
1487 2982 1745 3052 temporis
1792 2984 2018 3037 decursa
2050 2984 2298 3053 pueritia,
2327 3000 2447 3039 cum

867 3091 987 3129 eum
1028 3074 1139 3142 jam
1193 3074 1294 3127 sibi
1345 3072 1643 3127 vindicaret
1692 3071 2084 3137 adolescentia,
2135 3074 2450 3143 parentibus

869 3168 1101 3219 humana
1126 3172 1270 3217 sorte
1301 3163 1607 3231 prmventis,
1640 3162 1988 3231 paternisque
2013 3163 2229 3229 prtediis
2249 3163 2447 3217 barba-

863 3256 972 3308 rica
1004 3240 1281 3307 invasioue
1313 3253 1364 3306 in
1415 3250 1758 3305 solitudinem
1794 3249 1908 3317 jam
1956 3252 2192 3305 redactis
2217 3292 2230 3315 ,
2265 3252 2444 3305 divina

862 3344 1182 3412 disponente
1208 3341 1545 3410 providentia
1592 3340 1839 3392 naturale
1888 3339 2060 3393 solum
2096 3348 2316 3393 coactus
2362 3351 2444 3394 est

867 3434 1135 3495 deserere,
1175 3445 1239 3483 ac
1281 3428 1599 3497 Burgundiae
1632 3436 1814 3495 partes
1853 3436 2148 3495 expetere;
2192 3428 2445 3481 veniens-

862 3540 968 3594 que
1018 3522 1087 3577 ad
1125 3519 1313 3574 urbem
1362 3517 1740 3573 Matiscensem
1798 3528 2082 3587 susceptus
2134 3526 2219 3573 est
2268 3518 2342 3571 ibi
2390 3519 2443 3571 in

866 3610 1097 3684 hospitio
1131 3628 1159 3665 a
1184 3611 1417 3681 quodam
1446 3624 1544 3663 suo
1570 3609 1895 3679 propinquo,
1917 3609 2007 3679 qui
2039 3609 2177 3663 inter
2208 3610 2444 3679 reliquos

859 3708 1099 3774 ejusdem
1128 3701 1282 3759 urbis
1324 3716 1611 3771 proceres,
1667 3700 1961 3755 nobilitatis
1990 3701 2211 3770 gerebat
2254 3700 2439 3755 decus.

853 3796 1096 3865 Cumque
1150 3791 1470 3862 aliquandiu
1513 3793 1565 3845 in
1602 3792 1719 3861 ejus
1761 3801 2067 3846 moraretur
2117 3792 2439 3857 diversorio,

854 3888 972 3957 ejus
1000 3884 1166 3939 fultus
1198 3880 1545 3945 adminiculo,
1605 3882 1678 3934 uti
1721 3881 1885 3950 ccepit
1920 3880 2159 3947 ejusdem
2203 3881 2442 3935 civitatis

855 3980 1149 4049 episcopo:
1198 3988 1358 4044 quem
1418 3972 1626 4027 liberali
1675 3987 1904 4027 cernens
1971 3974 2183 4044 ingenio
2237 3974 2438 4040 valere,

858 4068 1247 4124 canonicorum
1292 4064 1498 4118 studuit
1531 4062 1757 4133 collegio
1805 4063 2077 4132 cepnlare.
2124 4063 2224 4129 Qui
2275 4064 2439 4119 etiam

854 4173 976 4213 eum
1008 4156 1270 4212 secretius
1310 4168 1520 4208 summa
1572 4153 1894 4207 hortabatur
1944 4153 2204 4207 instantia
2234 4193 2247 4217 ,
2290 4162 2349 4207 ιιι
2384 4170 2439 4207 se

852 4246 1117 4314 virginem
1158 4251 1543 4305 conservaret,
1599 4249 1652 4296 et
1698 4241 1845 4294 velut
1881 4256 1977 4295 vas
2014 4242 2299 4297 electionis
2329 4283 2342 4303 .
2386 4243 2441 4296 in

856 4335 1095 4391 Ecclesia
1126 4333 1319 4402 dignus
1350 4332 1457 4386 Deo
1490 4333 1659 4385 fieret.
1694 4330 1803 4385 Sed
1844 4329 2079 4400 Virginis
2120 4330 2288 4385 Filius
2324 4332 2437 4402 jam

852 4430 979 4483 olim
1027 4424 1292 4481 castitatis
1336 4438 1519 4477 amore
1568 4432 1757 4492 pectus
1800 4423 1848 4476 ei
1897 4420 2212 4486 aﬂlaverat,
2266 4434 2324 4476 ut
2372 4436 2438 4477 ne

850 4524 1053 4587 puncto
1091 4512 1305 4584 quidem
1350 4512 1607 4582 temporis
1650 4511 1718 4564 ab
1763 4512 1880 4581 ejus
1923 4512 2118 4565 intuitu
2160 4520 2435 4581 pateretur

849 4604 1054 4661 divelli.
1087 4601 1372 4657 Dulcorem
1422 4600 1633 4655 Domini
1681 4602 1767 4655 hic
1812 4617 1841 4653 a
1874 4610 2060 4655 tenero
2106 4602 2430 4657 imbiberat:

847 4709 902 4753 et
927 4695 1047 4750 ideo
1071 4692 1346 4764 pudicitia:
1373 4692 1517 4750 nitor
1549 4692 1683 4745 ineo
1704 4691 2079 4757 incanduerat,
2102 4702 2438 4761 auxeratque

858 4785 1103 4857 'argitrix
1130 4784 1307 4855 gratia
1334 4791 1525 4852 pectus
1555 4781 1781 4835 infantis
1819 4782 2134 4836 muneribus
2163 4784 2389 4851 geminis
2420 4800 2433 4847 ;

850 4879 1102 4950 quodque
1132 4874 1336 4930 assolet
1366 4888 1488 4928 esse
1531 4873 1741 4927 duobus
1782 4881 1995 4941 gratum
2042 4880 2096 4926 et
2127 4871 2394 4927 sufficiens
2418 4914 2431 4937 ,

847 4971 951 5023 hoc
980 4964 1467 5037 prtecumulaverat
1490 4963 1605 5016 uni.

920 5058 987 5114 ν.
1012 5058 1258 5129 Lugduni
1289 5056 1475 5108 litteris
1498 5063 1665 5107 vacat.
1687 5052 1871 5106 -Per
1893 5053 2033 5106 idem
2067 5063 2274 5125 tempus
2305 5057 2437 5127 Lng-

855 5153 984 5209 duni
1006 5149 1278 5206 Antonius
1293 5146 1511 5214 quidam
1536 5144 1693 5197 bonis
1715 5144 1943 5213 pollebat
1963 5145 2221 5211 moribus,
2243 5149 2292 5202 in
2315 5149 2433 5217 phi-

849 5240 1094 5311 losophia
1122 5237 1256 5293 satis
1279 5234 1542 5295 eruditus,
1558 5247 1719 5301 quem
1744 5233 1916 5287 virtus
1931 5243 1984 5287 et
2008 5233 2197 5305 religio
2219 5236 2430 5295 Insula:-

836 5328 1180 5389 .Barbarensi
1224 5325 1546 5397 praefecerat
1593 5322 1860 5377 cmnobio.
1910 5323 2020 5378 lloc
2056 5326 2137 5379 vir
2163 5326 2256 5383 Dei
2294 5345 2427 5398 quo-

848 5422 1097 5479 rumdam
1136 5416 1399 5472 relatione
1446 5424 1759 5483 comperto,
1804 5414 1929 5483 quia
1963 5407 2144 5471 nimio
2185 5418 2425 5476 discendi

2465 4554 2513 4612 D

2552 1986 2973 2055 prolitendarum
3010 1986 3312 2042 afﬁceretur
3338 1989 3538 2052 studio,
3566 2004 3671 2041 non
3714 2000 3839 2042 ante
3868 1990 4129 2057 professis

2553 2075 2773 2129 inscribi
2802 2076 3131 2140 merebatur,
3161 2092 3321 2145 quam
3356 2078 3480 2131 hinc
3527 2078 3805 2147 explorata
3857 2080 4133 2147 diligentia

2551 2166 2891 2221 examinatus
2938 2168 3128 2221 abiret.
3177 2168 3273 2221 Cui
3324 2169 3397 2222 rei
3437 2170 3702 2238 satyricns
3746 2184 3959 2238 quoque
4007 2170 4134 2222 asti-

2552 2256 2766 2325 pulatur
2800 2258 2889 2328 qui
2937 2266 2991 2311 ut
3023 2258 3253 2327 exempli
3305 2258 3708 2313 circumstantia
3756 2274 3842 2313 res
3894 2259 4129 2318 eluceat,

2552 2347 2725 2417 primo
2754 2348 2835 2401 sui
2866 2348 3047 2416 operis
3077 2348 3215 2401 libro
3245 2348 3444 2402 acriter
3489 2348 3690 2416 diuque
3741 2349 3793 2401 in
3826 2348 4127 2417 impudicos

2552 2437 2965 2503 invectus,fert
2994 2453 3086 2493 eos
3146 2437 3476 2493 conscientia
3524 2437 3848 2505 frequentati
3905 2436 4129 2491 sceleris

2550 2526 2777 2596 perinde
2805 2527 3127 2596 pallescere,

2678 2635 2741 2685 Ut
2770 2634 3146 2698 Lugdunensem
3180 2636 3347 2686 rhetor
3370 2637 3591 2685 dicturus
3616 2636 3672 2684 ad
3697 2648 3827 2684 aram
3850 2637 3943 2696 (l).

2623 2748 2678 2801 In
2706 2764 2766 2801 ea
2800 2748 2978 2817 itaque
3008 2748 3160 2811 urbe,
3192 2756 3249 2800 ut
3288 2746 3520 2801 diximus
3546 2787 3560 2812 ,
3607 2762 3727 2800 cum
3772 2748 4125 2816 philosophos

2553 2839 2805 2908 virosque
2845 2840 3051 2893 audiret
3101 2839 3504 2893 ecclesiasticos
3531 2879 3546 2902 ,
3604 2839 3781 2892 divina
3824 2839 4128 2907 inspirante

2554 2930 2749 2999 gratia,
2791 2933 2991 2985 omnes
3044 2944 3172 2983 suos
3228 2929 3502 3000 praecessit
3570 2929 3790 2983 aemulos
3846 2930 4133 2998 sapientia.

2552 3021 2881 3075 Facunditas
2912 3021 3233 3091 eloquentia:
3260 3021 3507 3090 gravitati
3542 3030 3668 3074 tunc
3698 3022 4132 3087 componebatur

2554 3110 2847 3177 sapientizr.
2879 3110 2955 3163 Ex
3010 3111 3235 3163 materia
3278 3110 3499 3180 hujusce
3539 3110 3947 3180 compositionis
3975 3151 3987 3174 ,
4034 3125 4132 3162 vas

2477 3221 2522 3281 ρ
2554 3214 2673 3254 esse
2705 3202 2869 3261 cmpit
2898 3200 3200 3255 electionis.

2622 3313 2706 3367 Vl.
2766 3311 3015 3365 Virtutem
3045 3314 3221 3383 jungit
3272 3313 3569 3367 studiis.——
3603 3314 3842 3380 Cumque
3876 3313 3987 3379 jam
4041 3328 4134 3367 ve-

2551 3405 2666 3456 siiri
2736 3406 2991 3481 coepisset
3064 3406 3414 3460 vernantibus
3483 3406 3783 3474 jnventutis
3856 3404 4128 3468 ﬂoribus,

2552 3494 2621 3547 ita
2704 3510 2856 3548 suam
2924 3495 3344 3551 adolescentiam
3416 3496 3572 3551 bonis
3646 3498 3904 3551 instruxit
3959 3498 4129 3551 mori-

2548 3568 2685 3649 bus,
2752 3593 2809 3637 ut
2865 3600 2929 3638 eo
2998 3582 3243 3655 tempore
3312 3586 3423 3655 jam
3477 3595 3756 3660 putaretur
3811 3587 4128 3640 monachus.

2547 3672 2814 3742 lntegrum
2864 3690 2921 3728 se
2978 3685 3032 3729 et
3102 3676 3369 3729 sincerum
3422 3676 3568 3729 omni
3630 3676 3872 3730 custodia
3929 3676 3997 3729 ab
4045 3676 4133 3729 his

2546 3768 2869 3821 observabat
2894 3770 3038 3821 vitiis
3081 3771 3276 3838 quibus
3302 3770 3656 3825 contaminari
3682 3770 3853 3825 solent
3880 3772 4131 3824 homines

2547 3858 2705 3927 hujus
2735 3859 2927 3912 aetatis.
2976 3859 3068 3913 llis
3099 3861 3240 3913 enim
3276 3859 3440 3913 imbui
3474 3861 3724 3924 timebat,
3760 3876 3829 3915 ne
3858 3869 4041 3914 tenera
4075 3862 4130 3913 in

2544 3948 2800 4002 :etatehis
2822 3948 3204 4003 infectusesset
3225 3951 3577 4021 quibus,cum
3602 3951 3781 4017 vellet,
3808 3966 3994 4006 carere
4021 3961 4129 4005 non

2543 4050 2762 4109 posset,
2788 4042 2942 4110 juxta
2982 4042 3110 4096 illud
3150 4045 3293 4110 quod
3340 4045 3600 4113 scriptum
3645 4054 3728 4099 est
3762 4064 3774 4098 :
3817 4046 4129 4099 Adolescens

2536 4132 2693 4200 jua‘lu
2724 4134 2857 4185 vium
2895 4136 3064 4196 suam,
3102 4136 3255 4186 etiam
3285 4151 3400 4187 cum
3435 4138 3683 4196 senuerit,
3715 4152 3815 4188 non
3841 4138 4037 4189 recedet
4061 4140 4129 4189 ab

2542 4238 2602 4272 ea
2631 4219 2812 4289 (Prov.
2842 4237 2974 4287 xxu,
3000 4222 3075 4292 6).
3102 4222 3369 4276 Bonorum
3393 4224 3630 4277 virorum
3659 4233 3710 4277 et
3737 4226 3970 4279 maxime
3995 4241 4126 4293 pru-

2543 4307 2782 4363 dentium
2814 4312 3168 4367 contubernio
3202 4312 3423 4381 potitus,
3454 4313 3801 4383 turpitudinis
3826 4323 4130 4368 sectatores

2542 4416 2759 4457 CXOSUS.

2612 4512 2718 4568 V'll.
2745 4513 2785 4565 Α
2796 4514 3158 4591 rcltidittconus
3174 4524 3396 4569 creatus.
3411 4545 3481 4554 —
3493 4513 3612 4568 Jam
3627 4528 3756 4569 vero
3768 4529 3863 4584 per
3877 4524 4106 4568 cunctos
4118 4556 4130 4576 ,

2540 4611 2697 4673 prout
2730 4604 2897 4657 moris
2926 4612 3009 4657 est
3035 4644 3049 4668 ,
3080 4605 3279 4674 gradus
3306 4605 3673 4660 conscendens
3702 4604 4132 4665 ecclesiasticos,

2540 4710 2662 4748 cum
2702 4693 2982 4751 levitarum
3020 4694 3286 4763 potiretur
3317 4692 3491 4749 ollicio
3516 4734 3529 4757 ,
3571 4694 3637 4747 ad
3668 4691 3909 4760 ejusdem
3953 4709 4135 4761 usque

2539 4800 2717 4859 arcem
2742 4826 2757 4847 ,
2789 4784 3033 4839 doctrina
3077 4783 3130 4838 id
3157 4785 3406 4853 exigente
3432 4784 3654 4854 justitite
3674 4824 3687 4847 ,
3722 4784 3790 4837 ab
3820 4783 4007 4838 eodem
4044 4793 4131 4834 est

2524 4877 2856 4953 sublimatus
2878 4879 2989 4948 jam
3020 4878 3277 4947 prtedicto
3312 4877 3586 4947 pontifice.
3619 4875 3809 4932 Ol‘ﬂcio
3836 4878 3993 4946 igitur
4021 4877 4126 4929 mi-

2541 4969 2881 5023 uistrationis
2908 4978 3140 5036 accepta:
3170 4982 3293 5021 eum
3326 4967 3491 5021 cultui
3523 4967 3692 5022 vinea!
3722 4966 4127 5036 inanciparetur

2543 5060 2757 5121 divinat,
2805 5066 2860 5111 ut
2894 5058 3051 5128 hujus
3078 5072 3135 5111 se
3164 5056 3463 5127 assignaret
3507 5057 3757 5111 colonum
3785 5096 3800 5122 ,
3834 5070 4123 5129 commune

2524 5140 2671 5204 ntile
2722 5149 3011 5204 multorum
3066 5150 3241 5219 magis
3286 5150 3561 5218 qurerebat
3610 5165 3772 5218 quam
3818 5149 4119 5219 proprium.

2536 5241 2757 5295 Cunctis
2788 5240 3073 5305 benignus,
3099 5240 3349 5293 omnibus
3376 5255 3591 5308 aequus,
3625 5241 3825 5294 nemini
3854 5240 4115 5301 nocebat;

2536 5332 2727 5400 quibus
2768 5338 2975 5398 poterat
3026 5330 3279 5398 prodesse
3315 5329 3591 5402 pstudebat.
3644 5328 3787 5384 Sana
3836 5330 4031 5399 quippe
4064 5323 4117 5382 ei

2536 5421 2780 5475 doctrina
2812 5421 3015 5485 inerat;
3044 5420 3167 5488 quia
3198 5435 3308 5473 sua:
3348 5419 3643 5473 conditioni
3674 5419 3815 5484 quod
3840 5425 4115 5482 compete-
