4494 5520
282 423 391 478 7η
1625 414 1799 465 \'l'l'.\.
1848 443 1907 447 -σ
1952 410 2053 461 Lit:

1767 437 1799 463 ι.
1848 443 1907 447 -σ
1952 410 2073 461 ως.
2120 408 2155 459 l.
3440 404 3542 458 750

276 536 623 593 ministerium
682 543 910 585 uesirunt
941 573 953 593 ,
1009 533 1094 584 sed
1142 532 1193 582 in
1243 529 1475 580 omuilus
1527 527 1857 577 exhiheumm
1894 531 1933 586 Α
1966 521 2139 574 alendi
2170 518 2504 577 necessitas;
2542 515 2696 567 istinc
2730 513 2977 565 omnibus
3014 512 3373 582 indigentibus
3426 514 3543 568 sult-

280 629 618 694 mrsmetipsos
650 628 781 676 strut
819 623 909 674 Dei
942 624 1204 674 ministros
1236 618 1315 687 (ΙΙ
1349 619 1470 670 Cor.
1505 632 1577 678 vr,
1608 616 1683 680 3).
1968 610 2212 662 veniendi
2261 606 2585 661 sollicitabat
2626 603 2873 654 voluntas
2922 620 2935 655 :
2975 614 3171 657 cuncta
3213 605 3409 673 quibus
3446 606 3543 658 ιιιις

356 718 489 771 Vm,
517 718 711 770 Sensus
736 714 981 782 refrenat.
1017 742 1084 751 --
1109 711 1331 779 Legerat
1358 717 1583 761 mortem
1606 721 1700 774 per
1720 704 1863 758 fene-
1968 715 2138 752 mana:
2172 699 2291 752 vita‘.
2322 700 2632 751 continetur
2678 697 2818 753 actio
2859 698 3046 750 abesse
3079 694 3399 747 videbantur
3443 698 3552 748 cel.

285 823 430 865 stras
459 807 844 874 ingredientem
869 846 881 863 .
931 813 983 857 et
1017 818 1111 872 per
1138 802 1356 856 easdem
1388 799 1605 852 domum
1644 796 1867 849 interius
1971 790 2109 842 lario
2133 831 2146 852 ,
2196 804 2414 857 sumque
2464 791 2655 843 domus
2702 790 2988 859 prmpusito
3032 796 3365 857 protestaute
3389 828 3402 845 .
3446 786 3551 841 sibi

283 909 682 972 penetrantem.
706 898 933 963 Ideoque
961 910 1085 947 snas
1112 894 1188 948 sic
1215 892 1420 947 studuit
1444 905 1603 945 aures
1629 888 1868 958 oppilare
1970 882 2188 949 suisque
2233 896 2395 948 parva
2440 896 2559 949 qum
2598 878 2976 951 superfuerunt
3023 893 3127 931 non
3173 877 3514 946 suppeditare
3538 917 3555 937 .

283 968 585 1063 prudentiae
620 988 831 1056 pessulo
860 1028 873 1047 ,
921 1003 987 1038 ne
1016 984 1257 1055 penetral
1304 981 1602 1037 illideretur
1632 987 1870 1034 cruentae
1974 974 2168 1026 nedum
2201 982 2274 1025 tot
2310 974 2603 1042 petentium
2646 973 2909 1041 quivisset
2944 970 3220 1039 penuriam
3252 968 3554 1022 sublevare.

288 1060 481 1137 mortis
520 1080 717 1146 jaeulo.
760 1075 890 1131 Nam
927 1091 1262 1145 unaqumque
1299 1074 1380 1128 sui
1421 1073 1633 1142 potiens
1669 1070 1824 1124 cilicii
1855 1108 1870 1131 ,
1974 1066 2126 1119 Tunc
2164 1066 2249 1117 vir
2297 1065 2387 1117 Dei
2440 1065 2790 1119 oratoriolum
2842 1064 2982 1132 qnol
3032 1062 3083 1115 in
3132 1061 3335 1114 honore
3381 1075 3477 1112 san
3520 1060 3557 1111 ti

289 1170 406 1224 tieri
440 1170 734 1238 cogebatur
763 1167 941 1221 alicui.
978 1166 1180 1220 Taliter
1206 1165 1321 1231 ejus
1358 1163 1582 1216 intuitus
1609 1178 1638 1215 a
1670 1174 1872 1213 eoneu-
1976 1156 2251 1210 Michaelis
2299 1157 2409 1225 ipse
2456 1166 2603 1209 trans
2646 1154 2857 1209 Ararim
2900 1151 3321 1207 rezedificaverat
3346 1192 3358 1214 ,
3397 1162 3451 1202 et
3492 1150 3559 1201 ad

290 1259 553 1327 pisceutia
583 1258 869 1319 deductus,
898 1256 1143 1309 sincerus
1183 1253 1509 1306 reddebatur
1535 1260 1590 1304 et
1617 1262 1804 1319 purus.
1832 1247 1876 1299 Α
1980 1247 2123 1315 quod
2170 1258 2390 1316 propter
2431 1245 2745 1316 popularem
2788 1242 3074 1297 tumultum
3117 1255 3235 1295 sese
3278 1255 3306 1292 a
3343 1238 3564 1292 civitate

291 1348 472 1417 lingua
504 1362 632 1399 vero
658 1353 878 1398 carente
910 1343 1195 1397 mendacio
1237 1340 1423 1411 procul
1452 1339 1724 1393 distabant
1752 1336 1880 1389 adu-
1978 1338 2301 1400 contulerat,
2331 1352 2437 1406 quo
2460 1345 2666 1390 secreta
2694 1335 2873 1403 quiete
2901 1332 3123 1403 pervigil
3150 1332 3201 1385 in
3226 1330 3565 1386 orationibus

292 1440 425 1490 latio
448 1446 502 1490 et
528 1433 868 1488 detractatio.
899 1431 1290 1502 Opportunitas
1314 1441 1490 1483 tamen
1517 1428 1559 1482 si
1593 1425 1877 1495 exegisset,
1982 1430 2165 1482 divino
2191 1428 2522 1481 famulandui
2551 1428 2954 1496 ntauciparctur
2977 1424 3251 1485 attentius,
3272 1424 3568 1493 ingressus,

292 1546 483 1584 πνίγει
515 1544 619 1580 non
652 1528 839 1579 deerat
863 1524 1128 1577 correctio
1157 1540 1169 1586 ;
1202 1523 1455 1591 quoniam
1483 1520 1698 1589 quidem
1723 1518 1766 1570 si
1796 1518 1882 1569 hic
1979 1535 2278 1590 pauperum
2322 1520 2669 1573 miseratione
2709 1526 3035 1579 commotus,
3080 1516 3244 1583 cmpit
3285 1512 3569 1567 Dominum

296 1631 381 1674 est
405 1620 487 1671 vir
517 1617 790 1688 perfectus
818 1617 906 1685 qui
941 1618 993 1668 in
1028 1615 1206 1684 lingua
1241 1631 1345 1667 non
1377 1611 1619 1672 offendit.
1662 1609 1887 1663 tmllale-
1983 1612 2195 1665 enixius
2220 1625 2467 1664 exorare.
2494 1610 2739 1678 Cumque
2768 1608 3045 1677 pronus'in
3076 1617 3274 1659 terram
3302 1619 3421 1659 sese
3445 1620 3567 1658 (turn

301 1727 407 1765 nus
438 1711 668 1763 habetur
693 1708 949 1767 deterior,
982 1708 1071 1774 qui
1106 1706 1412 1775 quempiam
1442 1703 1669 1757 fratrum
1701 1700 1887 1754 videns
1989 1704 2240 1773 laeryutis
2273 1710 2674 1770 prosterneret,
2708 1716 2771 1754 ac
2810 1698 3033 1769 largiter
3064 1696 3199 1752 flens
3240 1698 3327 1751 diu
3370 1697 3420 1750 in
3449 1710 3571 1749 cra-

298 1808 616 1871 peccantcm
662 1797 1004 1851 admonendo
1033 1837 1047 1859 ,
1093 1795 1429 1849 exhortando
1461 1834 1473 1854 ,
1515 1790 1842 1859 increpando
1870 1828 1885 1851 ,
1991 1797 2135 1849 tione
2164 1795 2499 1865 per-sisteret,
2530 1802 2588 1846 ut
2613 1792 2800 1845 οοιιιος
2824 1806 2853 1845 a
2887 1801 3032 1845 terra
3060 1790 3333 1853 subduxit,
3367 1798 3490 1842 ante
3517 1802 3575 1842 se

293 1888 451 1956 juxta
484 1886 823 1957 Apostolum,
855 1885 918 1938 ad
950 1886 1090 1938 viam
1131 1884 1371 1937 veritatis
1398 1882 1625 1936 reducit.
1656 1881 1721 1934 Et
1762 1880 1889 1947 quia
1924 1893 1962 1949 ις
1992 1895 2196 1953 septem
2227 1884 2426 1937 solidos
2450 1884 2690 1953 aspexit,
2723 1896 2857 1950 quos
2884 1882 3101 1951 quidem
3130 1889 3349 1951 tangere
3378 1879 3568 1940 noluit,

300 1992 404 2032 nec
449 1976 669 2046 lingua,
711 1990 818 2028 nec
859 1973 1031 2027 oculis
1080 1971 1235 2027 facile
1287 1972 1600 2040 delinquere
1648 1970 1887 2032 volebat.
1992 1977 2118 2043 quia
2158 1974 2258 2028 sibi
2304 1974 2494 2027 metuit
2560 1986 2624 2025 ne
2670 1982 2762 2026 aut
2812 1972 3151 2043 plrautastica
3196 1971 3416 2029 iilusio,
3484 1978 3579 2021 aut

304 2074 451 2120 recte
496 2066 622 2119 illud
649 2065 699 2117 ei
734 2079 1030 2130 congruere
1074 2062 1289 2116 videtur
1316 2063 1456 2131 quod
1488 2062 1701 2116 dicitur.
1745 2058 1890 2125 Quo-
1996 2067 2228 2120 aticnum
2258 2066 2512 2119 damtmm
2560 2072 2822 2126 esset,et
2861 2064 3071 2131 culpam
3112 2063 3257 2117 velut
3298 2061 3580 2115 exactione

304 2160 453 2212 niam
494 2167 709 2226 aspectu
750 2165 805 2210 et
834 2156 1017 2208 auditu
1057 2152 1239 2222 justus
1265 2163 1404 2207 erat.
1438 2153 1691 2207 Scientiis
1730 2153 1892 2204 etiam
1998 2155 2215 2224 pietatis
2266 2162 2622 2223 perpetraret.
2678 2153 2939 2222 Egressus
2986 2153 3053 2206 ab
3099 2153 3339 2206 oratorio
3381 2152 3581 2206 solidos

307 2261 363 2303 cl
410 2249 673 2303 ῐῐιοάῦειίδ
704 2248 1048 2301 δοΐιιιοηίὺιιε
1094 2247 1323 2309 inditus,
1351 2245 1602 2298 οὓεθθειίε
1625 2253 1680 2297 ει
1723 2242 1893 2310 ιυιῬί·
1998 2263 2133 2317 quos
2156 2249 2355 2317 reperit
2378 2263 2472 2316 per
2500 2261 2689 2299 omnes
2713 2245 2819 2299 huc
2842 2245 3134 2299 adventare
3156 2244 3342 2298 solitos
3365 2244 3580 2301 direxit.

308 2342 411 2395 bus
446 2340 669 2395 omnino
716 2339 1179 2394 intercludebatnr
1208 2338 1428 2392 auditus
1451 2376 1466 2399 ,
1515 2348 1732 2405 propter
1770 2334 1897 2389 illud
1996 2354 2083 2393 eos

1805 2334 1897 2387 Ιιιιι
1996 2354 2196 2408 easque
2221 2337 2310 2407 qui
2336 2338 2660 2408 perdidisset
2682 2338 2988 2408 percontari
3016 2337 3290 2405 praecepit.
3318 2335 3580 2390 ()muibUs

310 2435 452 2503 quod
489 2434 747 2502 scriptum
780 2442 865 2486 est
897 2450 908 2484 ε
944 2431 1085 2501 Strpi
1117 2448 1271 2484 aures
1314 2440 1431 2482 tuas
1463 2430 1624 2498 spinis
1649 2469 1662 2491 ,
1707 2438 1753 2480 et
1790 2426 1899 2480 noli
2003 2432 2323 2498 negantibus
2360 2444 2419 2484 se
2458 2429 2709 2484 denarios
2732 2429 3069 2497 perdidisse,
3111 2444 3343 2498 suosque
3379 2429 3469 2497 qui
3504 2444 3587 2481 reo

309 2524 498 2576 audire
518 2521 753 2591 linguam
778 2538 998 2590 aequam
1026 2519 1217 2584 (I'Iccli.
1243 2534 1433 2580 xxvm,
1457 2519 1569 2585 ‘28).
1598 2515 1713 2569 Jam
1742 2517 1902 2582 pedes
2005 2538 2084 2591 per

1812 2517 1902 2568 llos
2005 2522 2142 2591 perti
2175 2521 2390 2577 fuerant
2426 2523 2792 2577 asserentihus
2830 2538 2937 2578 non
2981 2522 3164 2585 fuisse,
3198 2538 3301 2576 non
3338 2524 3403 2576 ad
3433 2538 3587 2577 usum

314 2628 347 2666 3
376 2610 622 2681 spatioso
652 2611 833 2662 lltltlttii
874 2608 1067 2661 itinere
1105 2608 1544 2669 retrahebanttu',
1594 2614 1647 2659 et
1675 2605 1900 2657 arduum
2006 2612 2323 2682 proprium,
2371 2613 2467 2667 sed
2508 2627 2605 2667 eos
2651 2613 2718 2667 ad
2766 2612 3020 2667 alimenta
3069 2613 3343 2682 (ιρριιίςιγίι
3389 2629 3589 2682 parum-

315 2702 510 2755 callem
565 2699 801 2753 cmlestis
852 2699 1037 2766 patri:e
1082 2698 1195 2765 jam
1246 2696 1517 2764 proficisci
1575 2696 1900 2749 nitebantur.
2010 2721 2148 2758 τιιτη,

320 2788 576 2843 Doctrina
600 2786 815 2856 quidem
844 2802 949 2855 qua
980 2784 1519 2852 fovebaturjustitim,
1550 2784 1649 2837 sibi
1678 2783 1908 2852 pruden-

320 2891 404 2933 ter
433 2881 733 2948 ingerente,
765 2878 975 2932 beatius
1001 2876 1115 2931 fore
1143 2878 1273 2931 dare
1307 2891 1465 2945 quam
1494 2875 1762 2943 accipere,
1783 2888 1908 2927 suas
2010 2887 2095 2942 δῖα

1816 2888 1908 2927 "35
2010 2887 2149 2942 sicut
2177 2889 2366 2944 avidus
2402 2898 2522 2943 erat
2568 2890 2871 2960 indagator,
2908 2892 2981 2946 ita
3010 2892 3285 2947 studiosus
3320 2902 3591 2961 operator,

324 2972 494 3039 ipsius
550 2986 743 3024 manus
788 2985 929 3039 scepe
986 2968 1288 3023 contractio
1333 2967 1660 3037 capacitati,
1715 2967 1910 3035 sat-pius
2012 2995 2099 3036 seu

1817 2967 1910 3019 ’ἷκε
2012 2980 2360 3050 semetipsum
2392 2982 2458 3036 ad
2488 2982 2741 3050 pietatem
2772 2984 3084 3047 exercebat,
3114 2992 3169 3037 et
3196 2999 3333 3053 quos
3360 2992 3592 3052 poterat,

327 3075 508 3118 tamen
536 3074 589 3117 et
620 3063 833 3118 facilius
861 3062 1110 3118 extensio
1137 3060 1372 3115 habebnt
1401 3060 1657 3129 largilali.
2013 3070 2081 3124 ad
2105 3069 2349 3124 eamdem
2373 3070 2590 3126 trahere
2616 3072 2961 3141 procurabat.
2984 3071 3419 3126 Adolescentiam
3442 3089 3597 3128 suam

399 3155 489 3209 lx.
531 3154 814 3222 Murri/itus
844 3154 896 3207 iu
924 3168 1197 3223 pauperes.
1236 3182 1307 3191 —
1337 3150 1634 3205 Cbaritatis
1662 3151 1907 3219 equidem
1947 3224 1980 3233 Δ
2017 3170 2078 3213 ιιι
2108 3160 2380 3216 contemni
2423 3170 2606 3231 posset
2640 3176 2670 3214 τι
2708 3161 2953 3226 nemine,
2991 3162 3069 3216 sic
3110 3162 3163 3215 in
3198 3161 3392 3216 bonam
3434 3178 3598 3233 quam

326 3245 550 3300 afﬂuens
582 3246 908 3308 visceribus,
931 3259 1030 3313 pro
1060 3243 1386 3312 pauperibus
1413 3256 1628 3311 semper
1652 3250 1771 3295 erat
1800 3240 1907 3295 sol-
1938 3224 1982 3288 C
2013 3265 2101 3304 ass

1824 3240 1907 3295 οι-
1938 3224 1982 3288 C
2013 3259 2296 3305 assecutus
2323 3249 2501 3304 fuerat
2524 3249 2824 3305 doctrinam
2857 3252 3137 3321 satagebat
3171 3251 3467 3307 informare
3493 3293 3508 3316 ,
3538 3264 3599 3306 ut

329 3336 539 3399 licitus;
568 3335 841 3389 Christum
866 3350 993 3389 vero
1023 3335 1147 3389 totis
1174 3335 1400 3405 diligens
1424 3336 1754 3397 visceribus,
1784 3334 1908 3387 dttm
2014 3343 2227 3393 ezeteris
2254 3345 2399 3392 esset
2426 3339 2731 3407 exemplum
2773 3340 2925 3393 bona:
2957 3341 3079 3392 vita:
3117 3340 3172 3392 in
3204 3340 3392 3404 verbo,
3425 3343 3603 3397 scien-

329 3425 468 3479 sicut
510 3424 716 3478 Martba
767 3424 1124 3491 corporaliter
1172 3439 1277 3478 non
1327 3422 1574 3487 valebat,
1626 3424 1676 3477 in
1727 3424 1913 3493 egenis
2016 3430 2104 3483 iiut

1822 3424 1913 3475 ruis
2016 3430 2232 3498 liuqtte,
2277 3430 2686 3484 conversatione
2716 3427 2768 3499 (Ι
2805 3428 2936 3482 Tim.
2986 3446 3043 3483 ιιι
3072 3471 3086 3493 ,
3136 3429 3238 3500 l5).
3281 3432 3597 3499 Apostolum

331 3518 482 3571 illum
514 3518 754 3587 quotidie
786 3517 1089 3580 reficiebat,
1128 3531 1228 3571 suo
1275 3516 1441 3585 ipsius
1472 3516 1781 3570 testimonio
1821 3515 1913 3584 qui
2017 3517 2140 3587 quia
2178 3518 2375 3587 legerat
2421 3519 2856 3588 promittentem,
2891 3520 3034 3588 quod
3079 3519 3153 3572 illi
3182 3519 3271 3589 qui
3317 3522 3454 3575 bene
3499 3523 3604 3575 mi-

332 3615 410 3667 ait
438 3615 489 3667 in
522 3611 811 3682 Evangelia
842 3630 853 3664 :
891 3609 1155 3680 l’auperes
1180 3626 1381 3680 semper
1408 3610 1606 3663 habetis
1632 3608 1911 3671 vobiscum,
2018 3607 2366 3662 nistraverint
2385 3608 2611 3677 gradum
2640 3609 2739 3662 sibi
2765 3610 2958 3663 bonum
2980 3609 3282 3678 acquirent,
3306 3618 3363 3663 et
3384 3610 3603 3665 multam

332 3721 415 3757 me
444 3716 615 3756 autem
655 3718 757 3755 non
782 3718 981 3769 semper
1009 3701 1261 3754 habebitis
1301 3699 1483 3771 (Joau.
1513 3715 1610 3763 xu,
1636 3699 1716 3767 8).
1765 3698 1917 3753 Unde
2019 3702 2294 3765 fiduciam,
2322 3716 2440 3769 qua:
2469 3709 2551 3755 est
2581 3700 2632 3754 in
2664 3700 2877 3754 Christo
2901 3699 3050 3765 Jcsu,
3070 3702 3148 3757 sic
3178 3702 3480 3758 ministerio
3503 3705 3605 3758 sibi

334 3797 476 3848 idem
506 3794 623 3863 ipse
647 3794 759 3846 suis
786 3793 1027 3845 dicturus
1052 3800 1136 3845 est
1162 3793 1214 3845 in
1241 3792 1347 3846 line
1377 3810 1389 3845 :
1422 3791 1575 3858 Quod
1605 3792 1697 3845 uni
1720 3807 1786 3844 ea:
1812 3792 1915 3843 mi-
2018 3792 2225 3846 credito
2260 3790 2571 3844 attemlebat
2593 3829 2607 3851 ,
2640 3800 2695 3842 ut
2729 3791 2842 3844 suis
2876 3789 3125 3845 omnibus
3154 3790 3428 3862 profectus
3464 3803 3611 3848 esset

336 3884 491 3938 nimis
522 3883 646 3936 meis
672 3882 887 3951 fecistis,
914 3883 1039 3934 mihi
1066 3882 1259 3951 fecis:is
1286 3881 1500 3949 (Matth.
1532 3897 1658 3943 xxv,
1686 3881 1796 3949 40).
1828 3880 1919 3935 Sic
2023 3879 2342 3934 manifestus
2366 3919 2381 3943 ,
2421 3877 2775 3947 omnibusque
2815 3880 3092 3947 prodesset
3138 3894 3197 3935 se
3239 3882 3602 3937 audientibus.

335 3973 502 4042 igitur
539 3972 591 4024 in
622 3985 917 4040 pauperum
950 3971 1287 4039 susceptione
1314 3970 1532 4023 Christo
1569 3985 1666 4023 suo
1706 3970 1921 4023 Letaba-
2025 3969 2331 4023 Ductriuam
2370 3983 2532 4037 quam
2564 3969 2854 4022 secundum
2896 3969 2995 4022 sibi
3036 3984 3347 4024 concessam
3378 3972 3610 4040 gratiam

337 4072 426 4116 tur
462 4076 747 4122 mansere;
782 4060 873 4115 sed
912 4061 978 4113 ad
1016 4076 1150 4128 opus
1186 4059 1502 4114 exercenda:
1536 4059 1922 4114 misericordiae
2024 4060 2199 4115 fuerat
2227 4068 2530 4123 assecutus,
2568 4068 2628 4113 ut.
2669 4060 2735 4112 ad
2781 4075 2999 4115 usuram
3026 4064 3393 4116 eonunodaret
3439 4062 3607 4132 pluri-

340 4151 429 4204 illa
484 4150 731 4218 quamvis
784 4148 1145 4217 impelleretur
1213 4148 1546 4202 beatitudine
1615 4164 1734 4218 qua:
1786 4150 1923 4202 inter
2024 4152 2143 4213 bus,
2180 4165 2244 4203 ne
2272 4150 2337 4204 de
2366 4150 2566 4204 talento
2592 4150 2691 4204 sibi
2720 4150 2957 4215 credito,
2990 4160 3235 4221 torpente
3266 4154 3614 4209 damnaretur

337 4250 569 4295 racteras
625 4239 676 4293 in
734 4239 1025 4309 Evangelia
1075 4239 1284 4293 Domini
1343 4240 1694 4293 denuntiatur
1749 4256 1920 4295 voce:
2024 4252 2147 4289 cum
2178 4252 2353 4299 servo,
2386 4238 2451 4291 de
2480 4238 2707 4292 diversis
2746 4240 2812 4291 ad
2854 4254 2912 4293 se
2952 4241 3191 4308 partibus
3222 4242 3450 4297 eleriros
3483 4259 3613 4299 con--

339 4330 492 4383 Beati
526 4330 908 4395 misericordes,
940 4331 1186 4399 quoniam
1220 4330 1318 4399 ipsi
1354 4331 1770 4402 misericordiam
1802 4347 1925 4382 ιόη-
2026 4325 2254 4379 vocabat
2284 4344 2294 4376 :
2328 4338 2382 4379 et
2407 4341 2541 4395 quos
2576 4326 2776 4381 dociles
2804 4329 3081 4394 cernebat,
3125 4346 3215 4385 ρος
3243 4333 3413 4400 gratis
3445 4333 3618 4387 liben-

336 4432 621 4490 srquentur
650 4419 863 4490 (Matth.
895 4435 946 4483 v,
987 4420 1078 4489 '7),
1118 4421 1388 4475 ‘ordiuatze
1428 4430 1605 4473 tanien
1644 4420 1924 4473 ebaritatis
2028 4426 2215 4486 terque
2254 4417 2498 4470 docebat.
2544 4415 2656 4471 Hoc
2682 4427 2859 4472 autem
2903 4420 3149 4476 studebat
3183 4426 3409 4492 cupiens
3441 4425 3615 4480 facere

338 4526 448 4581 qua
478 4509 849 4580 stringebatur
877 4508 1114 4572 vinculo,
1145 4523 1251 4561 non
1279 4509 1345 4561 ad
1390 4509 1677 4573 luxuriam,
1711 4509 1803 4563 sed
1835 4523 1925 4561 ne-
1959 4583 1977 4585 _
2028 4517 2249 4577 propter
2295 4508 2420 4562 illud
2470 4509 2699 4563 Dauielis
2742 4511 3016 4579 propheta:
3049 4531 3061 4564 :
3098 4512 3199 4578 Qui
3243 4518 3382 4569 docti
3424 4517 3618 4585 fuerint

340 4602 671 4661 cessitatem,
705 4609 863 4669 prout
886 4600 1081 4669 cuique
1108 4615 1242 4671 opus
1265 4609 1404 4663 erat,
1435 4599 1660 4670 singulis
1689 4600 1925 4666 petenti-
1955 4583 2005 4641 Ῑ)
2029 4599 2301 4669 fulgebunt
2333 4601 2463 4651 sicut
2501 4602 2746 4667 splendor
2778 4600 3122 4667 ﬁrmamenti,
3155 4614 3201 4657 et
3227 4608 3318 4673 qui
3359 4583 3430 4659 atl
3451 4608 3615 4674 justi-

340 4694 443 4748 bus
473 4690 847 4746 subveniebat.
2030 4693 2157 4745 tiam
2186 4693 2430 4745 erudiunt
2461 4693 2673 4757 mullos,
2701 4696 2849 4764 quasi
2885 4695 3048 4749 stella:
3075 4698 3127 4749 in
3162 4710 3435 4766 perpetuas
3465 4714 3617 4755 teter-

416 4780 483 4835 X.
526 4780 593 4835 In
630 4780 837 4850 publica
880 4781 1185 4834 necessitate
1224 4780 1416 4835 secedit
1459 4782 1515 4834 iu
1556 4780 1617 4836 S.
1658 4781 1929 4836 Hic/melis
2034 4780 2219 4833 uitates
2250 4778 2412 4851 (Dan.
2446 4797 2541 4845 xu,
2575 4781 2651 4851 '5).
2682 4782 2751 4836 Et
2790 4784 2890 4837 hoc
2916 4784 3066 4847 ideo,
3095 4794 3153 4837 ut
3184 4802 3288 4839 non
3320 4789 3495 4852 solus,
3528 4793 3621 4845 sed

343 4875 657 4927 oratorium.
695 4872 906 4928 Solidos
938 4882 1130 4940 septem
1160 4873 1348 4942 reperit
1381 4874 1435 4925 in
1468 4890 1754 4943 pauperum
1784 4890 1931 4928 usus.
2035 4871 2147 4926 suis
2173 4870 2284 4941 ipse
2310 4887 2431 4925 cum
2456 4872 2789 4927 auditoribus
2812 4873 2975 4928 inseri
3004 4876 3228 4931 sidereis
3250 4879 3445 4949 dignus
3479 4884 3623 4935 inve-

344 4965 660 5033 -—Quodam
676 4965 842 5036 igitur
871 4973 1241 5034 temporecum
1267 4978 1445 5017 rerum
1464 4962 1771 5018 vietualium
1790 4963 1932 5019 ferti-
2036 4962 2244 5016 nirelur
2271 4962 2665 5031 Splendoribus.

344 5056 472 5109 luas
502 5070 652 5109 more
676 5055 836 5109 solito
864 5070 970 5107 non
995 5055 1324 5123 proveniret,
1356 5062 1630 5124 totamqtte
1660 5055 1934 5126 regionem
2108 5052 2222 5107 XII.
2261 5052 2715 5108 Vesontionensem
2742 5056 3243 5127 archiepiscopatum
3266 5071 3486 5114 recusat.
3510 5060 3631 5114 Clu-

348 5146 730 5198 alimentorum
758 5143 1049 5211 indigentia
1076 5141 1248 5198 fames
1272 5143 1468 5198 acerba
1498 5145 1935 5214 constringeret,
2038 5142 2177 5196 uiaci
2209 5142 2270 5211 ﬁt
2301 5144 2608 5197 monac/tus.
2638 5174 2707 5183 —
2733 5145 2828 5198 Vir
2881 5145 3047 5212 igitur
3072 5146 3166 5201 Dei
3192 5162 3315 5202 cum
3356 5148 3551 5204 talibus
3577 5161 3634 5205 et

347 5236 416 5288 ad
466 5235 642 5287 virum
690 5233 784 5288 Dei
831 5234 951 5303 plus
998 5234 1157 5287 solito
1200 5232 1381 5286 venire
1426 5234 1589 5304 carpit
1635 5249 1937 5305 pauperum
2044 5235 2410 5305 hujuscemodi
2446 5235 2672 5305 polleret
2708 5238 2972 5303 moribus,
3016 5238 3240 5309 ejusque
3268 5255 3463 5296 nomen
3492 5239 3635 5295 fama

350 5325 658 5381 multitudo.
687 5326 928 5393 Quorum
955 5326 1251 5394 importuna
1275 5329 1518 5393 precatio
1541 5326 1670 5380 dum
1695 5330 1944 5397 quotidie
2043 5328 2242 5385 celebri
2270 5327 2656 5399 divulgaretur,
2692 5327 3033 5389 Vesontieusi
3062 5331 3469 5402 archiepiscopo
3497 5332 3642 5389 viam

350 5418 732 5473 miserabiliter
764 5418 1041 5472 insisteret
1066 5428 1122 5471 ut
1144 5433 1249 5471 sua:
1294 5416 1497 5486 inopia:
1520 5419 1617 5473 viri
1644 5420 1733 5475 Dei
1760 5420 1948 5490 pietas
2048 5422 2310 5479 universae
2334 5422 2517 5477 carnis
2543 5422 2805 5491 ingresso,
2832 5432 2941 5478 tam
2980 5426 3152 5499 ipsius
3178 5432 3336 5482 terra:
3365 5424 3643 5496 principis,

2080 2795 2170 2850 XI.
2201 2798 2343 2851 Alios
2373 2799 2539 2853 docet.
2570 2829 2639 2839 —
2662 2797 2834 2855 Porro
2862 2800 3167 2855 divinorqu
3203 2810 3592 2870 pmoeptorum
