4494 5520
838 435 933 487 751

1962 430 2016 479 S.
2065 427 2291 482 .\l.\lUl.l
2334 428 2621 482 ABBATIS
2661 425 2970 483 CLUNIAC.

4004 432 4104 488 75!

841 556 1018 597 tamen
1051 544 1232 614 specie
1273 560 1336 598 ne
1369 545 1550 599 mttudi
1590 543 1792 596 lucrum
1835 552 2116 611 cogeretur
2144 551 2428 608 expetere,
2462 548 2506 600 Α
2536 540 2829 604 intellexit,
2888 539 3221 593 bibliotheca!
3279 541 3601 607 prasfteiens,
3670 544 4107 611 apocrisiariatns

839 643 892 687 et
936 633 1002 688 ad
1045 633 1229 686 tuundi
1272 632 1499 701 gloriam
1543 648 1702 701 quam
1753 640 1930 684 mente
1972 639 2289 699 spreverat,
2332 646 2426 699 per

838 724 1093 780 sarcularc
1120 724 1393 793 negotium
1423 723 1809 778 delectabiliter
1841 722 2077 784 tendere,
2107 737 2269 790 grave
2296 736 2425 790 pon-

841 816 940 869 dus
971 813 1252 883 procellosi
1284 813 1533 868 culminis
1562 830 1656 884 per
1686 812 1981 867 custodiam
2016 810 2210 881 refugit
2252 812 2425 865 humi-

838 904 1036 967 litatis,
1077 902 1351 957 Creatoris
1396 903 1633 956 onmium
1678 914 1907 970 sequens
1948 900 2251 970 exemplum
2277 940 2291 964 ,
2333 901 2423 969 qui

839 1010 959 1047 eum
992 1004 1117 1048 ante
1146 992 1338 1047 smcula
1369 1001 1619 1063 regnaret
1644 993 1693 1045 in
1722 991 1872 1047 cwlis
1901 1007 2120 1061 regnum
2151 992 2425 1061 percipere

836 1083 1027 1138 vitavit
1069 1082 1123 1137 itt
1158 1083 1317 1137 terris
1359 1101 1370 1135 :
1404 1082 1661 1153 scriptum
1701 1082 1896 1152 quippe
1940 1092 2025 1137 est
2068 1101 2079 1137 τ
2116 1083 2268 1137 Jesus
2308 1100 2422 1136 cum

834 1176 1151 1245 cognovisset
1192 1175 1313 1244 quia
1371 1174 1572 1228 venturi
1611 1183 1777 1227 essent
1819 1183 1872 1226 ut
1906 1186 2141 1243 raperent
2186 1190 2335 1239 eum,
2376 1183 2421 1227 et

836 1264 1066 1335 furerent
1097 1264 1195 1318 sibi
1228 1280 1428 1334 regem,
1467 1265 1699 1318 ascendit
1733 1264 1919 1317 iterum
1951 1266 2003 1317 in
2031 1275 2255 1318 montem
2281 1264 2423 1318 solus

832 1372 986 1409 orare
1011 1355 1191 1424 (Joan.
1222 1370 1295 1419 vt,
1329 1355 1437 1424 15).
1480 1346 1743 1421 Quocirca
1772 1355 1960 1409 beatus
1985 1354 2206 1410 Maiolus
2236 1357 2423 1411 aeterni

836 1443 1002 1515 Regis
1029 1444 1342 1514 magisterio
1364 1444 1622 1509 edoctus,
1663 1444 1753 1513 qui
1786 1444 2019 1499 oblatam
2050 1444 2274 1512 gloriam
2310 1444 2428 1499 cul-

836 1536 998 1590 minis
1034 1534 1193 1605 fugit,
1243 1544 1298 1590 et
1342 1545 1526 1605 postea
1576 1542 1765 1604 sponte
1819 1534 1964 1588 venit
2014 1534 2080 1588 ad
2128 1535 2422 1602 patibulum

832 1628 1029 1692 crucis,
1055 1636 1321 1698 quatenus
1345 1625 1460 1694 ejus
1489 1629 1788 1681 membrum
1819 1626 1996 1691 fieret,
2027 1642 2240 1680 omnem
2273 1642 2421 1696 spem

833 1735 985 1772 suam
1018 1718 1069 1772 in
1107 1733 1173 1772 eo
1203 1718 1489 1772 collocavit
1527 1734 1537 1769 :
1572 1717 1673 1772 hoc
1704 1717 1911 1771 studuit
1937 1732 2100 1786 opere
2130 1717 2423 1786 adimplere

835 1808 977 1877 quod
1028 1806 1115 1862 ille
1152 1808 1409 1877 prmcepit
1454 1820 1721 1860 sermone.
1760 1804 1870 1860 Hoc
1916 1806 2056 1859 enim
2096 1814 2419 1879 prmceptum

2529 628 2760 683 oﬂicinm
2808 630 2982 684 eidem
3033 629 3279 698 injunxit.
3335 628 3486 695 Quod
3537 632 3893 702 ministerium
3960 646 4106 689 tanta

2529 724 2850 777 auctoritate
2916 731 3170 791 tantaque
3224 723 3535 792 adimplevit
3584 725 3980 792 sollicitudine,
4051 738 4110 782 ιιι

2528 813 2775 867 omnibus
2822 829 3005 867 secum
3060 814 3505 870 eoaversantibus
3548 816 3795 887 exemplo
3844 818 4006 873 fuerit
4052 831 4109 875 ct

2529 904 2744 958 terrori.
2794 902 3025 971 Legerat
3070 903 3239 957 isdem
3272 904 3354 957 vir
3381 903 3591 960 Domini
3632 907 3797 962 libros
3827 909 3953 962 olim
4006 926 4108 965 an-

2530 994 2800 1061 tiquorum
2823 993 3286 1063 philosophorum,
3315 994 3629 1066 Virgiliique
3663 1000 3960 1062 mendacia,
3986 1018 4109 1071 qua:

2526 1086 2744 1139 nolebat
2770 1100 2868 1139 nec
2899 1086 3009 1154 ipse
3034 1086 3144 1153 jam
3175 1087 3382 1152 audire,
3417 1103 3518 1142 nec
3553 1089 3690 1144 alios
3724 1089 3920 1161 legere.
3951 1092 4112 1146 Sulli-

2527 1177 2695 1239 ciunt,
2753 1177 3018 1245 inquiens,
3066 1178 3230 1231 divini
3262 1188 3431 1247 poeta:
3466 1178 3638 1243 vobis,
3671 1195 3768 1235 nec
3807 1183 3976 1249 egetis
4029 1183 4109 1235 lu-

2528 1266 2747 1319 xuriosa
2796 1265 3000 1336 Virgilii
3038 1281 3133 1320 vos
3182 1268 3343 1336 pollui
3376 1268 3648 1322 facundia.
3686 1268 3939 1339 Regulari
3988 1274 4110 1342 qui-

2527 1356 2647 1410 dem
2675 1364 2966 1411 eontentus
2994 1358 3426 1421 conversatione,
3461 1357 3538 1413 sic
3566 1359 3816 1413 studebat
3843 1361 4111 1428 parcimn-

2528 1449 2652 1513 uizn,
2714 1457 2773 1502 ut
2818 1448 3036 1502 differre
3083 1449 3393 1505 nullatenus
3447 1451 3722 1505 videretur
3766 1468 3794 1504 a
3846 1454 4112 1506 societate

2527 1538 2829 1592 communis
2868 1537 3030 1601 vitae;
3066 1553 3297 1607 quorum
3328 1538 3453 1592 vitia
3483 1539 3608 1593 dum
3649 1541 3984 1609 conspiceret
4024 1559 4112 1596 re-

2526 1625 2930 1693 prehendenda,
2976 1625 3076 1679 hoc
3118 1626 3389 1693 exquisito
3426 1627 3567 1693 quod
3615 1627 3905 1696 unicuique
3959 1644 4112 1683 con-.-

2526 1714 2745 1782 pctebat
2772 1714 2901 1768 vitio
2931 1714 3085 1781 prius
3113 1714 3165 1766 in
3192 1728 3516 1783 uttoqttoqtte
3543 1714 3807 1769 laudanda
3836 1718 4063 1770 canebat
4092 1735 4107 1769 :

2527 1802 2720 1856 dehinc
2750 1802 2900 1855 velut
2941 1803 3162 1873 ignarus
3208 1803 3645 1870 reprehendenda
3670 1805 3945 1873 carpebat.
3971 1806 4111 1860 Cttn-

833 1908 917 1953 est
958 1898 1009 1952 in
1054 1897 1339 1968 Evangelio
1372 1912 1386 1950 :
1418 1895 1519 1960 Qui
1551 1896 1655 1950 vult
1695 1906 1807 1964 post
1848 1912 1927 1947 me
1964 1896 2165 1956 venire,
2212 1894 2421 1963 abneget
2454 1898 2499 1956 B
2528 1902 2642 1946 ctos
2690 1903 2868 1947 tamen
2897 1894 3092 1961 sa:pius
3121 1894 3447 1947 admonebat
3485 1902 3541 1946 ut
3572 1894 3704 1949 tales
3732 1910 3789 1949 se
3818 1895 3932 1950 Deo
3957 1898 4110 1950 exhi-

833 1989 1161 2056 semetipsum
1186 2027 1201 2052 ,
1234 1998 1279 2040 et
1312 1987 1460 2041 tollat
1498 2002 1702 2040 crucem
1740 2002 1890 2039 suam
1915 2024 1929 2045 ,
1972 1994 2020 2037 et
2059 1995 2308 2053 sequatur
2343 2001 2423 2041 me

832 2080 982 2147 (an.
1020 2096 1096 2143 tx,
1126 2080 1239 2149 23).
1268 2079 1345 2132 Ita
1372 2078 1454 2131 vir
1486 2077 1576 2130 Dei
1607 2092 1702 2145 per
1728 2076 1964 2130 caelestis
1994 2076 2155 2129 studii
2187 2075 2423 2144 discipli-

833 2186 957 2222 nam
988 2169 1170 2222 mundi
1210 2166 1423 2222 labilem
1459 2166 1785 2234 contempsit
1815 2165 2060 2234 gloriam,
2094 2174 2147 2218 et
2179 2179 2425 2235 superna:

830 2260 954 2312 vitae
982 2268 1157 2312 tactus
1184 2256 1490 2322 dulcedine,
1518 2271 1637 2324 quae
1666 2272 1694 2308 a
1723 2255 1903 2308 mundi
1938 2257 2270 2309 amatoribus
2297 2270 2425 2309 cou-

829 2347 1197 2416 cupiseuutur,
1230 2345 1409 2400 omnia
1449 2360 1477 2398 a
1527 2359 1585 2399 sc
1617 2343 1855 2397 funditus
1888 2344 2210 2413 temperavit
2244 2344 2421 2398 absci-

832 2439 980 2490 dere.
1016 2435 1184 2505 igitur
1218 2434 1523 2488 cmuobium
1558 2434 1609 2486 in
1653 2432 1805 2486 collis
1842 2432 1975 2487 valle
2010 2448 2129 2502 qua:
2164 2432 2420 2486 Cluniaca

832 2525 1050 2590 dicitur,
1083 2524 1168 2578 cui
1199 2524 1281 2576 vir
1305 2522 1426 2575 vitae
1454 2521 1775 2576 venerabilis
1806 2520 2143 2591 lleymardus
2169 2531 2420 2589 prmerat,

835 2631 934 2685 pro
973 2629 1183 2669 morum
1224 2613 1506 2667 honestate
1546 2621 1598 2664 et
1635 2612 1890 2664 virtutum
1932 2611 2125 2664 studiis
2169 2612 2418 2681 appetiit,

836 2706 1015 2777 ibique
1047 2704 1340 2759 secundum
1381 2702 1521 2757 beati
1555 2703 1827 2755 Benedicti
1870 2701 2106 2770 regulam
2137 2702 2204 2756 ab
2234 2702 2420 2757 eodem

833 2798 951 2852 viro
974 2796 1084 2866 jam
1123 2793 1347 2866 prmfato
1378 2791 1806 2849 conversationis
1838 2791 2078 2846 habiturn
2120 2802 2336 2863 petens,
2366 2803 2423 2846 ut

832 2890 1199 2959 susciperetur
1232 2888 1458 2957 rogavit.

904 2980 1037 3033 Xlll.
1070 2978 1391 3033 Obedicntiw
1414 2977 1641 3030 deditus.
1672 3007 1741 3016 —
1770 2976 1977 3045 Spretis
2015 2976 2196 3045 itaque
2246 2976 2422 3030 omni-

829 3074 931 3125 bus
979 3080 1210 3124 terrente
1239 3067 1598 3136 possessionis
1645 3067 1927 3136 stipendiis
1955 3068 2025 3121 ob
2051 3082 2199 3135 spem
2229 3066 2422 3120 futurae

833 3156 1301 3228 repromissionis,
1380 3154 1625 3207 habitum
1716 3164 1917 3207 sanctae
1998 3154 2420 3207 conversationis

2528 1983 2706 2036 hcrint
2738 1982 2985 2046 interius,
3023 1982 3209 2051 quales
3237 1982 3469 2035 lmmaua
3498 1984 3680 2052 opinio
3706 2000 3803 2053 pro
3837 1984 4110 2055 religionis

2526 2073 2713 2127 babitu
2743 2073 2951 2128 ferebat
2976 2076 3238 2128 exterius.
3265 2074 3308 2128 0
3337 2076 3509 2128 virum
3540 2076 3625 2129 cui
3650 2091 3865 2145 semper
3897 2093 4109 2131 summa

2528 2164 2831 2227 debentur,
2886 2164 2977 2232 qui
3039 2178 3224 2217 amore
3289 2165 3410 2217 vitze
3474 2174 3690 2218 mlernae
3748 2165 4107 2219 voluntariam

2539 2252 2820 2322 amplexus
2891 2254 3225 2322 pauperiem,
3272 2262 3439 2305 totum
3492 2253 3709 2306 Christo
3760 2253 3905 2307 dedit
3966 2255 4112 2323 quod

2526 2342 2577 2396 in
2607 2357 2697 2394 ara
2731 2342 2909 2395 cordis
2939 2342 3163 2404 invenit,
3200 2341 3330 2394 nihil
3363 2343 3474 2395 suis
3501 2342 3708 2395 meritis
3737 2342 3993 2396 tribuens!

2599 2431 2711 2485 XV.
2752 2432 2969 2485 Romam
3017 2434 3227 2485 missus.
3261 2434 3478 2486 Sosium
3531 2434 3643 2486 oleo
3671 2444 3850 2487 sancto
3891 2436 4111 2488 sanitati

2526 2522 2767 2575 restituit.
2800 2552 2867 2561 —
2909 2522 3150 2585 Quodam
3188 2532 3424 2590 tempore
3470 2538 3568 2591 pro
3611 2524 3923 2578 monasterii
3961 2524 4107 2577 utili-

2526 2621 2634 2666 tate
2675 2613 2890 2665 beatum
2941 2611 3191 2665 Maiolum
3228 2628 3347 2665 cum
3376 2613 3547 2666 altero
3575 2612 3742 2667 fratre
3774 2615 3999 2669 Romam
4028 2614 4111 2667 di-

2527 2702 2622 2771 rigi
2652 2701 2880 2770 conligit
2922 2701 2990 2754 ab
3036 2701 3247 2754 abbate.
3280 2701 3380 2766 Qui
3426 2701 3637 2769 expleta
3670 2701 3935 2771 legatione
3980 2705 4107 2757 dum

2527 2790 2782 2853 redirent,
2816 2799 2874 2843 ut
2906 2788 3223 2859 Yporediem
3273 2789 3485 2859 (Yuree)
3518 2792 3583 2844 ad
3632 2792 3919 2861 hospitium
3947 2808 4111 2846 vene-

2526 2893 2671 2946 runt,
2714 2884 2879 2937 frater
2906 2884 2996 2952 qui
3049 2900 3171 2937 eum
3218 2884 3610 2948 comitabatur,
3660 2886 3872 2939 nomine
3901 2886 4110 2939 lleldri-

2524 2990 2618 3027 cus
2648 2975 2746 3043 (2).
2787 2973 3017 3027 febrium
3072 2982 3355 3041 correptus
3390 2973 3627 3043 langore,
3686 2975 3897 3044 fatigari
3944 2978 4109 3043 cmpit

2526 3065 2635 3116 acri
2666 3064 2879 3117 ardore.
2918 3062 3300 3118 Verumtamen
3328 3064 3642 3131 aegritudine
3673 3065 4106 3135 ingravescente.

2526 3170 2645 3207 cum
2673 3164 2783 3208 toto
2804 3154 2913 3222 jam
2941 3162 3217 3224 pateretur
3247 3169 3496 3223 corpore,
3529 3154 3595 3208 de
3622 3156 3724 3209 vita
3758 3156 4099 3225 desperatus,

830 3247 1079 3315 sumpsit,
1137 3245 1322 3312 sicque
1369 3242 1623 3311 deinceps
1677 3242 1856 3296 alieno
1899 3242 2030 3294 vixit
2085 3242 2328 3310 imperio,
2360 3254 2418 3295 ut
2446 3236 2488 3296 C
2525 3248 2667 3300 eirea
2718 3253 2950 3299 mortem
3002 3244 3283 3298 tenebatur
3326 3244 3605 3298 s‘ollicitus.
3658 3245 3755 3297 Vir
3792 3255 3970 3298 autem
4010 3246 4105 3299 Dei

832 3340 883 3390 in
911 3337 1056 3390 nullo
1087 3336 1331 3391 deviaret
1361 3349 1389 3387 a
1424 3344 1624 3389 sancta:
1652 3332 2087 3387 conversationis
2118 3334 2415 3402 proposito.

829 3428 927 3483 Hic
957 3428 1100 3480 enim
1151 3425 1392 3496 procula
1432 3438 1492 3478 se
1524 3423 1745 3479 remotis
1791 3422 2116 3476 hebetudine
2162 3431 2217 3475 et
2267 3437 2417 3476 mur-

835 3533 987 3571 mure
1013 3558 1026 3579 ,
1057 3515 1348 3586 singularis
1378 3529 1487 3584 pra:
1514 3514 1725 3568 castoris
1757 3511 2074 3565 obedientize
2100 3512 2418 3580 praeemine-

832 3610 926 3663 bat
956 3610 1177 3671 virtute,
1217 3606 1445 3675 implcns
1474 3605 1598 3658 illud
1638 3605 1689 3658 in
1725 3604 1982 3659 fratribus
2007 3602 2149 3670 quod
2176 3602 2420 3672 praecipit

838 3706 1027 3759 beatus
1055 3699 1379 3755 Benedictus
1406 3696 1559 3767 (Reg.
1597 3696 1654 3750 S.
1682 3695 1876 3749 Bened.
1906 3711 1956 3748 e.
1985 3694 2072 3761 7|)
2108 3712 2119 3747 :
2154 3694 2419 3747 Obedieu-

829 3796 917 3849 the
948 3795 1145 3848 bonum
1195 3806 1299 3844 non
1348 3788 1521 3841 solum
1560 3786 1740 3840 abbati
1773 3784 2135 3839 exhibendum
2173 3792 2273 3845 est,
2326 3784 2417 3837 sed

829 3885 994 3939 etiam
1028 3883 1130 3937 sibi
1162 3882 1392 3936 invicem
1430 3878 1686 3932 obediant
1720 3877 1935 3931 fratres.
1970 3878 2043 3930 De
2071 3876 2264 3931 abbate
2292 3890 2418 3929 vero

832 3976 1131 4047 apostolico
1186 3972 1559 4028 instruebatur
1607 3969 1877 4039 exemplo.
1931 3969 2170 4033 Obedite,
2222 3970 2414 4037 inquit,

826 4067 1121 4139 pra’pcsitis
1172 4065 1349 4118 rostris
1397 4061 1582 4133 (Hebr.
1632 4077 1755 4125 xm,
1788 4060 1896 4130 17).
1940 4060 2225 4114 Enimvero
2273 4061 2416 4114 beati

831 4156 1105 4213 Benedicti
1162 4154 1319 4223 cujus
1388 4150 1704 4218 subjaeebat
1776 4149 2117 4219 discipulatui
2177 4150 2418 4203 imitator

828 4248 1096 4309 existens,
1142 4244 1327 4298 induta
1378 4240 1586 4312 parvuli
1617 4238 1942 4304 humilitate,
1985 4240 2149 4292 stulto
2179 4240 2415 4308 philoso-

827 4338 1061 4407 phorum
1093 4331 1338 4402 neglecto
1368 4331 1640 4400 dogmate,
1671 4329 1971 4398 sapientem
2005 4328 2098 4381 Dei
2132 4328 2413 4382 stultitiam

830 4438 912 4479 est
936 4425 1189 4485 adorsus,
1212 4420 1368 4489 juxta
1399 4419 1543 4489 quod
1574 4419 1820 4490 praecipit
1849 4418 2177 4488 Apostolus:
2214 4419 2274 4473 Si
2301 4420 2415 4489 quis

825 4516 936 4569 vult
968 4514 1102 4567 inter
1123 4528 1207 4565 vos
1235 4511 1442 4579 sapiens
1473 4524 1581 4563 esse
1608 4508 1663 4561 in
1695 4508 1791 4561 hoc
1825 4506 2051 4573 swculo,
2082 4507 2273 4561 stultus
2298 4508 2411 4576 ﬁat,

2524 3337 2613 3404 qui
2651 3335 3017 3400 {nihilominus
3062 3349 3224 3401 quam
3274 3336 3362 3401 qui
3412 3335 3722 3403 patiebatur
3750 3334 3817 3389 de
3855 3335 4099 3390 fraterno

2523 3426 2763 3479 cruciatu
2830 3425 3182 3487 tristabatur,
3253 3423 3525 3491 duplicato
3580 3434 3709 3479 tmte
3776 3424 4110 3480 adiciebatur

2523 3517 2850 3581 infortunio;
2905 3516 3027 3583 quia
3077 3514 3202 3568 hinc
3248 3530 3369 3568 eum
3421 3514 3606 3569 fratris
3669 3516 4107 3570 tumstificavcrat

2524 3611 2801 3681 a‘gritudo,
2840 3610 2959 3664 inde
2988 3620 3210 3679 paterna
3239 3625 3357 3678 quae
3394 3609 3623 3680 incoepta
3658 3612 3922 3680 pendebat
3962 3610 4111 3681 lega-

2528 3707 2624 3757 tio.
2658 3702 2761 3757 Sed
2803 3703 2930 3769 quid
2980 3711 3162 3771 ageret
3194 3703 3422 3764 nescius,
3480 3702 3717 3755 divinam
3764 3702 4106 3756 clementiam

2522 3807 2745 3847 exorare
2771 3791 2935 3859 empit
2981 3791 3261 3845 attentius.
3294 3791 3491 3845 Tribus
3528 3792 3741 3845 tandem
3773 3793 3958 3846 diebus
3986 3809 4109 3861 per-

2520 3886 2671 3947 actis,
2704 3892 2825 3953 post
2869 3883 3161 3936 matutinas
3186 3882 3371 3935 laudes
3408 3897 3529 3935 cum
3556 3897 3613 3935 se
3637 3884 3814 3951 sopori
3848 3883 4106 3957 dedisset,

2518 3975 2735 4043 quidam
2771 3975 2852 4028 vir
2895 3974 3093 4026 canitie
3127 3974 3457 4026 reverendus
3500 3973 3547 4027 ei
3580 3976 3726 4026 visus
3756 3980 3838 4027 est
3870 3974 4057 4027 dicens
4094 3992 4107 4025 :

2518 4067 2656 4133 Qttid
2683 4067 2875 4135 ignavo
2922 4078 3156 4135 ntmrore
3203 4063 3564 4132 deprimeris?
3608 4064 3734 4130 quid
3763 4078 3791 4114 a
3841 4064 4105 4116 memoria

2518 4155 2718 4210 excidit
2746 4154 2887 4223 quod
2934 4152 3105 4207 frater
3144 4166 3295 4205 meus
3323 4150 3558 4204 Jacobus
3588 4151 3653 4204 de
3706 4151 4109 4203 infirmantibus

2517 4249 2775 4318 prtecepit
2802 4267 2813 4301 :
2864 4247 3128 4301 Tristatur
3158 4245 3349 4315 aliquis
3378 4254 3623 4307 vestrum,
3666 4253 3774 4296 oret
3819 4261 3964 4313 a'quo
3993 4247 4113 4297 ani-

2518 4355 2622 4401 mo,
2662 4346 2709 4389 et
2741 4334 2953 4405 psallat.
2978 4333 3291 4402 Inﬁrmatur
3315 4334 3431 4402 quis
3461 4332 3514 4386 in
3553 4332 3715 4397 vobis,
3746 4332 3957 4385 inducat
3987 4350 4103 4402 pre~

2518 4430 2750 4498 sbytcros
2783 4425 3055 4487 Ecclesiw,
3095 4434 3141 4477 et
3186 4434 3331 4478 orent
3363 4440 3519 4492 super
3538 4440 3687 4486 eum,
3718 4436 3961 4492 augentes
3989 4440 4110 4476 eum

2524 4518 2634 4574 oleo
2659 4520 2713 4571 in
2742 4517 2949 4569 nomine
2978 4514 3227 4578 Domini;
3260 4524 3307 4567 et
3351 4514 3520 4567 oratio
3556 4514 3677 4581 ﬁdei
3714 4514 3928 4566 salvabit
3961 4513 4116 4579 inﬁr-

826 4616 885 4660 ut
920 4605 987 4659 sit
1018 4605 1226 4672 sapiens
1250 4600 1301 4671 (Ι
1331 4599 1453 4654 Cor.
1487 4615 1573 4663 III.
1601 4597 1710 4668 18)-
1750 4596 1904 4651 Unde
1937 4597 2025 4666 qui
2056 4598 2205 4667 prius
2234 4599 2421 4653 doctor
2452 4584 2497 4641 υ
2529 4626 2693 4674 mum,
2720 4617 2766 4662 et
2796 4606 3039 4659 allevabit
3062 4621 3179 4659 eum
3206 4604 3462 4657 Dominus
3488 4603 3629 4673 (Jac.
3654 4618 3720 4667 γ,
3749 4602 3860 4668 st).
3897 4600 4006 4654 Hac
4034 4603 4118 4652 vi—

763 4720 773 4743 :
828 4694 1312 4769 grammaticorum
1334 4732 1347 4758 ,
1377 4689 1675 4760 discipulus
1714 4696 1836 4757 post
1872 4688 2039 4757 erepit
2066 4702 2185 4743 esse
2210 4687 2419 4757 simpli-

780 4823 792 4839 .
828 4790 974 4843 cium
1007 4787 1266 4840 virorum.

904 4878 1042 4934 XIV.
1093 4876 1537 4932 Bibliotltecurius
1584 4886 1629 4928 et
1680 4874 2095 4943 Apocrisiarius.
2170 4875 2423 4927 Auctores

794 4991 798 5041 ς
830 4970 1085 5041 profanos
1130 4967 1318 5037 rejicit.
1353 4965 1558 5020 Monita
1596 4965 1687 5017 dat
1719 4966 1937 5033 optima.
1961 4995 2027 5003 —
2072 4963 2224 5018 l’laud
2269 4980 2425 5019 secus

785 5035 797 5101 '-
830 5064 975 5116 enim
1001 5076 1064 5115 ac
1079 5059 1384 5131 philosophi
1410 5058 1476 5111 ad
1498 5057 1936 5127 syllogismorum
1960 5057 2419 5127 argumentatoria

837 5169 896 5208 se
925 5154 1213 5207 conferunt
1244 5150 1443 5205 utentis
1475 5149 1769 5204 instantia:
1803 5149 1875 5203 ita
1903 5164 1960 5204 se
1987 5149 2215 5205 contulit
2246 5151 2313 5203 ad
2359 5165 2421 5203 ea

834 5244 1061 5298 dicenda
1099 5258 1219 5312 quae
1247 5240 1623 5311 quotidianum
1663 5253 1760 5311 per
1800 5255 1955 5295 usum
2002 5241 2055 5294 in
2096 5242 2423 5296 monasterio

834 5345 963 5391 sunt
1015 5333 1297 5403 explenda.
1351 5330 1557 5398 Quibus
1606 5330 1859 5385 omnibus
1902 5330 2086 5385 solerti
2145 5331 2247 5385 sibi
2292 5347 2422 5386 cura

834 5426 1072 5468 munitis:
1122 5436 1171 5468 ρι
1224 5424 1599 5468 ovnorimentn
1648 5421 1925 5468 memoriae
1966 5422 2292 5468 commissis-
2344 5422 2423 5468 vi-

2523 4701 2675 4754 sione
2726 4695 3118 4765 aliquantulum
3183 4695 3497 4748 sublevatus
3550 4693 3753 4757 animo,
3806 4693 3987 4746 statim
4054 4704 4116 4745 ut

2522 4790 2759 4859 surrexit
2789 4804 2818 4842 e
2849 4802 3063 4850 somno,
3098 4785 3259 4839 celeri
3296 4786 3507 4839 actione
3556 4786 3709 4839 duxit
3739 4785 3804 4837 ad
3835 4782 4112 4845 effectum,

2524 4881 2667 4950 quod
2707 4877 3000 4948 apostolica
3036 4876 3210 4929 fuerat
3246 4875 3579 4928 revelatione
3619 4884 3973 4942 compertum.
4004 4873 4116 4926 Res

2526 4972 2659 5026 mira
2685 4979 2740 5024 et
2793 4969 3143 5022 vehementer
3181 4966 3482 5035 stupenda!
3539 4967 3727 5020 eadem
3779 4966 3976 5035 quippe
4026 4966 4115 5019 die

2530 5080 2634 5133 qua
2661 5058 3107 5116 sanctilieationis
3128 5058 3246 5111 oleo
3272 5058 3363 5127 qui
3388 5058 3691 5126 patiebatur
3710 5067 3794 5111 est
3820 5057 4115 5117 delibutus,

2530 5156 2603 5207 ita
2654 5151 2871 5205 sanitati
2910 5151 3150 5220 pristinae
3192 5150 3469 5203 restitutus
3510 5148 3804 5211 convaluit,
3832 5163 3894 5203 ac
3920 5149 3961 5202 si
3995 5148 4115 5202 nul-

2532 5243 2638 5296 lam
2692 5241 2994 5296 molestiam
3041 5239 3285 5308 corporis
3310 5238 3640 5308 pertulisset.
3673 5238 3855 5293 Altera
3890 5239 3976 5292 die
4003 5237 4115 5291 Do-

2532 5335 2661 5389 mini
2714 5332 3045 5403 gratulantes
3071 5331 3300 5394 virtute,
3330 5330 3506 5384 conati
3554 5339 3680 5383 sunt
3728 5330 3832 5383 iter
3875 5342 4117 5396 οωριιιιιι

2534 5424 2829 5468 nominem-9.
2883 5422 2949 5468 ad
2998 5418 3281 5468 effeclum:
3314 5419 3568 5468 attoniatn
3607 5418 3823 5468 quidem
3854 5416 3995 5468 beati
4026 5415 4123 5468 Ja-
