4494 5520
378 367 479 424 ἳςὸ
1798 368 1972 425 V'l'l'A.
2016 402 2081 411 —
2123 372 2153 425 l.

1867 372 1972 425 TA.
2016 402 2081 411 —
2123 372 2249 426 LIB.
2289 370 2353 427 11.
3530 369 3633 424 754

379 483 562 537 nuisse
591 480 863 550 precibus,
893 481 1036 551 quod
1063 481 1161 536 iste
1190 490 1296 533 tam
1327 481 1446 536 eine
1473 480 1687 534 sanitati
1723 490 1805 535 est
1832 481 1953 537 red-
1982 467 2026 526 Α
2058 485 2239 539 bebat.
2269 484 2471 539 Christi
2520 486 2648 553 quin
2682 483 2847 538 etiam
2892 483 3107 537 indutus
3142 481 3343 545 tunica,
3376 481 3528 549 cujus
3558 500 3637 538 se-

376 576 542 629 ditus.
574 570 684 628 lloe
709 573 863 643 plane
893 572 1212 626 miraculum
1238 571 1497 627 fratribus
1521 572 1660 625 fideli
1696 571 1954 627 relatione
2059 575 2324 645 quebatur
2345 574 2845 644 vestigia,miraque
2866 571 3387 641 ornatus’paticutia,
3415 573 3634 627 meliora

381 682 501 721 cum
552 664 743 718 fuisset
781 663 1044 733 agnitum,
1091 663 1343 732 deinceps
1393 661 1444 715 in
1494 677 1686 730 magna
1734 676 1957 715 venera-
2063 666 2356 720 secundum
2402 664 2713 736 Apostolum
2757 664 2949 720 sectari
2982 679 3196 733 semper
3226 665 3473 718 studebat
3504 666 3634 719 cha-

382 757 528 809 tione
568 753 765 806 habere
795 760 1074 821 cmperuut
1123 753 1341 805 beatum
1368 750 1637 814 Maiolum,
1669 764 1825 820 quem
1848 752 1961 821 jam
2065 754 2307 808 rismata.
2350 754 2580 823 Ideoque
2605 754 2734 808 vitia
2776 754 3099 817 aversamlu,
3128 755 3193 809 de
3223 755 3421 808 virtute
3447 756 3498 809 in
3534 758 3643 810 vir«

383 846 455 897 ita
487 844 595 896 Deo
621 842 926 912 proximum
965 850 1225 895 noverant
1262 839 1506 895 eﬂ'ectum
1542 855 1638 911 per
1675 841 1826 910 signa
1860 842 1962 895 vir-
2068 853 2233 898 tutem
2280 843 2610 915 prolicieudo
2634 886 2649 909 ,
2700 860 2794 917 per
2824 846 3144 901 obedientia:
3174 847 3532 915 quadruvium
3576 850 3642 901 ad

386 946 585 988 tutum.
2069 935 2382 990 humilitatis
2410 951 2580 1007 usque
2628 952 2938 1008 supremum
2991 938 3305 993 conscendit
3346 937 3637 1009 fastigium.

457 1023 592 1078 XVI.
630 1024 895 1077 Humilior
924 1025 1043 1078 inde
1071 1024 1337 1093 factus.—
1358 1022 1462 1077 Sed
1503 1024 1583 1075 vir
1615 1025 1825 1088 beatus,
1858 1023 1966 1095 glo-

388 1117 464 1168 ria
498 1115 670 1168 laudis
698 1116 926 1185 abjecta,
959 1116 1077 1184 plus
1101 1116 1300 1185 despici
1327 1131 1486 1184 quam
1516 1116 1761 1170 venerari
1786 1116 1837 1169 in
1870 1117 1969 1170 hac

385 1208 609 1275 cupiens
638 1209 769 1271 vita,
797 1223 905 1277 quo
938 1208 1164 1261 fratrum
1199 1207 1481 1261 devotione
1516 1207 1773 1262 attentius
1803 1206 1973 1261 hono-

389 1299 642 1361 rabatur,
676 1314 740 1353 eo
774 1300 945 1369 magis
988 1299 1134 1351 omni
1184 1313 1242 1352 se
1284 1298 1489 1352 vilitate
1531 1306 1586 1352 et
1628 1299 1971 1351 extremitate

390 1392 729 1460 dignabatur.
799 1390 1050 1445 Omnium
1108 1390 1231 1446 licet
1274 1372 1570 1444 .cbaritate
1636 1388 1964 1458 diligeretur,

391 1481 711 1534 munditiam
759 1491 936 1535 tamen
984 1482 1160 1535 cordis
1205 1496 1271 1535 ne
1311 1479 1571 1548 iactantia
1624 1478 1883 1545 foedaret,
1939 1497 1967 1534 a

390 1570 606 1624 nemine
631 1584 692 1623 se
720 1570 922 1623 laudari
941 1570 1170 1624 volebat.
1202 1570 1267 1623 Et
1290 1571 1408 1623 ideo
1430 1568 1738 1623 hominibus
1765 1567 1970 1639 fugiens

389 1678 511 1717 esse
543 1664 592 1716 in
616 1663 791 1732 pretio
812 1704 825 1727 ,
859 1678 951 1717 sua
980 1679 1037 1718 se
1062 1664 1390 1717 conscientia
1420 1663 1645 1716 charum
1680 1661 1787 1717 Deo
1819 1661 1971 1715 exhi-

2072 1023 2175 1077 Sed
2220 1025 2345 1093 quia
2395 1024 2755 1079 obedientiam
2804 1040 2959 1080 nemo
2997 1025 3140 1081 valet
3186 1027 3331 1081 bene
3381 1029 3645 1098 imperare

2073 1112 2351 1183 subjectis,
2402 1114 2502 1169 nisi
2559 1114 2698 1170 hanc
2746 1115 2859 1185 ipse
2901 1116 3151 1171 didicerit
3195 1118 3343 1187 prius
3389 1119 3646 1174 exhibere

2073 1203 2341 1272 przelatis;
2394 1205 2512 1259 ideo
2554 1205 2697 1260 lutue
2739 1205 2898 1277 longo
2924 1215 3163 1277 tempore
3197 1206 3289 1262 Dei
3322 1208 3649 1276 dispensatio

2076 1296 2263 1349 statuit
2308 1295 2549 1362 subesse,
2583 1306 2640 1351 ut
2668 1297 2768 1353 sub
2791 1299 3013 1354 alterius
3047 1300 3357 1370 magisterio
3393 1302 3645 1362 disceret,

2075 1390 2340 1455 quomodo
2384 1388 2498 1442 sine
2538 1404 2724 1444 errore
2768 1390 2887 1445 aliis
2937 1401 3117 1460 postea
3163 1406 3392 1461 praeesse
3450 1405 3650 1461 posset.

2076 1480 2143 1533 At
2164 1494 2262 1550 ego
2287 1480 2373 1534 bic
2399 1480 2467 1533 ab
2492 1478 2840 1536 ellioratiouis
2863 1497 3025 1552 opere
3054 1483 3325 1551 paululum
3354 1485 3646 1552 respirabo,

2078 1578 2136 1622 nt
2159 1570 2396 1625 debitum
2443 1570 2601 1626 linem
2641 1572 2729 1627 hic
2775 1572 2912 1627 liber
2948 1574 3199 1643 accipiat,
3227 1575 3441 1647 indigna
3479 1591 3647 1645 quau.

2080 1676 2242 1730 quam
2279 1664 2396 1733 cogi
2432 1662 2697 1720 brevitate
2721 1673 2977 1734 queratur

1582 1902 1881 1979 LIBER
1941 1901 2255 1979 SECUN
2276 1905 2502 1981 DUS.

465 2033 505 2087 I.
543 2034 709 2087 Abba:
734 2034 1070 2103 designatur,
1099 2032 1187 2088 sed
1215 2035 1455 2087 assentiri
1491 2044 1713 2088 recusat.
1746 2065 1813 2074 —
1838 2032 1969 2088 Cer-
2005 2035 2047 2094 Β
2076 2036 2307 2091 oliicium
2336 2038 2571 2091 divinum
2604 2035 2697 2092 tibi
2731 2051 2836 2091 non
2881 2036 3056 2091 deerit
3082 2036 3368 2091 auxilium.
3413 2035 3565 2090 Tunc
3594 2037 3656 2091 li-

394 2139 530 2178 neus
558 2124 761 2177 interea
789 2125 869 2177 vir
895 2124 1100 2178 Domini
1127 2123 1462 2193 Hcymardus
1484 2124 1699 2178 beatum
1728 2123 1976 2177 .‘llaiolum

397 2215 663 2267 virtutum
709 2214 902 2283 pennis
951 2215 1015 2267 ad
1064 2214 1173 2268 alta
1226 2215 1489 2279 subvehi,
1523 2224 1738 2269 terrena
1785 2225 1979 2268 cuncta

396 2304 677 2371 despicere
704 2343 717 2365 ,
748 2303 929 2356 mundi
959 2303 1186 2373 gloriam
1220 2304 1528 2368 declinare,
1560 2305 1739 2358 verbis
1770 2304 1977 2374 pluere,

396 2393 677 2447 miraculis
723 2394 1034 2456 obscurare,
1069 2409 1131 2448 ac
1164 2403 1274 2449 toto
1303 2396 1587 2449 conamine
1617 2395 1681 2448 de
1709 2395 1905 2448 virtute
1929 2394 1981 2447 in

393 2482 649 2535 virtutem
680 2480 815 2536 velle
852 2482 1113 2550 proiicere
1142 2502 1153 2536 :
1194 2493 1248 2537 at
1276 2494 1460 2537 contra
1483 2498 1542 2537 se
1580 2482 1874 2544 infirmum,
1900 2482 1983 2535 lu-

400 2573 547 2626 mine
576 2572 867 2640 privatum,
897 2573 1049 2625 senio
1073 2570 1295 2637 fessum,
1325 2582 1487 2641 atque
1516 2574 1757 2626 emerita:
1782 2573 1985 2627 militia:

393 2662 503 2730 jam
547 2671 897 2725 veteranum,
931 2665 1240 2717 convocatis
1271 2664 1321 2716 iu
1373 2678 1539 2717 unum
1578 2662 1851 2726 fratribus,
1902 2663 1986 2716 his

396 2766 492 2805 eos
513 2751 837 2819 compellare
864 2753 1027 2821 coepit
1059 2750 1343 2807 affatibus:
1378 2754 1461 2807 Me
1487 2754 1754 2823 privatum
1783 2754 1984 2808 lumine

400 2842 553 2896 vobis
583 2842 785 2897 utiliter
812 2858 1041 2912 praeesse
1068 2845 1355 2899 decernitis
1382 2844 1603 2899 minime
1628 2859 1803 2914 posse.
1835 2844 1985 2898 Ideo-

399 2946 506 2999 que
540 2932 696 2985 talem
746 2947 813 2985 ex
860 2933 1012 2987 vobis
1046 2934 1173 3002 ipsis
1202 2934 1407 3004 eligite,
1435 2934 1524 3003 qui
1554 2942 1699 2988 tutor
1725 2944 1779 2988 et
1807 2944 1987 2987 custos

400 3025 473 3078 sit
505 3024 656 3078 vobis
690 3024 742 3077 in
775 3024 865 3078 Dei
919 3023 1283 3078 famulamiue.
1313 3024 1421 3079 Illis
1464 3034 1646 3080 autem
1686 3025 1985 3079 ltzesitanti-

402 3116 523 3175 bus,
578 3125 633 3168 et
679 3113 810 3167 nihil
845 3113 908 3167 ad
959 3116 1073 3169 haec
1126 3116 1593 3184 respondentibus,
1645 3116 1787 3186 quod
1839 3131 1989 3170 meus

400 3220 728 3278 conceperat
769 3207 949 3261 divina
998 3208 1371 3277 inspiratione,
1426 3207 1677 3279 allegavit
1718 3221 1987 3272 sermone,

402 3301 619 3354 beatqu
649 3298 899 3352 Maiolum
926 3307 985 3351 ut
1016 3299 1277 3369 eligerent
1305 3299 1621 3362 adhortans,
1654 3299 1824 3353 solum
1850 3299 1991 3352 hunc

2081 2124 2275 2180 bellum
2299 2140 2459 2195 quem
2480 2123 2619 2179 forte
2645 2141 2802 2179 manu
2823 2123 3068 2195 gestabat
3096 2124 3434 2195 praetendens
3454 2144 3465 2177 :
3484 2123 3658 2185 llum.

2084 2215 2277 2284 inquit,
2308 2225 2361 2268 tu
2393 2215 2642 2269 comitem
2676 2213 2871 2268 habeto
2902 2254 2916 2278 ,
2946 2214 3175 2283 ejusque
3206 2214 3513 2267 testimonio
3541 2228 3660 2281 qua:

2082 2304 2287 2375 agenda
2320 2313 2446 2359 sunt
2474 2304 2638 2374 agito.
2666 2303 2789 2358 llaec
2818 2312 2996 2357 autem
3024 2303 3113 2372 qui
3144 2302 3376 2364 fabatur,
3405 2320 3509 2358 uou
3526 2304 3662 2359 alius

2084 2395 2184 2448 sibi
2217 2409 2377 2463 quam
2408 2394 2463 2448 Β.
2504 2394 2825 2448 Benedictus
2860 2393 3163 2447 videbatur.
3198 2394 3387 2463 Itaque
3437 2396 3538 2449 hac
3578 2395 3658 2446 vi-

2084 2486 2231 2540 sione
2262 2485 2651 2555 aliquautnlmu
2686 2493 2959 2540 recreatus
2984 2527 2998 2549 ,
3040 2486 3277 2541 titubare
3316 2487 3559 2557 nequivit
3600 2506 3657 2541 se

2085 2574 2149 2627 ad
2181 2575 2281 2629 hoc
2308 2590 2441 2644 opus
2467 2574 2645 2629 divina
2675 2575 2792 2645 cogi
2822 2575 3240 2644 dispensatione.
3285 2573 3507 2629 Jactans
3536 2590 3663 2645 ergo

2088 2667 2139 2719 iu
2171 2665 2395 2719 Domino
2423 2680 2607 2720 curam
2639 2680 2792 2720 suam
2823 2706 2839 2730 ,
2886 2674 3164 2735 totumque
3206 2681 3360 2721 suum
3407 2683 3562 2736 posse
3612 2668 3662 2719 in

2087 2756 2203 2825 ejus
2234 2770 2440 2825 ponens
2477 2755 2645 2820 velle;
2676 2755 2817 2810 facto
2840 2771 2997 2810 mane
3024 2755 3077 2809 iu
3108 2765 3373 2811 conventu
3412 2757 3660 2816 fratrum,

2090 2861 2318 2915 corpore
2371 2846 2421 2899 in
2474 2854 2676 2899 terram
2734 2854 3046 2914 prostrato,
3106 2856 3212 2899 tam
3245 2845 3425 2899 abbati
3459 2887 3472 2909 ,
3506 2861 3665 2913 quam

2090 2937 2339 2992 omnibus
2367 2936 2626 2991 fratribus
2656 2936 2924 2991 satisfecit
2956 2936 3008 2989 iu
3038 2936 3274 3005 capitulo
3295 2975 3309 2999 ,
3339 2951 3571 3006 arguens
3604 2955 3657 2989 δ.-

2091 3028 2261 3098 culpa:
2290 3070 2303 3093 ,
2338 3029 2535 3097 talique
2566 3043 2659 3082 eus
2698 3028 3027 3082 conveniens
3061 3028 3531 3083 sermocinatione.
3567 3045 3583 3076 ι
3621 3028 3663 3080 0

2093 3119 2299 3181 Patres,
2329 3134 2360 3171 ο
2392 3117 2588 3171 fratres
2614 3157 2628 3180 ,
2660 3118 2760 3171 hoc
2791 3118 3147 3171 contumacia:
3178 3117 3438 3186 deputare
3468 3116 3632 3170 nolite
3652 3156 3665 3177 ,

2093 3211 2234 3281 quod
2286 3210 2556 3265 obstinato
2586 3210 2766 3263 animo
2798 3219 2988 3264 vestra:
3034 3210 3266 3280 jussioui
3307 3209 3489 3263 distuli
3543 3210 3671 3261 ulm—

2097 3300 2232 3355 dire.
2263 3300 2579 3352 Animarum
2610 3300 2750 3351 enim
2781 3299 3058 3368 regiminis
3088 3300 3211 3352 dum
3244 3299 3351 3352 vim
3382 3309 3435 3353 et
3467 3300 3668 3367 magni-

403 3403 524 3444 esse
554 3386 626 3441 ad
653 3389 703 3441 id
726 3387 958 3442 ofﬁcium
990 3389 1239 3442 idoneum
1261 3386 1555 3441 aﬂirmans.
1577 3387 1726 3441 Unus
1751 3387 1988 3441 omnium
2023 3376 2069 3437 C
2104 3390 2343 3443 tudinem
2373 3394 2552 3442 mente
2598 3396 2870 3456 pertracto
2898 3428 2912 3451 ,
2946 3402 3078 3442 mete
3110 3387 3494 3443 imbecillitatis
3540 3405 3670 3442 cou-

404 3496 737 3546 consensus,
792 3496 891 3535 nec
940 3481 1124 3550 dispar
1163 3478 1263 3533 fuit
1304 3478 1540 3533 affectus.
1596 3478 1831 3533 Cernere
1872 3487 1990 3532 erat

403 3586 595 3626 omnes
636 3572 686 3625 in
739 3586 975 3625 consona
1028 3579 1150 3624 vota
1198 3577 1437 3623 ruentes.
1483 3568 1723 3636 Namque
1774 3566 1988 3637 agmina

406 3665 796 3718 monachorum
828 3673 883 3718 et
914 3663 1236 3718 clericorum
1268 3661 1535 3716 nobilibus
1565 3661 1697 3714 viris
1742 3666 1985 3714 conserta

407 3763 589 3819 ruunt,
625 3755 775 3825 plebs
812 3756 1013 3811 rustica
1055 3755 1196 3824 plebi
1229 3753 1466 3808 concinit
1499 3754 1737 3816 urbantn,
1784 3766 1881 3821 par
1909 3762 1993 3805 est

406 3850 672 3903 sententia
722 3848 954 3913 eunetis,
1007 3863 1110 3902 vox
1170 3846 1390 3911 eadem,
1446 3844 1747 3914 studiisque
1803 3842 1994 3897 ardent

406 3942 785 3996 communibus
815 3956 1005 3995 omnes
1027 3940 1218 3994 Maiulo
1246 3940 1463 3994 titulum
1495 3940 1787 3993 decernere
1814 3946 1994 4008 pasto-

411 4034 508 4087 ris.
538 4031 692 4087 Hunc
720 4032 927 4086 clarum
960 4032 1187 4095 meritis,
1214 4032 1357 4085 hunc
1386 4029 1665 4084 nobilitate
1689 4028 1991 4095 legendum,

408 4124 659 4193 dogmate
725 4123 1090 4193 praecipuum,
1143 4136 1405 4191 generoso
1460 4129 1677 4190 pectore
1738 4121 1992 4190 primum,

408 4216 743 4285 principibus
768 4225 954 4269 notum
981 4222 1035 4268 et
1064 4213 1318 4267 nonnulla
1350 4222 1504 4282 parte
1543 4212 1857 4268 verendum.
1889 4210 1996 4267 Sed

409 4320 692 4361 assensum
721 4314 779 4359 ut
824 4306 1086 4375 praeberet
1130 4318 1251 4358 cum
1279 4304 1439 4359 nullis
1480 4302 1790 4359 ﬂecteretur
1818 4304 1995 4374 preci-

409 4401 543 4462 bus,
577 4400 744 4455 abbas
772 4399 915 4453 bono
945 4413 1074 4452 usus
1099 4396 1355 4461 consilio,
1392 4396 1534 4466 quod
1565 4396 1666 4451 sibi
1699 4394 1998 4465 denegabat

411 4489 691 4560 possibile,
737 4490 785 4544 ei
829 4490 919 4560 qui
948 4490 1129 4543 omnia
1169 4496 1346 4559 potest
1387 4487 1590 4542 studuit
1632 4486 1993 4541 committere.

411 4580 677 4648 Quocirca
719 4588 841 4650 post
887 4578 1223 4650 singularum
1286 4576 1792 4633 determinationem
1841 4576 1999 4633 hora-

414 4687 555 4734 rum,
611 4671 905 4742 superbae
952 4670 1214 4740 petitione
1240 4669 1524 4739 prostratis
1562 4669 1614 4723 in
1655 4678 1855 4724 terram
1887 4667 1999 4723 fra-

2098 3481 2241 3534 scius
2268 3520 2282 3543 ,
2315 3478 2381 3532 ad
2414 3478 2515 3533 hoc
2564 3478 2968 3546 suscipiendum
3003 3478 3224 3533 minime
3272 3494 3357 3533 me
3388 3478 3504 3533 fore
3561 3479 3675 3531 idu-

2099 3584 2255 3622 ueum
2288 3568 2492 3631 sentio;
2526 3575 2579 3621 et
2615 3569 2735 3624 ideo
2764 3568 2866 3623 fuit
2911 3568 3231 3624 obedientite
3261 3569 3451 3625 dilatio
3480 3610 3493 3632 ,
3546 3572 3670 3639 quia

2101 3660 2233 3714 tanti
2272 3660 2523 3730 ponderis
2570 3662 2668 3715 sub
2714 3661 2852 3717 mole
2904 3661 3115 3715 ruinam
3168 3663 3374 3732 perpeti
3416 3660 3668 3715 formido.

2099 3750 2269 3805 Nemo
2296 3752 2438 3806 enim
2467 3754 2603 3806 alter
2632 3751 2787 3807 alteri
2812 3751 2889 3807 sic
2912 3762 2994 3807 est
3024 3762 3184 3807 notus
3207 3760 3265 3806 ut
3288 3752 3410 3807 sibi.
3440 3751 3592 3809 Uude
3623 3754 3668 3807 si

2100 3856 2187 3896 me
2215 3850 2274 3897 ut
2302 3857 2401 3913 ego
2430 3844 2760 3908 nosceretis,
2792 3842 2856 3898 ad
2890 3844 2941 3897 id
2976 3842 3211 3899 ollieiutn
3243 3843 3548 3899 nullatenus
3587 3863 3677 3899 ρον

2099 3934 2318 4004 geretis.
2347 3932 2453 3988 Sed
2481 3934 2606 4004 quia
2640 3943 2817 3989 vestra
2854 3944 3009 4006 urget
3033 3933 3208 4005 jussio
3228 3976 3242 4001 ,
3281 3936 3365 3990 cui
3394 3937 3674 3990 contradi-

2101 4041 2224 4081 cere
2252 4041 2355 4081 nou
2380 4028 2550 4081 audeo
2579 4046 2591 4081 :
2623 4029 2840 4083 nuncin
2867 4045 2933 4085 eo
2963 4030 3053 4097 qui
3087 4029 3258 4083 lenire
3285 4044 3503 4099 aspera,
3541 4029 3679 4082 rele-

2101 4132 2230 4171 vare
2258 4117 2399 4172 valet
2428 4118 2637 4187 gravia,
2665 4131 2922 4188 superare
2953 4119 3095 4174 valet
3122 4118 3382 4185 adversa;
3410 4120 3557 4174 omni
3584 4135 3676 4190 spe

2100 4209 2272 4277 posita
2297 4249 2312 4274 ,
2342 4216 2520 4263 vestra
2553 4218 2734 4265 mutor
2762 4210 2830 4264 ab
2860 4210 3143 4265 immutata
3176 4212 3466 4266 sententia.
3507 4232 3524 4263 l
3566 4210 3677 4267 lioc

2105 4297 2297 4354 fratres
2323 4298 2506 4353 audito
2534 4313 2723 4355 omnes
2751 4299 3159 4370 gratulabantur
3188 4300 3316 4367 Deo,
3339 4300 3495 4370 cujus
3521 4301 3680 4356 beni-

2103 4390 2359 4459 gnissima
2416 4392 2763 4446 miseratione
2807 4392 3052 4447 exaudiri
3106 4402 3437 4448 meruerunt
3471 4394 3527 4447 in
3583 4409 3681 4447 sua

2103 4482 2378 4553 petitione.
2413 4481 2563 4536 Tunc
2596 4482 2826 4545 domnus
2857 4483 2995 4537 abba
3037 4483 3433 4539 multitudinem
3484 4499 3688 4539 convo-

2104 4588 2234 4627 cans
2255 4572 2535 4639 nobilium,
2564 4572 2879 4643 pontiiieum
2901 4582 2956 4629 et
2982 4573 3263 4638 abbatum.
3294 4573 3686 4630 adhibuitcom

2106 4664 2310 4733 silium,
2342 4666 2394 4720 in
2424 4680 2653 4735 quorum
2679 4664 2967 4736 praesentia
2997 4665 3109 4720 btec
3128 4666 3371 4737 prorupit
3400 4665 3452 4721 iu
3470 4666 3637 4721 verba
3665 4685 3682 4719 ,:

416 4732 615 4824 tribus,
660 4732 1025 4831 octogesimus
1068 4732 1255 4815 sextus
1300 4758 1692 4815 deeantabatur
1738 4759 1996 4830 psalmus.
2028 4732 2078 4791 D
2109 4775 2127 4806 ι
2166 4756 2413 4811 Vestram
2440 4732 2662 4811 minime
2680 4732 2821 4812 latet
2861 4732 3215 4824 industriam,
3246 4732 3372 4831 quia
3396 4760 3460 4815 ad
3502 4758 3687 4831 praela-

413 4849 639 4920 Hoeque
670 4852 796 4905 dum
828 4850 982 4904 fieret
1009 4864 1108 4921 per
1138 4850 1399 4916 triduum,
1428 4848 1533 4905 tale
1560 4849 1652 4905 Dei
1684 4850 1898 4911 pietatis
1926 4850 2001 4904 in-

416 4941 538 4996 tulit
566 4941 842 4996 indicium.

484 5033 549 5090 ll.
583 5032 647 5087 Β.
688 5032 961 5088 Benedicti
990 5035 1199 5089 monitis
1234 5034 1445 5088 tandem
1485 5033 1788 5103 acquiescit.
1812 5063 1882 5073 —
1907 5033 2002 5087 Vir

416 5135 651 5192 namque
692 5122 786 5178 Dei
823 5124 987 5179 nimia
1037 5125 1300 5181 sollicitus
1330 5140 1477 5189 cura,
1516 5139 1640 5179 cum
1687 5131 1999 5194 sequentem

416 5222 633 5269 noctem
698 5212 815 5269 fere
871 5213 985 5283 jam
1051 5216 1301 5271 mediam-
1343 5214 1582 5269 duxisset
1676 5216 1998 5281 insomnem,

414 5306 577 5375 longa
658 5312 839 5359 tamen
919 5304 1243 5375 cogitatione
1324 5303 1532 5367 fessus,
1607 5319 1738 5361 eum
1841 5320 2002 5376 sopor

413 5397 493 5450 ita
554 5394 811 5456 irrueret,
864 5402 922 5447 ut
977 5393 1154 5451 adhuc
1208 5392 1361 5469 quasi
1419 5390 1738 5462 vigilantem
1791 5408 1848 5449 se.
1900 5410 2004 5464 pu.

413 5497 555 5520 Cum!
599 5485 601 5487 1
654 5485 871 5520 nisin'nm
927 5485 1199 5520 νΔΙῖηἶΛηῖρ
1253 5486 1430 5520 ΙνιΙιῖΙη

1487 5498 1748 5520 ρηπιιιι-ηι
1839 5502 1974 5520 ειη-ιιι

2106 4859 2188 4905 tos
2218 4850 2471 4921 respicit,
2512 4849 2773 4921 quidquid
2803 4866 2833 4905 a
2886 4851 3115 4907 subditis
3153 4851 3503 4925 delinquitur.
3539 4851 3683 4918 Qua-

2106 4952 2324 5014 propter
2355 4941 2665 5012 exemplum.
2679 4958 2859 5012 prava:
2882 4942 3035 5004 vitze.
3065 4951 3119 4998 et
3144 4943 3528 5014 negligentiam
3565 4943 3691 4996 sub-

2106 5034 2336 5088 ditormn
2372 5032 2794 5103 ignisgebeunte
2826 5032 3184 5088 inexhaustus
3200 5033 3456 5088 vindieat.
3486 5031 3695 5086 Idcircu

2107 5141 2207 5196 ego
2253 5124 2829 5197 Heymardusasaucti
2859 5122 3013 5179 Petri
3041 5123 3420 5181 Cluuiacensis
3464 5121 3698 5177 cmnubii

2113 5217 2248 5272 abba
2278 5216 2561 5287 indignus,
2590 5213 2956 5285 praesentibus
2996 5224 3161 5284 atque
3209 5213 3411 5270 futuris
3449 5208 3700 5265 omnibus

2113 5310 2407 5380 generatim
2456 5316 2641 5362 notum
2688 5320 2811 5362 esse
2852 5302 3025 5373 volo,
3054 5302 3178 5375 quia
3216 5302 3341 5360 haec
3377 5311 3433 5356 ct
3461 5298 3718 5366 hujusce-

2116 5402 2260 5455 modi
2290 5407 2466 5457 mente
2493 5407 2837 5468 pertractans
2868 5436 2885 5460 ,
2938 5405 3107 5451 aetate
3134 5392 3481 5468 defatigatus,
3528 5388 3718 5447 oﬂici‘w

2958 5486 3089 5520 ιιι-νη
3125 5485 3301 5520 ιηῖηηι·
3337 5499 3423 5520 mn
3462 5481 3715 5520 ιιςιςιηῐιειιί

2116 5498 2277 5520 Αιῖη...
2312 5498 2549 5520 ΑΑ-ηΛιιία
2578 5498 2895 5520 ἷιτιωίιιιιιιιο
