4494 5520
839 327 942 381 755

1932 331 1986 384 S.
2033 331 2260 386 MMULI
2298 331 2584 387 .\llll.\TlS
2621 333 2932 389 CLUNIMI.

3989 349 4091 406 755

835 445 978 500 benti
1002 447 1215 516 quidem
1245 447 1388 500 Petri
1415 446 1620 515 pridem
1649 446 1878 500 electum
1905 448 2125 502 fratrem
2156 465 2216 502 ac
2245 447 2410 501 filium
2441 452 2485 510 Α
2517 451 2692 508 omina
2719 453 2886 519 [ocius
2917 467 3052 515 sum,
3085 462 3136 504 nt
3166 469 3339 508 omnes
3365 454 3726 527 lucri/facerem
3753 462 3828 531 [(1
3863 463 3984 518 Cor.
4013 483 4090 532 ts,

837 533 1088 588 Maiolum
1116 536 1439 606 reelegimus
1460 576 1473 600 ,
1504 546 1558 591 et
1584 537 1833 591 abbatem
1874 553 1995 593 esse
2026 540 2368 593 decernimus
2393 578 2408 604 ,

836 637 906 677 ne
939 623 1224 679 insolentia
1281 635 1479 680 nostra:
1519 626 1851 681 infirmitatis
1897 628 2033 682 ordo
2073 627 2406 693 detercscat,

834 721 892 765 et
919 712 1188 781 repulsam
1222 715 1274 767 in
1305 715 1485 784 aliquo
1511 716 1770 785 patiatur,
1800 715 1909 771 Deo
1930 717 2166 787 propitio
2197 733 2412 790 semper

834 803 900 856 ad
927 802 1144 858 meliora
1171 805 1568 874 provehendus.
1594 805 1726 867 Nam
1755 807 1899 860 sicut
1923 807 2044 876 quis
2067 807 2134 860 ad
2167 808 2405 878 regimen

833 897 1084 950 incautus
1109 897 1307 965 aspirat
1331 937 1347 960 ,
1381 898 1453 951 ita
1483 897 1524 952 si
1555 898 1676 968 quis
1725 898 1918 969 dignus
1971 897 2168 969 refugit
2218 899 2412 954 merito

833 985 1284 1058 constringendus
1315 988 1560 1043 habetur.
1610 988 1675 1041 Et
1711 989 1851 1042 sicut
1898 988 2252 1044 Cluniacense
2300 1006 2414 1044 mo-

836 1079 1131 1133 nasterium
1166 1079 1276 1138 Deo
1304 1089 1524 1135 auctore
1555 1098 1583 1133 a
1628 1078 1901 1141 Willelmo
1947 1080 2084 1135 duce
2131 1081 2410 1136 fundatum

833 1170 1050 1223 nomine
1079 1169 1341 1239 principis
1379 1169 1741 1238 apostolorum
1769 1181 2039 1225 sacratum
2059 1212 2074 1236 ,
2119 1171 2413 1242 privilegiis

831 1258 1092 1313 Romana:
1129 1259 1275 1314 sedis
1303 1260 1639 1331 insignitum,
1673 1261 1943 1332 regalibus
1973 1262 2260 1332 prrcceptis
2286 1277 2415 1317 con-

832 1352 1107 1404 tirmatmn
1134 1391 1148 1414 ,
1208 1366 1235 1402 a
1267 1352 1576 1405 rever-endis
1624 1367 1838 1421 quoque
1887 1353 2172 1406 abbatibus
2206 1352 2416 1409 domuis

835 1444 1080 1499 Bcruone
1101 1453 1157 1496 et
1184 1441 1368 1497 Odone
1393 1445 1697 1497 ordinatum
1725 1453 1968 1507 constat;
1996 1444 2066 1497 ita
2091 1461 2212 1496 eum
2241 1443 2415 1497 omni-

834 1531 938 1586 bus
965 1531 1218 1596 abbatiis,
1251 1533 1401 1594 locis,
1441 1543 1492 1585 et
1531 1534 1681 1598 cellis
1714 1534 1802 1588 ubi
1834 1536 1920 1588 ubi
1950 1575 1963 1596 ,
2003 1549 2186 1587 eorum
2213 1535 2294 1588 vel
2324 1549 2418 1588 no-

833 1631 950 1677 stro.
976 1631 1215 1690 tempore
1237 1622 1520 1690 acquisitis
1539 1663 1552 1684 ,
1583 1623 1841 1691 [mediclo
1863 1623 2015 1676 fra‘ri
2058 1624 2413 1678 ordinandum

834 1711 1117 1776 tradinuts,
1143 1721 1306 1779 atque
1339 1721 1444 1764 tam
1491 1713 1556 1766 ad
1586 1713 1830 1767 ordinem
1862 1714 2188 1768 servandum
2221 1729 2414 1768 secun-

833 1802 960 1867 dum
987 1801 1201 1856 beatum
1237 1803 1577 1858 Benedictum
1607 1813 1660 1857 et
1691 1803 1931 1857 instituta
1963 1812 2176 1870 patrum
2204 1811 2417 1855 nostro-
2449 1801 2491 1859 Β

833 1910 980 1959 vlint,
1009 1910 1168 1963 quam
1196 1895 1260 1948 ad
1292 1910 1381 1950 res
1405 1895 1766 1965 di5|ionendas
1795 1893 1898 1947 sub
1914 1893 2058 1947 omni
2092 1893 2415 1961 integritate,

833 1987 1062 2062 propitia
1087 1987 1384 2048 divinitate,
1403 1986 1632 2040 vinculis
1645 1986 2348 2054 obedientiaeastringimus,
2370 1997 2423 2040 et

833 2078 1084 2139 abbatem
1131 2077 1459 2130 unanimiter
1507 2091 1695 2131 omnes
1750 2077 2166 2146 proclamantes.
2227 2097 2246 2129 ι
2297 2077 2423 2132 l‘ost

834 2169 949 2222 lucc
985 2168 1217 2236 denique
1245 2168 1425 2231 verba,
1457 2166 1722 2223 electione
1745 2169 2050 2238 conscripta
2072 2209 2085 2230 ,
2120 2179 2171 2223 et
2199 2171 2419 2223 univcr-

833 2261 1022 2322 sitatis,
1054 2274 1318 2314 consensu
1379 2259 1666 2322 roborata,
1717 2260 2072 2329 impositaque
2123 2261 2419 2329 antiphoua

837 2350 1054 2406 ducitur
1084 2350 1135 2406 in
1167 2349 1451 2404 ecclesiam
1481 2389 1494 2413 ,
1536 2347 1910 2415 benedicitur,
1954 2360 2010 2404 et
2054 2351 2107 2403 in
2157 2367 2251 2406 sua
2295 2353 2422 2406 sede

839 2441 1094 2503 omnibus
1117 2441 1364 2510 gratulari
1377 2441 1520 2494 tibus
1544 2439 1770 2495 levatur.

908 2530 996 2596 Ill.
1025 2529 1313 2601 Scriptura?
1335 2549 1502 2585 sacrm
1527 2532 1745 2586 lectione
1775 2550 1828 2586 se
1848 2542 1895 2587 et
1927 2533 2058 2586 alios
2089 2544 2233 2602 regit.
2256 2563 2324 2575 —-
2355 2533 2427 2590 Ut

835 2623 1042 2692 speculi
1076 2624 1194 2677 fieri
1222 2623 1356 2678 solet
1390 2625 1754 2694 inspectione,
1787 2625 1858 2678 ita
1891 2639 1948 2679 se
1985 2625 2212 2679 interius
2242 2627 2420 2679 divina

840 2717 1219 2772 considerabat
1246 2717 1499 2782 lectione,
1521 2727 1574 2771 ct
1600 2734 1664 2773 ex
1683 2719 1783 2774 bac
1807 2720 2003 2774 mentis
2025 2733 2252 2775 ornatus
2274 2736 2422 2774 com-

833 2810 1163 2878 ponebatur;
1204 2809 1571 2865 deformitatis
1613 2825 1744 2865 vero
1793 2809 1837 2865 si
1871 2810 2001 2880 quid
2039 2811 2420 2880 deprehende-

834 2900 991 2954 batur
1012 2942 1027 2966 ,
1047 2899 1276 2968 justitize
1310 2901 1676 2955 moderamine
1703 2901 2095 2971 corrigebatur.
2131 2902 2255 2955 ideo
2282 2902 2419 2955 uivi-

839 3007 1034 3045 normn
1096 3000 1490 3062 praeceptorum
1549 2992 1666 3060 plus
1731 2991 2100 3046 delectabatur
2152 2991 2421 3060 eloquiis,

839 3103 1002 3156 quam
1050 3069 1266 3156 dapium
1316 3085 1594 3147 ditissimis
1639 3085 1889 3149 ferculis;
1939 3084 2062 3154 quia
2121 3099 2192 3148 ex,
2235 3085 2315 3137 his
2367 3093 2421 3137 et

833 3194 1167 3240 suosmores
1194 3193 1520 3249 componere
1547 3221 1559 3241 ,
1603 3189 1657 3232 et
1699 3178 1798 3232 sibi
1837 3177 2153 3231 commissos
2186 3177 2417 3230 instrue-

830 3273 995 3335 batur
1024 3270 1221 3326 docere
1270 3281 1324 3323 et
1371 3269 1663 3338 corrigere.
1697 3268 1918 3321 Cunctis
1967 3275 2142 3318 tamen
2181 3266 2417 3335 scipsum

830 3363 980 3425 bene.
1009 3361 1222 3415 vivendi
1256 3359 1530 3428 przebebat
1571 3358 1896 3428 exemplum.
1935 3357 1998 3411 Et
2033 3358 2151 3410 ideo
2193 3358 2329 3411 sicut
2366 3358 2418 3410 iu

832 3454 1022 3519 ordine
1045 3493 1059 3515 ,
1091 3453 1162 3519 ita
1192 3452 1397 3520 primus
1425 3449 1676 3504 studebat
1704 3458 1762 3504 ιιι
1783 3458 1927 3503 esset
1955 3451 2005 3502 in
2053 3465 2237 3518 opere,
2263 3449 2418 3517 juxta

838 3542 970 3595 illud
1002 3541 1382 3610 evangelista):
1418 3538 1578 3608 σαρξί
1608 3538 1765 3593 Iesus
1788 3541 1959 3608 facere
1986 3551 2030 3592 et
2065 3539 2248 3591 docere
2278 3540 2416 3606 (Act.

835 3653 872 3697 ι,
902 3637 975 3703 l).
1008 3635 1156 3703 Adeo
1207 3633 1418 3686 lcetioni
1458 3647 1674 3701 semper
1703 3639 1818 3688 erat
1864 3631 2111 3694 deditus,
2145 3639 2200 3682 ut
2253 3631 2302 3682 in
2335 3629 2420 3682 iti-

835 3743 965 3782 nere
991 3728 1232 3796 positus,
1266 3723 1504 3779 libellum
1547 3725 1743 3794 smpius
1782 3732 2025 3793 gestaret
2061 3722 2113 3775 in
2148 3722 2415 3776 manibus.

837 3821 1021 3888 Itaque
1048 3819 1100 3872 in
1132 3817 1423 3888 equitando
1447 3816 1792 3872 reficiebatur
1825 3815 2038 3869 animus
2064 3813 2310 3884 legendo.

904 3909 990 3962 iV.
1033 3905 1295 3975 Profunos
1324 3917 1376 3961 ut
1405 3906 1546 3975 legit.
1570 3935 1638 3944 —
1659 3903 2016 3973 Phil050phos
2042 3918 2168 3957 vero
2192 3901 2416 3957 saecula-

837 4000 1022 4070 risque
1051 3998 1332 4067 sapientia:
1361 3997 1527 4050 libros
1553 3996 1769 4066 quando
1814 3995 2044 4063 legebat,
2079 3994 2206 4048 illud
2239 3993 2418 4062 sagaci

843 4094 1153 4150 sectabatur
1203 4091 1464 4144 industria
1492 4130 1504 4155 ,
1537 4089 1675 4158 quod
1723 4087 1788 4142 ad
1839 4086 2200 4157 legislatorem
2238 4084 2419 4138 divina

842 4202 943 4241 vox
971 4185 1022 4238 in
1052 4183 1184 4254 legis
1206 4182 1590 4236 sccundatione
1612 4181 1687 4250 (id
1711 4189 1782 4232 est
1815 4177 2254 4244 Deuteronomio)
2283 4191 2421 4244 prte-

840 4276 972 4347 cipit
1017 4275 1084 4330 de
1121 4275 1330 4343 captiva
1391 4287 1529 4342 quae,
1579 4279 1792 4339 sumpto
1840 4268 2095 4327 ealvitio,
2151 4268 2421 4337 unguibus

837 4369 1146 4440 praesectis,
1181 4367 1302 4437 pilis
1330 4366 1571 4430 abrasis,
1603 4364 1851 4418 omnibus
1879 4370 2102 4432 purgata
2132 4359 2382 4415 sordibus
2404 4402 2417 4424 ,

839 4459 956 4528 ejus
980 4475 1009 4512 a
1040 4472 1148 4528 quo
1178 4469 1332 4526 capta
1363 4455 1537 4508 fuerat
1587 4453 1850 4508 transibat
1889 4452 1940 4505 iu
1975 4449 2272 4520 amplexus.
2310 4447 2420 4502 liae

838 4550 1034 4619 quippe
1061 4534 1432 4611 sunilitudine,
1465 4546 1654 4616 quae-in
1685 4543 2124 4615 philosophorum
2151 4541 2306 4595 libris
2337 4556 2422 4593 rc-

838 4643 1190 4711 periebantur
1221 4640 1394 4704 utilia,
1443 4639 1556 4692 hasc
1609 4653 1704 4691 sua
1755 4635 2079 4706 dignabatur
2111 4632 2370 4687 memoria
2409 4653 2420 4684 :

840 4748 961 4803 qua;
999 4748 1127 4787 vero
1155 4732 1444 4802 superﬂua,
1476 4738 1541 4784 de
1571 4745 1756 4783 amore
1785 4728 1990 4782 scilicet
2020 4741 2305 4794 rerumque
2331 4740 2426 4778 sa:-

837 4822 1102 4876 cularium
1135 4837 1286 4885 cura,
1315 4821 1430 4875 luce
1456 4819 1608 4889 quasi
1635 4827 1898 4876 venenata
1944 4816 2174 4870 radebat
2198 4824 2252 4868 et
2285 4830 2425 4867 mor-

838 4909 1021 4976 tifera,
1069 4913 1153 4967 his
1184 4912 1462 4965 calvitium
1496 4910 1782 4964 inducebat
1811 4951 1822 4971 ,
1857 4909 1971 4962 hzee
2011 4907 2230 4977 ungium
2274 4921 2426 4959 more

841 5004 990 5058 ferro
1024 5002 1671 5065 acutissimo,deseeabat.
1720 5001 1797 5054 Ex
1835 5000 2084 5056 lectionis
2121 5014 2250 5069 ergo
2283 4999 2422 5053 assi-

841 5096 1050 5151 duitate
1072 5136 1085 5160 ,
1119 5094 1521 5165 Scripturarum
1575 5092 1897 5148 informatus
1928 5092 2256 5148 auctoritate
2286 5131 2299 5154 ,
2352 5091 2425 5144 ita

841 5190 896 5244 in
925 5189 1203 5244 canonicis
1228 5204 1289 5245 ac
1321 5188 1636 5253 monasticis
1665 5187 1871 5241 valebat
1901 5186 2182 5246 institutis.
2215 5195 2272 5239 ut
2297 5184 2424 5238 nulli

837 5279 1118 5335 videretur
1171 5282 1442 5338 secundus
1485 5281 1536 5349 in
1579 5281 1753 5350 legum
1805 5278 2038 5333 decretis
2082 5294 2146 5332 ac
2192 5276 2430 5347 philoso-

838 5375 1016 5448 phicis
1047 5376 1404 5446 argtnnentis.

919 5469 984 5520 V.
1017 5468 1160 5520 Errm
1186 5468 1419 5520 subditos
1448 5477 1500 5520 ut
1532 5483 1585 5520 se
1612 5467 1762 5520 aerit.
1791 5495 1859 5505 —-
1884 5463 2021 5518 Tum
2043 5462 2242 5517 virtute
2262 5470 2316 5515 et
2338 5475 2424 5515 sa-

2447 3147 2490 3204 (Σ

2514 538 2623 606 2'2).
2659 539 2926 608 Quidquid
2958 541 3298 611 loquebatur,
3325 545 3605 614 sapientia:
3627 553 3893 618 gravitate
3935 571 4083 610 eom-

2514 627 2760 697 ponebat.
2809 630 3002 685 Sermo
3066 631 3183 700 ejus
3230 634 3342 688 sale
3385 637 3666 702 conditus,
3721 657 3829 710 quo
3874 646 4092 702 virtutis

2514 719 2752 788 pondere
2776 720 2954 776 brevis
2989 730 3045 776 et
3069 739 3244 790 rarus,
3274 739 3340 780 eo
3365 728 3618 796 prudenti
3639 733 3904 788 suavitate
3928 735 4092 791 habe-

2513 811 2671 866 batur
2695 813 2980 881 pretiosus.
3003 814 3126 870 ideo
3149 818 3572 890 quotiescunque
3596 823 3662 877 ad
3681 824 4091 882 aedificationem

2515 907 2771 961 moralem
2804 906 3032 963 faciebat
3075 924 3380 966 sermonem
3410 953 3424 977 ,
3457 922 3516 966 ut
3544 913 3935 972 disertissimus
3963 959 3978 982 ,
4013 921 4089 972 ita

2515 997 2812 1055 habebatur
2865 999 3228 1067 gratissimus.
3292 1001 3522 1073 Gregem
3578 1004 3678 1058 sibi
3741 1009 4093 1062 commissum

2516 1088 2736 1156 provida
2768 1104 2960 1160 regens
3007 1091 3206 1160 pietate
3248 1093 3510 1148 adversus
3553 1095 3845 1164 pessimum
3890 1100 4097 1154 sanctis

2499 1177 2766 1234 munibus
2795 1180 3096 1244 inimicum,
3143 1184 3397 1238 concordi
3448 1195 3746 1255 sanctoque
3794 1190 4098 1245 certamine

2518 1269 2845 1324 admenebat
2872 1281 3106 1337 certare,
3135 1283 3193 1327 ut
3224 1290 3411 1329 eorum
3438 1276 3667 1346 quisque
3697 1279 3838 1347 quod
3866 1289 4048 1349 posset
4077 1321 4095 1346 ,

2516 1361 2728 1430 operari
2759 1361 2955 1416 bonum
2979 1377 3084 1416 nou
3112 1363 3414 1429 desisteret,
3459 1382 3523 1420 nc
3552 1374 3676 1420 tunc
3699 1367 3856 1422 vellet
3881 1368 4102 1438 quando

2519 1471 2624 1507 non
2674 1453 2878 1508 liceret.
2937 1454 3048 1508 Illis
3089 1456 3252 1510 etiam
3288 1457 3346 1510 Β.
3396 1457 3546 1512 Pauli
3598 1460 3797 1529 sepius
3833 1460 4101 1516 inferebat

2519 1546 2745 1609 monita,
2785 1547 2876 1614 qui
2910 1547 2962 1599 in
2992 1561 3089 1602 sua
3120 1548 3196 1601 ait
3225 1547 3465 1617 Epistola
3513 1567 3526 1601 :
3581 1548 3775 1605 Pacem
3825 1554 4098 1621 sequimini

2520 1651 2638 1688 rum
2671 1636 2907 1688 omnibus
2939 1646 2986 1688 et
3032 1637 3432 1690 sanctimoniam
3461 1642 3575 1692 sine
3601 1657 3703 1709 qua
3735 1657 3881 1693 nemo
3912 1642 4101 1694 ridebit

2521 1725 2708 1778 Deum.
2743 1722 2910 1778 Vetus
2933 1726 3075 1780 enim
3109 1727 3452 1794 proverbium
3480 1736 3603 1794 est,
3633 1743 3816 1796 parem
3849 1732 3961 1799 pari
4012 1731 4089 1784 fa-

2522 1815 2623 1868 cile
2652 1817 2990 1883 congregari.
3037 1815 3160 1870 Ideo
3204 1827 3496 1886 perpetuus
3533 1818 3866 1887 virginitatis
3915 1833 4103 1876 custos

2524 1904 2722 1958 nullius
2762 1905 3106 1973 turpitudinis
3150 1905 3443 1975 ignominia
3493 1909 3756 1962 maculari
3794 1911 4104 1978 patiebatur

2524 1995 2624 2047 sibi
2657 1995 2916 2049 subditos.
2944 1994 3237 2050 Peccantes
3265 2012 3392 2050 vero
3414 1997 3528 2052 zelo
3552 1999 3622 2068 pii
3652 2001 3856 2053 amoris
3889 2017 4074 2056 coram

2523 2085 2774 2139 munibus
2801 2085 3081 2156 arguebat,
3113 2095 3169 2140 ut
3193 2089 3374 2142 caeteri
3403 2090 3651 2143 timorem
3681 2091 3962 2145 haberent.
3990 2092 4103 2148 Sed

2509 2187 2575 2230 ‘et
2602 2177 2760 2230 verba
2789 2190 2910 2245 quae
2932 2176 3034 2230 sub
3061 2178 3429 2247 increpatione
3459 2178 3788 2250 proferebat,
3818 2183 3974 2250 quasi
4013 2184 4107 2237 sti-

2524 2268 2653 2320 muli
2686 2267 2819 2322 dura
2859 2267 3183 2322 videbantur
3210 2279 3264 2323 et
3290 2270 3681 2340 aspera,juxta
3707 2271 3834 2325 illud
3872 2290 3886 2325 :
3935 2269 4107 2325 Verba

2522 2360 2766 2427 sapientis
2799 2361 2951 2428 quasi
2999 2361 3195 2412 stimuli
3222 2372 3266 2414 ct
3303 2364 3454 2431 quasi
3474 2362 3604 2416 clavi
3638 2364 3690 2417 in
3734 2364 3897 2417 altum
3933 2367 4096 2434 defixi

2526 2444 2720 2516 (Ercle.
2754 2463 2851 2509 xu,
2871 2449 2891 2501 l
2912 2447 2978 2515 l).
2995 2446 3132 2514 Quin
3148 2449 3310 2502 etiam
3337 2460 3562 2518 paterno
3580 2467 3730 2506 more
3753 2467 3891 2522 quos
3911 2468 4108 2522 aspera

2525 2538 2878 2608 redarguebat
2914 2539 3221 2594 invectioue
3248 2581 3266 2603 ,
3317 2541 3514 2594 mirum
3542 2550 3626 2595 est
3648 2542 3852 2596 referre
3877 2583 3892 2606 ,
3937 2560 4102 2612 quam

2525 2637 2731 2693 sancte,
2763 2644 2924 2696 quam
2948 2628 3033 2697 pic
3059 2644 3154 2683 eos
3180 2629 3521 2696 postmodum
3553 2629 3909 2695 demulcebat,
3939 2643 4107 2700 prout

2525 2723 2720 2790 cuique
2749 2720 3002 2789 expedire
3031 2722 3273 2785 videbat,
3307 2721 3589 2790 proferens
3616 2722 3682 2775 de
3707 2725 3961 2778 thesauro
3986 2739 4106 2778 cor-

2525 2814 2606 2869 dis
2633 2814 2712 2868 sui
2741 2829 2876 2867 nova
2911 2824 2964 2866 et
2999 2821 3210 2878 vetera;
3247 2813 3383 2868 alios
3422 2814 3641 2882 quidem
3671 2814 4055 2870 blandimentis
4088 2857 4106 2878 ,

2525 2904 2659 2957 alios
2703 2904 3186 2965 admonitionibus,
3243 2905 3377 2958 alios
3406 2905 3702 2959 terroribus
3739 2918 3790 2960 et
3841 2905 3911 2958 ita
3939 2907 4107 2960 omni-

2524 2997 2625 3050 bus
2654 2997 2835 3049 onltiia
2873 2996 3050 3050 factus
3071 2997 3225 3065 juxta
3257 2997 3568 3066 Apostolum
3603 3037 3618 3061 ,
3648 2998 3947 3066 pr.e.iicans
3978 3013 4100 3052 ver-

2525 3089 2676 3151 bum,
2707 3089 2915 3143 instans
2940 3102 3264 3158 opportune,
3296 3089 3623 3156 importune,
3654 3105 3916 3158 arguens,
3947 3089 4108 3143 obse—

2523 3197 2682 3233 crans
2711 3184 2763 3234 in
2796 3182 2939 3254 omni
2965 3180 3222 3249 patientia
3251 3190 3304 3234 et
3330 3179 3578 3233 doctrina
3611 3178 3694 3248 (ll
3725 3179 3857 3232 Tim.
3891 3196 3941 3234 tv
3961 3222 3976 3242 ,
4018 3181 4101 3248 ‘2).

2523 3271 2719 3322 Verum
2745 3270 2869 3337 quia
2903 3269 3172 3323 charitate
3206 3268 3510 3335 replebatur
3531 3267 3731 3321 Christi
3754 3309 3768 3330 ,
3799 3269 3889 3338 qui
3916 3284 4110 3322 onntes

2521 3361 2766 3413 homines
2799 3359 2913 3412 vult
2960 3358 3136 3413 salvos
3175 3358 3292 3412 fieri
3322 3369 3376 3411 ct
3406 3361 3471 3412 ad
3503 3361 3833 3426 agnitionem
3865 3361 4114 3415 veritatis

2522 3450 2824 3521 pervenire,
2862 3450 3106 3504 omnium
3137 3449 3400 3502 bonormn
3434 3457 3508 3518 ut.
3531 3451 3761 3518 propriis
3789 3449 4099 3517 gratulaba-

2523 3555 2609 3596 tur
2640 3541 3018 3612 provectibus,
3054 3539 3317 3593 malorum
3355 3539 3747 3608 ingemiscebat
3796 3539 4102 3608 iniquitati-

2523 3637 2620 3688 bus
2645 3651 2660 3691 ;
2689 3634 3009 3687 miserormn
3042 3646 3168 3683 vero
3189 3670 3204 3695 ,
3232 3629 3372 3682 haud
3398 3643 3555 3682 secus
3585 3645 3647 3681 ac
3679 3627 3723 3679 si
3757 3627 3868 3696 ipse
3891 3636 4109 3696 patere-

2526 3741 2638 3784 tur.
2672 3723 3007 3778 afﬁciebatur
3034 3721 3461 3775 calamitatilms.

2595 3814 2680 3869 Vl.
2723 3812 2788 3866 lu
2816 3811 3030 3881 palatiis
3069 3826 3225 3879 quant
3256 3820 3407 3861 eunte
3447 3826 3500 3862 se
3527 3809 3698 3862 habet.
3736 3807 3928 3861 Multos
3979 3824 4106 3860 cun—

2523 3908 2666 3960 rertit
2689 3922 2719 3956 ιι
2749 3902 2961 3956 stvculo.
2997 3899 3317 3954 Monttsteria
3349 3899 3618 3966 reformat.
3649 3928 3719 3937 —
3739 3899 4113 3966 Augustorum

2523 4011 2650 4049 vero
2679 4009 2772 4049 seu
2807 4008 2989 4062 regum
3017 3991 3210 4059 palatia
3237 4005 3357 4043 cum
3384 4005 3478 4056 per
3505 3989 3747 4041 diversas
3790 3996 3972 4056 partes
4001 3985 4111 4038 frc-

2522 4093 2747 4153 qnenter
2779 4081 2932 4144 adiit,
2969 4079 3020 4132 in
3047 4080 3126 4131 eis
3158 4095 3261 4131 non
3290 4094 3407 4146 quin
3439 4094 3533 4131 sua
3565 4087 3711 4140 sunt,
3740 4079 3833 4129 sed
3861 4091 3979 4144 quae
4022 4074 4111 4128 Je-

2524 4193 2582 4229 sn
2611 4173 2811 4229 Christi
2858 4171 3138 4241 quzesivit,
3175 4181 3229 4221 ut
3269 4185 3331 4221 ex
3369 4184 3555 4220 corum
3602 4169 3810 4221 scilicet
3847 4166 4102 4218 familiari

2524 4269 2902 4331 eolloeutionc,
2933 4263 3529 4332 subveniretoppressis
3556 4279 3650 4316 sua
3683 4262 4107 4323 interventiozze,

2527 4370 2618 4414 ant
2662 4370 2810 4415 certe
2839 4358 3049 4427 aliquos
3092 4373 3154 4410 cx
3194 4355 3440 4410 sarculari
3494 4355 3575 4408 vel
3622 4354 3860 4409 clericali
3916 4353 4106 4408 habitu

2529 4453 2636 4506 Deo
2671 4449 3032 4510 lucrifaCet'el,
3060 4456 3114 4498 ut
3135 4445 3288 4514 juxta
3313 4446 3522 4498 Domini
3550 4455 3873 4514 praeceptum
3891 4446 4110 4512 propria

2530 4542 2896 4608 relinquerent
2924 4579 2936 4599 ,
2975 4545 3029 4590 et
3072 4535 3425 4590 szecularibus
3453 4536 3600 4589 curis
3628 4534 3818 4588 semoti
3848 4574 3862 4597 ,
3894 4532 4002 4586 Deo
4056 4533 4110 4585 in

2531 4633 2920 4703 tranquillitate
2952 4630 3160 4684 servire
3191 4629 3492 4683 studerent.
3527 4627 3711 4696 Itaque
3740 4627 3861 4681 licet
3909 4628 4112 4696 smpius

2528 4729 2578 4781 iu
2611 4735 2828 4778 terreno
2851 4730 3273 4777 ccttversaretur
3301 4719 3532 4788 palatio,
3572 4720 3786 4773 animus
3821 4728 4000 4771 tamen
4055 4719 4112 4771 in

2527 4817 2671 4872 nullo
2703 4830 2760 4870 se
2782 4813 3075 4867 ﬂectebata
3108 4811 3346 4864 caelestis
3375 4808 3505 4862 vita:-
3523 4807 3819 4879 pr0posito;
3853 4808 4113 4876 quoniam

2530 4905 2780 4961 humanis
2811 4902 3052 4957 cwlestia
3101 4914 3419 4970 prazponens
3445 4940 3458 4962 ,
3511 4899 3632 4953 ideo
3677 4916 3705 4952 a
3749 4898 3956 4953 Ctnlesti
3987 4915 4116 4966 rege

2533 4996 2770 5067 separari
2829 5009 2932 5047 non
2980 5003 3222 5062 poterat,
3256 4990 3340 5044 cui
3387 5000 3495 5043 tota
3543 4998 3721 5043 mente
3779 4989 4113 5043 adhaerebat.

2531 5085 2735 5144 Deinde
2765 5094 2822 5138 ut
2849 5083 3067 5138 obsceni
3100 5081 3337 5134 rumoris
3365 5080 3509 5133 nulla
3539 5080 3604 5134 de
3653 5096 3710 5134 se
3751 5079 3933 5132 fabula
3961 5121 3973 5143 ,
4015 5081 4114 5132 sed

2533 5181 2669 5234 bene
2705 5174 2918 5230 vivendi
2956 5171 3260 5240 exemplum
3312 5185 3377 5226 ex
3428 5187 3522 5223 sua
3571 5171 3885 5240 procederet
3936 5171 4117 5225 couti—

2535 5267 2716 5322 uentia
2739 5306 2752 5328 ,
2793 5266 2845 5317 in
2878 5264 3112 5325 incessu,
3148 5261 3199 5314 in
3223 5260 3370 5314 omni
3397 5260 3640 5327 corporis
3669 5269 3811 5312 motu
3843 5299 3859 5323 ,
3909 5260 4002 5312 tali
4052 5279 4114 5313 se

2535 5358 2870 5432 pcrornabat.
2888 5354 3098 5418 habitu,
3131 5361 3190 5406 ut
3209 5351 3388 5408 omnis
3414 5350 3528 5419 ejus
3559 5353 3724 5415 actio,
3753 5351 3932 5405 oumis
3962 5351 4114 5404 locu-

2535 5455 2612 5509 tio
2634 5452 2881 5509 doctrina
2911 5448 3278 5520 apostolorum
3301 5453 3525 5502 essetet
3551 5445 3838 5500 institutio.
3883 5445 3956 5501 Os
3993 5445 4114 5516 ejus
