4494 5520
419 316 517 371 757

421 443 531 480 uti
571 469 584 491 ,

419 517 660 586 nequitia
711 518 987 573 suadendo
1032 519 1381 572 subtrahebat
1426 538 1438 571 :
1486 528 1539 573 et
1581 520 1719 573 sicut
1772 520 1992 574 cteleste

418 622 514 675 per
559 606 886 661 desiderium
947 609 1077 662 totis
1145 608 1257 678 ipse
1323 608 1528 663 viribus
1574 610 1640 663 ad
1700 624 1990 679 supernum

419 710 644 765 regnum
699 696 1026 762 anhelabat,
1104 698 1178 751 ita
1252 712 1433 751 secum
1508 712 1730 768 pergere
1803 711 1993 752 onmes

417 787 686 850 homines,
715 786 759 841 si
797 786 910 841 fieri
945 797 1143 857 posset,
1188 788 1497 857 exoptabat.
1548 787 1652 842 Sed
1693 786 1994 843 nullatenus

417 885 499 930 Ozl
530 873 807 931 fraudatus
854 890 883 929 a
933 876 1223 941 desiderio,
1275 877 1417 947 quod
1469 878 1521 931 in
1566 892 1623 931 se
1673 887 1995 948 conceperat

416 985 542 1024 vera
584 970 817 1025 dilectio.
851 970 943 1025 llle
975 972 1118 1027 enim
1148 972 1237 1043 qui
1288 973 1524 1027 Charitas
1566 982 1665 1038 est,
1708 974 1888 1041 quise
1930 972 1995 1027 ti-

419 1060 679 1113 mentium
734 1060 968 1130 complet
1011 1061 1360 1125 voluntatem,
1410 1063 1509 1116 viri
1560 1063 1651 1117 Dei
1699 1061 1994 1118 ferventem

417 1149 667 1206 affectum
709 1153 955 1222 perduxit
982 1154 1047 1207 ad
1072 1153 1339 1209 effectum.
1386 1155 1464 1208 Ad
1504 1156 1619 1225 ejus
1650 1157 1843 1227 quippe
1881 1170 1996 1212 mo-

419 1244 529 1298 nita
573 1245 723 1298 multi
765 1261 883 1315 quce
928 1248 1280 1316 possederant
1310 1247 1711 1323 relinquentes,
1763 1250 1994 1318 regulari

418 1350 477 1389 se
502 1335 794 1404 disciplina:
824 1338 1192 1403 subdiderunt,
1216 1349 1271 1393 et
1297 1340 1435 1392 beati
1468 1339 1740 1396 Benedicti
1767 1355 1997 1411 sequen-

419 1436 500 1480 tes
528 1428 769 1499 v-sstigia,
802 1430 1121 1499 semetipsos
1168 1430 1515 1501 abnegantes,
1546 1447 1672 1487 vero
1712 1433 1821 1503 regi
1871 1431 1996 1487 totis

416 1517 622 1571 viribus
655 1518 1040 1575 militaverunt.
1075 1519 1325 1574 Partibus
1372 1536 1605 1591 namque
1652 1536 1718 1575 ex
1770 1522 1996 1575 diversis

416 1611 482 1663 ad
512 1610 627 1677 ejus
658 1612 959 1667 coenobium
1009 1612 1295 1669 multitudo
1331 1614 1589 1670 confluxit
1634 1617 1998 1671 innumerabi-

418 1697 523 1751 lis:
574 1700 665 1753 sed
703 1700 1011 1755 nationibus
1055 1702 1178 1756 licet
1213 1703 1431 1767 diversi,
1480 1713 1656 1758 tuente
1698 1714 1872 1758 tamen
1924 1705 1995 1759 ita

416 1800 571 1843 crant
602 1792 757 1857 uniti,
788 1803 846 1847 ut
876 1793 1002 1846 illud
1031 1794 1095 1848 ad
1124 1794 1356 1849 litteram
1385 1796 1435 1849 in
1482 1795 1562 1849 eis
1602 1794 1879 1865 impletum
1912 1796 1993 1848 vi-
2022 1781 2066 1839 Β

417 1881 651 1943 «teretur,
686 1882 828 1952 quod
867 1882 932 1937 de
963 1883 1113 1937 initio
1148 1884 1421 1938 nascentis
1468 1884 1719 1940 Ecclesiae
1760 1886 1813 1939 in
1861 1900 1987 1954 apo-

418 1971 676 2024 stulorum
732 1971 954 2025 Actibus
1002 1971 1236 2042 legitur:
1277 1972 1409 2028 Erat
1447 1974 1551 2028 illis
1602 1991 1692 2028 cor
1739 1992 1900 2028 unum
1945 1986 1994 2029 et

415 2060 592 2113 anima
635 2078 739 2114 una
792 2060 929 2131 (Act.
982 2079 1054 2127 tv,
1084 2064 1195 2133 3'2).
1240 2063 1545 2120 Lretabatur
1583 2077 1769 2136 pastor
1808 2068 1859 2121 in
1910 2069 1991 2124 sui

417 2151 593 2219 gregis
624 2160 932 2221 augmento,
975 2154 1251 2222 magisque
1295 2154 1578 2225 gaudebat,
1627 2158 1768 2226 quod
1804 2173 1991 2213 omnes

418 2240 687 2295 instabant
716 2243 865 2313 Operi
899 2244 1191 2313 proposito.
1243 2245 1442 2300 Verum
1496 2248 1622 2316 quia
1668 2264 1829 2319 super
1873 2265 1993 2319 gre-

416 2347 537 2401 gem
567 2333 665 2387 sibi
697 2335 1044 2389 commissum
1092 2336 1277 2393 solerti
1330 2338 1570 2408 vigilavit
1617 2356 1767 2404 cura,
1811 2341 1991 2395 divina

417 2424 712 2491 promeruit
749 2426 922 2495 gratia
947 2426 1012 2482 de
1041 2426 1216 2481 fructu
1260 2427 1505 2483 laborum
1537 2446 1757 2485 suorum
1788 2432 1839 2485 in
1892 2433 1993 2487 hac

417 2516 648 2584 gaudere
680 2517 805 2571 vita.
838 2517 971 2571 Nam
1014 2519 1276 2589 regularis
1316 2521 1438 2575 vitae
1476 2523 1835 2591 disciplinam,
1876 2538 1993 2593 qua:

412 2605 523 2673 jam
584 2624 718 2677 pene
776 2609 1051 2663 deciderat
1122 2626 1218 2680 per
1272 2620 1512 2667 veterum
1572 2615 1991 2685 negligentiam,

416 2706 576 2766 prout
628 2696 688 2749 B.
726 2697 1047 2753 Benedictus
1080 2715 1199 2755 eam
1247 2704 1569 2772 composuit,
1622 2704 1674 2758 in
1708 2705 1991 2774 pristinum

416 2797 616 2841 statum
656 2788 981 2857 corrigendo
1018 2791 1272 2853 restituit,
1311 2808 1375 2847 ac
1410 2808 1505 2862 per
1540 2794 1779 2849 diversas
1810 2796 1991 2849 mundi

416 2888 615 2948 partes,
666 2880 916 2949 perplura
946 2883 1272 2937 monasteria
1304 2898 1333 2936 a
1366 2884 1594 2954 regulari
1641 2886 1855 2939 tramite
1897 2885 1991 2940 de-

414 2968 520 3030 via,
557 2976 663 3022 tam
692 2984 785 3039 per
817 2986 894 3035 se,
922 2986 1082 3040 quam
1115 2987 1209 3041 per
1239 2988 1366 3028 suos
1411 2989 1546 3043 quos
1588 2975 1813 3030 abbates
1848 2976 1992 3029 ordi-

415 3068 657 3123 naverat,
689 3061 982 3115 mouastico
1011 3062 1185 3115 ordini
1219 3063 1294 3132 (5)
1331 3064 1586 3117 subdidit.
1636 3065 1691 3118 ln
1735 3065 1837 3120 hoc
1865 3081 1992 3120 vero

1764 318 1937 371 \‘lTA.
1980 350 2046 358 —
2086 320 2211 374 LIB.
2257 322 2316 374 Il.

648 428 768 497 l7);
828 428 945 482 ideo
1010 444 1362 498 quoscunque
1421 439 1674 498 poterat,
1726 445 1754 482 a
1809 429 1987 484 s.'eculi
2018 434 2063 490 Α
2094 448 2236 487 cere.
2284 432 2548 499 Quocirca
2595 434 2920 487 discretione
2976 450 3142 497 usus,
3195 446 3333 489 mter
3384 451 3667 505 ntrumpte

3567 330 3666 385 758

2096 525 2313 578 incessit
2344 526 2573 589 medius,
2605 532 2663 578 ut
2708 541 2807 579 nec
2844 524 3116 592 jactantia-
3147 526 3294 596 argui
3348 529 3516 597 possit
3556 545 3669 598 pre-

2097 616 2247 671 tiosis
2280 617 2344 671 de
2369 618 2629 682 vestibus,
2676 632 2775 671 nec
2820 616 3080 671 sitnulata:
3134 618 3435 672 sanctitatis
3477 619 3539 673 de
3589 620 3671 674 ni-

2096 707 2262 760 mium
2296 705 2519 776 abjectis
2544 716 2597 761 ct
2626 706 2839 763 vilibus.
2870 706 3094 761 Disertis
3134 722 3345 777 quoque
3378 707 3509 762 viris
3537 724 3670 778 quo-

2096 796 2197 849 ties
2232 794 2581 867 jungebatur,
2616 803 2671 850 et
2717 795 2782 850 de
2822 792 3115 865 Scripturis
3168 794 3305 864 (fieri
3345 803 3403 849 ut
3448 794 3668 859 assolet)

2098 883 2296 954 aliquid
2336 883 2756 955 proponebatur,
2806 882 3039 937 libenter
3075 882 3346 950 audiebat,
3381 884 3673 954 prudenter

2095 986 2149 1031 et
2178 977 2475 1032 verecunde
2523 976 2897 1046 respondebat,
2946 975 3173 1031 libenter
3222 990 3284 1030 ac
3330 974 3670 1030 laudabiliter

2097 1066 2438 1137 suscipiebat.
2477 1067 2647 1121 Prava
2678 1081 2807 1121 vero
2834 1066 2877 1121 si
2915 1080 3033 1135 qua:
3066 1066 3526 1135 proponebantur,
3558 1080 3666 1118 non

2098 1156 2314 1219 acriter,
2349 1156 2441 1210 sed
2497 1155 2726 1227 ingenuo
2768 1155 2971 1225 pudore
3000 1154 3392 1219 confutabatur,
3426 1170 3529 1208 non
3562 1153 3672 1209 cal-

2098 1247 2203 1300 lida
2252 1246 2714 1316 argumentatione
2761 1246 3123 1315 disputantem
3172 1253 3359 1299 contra
3406 1260 3463 1299 se
3514 1258 3675 1314 supe-

2101 1338 2302 1402 rando,
2359 1337 2449 1392 sed
2509 1354 2605 1408 per
2655 1337 3041 1391 venerabilium
3099 1338 3375 1389 doctorum
3432 1334 3671 1404 exempla

2100 1432 2328 1503 benigne
2358 1430 2619 1487 docendo.
2660 1428 2810 1484 Tunc
2842 1429 2983 1482 dicta
3015 1427 3438 1481 orthodoxorum
3487 1425 3669 1480 trahe-

2100 1521 2192 1575 bat
2229 1522 2295 1576 ad
2323 1520 2557 1575 medium
2586 1535 2709 1574 cum
2744 1518 3066 1589 cvangelicis
3097 1527 3151 1571 et
3191 1516 3500 1585 apostolicis
3544 1515 3675 1568 toni.

2102 1612 2297 1678 tribus,
2327 1621 2489 1683 atque
2509 1613 2560 1666 in
2594 1612 2737 1666 hunc
2764 1612 2979 1664 modum
3001 1619 3054 1664 et
3080 1608 3479 1664 eruditissimus
3502 1607 3677 1663 decla-

2104 1707 2345 1767 rabatur,
2377 1713 2432 1759 et
2467 1702 3123 1770 eruditionisjactantiam
3159 1701 3345 1770 fugere
3372 1700 3673 1754 videbatur.

2165 1793 2252 1848 ιχ.
2288 1792 2520 1847 Seceuui
2548 1803 2593 1846 et
2624 1790 2867 1859 lucrymis
2893 1789 3269 1843 deditus.—ln
3297 1788 3595 1845 diversorio
3621 1797 3679 1839 ut

2096 1885 2147 1937 iu
2201 1884 2414 1946 itinere,
2448 1896 2544 1952 per
2590 1882 2829 1951 singulos
2875 1882 3010 1946 dies,
3057 1880 3362 1950 ubicunque
3401 1888 3564 1943 esset,
3596 1895 3679 1932 se-

2096 1985 2301 2029 cretum
2377 1974 2477 2027 sibi
2531 1971 2822 2025 adhilebat
2874 1971 3050 2027 locum
3122 1972 3372 2026 maeroris
3417 1969 3676 2031 amicmn,

2097 2079 2153 2123 ut
2226 2076 2465 2123 remotus
2514 2066 2581 2120 ab
2634 2064 2941 2120 hominibus
3010 2066 3119 2119 Deo
3180 2064 3499 2135 iungeretur
3558 2078 3679 2132 pro.

2096 2162 2257 2231 pius;
2312 2157 2407 2213 sed
2473 2157 2650 2211 dicere
2710 2172 2813 2210 non
2888 2171 3169 2225 possumus
3203 2196 3216 2219 ,
3281 2155 3499 2222 quantis
3555 2164 3682 2206 tunc

2094 2251 2379 2323 gemitibus
2413 2290 2426 2313 ,
2489 2248 2705 2318 quantis
2759 2246 3091 2302 adiciebatur
3146 2245 3376 2300 fletibus.
3437 2245 3683 2299 Plerum-

2095 2360 2199 2414 que
2274 2353 2415 2396 terra
2484 2350 2610 2396 ante
2662 2339 2845 2394 oculos
2930 2339 3001 2392 ita
3069 2338 3320 2408 lacrymis
3397 2336 3681 2390 videbatur

2094 2436 2335 2507 irrigata,
2364 2450 2426 2489 ac
2456 2436 2497 2489 si
2532 2433 2670 2488 foret
2698 2432 2837 2487 unda
2870 2432 3104 2503 perfusa.
3139 2431 3193 2485 Si
3227 2446 3345 2501 qua:
3374 2431 3509 2485 levia
3545 2446 3677 2485 con-

2097 2526 2380 2595 tingerent,
2426 2538 2545 2593 qua:
2587 2536 2683 2591 pro
2730 2522 2965 2575 lnunana
3017 2519 3311 2591 fragilitate
3344 2518 3517 2573 Solent
3548 2534 3673 2571 eve.-

2096 2614 2210 2669 nire
2253 2615 2302 2667 in
2349 2613 2698 2683 cogitatione,
2744 2610 2832 2664 tali
2866 2610 2978 2665 lucc
3021 2611 3208 2665 eadem
3259 2609 3504 2680 plorabat
3548 2624 3680 2661 mte-

2099 2722 2239 2771 rore,
2300 2714 2358 2759 ut
2406 2703 2850 2775 gravissimormu
2917 2700 3205 2756 criminum
3254 2715 3376 2755 cum
3434 2698 3682 2754 crederet

2096 2812 2269 2851 reum.
2305 2793 2476 2848 Porro
2520 2793 2642 2864 quia
2680 2791 2862 2861 justus
2906 2792 2959 2847 in
2989 2790 3253 2862 principio
3280 2800 3559 2844 accusator
3598 2799 3682 2844 est

2095 2887 2200 2953 sui,
2237 2888 2349 2956 ipse
2379 2887 2573 2955 saepius
2601 2900 2659 2939 se
2696 2882 3009 2948 accusabat,
3062 2898 3119 2936 se
3150 2898 3298 2935 reum
3330 2896 3449 2936 esse
3479 2880 3679 2935 clama-

2092 2979 2206 3039 bat,
2239 2976 2364 3032 illud
2393 2976 2534 3032 beati
2581 2974 2683 3031 Job
2728 2974 2994 3044 frequenti
3057 2972 3316 3027 memoria
3372 2971 3679 3042 replicans:

2098 3066 2286 3122 Nonne
2314 3068 2573 3138 cognoscit
2627 3064 2769 3120 Deus
2811 3066 2920 3119 vias
2951 3081 3114 3126 meas,
3140 3072 3187 3117 et
3224 3071 3436 3116 cunctos
3477 3078 3685 3132 gressus

415 3150 652 3219 gaudens
684 3152 1059 3221 gratulabatur
1109 3152 1239 3217 Deo,
1285 3154 1425 3223 quod
1474 3170 1657 3209 eorum
1713 3172 1848 3225 quos
1894 3172 1987 3211 sua
2019 3127 2063 3188 Ο
2094 3176 2233 3213 meos
2263 3127 2599 3211 dinumerat?
2631 3154 2753 3224 (Job
2798 3170 2957 3218 xui,
2991 3152 3070 3223 4.)
3119 3152 3175 3206 ln
3214 3152 3404 3206 itinere
3454 3151 3681 3219 positus,

414 3240 515 3294 sub
546 3258 672 3295 cura
702 3242 1048 3307 educaverat,
1078 3245 1143 3298 ad
1182 3247 1537 3300 monasticum
1579 3249 1869 3317 regendum
1904 3265 1990 3302 or-

412 3334 594 3388 dinem
630 3334 742 3389 fore
774 3336 972 3390 multos
1004 3336 1225 3391 idoneos
1260 3338 1497 3392 videbat.

486 3424 597 3478 \‘ll.
670 3425 994 3479 Discretione
1048 3427 1214 3479 utitur
1259 3429 1311 3479 iu
1382 3428 1687 3482 ciba—Si
1751 3430 1985 3497 quidem,

415 3529 468 3570 ut
501 3517 917 3571 discretissimus
957 3529 1129 3588 pater,
1183 3519 1435 3572 omnibus
1486 3535 1606 3588 qua:
1657 3522 1851 3588 agebat
1881 3522 1991 3575 dis-

412 3608 709 3662 cretionem
771 3608 1124 3679 praeferebat,
1187 3619 1239 3663 et
1307 3610 1396 3663 tali
1447 3610 1773 3666 discretione
1845 3628 1992 3667 com-

414 3701 589 3754 munis
643 3700 767 3753 viuc
815 3701 1066 3755 utebatur
1112 3703 1358 3766 rat'one,
1420 3711 1476 3756 ut
1541 3712 1595 3757 et
1653 3704 1994 3759 abstinentia:

414 3805 573 3857 supra
614 3800 840 3845 cgcteros
882 3792 1146 3857 studeret,
1195 3802 1251 3847 et
1288 3807 1352 3847 κ
1400 3794 1588 3848 eadem
1620 3803 1795 3851 tamen
1823 3798 1992 3851 absti-

413 3881 595 3934 nentia
628 3896 686 3935 se
729 3880 979 3936 laudandi
1023 3885 1303 3938 materiem
1348 3885 1544 3939 nemini
1576 3886 1860 3955 praeberet.
1892 3888 1995 3942 Re-

413 3972 581 4039 gulat‘i
610 3972 753 4025 enim
785 3983 1051 4043 prmcepto
1078 3973 1351 4028 concessis
1382 3974 1453 4028 ita
1497 3976 1749 4030 utebatur
1786 3986 1842 4033 et
1882 3978 1996 4033 lici-

416 4062 505 4125 tis,
534 4077 639 4115 nnn
672 4073 729 4115 ut
752 4062 994 4131 voluptas
1030 4063 1288 4128 aleretur,
1322 4064 1415 4119 sed
1441 4074 1497 4118 ut
1529 4068 1772 4135 corporis
1804 4082 1992 4122 neces-

411 4156 547 4207 sitas
573 4153 722 4208 brevi
769 4164 984 4225 sumptu
1013 4154 1268 4209 aleretur.
1319 4156 1561 4225 Apostoli
1616 4159 1997 4229 obtemperans

411 4253 698 4315 praecepto,
735 4245 858 4299 vino
886 4245 1135 4299 utebatur
1173 4245 1404 4311 modico,
1438 4248 1518 4302 sic
1549 4249 1753 4303 sanctis
1782 4258 1833 4304 et
1878 4266 1995 4305 mo—

412 4336 615 4389 deratis
654 4335 874 4405 jejuniis
934 4351 1133 4406 corpus
1193 4352 1407 4408 semper
1465 4340 1865 4403 attennabatur,
1918 4342 1997 4396 sic

2094 3250 2289 3319 saepius
2354 3250 2456 3300 iter
2504 3248 2760 3316 carpebat
2806 3247 2872 3299 ab
2934 3245 3054 3299 aliis
3115 3252 3371 3299 semotus.
3432 3243 3677 3297 Orationi

2096 3340 2220 3392 dum
2244 3334 2544 3398 insistebat,
2569 3332 2889 3387 autlectioni
2921 3331 3046 3385 dum
3073 3331 3437 3397 incumbebat,
3463 3346 3683 3385 suorum

2096 3428 2272 3483 nullus
2328 3441 2451 3480 eum
2496 3424 2712 3495 aggredi
2762 3422 3124 3493 praesumebat
3171 3420 3497 3491 quia,juxta
3558 3421 3685 3475 illud

2094 3518 2238 3574 beati
2289 3514 2412 3581 Job,
2455 3515 2694 3571 Subdilis
2747 3524 2857 3568 erat
2899 3513 3227 3579 tremendus,
3277 3522 3322 3566 et
3372 3512 3465 3566 lux
3512 3514 3685 3566 vultu

2096 3612 2209 3681 ejus
2242 3626 2343 3663 non
2377 3608 2591 3662 cadebat
2632 3609 2686 3662 in
2717 3618 2909 3662 terram
2953 3607 3074 3677 (Job
3118 3623 3263 3665 vax.
3295 3607 3408 3678 24).
3446 3607 3677 3663 Omnem

2097 3701 2449 3756 intentionem
2482 3714 2634 3753 suam
2682 3698 2801 3753 ideo
2832 3696 2946 3750 fure
2990 3697 3204 3751 volebat
3250 3696 3303 3750 in
3354 3697 3587 3761 occulto,
3621 3714 3686 3749 ne

2097 3807 2201 3862 qua
2233 3790 2481 3845 laudandi
2519 3789 2739 3844 daretur
2789 3789 3002 3843 occasio
3028 3803 3091 3842 ex
3126 3803 3229 3857 qua
3272 3788 3469 3843 mentis
3494 3788 3684 3842 subre-

2099 3898 2225 3953 pere
2264 3880 2529 3951 potuisset
2590 3878 2773 3933 elatio.
2824 3876 2929 3932 Sed
2972 3878 3259 3947 quominus
3297 3878 3516 3947 petebat
3568 3878 3679 3946 glo-

2100 3973 2254 4036 riam,
2280 3986 2344 4026 co
2371 3970 2515 4024 tllutn
2550 3969 2721 4039 magis
2763 3966 3111 4038 sequebatur,
3176 3969 3431 4038 quoniam
3465 3977 3524 4021 ιιι
3569 3967 3682 4021 Au-

2101 4061 2349 4132 gustinus
2404 4059 2528 4112 ait:
2565 4078 2583 4108 ι
2634 4057 2820 4112 Melior
2882 4065 2966 4111 est
3027 4055 3222 4122 \irtus,
3275 4072 3395 4126 qua:
3452 4057 3689 4110 hmnano

2101 4150 2408 4207 testimonio
2438 4157 2689 4204 contenta
2720 4164 2824 4201 non
2848 4157 2950 4211 est,
2983 4147 3085 4201 nisi
3116 4147 3463 4202 conscientia:
3490 4162 3619 4202 sua.
3664 4168 3680 4197 ι

2102 4241 2237 4296 Vera
2261 4239 2405 4295 enim
2443 4249 2528 4293 est
2552 4239 2724 4292 virtus
2753 4252 2871 4307 qu-.e
2903 4236 2967 4289 ad
2998 4251 3120 4290 eum
3154 4236 3317 4290 finem
3348 4235 3543 4300 tendit,
3591 4235 3680 4289 ubi

2099 4341 2183 4386 est
2226 4332 2426 4386 bonum
2484 4328 2718 4383 hominis
2770 4342 2877 4396 quo
2933 4327 3127 4381 melior
3173 4342 3280 4381 non
3309 4335 3411 4380 est.
3462 4325 3531 4379 Et
3570 4325 3688 4379 ideo

413 4426 743 4480 adulantium
796 4427 973 4496 lingua
1030 4428 1326 4492 vitabatur,
1381 4428 1457 4482 sic
1495 4440 1675 4483 mente
1728 4432 1991 4499 jactantia
2028 4425 2327 4529 DVirtutes
2357 4421 2576 4477 habenti
2626 4435 2820 4492 magna
2864 4420 3034 4523 virtus
3067 4426 3150 4473 est
3193 4427 3542 4529 contemnere
3575 4416 3687 4487 glo-

411 4516 733 4586 pellebatur.

483 4606 614 4662 Vlll.
667 4608 735 4661 In
780 4611 971 4664 mensis
1016 4610 1173 4664 etiam
1215 4612 1431 4665 divitum
1481 4623 1526 4665 et
1589 4631 1641 4666 ιη
1702 4612 1991 4684 colloquiis.

409 4696 773 4754 -—Nobilium
820 4700 1022 4755 mensis
1081 4701 1293 4771 quoties
1346 4715 1567 4759 coactus
1609 4704 1884 4770 intererat,
1918 4707 1995 4761 sic

410 4788 654 4859 apposita
706 4788 926 4855 libabat,
972 4801 1031 4845 ut
1057 4801 1111 4847 et
1160 4793 1601 4863 superstitionem
1655 4795 1886 4867 fugeret,
1941 4806 1996 4852 et

412 4879 799 4935 continentiam
831 4891 1167 4948 reservaret;
1197 4884 1450 4953 quoniam
1484 4886 1701 4953 quidem
1737 4902 1991 4942 mensura

411 4972 612 5042 ubique
663 4982 749 5028 est
820 4973 1121 5029 laudabilis.
1187 4974 1365 5031 Rebtts
1421 4977 1565 5031 enim
1616 4979 1667 5033 in
1718 4981 1991 5045 omnibus,

409 5062 572 5117 etiam
607 5064 658 5117 in
692 5065 867 5129 bonis,
899 5075 981 5119 est
1008 5066 1195 5120 vitium
1241 5068 1500 5139 quidquid
1544 5072 1842 5125 excesserit
1883 5088 1994 5126 mo-

410 5154 559 5208 dum.
589 5153 664 5209 lta
695 5155 795 5210 sibi
824 5166 1135 5225 competens
1160 5167 1213 5213 et
1240 5162 1548 5214 moderatus
1586 5169 1707 5217 erat
1753 5162 1991 5228 habitus,

409 5253 470 5298 ut
495 5248 591 5300 nec
618 5245 846 5300 nimium
872 5248 1147 5317 speciosus
1186 5258 1278 5302 aut
1303 5252 1524 5315 nitidus,
1557 5268 1660 5309 nec
1699 5253 1990 5324 plurimum

408 5334 685 5391 videretur
714 5334 975 5405 abjectus.
1016 5340 1092 5394 Ex
1151 5339 1232 5394 bis
1278 5343 1418 5397 enim
1471 5344 1675 5411 saepius
1730 5359 1788 5399 se
1818 5345 1993 5401 solent

408 5426 657 5485 homines
684 5427 767 5485 vel
792 5427 1080 5486 insolenter
1115 5428 1337 5499 jactare,
1388 5432 1470 5488 vel
1506 5432 1802 5492 imliscrete
1844 5436 1988 5507 abji-

2103 4517 2273 4582 riam;
2310 4516 2436 4586 quia
2484 4522 2825 4583 contemptus
2864 4511 2981 4580 ejus
3016 4512 3067 4565 in
3112 4519 3406 4581 conspectu
3450 4508 3545 4563 Dei
3581 4521 3682 4574 est,

2093 4607 2297 4678 judicio
2330 4615 2510 4659 autem
2544 4618 2648 4659 non
2694 4602 2935 4673 aperitur
2969 4602 3225 4655 humano.

2170 4698 2237 4752 Χ.
2279 4696 2501 4750 Virtutes
2539 4694 2652 4764 ejus
2682 4704 2804 4763 quot
2848 4704 2893 4747 et
2933 4693 3132 4763 quales.
3164 4692 3473 4745 Animarum
3519 4692 3690 4743 susci-

2097 4792 2247 4845 tatio.
2270 4788 2557 4843 —Diversi
2586 4803 2816 4857 namque
2856 4787 3043 4842 fideles
3074 4786 3175 4839 viri
3203 4785 3431 4841 diversis
3469 4785 3663 4838 laudan

2101 4893 2187 4937 tur
2216 4880 2540 4944 virtutibus;
2590 4878 2783 4934 beatus
2825 4888 3004 4934 tamen
3055 4877 3283 4933 Maiolus
3335 4892 3439 4930 non
3469 4877 3526 4929 iu
3559 4890 3686 4942 una,

2104 4974 2198 5028 sed
2219 4974 2272 5029 in
2297 4971 2549 5029 onmibus
2574 4979 2658 5024 est
2694 4968 3016 5025 laudandus.
3052 4969 3255 5024 Verum
3289 4983 3385 5022 nos
3412 4984 3505 5021 eas
3543 4967 3597 5019 in
3630 4982 3698 5020 co

2105 5053 2324 5121 laudare
2348 5062 2630 5126 debemus,
2657 5077 2792 5131 quas
2825 5070 2935 5115 tota
2962 5060 3113 5117 novit
3140 5060 3318 5123 Italia,
3347 5076 3455 5113 non
3481 5058 3701 5129 ignorat

2106 5157 2420 5220 Germania,
2460 5154 2735 5225 inquibus
2766 5162 2874 5208 tota
2904 5152 3144 5210 exsultat
3167 5153 3343 5209 Gallia
3373 5168 3386 5203 :
3420 5159 3696 5205 restaura-

2103 5251 2304 5308 tionem
2352 5248 2563 5304 scilicet
2606 5248 3005 5314 Ctenobiorum,
3046 5259 3243 5315 pacem
3285 5242 3541 5300 Ecclesiis
3586 5244 3710 5295 red-

2098 5344 2291 5412 ditam,
2331 5356 2518 5410 regum
2548 5346 2603 5392 et
2650 5338 2961 5409 principum
2994 5341 3378 5399 concordiam,
3424 5332 3711 5386 intemera-

2100 5421 2210 5490 tam
2243 5432 2444 5504 regulze
2473 5431 2902 5497 observantiam,
2953 5433 3169 5487 lucrum
3206 5431 3530 5489 animarum,
3579 5439 3722 5492 quas
