4494 5520
811 298 915 356 Ἰξξ)

1913 308 1968 365 S.
2010 309 2240 368 MAIOLI
2279 306 2565 364 ABBATIS
2604 305 2916 361 CLUNIAC.

3971 330 4081 385 760

812 414 893 482 (ut
920 415 1188 483 quondam
1212 416 1399 487 David)
1430 432 1591 472 manu
1634 416 1786 473 fortis
1818 434 1845 473 a
1891 421 2202 477 saevissimis
2239 439 2385 479 urso,-
2412 425 2459 482 Λ
2491 420 2749 478 virtutum
2806 427 3032 495 dapibus
3087 426 3350 498 explevit,
3392 430 3748 490 diversorium
3800 448 4068 507 repetens,

809 518 929 558 rum
958 505 1193 558 brachiis
1220 506 1511 571 abstraxit,
1541 518 1595 561 et
1618 524 1646 561 a
1696 511 1933 565 cruentis
1977 510 2186 565 leonum
2219 510 2385 565 fauci-

810 594 911 648 bus
962 595 1181 663 eripuit,
1234 611 1434 667 easque
1483 598 1707 654 Domino
1756 602 1829 663 ita
1861 603 2118 669 restituit,
2166 612 2223 656 ut
2262 619 2383 658 cum

804 685 950 754 justo
978 688 1093 741 viro
1138 688 1317 743 dicere
1345 701 1564 759 posset:
1610 690 1947 747 Conterebam
1988 695 2151 749 molas
2198 697 2381 766 iniqui,

804 777 943 829 etde
986 778 1224 831 dentibus
1256 778 1399 833 illius
1445 782 1746 849 auferebam
1797 786 2027 853 praedam
2078 786 2197 855 (Job
2230 802 2382 852 xxrx,

807 868 917 937 Π).
953 869 1137 924 Taties
1180 870 1322 924 enim
1359 886 1425 926 ex
1461 874 1651 943 iniqui,
1697 876 1797 929 hoc
1833 886 1917 931 est
1958 877 2178 942 diaboli,
2215 878 2385 931 denti-

805 961 903 1015 bus
941 961 1176 1030 praedam
1202 963 1340 1029 tulit,
1374 966 1585 1034 quoties
1611 981 1675 1020 ex
1703 968 1904 1022 erroris
1934 984 2115 1022 morsu
2148 971 2382 1023 animam

800 1052 1143 1118 praedicando
1173 1054 1413 1123 diripuit.
1445 1056 1489 1108 Α
1526 1057 1706 1111 multis
1746 1058 1941 1128 quippe
1980 1059 2243 1113 daemonia
2289 1075 2385 1113 ex-

802 1143 956 1211 pulit,
990 1160 1126 1214 quos
1155 1147 1471 1216 prteripiens
1497 1148 1729 1212 diabolo,
1758 1148 1958 1204 Christi
1998 1151 2220 1204 servitio
2263 1152 2384 1205 sub-

798 1236 1022 1304 jugavit.
1051 1235 1406 1308 Perpluribus
1442 1254 1656 1309 quoque
1682 1256 1888 1296 veneno
1916 1245 2183 1311 serpentis
2214 1245 2379 1297 tumi-

799 1326 883 1378 dis
912 1341 1007 1395 per
1035 1329 1334 1382 antidotum
1375 1331 1625 1385 subvenit
1672 1347 1781 1387 SlllB
1830 1333 2239 1387 exhortationis.
2299 1334 2381 1387 In-

799 1415 985 1470 Iirmos
1024 1417 1076 1470 in
1106 1418 1245 1472 bono
1271 1434 1436 1488 Opere
1459 1435 1555 1491 per
1587 1437 1779 1476 manus
1824 1422 2218 1492 impositionem
2257 1440 2380 1493 per-

800 1509 981 1578 plures
1017 1511 1248 1574 sanavit,
1284 1511 1409 1564 dum
1459 1527 1570 1567 sua:
1612 1513 1941 1581 operationis
1984 1514 2229 1583 exemplo
2262 1513 2379 1567 illo-

796 1614 917 1651 rum
946 1601 1111 1653 vitam
1139 1601 1431 1655 roboravit.
1482 1602 1756 1672 Leguntur
1800 1603 2016 1673 plurimi
2052 1604 2201 1657 mirae
2250 1619 2376 1658 san—

795 1692 999 1745 ctitatis
1040 1692 1175 1756 viri,
1214 1694 1304 1762 qui
1351 1696 1463 1748 suis
1502 1694 1851 1748 obtinuerunt
1897 1696 2149 1763 precibus
2203 1705 2261 1748 ut
2309 1696 2374 1748 ad

2488 513 2729 567 occurrit
2754 516 2997 570 mendica
3032 532 3245 583 manus,
3278 520 3585 590 stipemque
3632 524 3865 592 petebat,
3911 527 4071 583 docta

2487 612 2539 656 et
2565 602 2832 658 sulliciens
2861 604 3035 660 aliena
3068 609 3252 663 vivere
3298 612 3519 679 quadra.
3552 612 3694 668 Inter
3721 630 3853 683 quos
3876 632 4071 672 oecur-

2489 694 2557 745 rit
2586 710 2743 757 unus,
2768 697 2858 764 qui
2892 696 3088 752 multos
3110 697 3223 766 jam
3270 716 3367 769 per
3415 716 3586 757 annos
3629 703 3836 762 lumine
3894 710 4074 764 fuerat

2486 784 2749 853 privatus,
2776 786 2902 839 dum
2950 788 3128 842 exteri
3175 804 3492 858 corporeum
3546 792 3908 860 sublevamen,
3957 799 4074 867 ipse

2486 871 2629 925 solus
2654 874 2870 941 petebat
2897 874 3076 931 lumen
3110 894 3122 930 :
3156 878 3523 947 apostolorum
3560 897 3590 934 a
3620 884 3861 954 principe
3917 890 4070 942 scili-

2487 970 2572 1014 cet
2604 961 2703 1014 sibi
2753 962 3055 1018 testabatur
3086 968 3381 1021 revelatum
3415 969 3610 1034 fuisse,
3636 981 3693 1025 ut
3724 974 3768 1027 si
3816 990 3878 1029 ex
3929 979 4070 1033 unda

2485 1065 2587 1118 qua
2620 1051 2701 1103 vir
2730 1052 2821 1107 Dei
2853 1070 3044 1109 niauus
3075 1056 3352 1121 ablueret,
3389 1060 3573 1114 oculos
3613 1062 3839 1129 lavalret,
3882 1070 4073 1137 expul-

2483 1140 2558 1194 sis
2599 1142 2833 1196 tenebris
2861 1144 3136 1198 oculorum
3170 1145 3352 1201 lumen
3383 1149 3496 1218 ipse
3522 1165 3881 1223 recuperaret.
3908 1155 4065 1210 Cum-

2483 1244 2586 1296 que
2622 1229 2690 1283 ab
2718 1232 2905 1286 eodem
2956 1248 3144 1302 aspera
3177 1234 3365 1290 fuisset
3394 1239 3758 1309 increpatione
3791 1246 4033 1313 repulsus
4056 1289 4070 1311 ,

2485 1329 2737 1388 expetere
2765 1322 2815 1374 id
2855 1332 3032 1376 tamen
3063 1340 3165 1378 non
3191 1326 3402 1380 destitit
3443 1343 3472 1381 a
3522 1330 3622 1383 sibi
3664 1331 4068 1390 famulantibus.

2484 1410 2597 1465 lloe
2619 1413 2761 1466 idem
2786 1424 3065 1482 comperto
3088 1416 3165 1469 eis
3190 1417 3470 1475 interdixit
3489 1420 3588 1473 sub
3614 1422 4068 1491 interminatione,

2485 1500 2587 1554 hoc
2636 1501 2817 1556 facere
2860 1514 3114 1557 caverent
3146 1507 3432 1559 temeraria
3464 1511 3915 1577 praesumptione;
3976 1516 4073 1567 sed

2482 1591 2684 1646 lumine
2725 1594 2815 1661 qui
2871 1595 3088 1647 carebat
3133 1598 3318 1649 eadem
3365 1598 3490 1665 quin
3536 1608 3741 1666 peteret
3794 1603 4072 1670 quiescere

2482 1681 2774 1733 nesciebat.
2805 1682 3043 1751 Denique
3075 1700 3169 1736 sua
3200 1686 3392 1753 szepius
3442 1687 3734 1743 frustratus
3781 1693 4069 1759 petitione,

796 1796 1023 1853 corpora
1061 1785 1112 1837 hi
1146 1786 1236 1855 qui
1268 1785 1395 1839 olim
1429 1785 1708 1856 suppliciis
1754 1786 1995 1854 deputati
2034 1795 2190 1839 Nam
2214 1785 2375 1837 inter-
2410 1772 2449 1827 Il
2480 1785 2598 1823 cum
2627 1771 2767 1839 quod
2793 1773 3065 1840 quierebat
3089 1776 3138 1826 in
3167 1775 3383 1830 civitate
3407 1793 3510 1830 non
3546 1790 3725 1848 posset
3752 1783 4066 1850 impetrare,

795 1873 1007 1927 nalibus
1039 1875 1280 1929 redirent
1307 1895 1318 1929 :
1354 1878 1447 1930 sed
1479 1877 1521 1930 si
1551 1877 1652 1929 iroc
1701 1883 1784 1928 est
1821 1873 2087 1938 mirabile,
2119 1889 2238 1927 cum
2269 1874 2384 1926 ani-

798 1979 883 2015 ma
915 1978 1011 2033 per
1039 1964 1447 2019 dissolutionem
1500 1966 1567 2017 ad
1618 1966 1756 2018 hanc
1805 1964 1971 2018 vitam
2029 1966 2384 2019 resuscitatnr

804 2053 1233 2121 corruptibilem,
1293 2054 1421 2107 illud
1472 2064 1553 2108 est
1612 2055 1913 2109 mirabilius
1970 2064 2023 2109 et
2074 2055 2381 2121 gloriosius,

795 2158 917 2195 cum
962 2142 1027 2195 ad
1059 2160 1215 2197 suum
1260 2155 1547 2198 revocatur
1594 2156 1895 2210 auctorem,
1935 2145 2160 2215 ejusque
2196 2162 2224 2199 a
2277 2162 2383 2214 quo

792 2234 1137 2288 alicnabatur
1196 2252 1449 2305 perverse
1495 2238 1726 2305 agendo,
1787 2239 1857 2291 ita
1912 2247 2099 2308 postea
2147 2247 2205 2291 ut
2246 2253 2382 2291 unus

791 2340 914 2377 eum
951 2340 1015 2378 eo
1042 2326 1114 2381 sit
1139 2326 1381 2395 spiritus,
1415 2329 1650 2382 adhaeret
1700 2328 1838 2382 bene
1888 2330 2138 2383 vivendo.
2186 2330 2380 2383 Multos

794 2416 937 2468 enim
981 2425 1223 2470 mortuos
1275 2428 1474 2483 mente,
1526 2419 1716 2473 beatus
1760 2419 2105 2473 resuscitavit
2156 2419 2380 2477 Maiolus

791 2506 855 2559 ad
898 2507 1093 2583 gaudia
1140 2515 1355 2561 teterme
1396 2509 1540 2573 vitaz,
1575 2518 1630 2562 et
1675 2510 1986 2564 submersos
2032 2511 2082 2563 in
2122 2510 2379 2566 fluctibus

794 2598 973 2668 magni
1023 2599 1189 2651 maris
1242 2600 1449 2653 retibus
1501 2615 1610 2654 suze
1662 2601 2060 2669 praedicationis
2111 2602 2177 2655 ad
2230 2602 2378 2656 littus

790 2688 955 2741 traxit
999 2688 1167 2743 lirmre
1198 2689 1503 2744 soliditatis.
1549 2690 1883 2743 Illortuorum
1916 2706 2043 2760 ergo
2093 2694 2376 2746 suscitato-

791 2778 1273 2842 rilmsnullatenus
1305 2779 1528 2834 inferior
1558 2782 1747 2835 beatus
1772 2781 2082 2835 decernitur
2118 2782 2372 2847 Maiolus;

791 2870 883 2923 sed
915 2872 1094 2939 sagaci
1126 2881 1305 2925 mente
1336 2872 1377 2926 si
1404 2873 1524 2942 quis
1552 2873 1663 2925 vult
1692 2873 1965 2943 indagare,
1994 2874 2115 2942 quis
2139 2889 2374 2943 unquam

790 2959 928 3013 valet
962 2976 1222 3014 enararre
1248 2970 1378 3031 quot
1417 2964 1468 3015 in
1502 2964 1737 3016 tenebris
1778 2973 1830 3015 et
1871 2964 2056 3015 umbra
2082 2964 2270 3016 mortis
2298 2980 2374 3018 se-

785 3051 1037 3103 dentibus
1062 3052 1203 3104 viam
1232 3062 1433 3105 rectam
1484 3055 1738 3117 ostendit,
1768 3064 1821 3107 et
1858 3056 1922 3107 ad
1960 3055 2233 3109 civitatem
2279 3057 2373 3108 ha-

2488 1862 2658 1913 virum
2704 1862 2794 1915 Dei
2836 1878 2945 1917 sua:
2975 1866 3299 1934 egressionis
3339 1867 3390 1920 in
3442 1868 3635 1925 itinere
3684 1886 3779 1925 sua
3832 1873 4071 1926 tentabat

2487 1952 2832 2020 improbitate
2872 1954 3149 2020 lacessire,
3182 1956 3252 2009 illi
3302 1973 3397 2026 per
3441 1961 3619 2014 omnia
3668 1962 3857 2016 similis
3890 1964 3940 2016 in
3976 1979 4071 2032 pe-

2486 2044 2663 2107 tendo,
2692 2043 2756 2097 de
2778 2059 2884 2112 quo
2912 2045 3168 2100 Dominus
3195 2047 3271 2100 ait
3308 2047 3359 2100 in
3414 2049 3703 2118 Evangelio
3739 2070 3749 2103 :
3792 2049 3856 2104 Et
3890 2051 3977 2105 ille
4022 2053 4070 2105 si

2482 2139 2881 2201 perseveraverit
2910 2138 3146 2206 pulsans,
3173 2141 3287 2192 dico
3318 2141 3459 2194 vobis
3480 2182 3493 2207 ,
3526 2145 3619 2196 etsi
3652 2159 3755 2197 non
3788 2146 3932 2196 dabit
3986 2145 4066 2196 illi

2481 2244 2721 2297 surgens,
2748 2246 2807 2281 eo
2835 2231 2972 2298 quod
3000 2234 3201 2285 amicus
3236 2233 3348 2300 ejus
3391 2236 3477 2298 sit,
3521 2246 3728 2303 propter
3762 2236 4069 2304 improbita-

2483 2327 2579 2369 tem
2609 2330 2781 2372 tamen
2814 2320 2925 2388 ejus
2952 2332 3125 2390 surget
3157 2332 3203 2375 et
3235 2324 3377 2376 dabit
3407 2324 3485 2377 illi
3521 2336 3767 2393 quotquot
3796 2327 3945 2380 habet
3976 2343 4070 2379 ue-

2481 2410 2750 2460 eessarios.
2783 2408 2836 2460 In
2873 2409 3069 2473 locum,
3102 2413 3191 2478 qui
3224 2412 3376 2467 Mons
3416 2415 3593 2482 gaudii
3636 2426 3891 2478 vocatur,
3924 2416 4069 2484 quod

2482 2497 2605 2551 hinc
2641 2497 2838 2551 Christi
2874 2502 3031 2552 matri
3061 2502 3303 2556 ecclesite
3340 2513 3569 2568 spectat,
3613 2515 3739 2559 tunc
3771 2508 3939 2560 virum
3972 2508 4068 2561 Dei

2480 2590 2753 2657 przecessit
2779 2588 2894 2656 ejus
2922 2592 3173 2659 operiens
3194 2594 3507 2659 adventum,
3531 2604 3585 2649 et
3622 2611 3817 2665 equum
3847 2600 4069 2653 venien-

2481 2680 2546 2731 tis
2592 2694 2688 2746 per
2739 2678 2946 2733 frcmun
2992 2684 3256 2751 arripiens
3316 2686 3697 2755 tenuit,atque
3736 2703 3858 2741 eum
3910 2690 4063 2758 jura-

2480 2777 2665 2821 nicnto
2696 2769 2877 2822 dixit:
2922 2769 3075 2825 llunc
3122 2788 3319 2841 eQuuin
3370 2792 3474 2828 non
3528 2776 3820 2841 dimittam,
3852 2780 4065 2832 etiamsi

2478 2858 2817 2925 vapulavero,
2850 2861 2948 2913 nisi
2984 2863 3131 2928 prius
3180 2865 3321 2931 quod
3375 2866 3638 2933 deprecor
3682 2867 4062 2936 impetravero.

2478 2950 2684 3013 Aquam
2712 2964 2947 3018 qunque,
2982 2969 3046 3005 ne
3089 2954 3284 3006 exinde
3333 2955 3511 3023 aliqua
3552 2958 3841 3011 excusandi
3888 2959 4065 3012 subri-

2478 3056 2693 3113 peretur
2722 3048 2953 3109 occasio,
2977 3063 3157 3100 secum
3195 3049 3280 3101 ille
3322 3049 3597 3103 deferebat
3624 3051 3672 3103 in
3704 3050 3916 3104 vasculo
3962 3054 4064 3105 sibi

786 3141 1081 3203 bitatioais,
1126 3141 1399 3195 caelestem
1454 3143 1661 3197 scilicet
1724 3144 2041 3209 Jerusalem,
2103 3154 2160 3197 ut
2212 3146 2370 3210 irent,
2401 3128 2445 3187 (ἶ
2481 3150 2560 3201 νη·

2294 3155 2370 3210 nl,
2401 3128 2445 3187 C
2481 3134 2744 3201 pandente
2774 3150 2800 3186 a
2830 3135 2989 3188 collo.
3021 3137 3169 3189 Tunc
3198 3138 3275 3189 vir
3304 3138 3394 3191 Dei
3434 3140 3483 3191 in
3517 3139 3678 3192 multa
3703 3140 4065 3195 sollicitudine

787 3232 1036 3296 edocuit;
1067 3235 1156 3301 qui
1194 3234 1242 3285 in
1290 3235 1430 3285 bono
1473 3234 1852 3286 claudicabunt
1882 3248 2066 3302 opere,
2120 3235 2238 3287 illos
2283 3253 2370 3288 sa-

788 3325 964 3376 lutare
995 3322 1095 3375 iter
1122 3323 1305 3376 docuit
1334 3337 1573 3377 currere.
1618 3321 1811 3374 Verum
1849 3334 1971 3376 sunt
2018 3324 2255 3376 nonnulli
2281 3326 2368 3393 qui

787 3430 880 3468 eos
937 3424 1142 3468 tantmn
1198 3414 1464 3478 cllcrunt,
1514 3430 1651 3483 quos
1710 3417 1859 3485 signa
1911 3416 2103 3470 fecisse
2143 3418 2371 3469 visibilia

783 3507 1039 3569 audiuul;
1082 3518 1395 3575 operatores
1423 3523 1550 3562 vero
1586 3508 1931 3561 iuvisibilium
1987 3523 2104 3576 qua:
2150 3522 2370 3577 perpen-

790 3600 917 3653 dere
971 3602 1255 3663 uesciunt,
1322 3601 1547 3654 minoris
1612 3600 1727 3654 fore
1789 3601 1967 3654 meriti
2020 3602 2369 3654 contendunt.

778 3690 1044 3757 Quocirca
1101 3690 1372 3744 exteriora
1432 3691 1789 3759 perpetranda
1842 3691 2059 3742 beatum
2118 3689 2365 3743 Maiolmn

779 3794 836 3836 ut
882 3794 1183 3852 compotem
1242 3784 1407 3838 fuisse
1452 3795 1837 3843 monstremus,
1889 3799 2060 3852 pauca
2095 3785 2157 3836 de
2187 3784 2368 3837 multis

780 3888 901 3940 qua}
932 3872 1257 3938 mirabiliter
1280 3873 1447 3941 gessit
1472 3872 1736 3927 dicemus.

848 3959 935 4013 XI.
969 3961 1030 4012 Β.
1065 3959 1293 4013 Mariam
1323 3962 1493 4015 Anicii
1520 3963 1653 4015 adit.
1683 3994 1751 4002 —
1780 3962 2021 4029 Quodam
2049 3971 2287 4033 tempore
2310 3969 2367 4015 ut

776 4051 1003 4119 supplici
1032 4053 1319 4104 devotione
1354 4054 1739 4109 misericordia:
1762 4055 2075 4123 deposceret
2111 4065 2363 4118 matrem,

776 4142 874 4196 Dei
940 4143 1150 4196 scilicet
1204 4145 1561 4209 Ceiiitrieem,
1613 4146 1824 4216 aggredi
1868 4146 2076 4199 studuit
2116 4129 2362 4199 Vallavo-

782 4247 897 4285 rum
960 4232 1260 4291 civitatem.
1319 4234 1456 4287 Tota
1513 4245 1640 4289 tunc
1681 4231 1873 4290 cii‘itas
1923 4221 2197 4305 tripudiat,
2247 4240 2363 4309 ejus

782 4323 990 4377 visione
1034 4334 1263 4393 uterque
1315 4340 1482 4380 sexus
1536 4326 1827 4381 indiscreta
1885 4340 2017 4384 :etas
2071 4330 2357 4400 gaudebat.

773 4415 973 4469 Omnes
996 4424 1183 4486 petunt
1214 4415 1669 4481 benedictionem,
1714 4416 1903 4471 audire
1948 4427 2207 4487 exoptant
2241 4421 2357 4489 ejus

2476 3227 2821 3289 constitutus,
2867 3229 3081 3280 tandem
3121 3228 3355 3281 flectitur
3382 3233 3447 3282 ad
3500 3232 3921 3285 miscricordiam
3970 3250 4062 3302 pe-

2476 3318 2637 3369 tentis
2664 3318 2862 3385 pietate
2887 3334 3219 3387 compassus.
3251 3322 3596 3378 Descendens
3640 3325 3839 3394 itaque,
3868 3342 4062 3394 aquam

2472 3422 2621 3460 more
2660 3407 3029 3462 ecclesiastico
3077 3412 3510 3474 exorcisavit,ae
3550 3413 3647 3480 ipsi
3696 3414 3932 3467 salutare
3984 3416 4061 3466 si-

2471 3513 2630 3565 gnum
2679 3498 2968 3551 Dominicze
2997 3500 3173 3553 crucis
3208 3500 3501 3565 infudit,.et
3529 3518 3689 3572 super
3714 3505 3838 3557 czeci
3867 3504 4057 3558 oculos

2449 3588 2655 3641 eadem
2691 3588 2757 3642 de
2789 3604 2927 3660 aqua
2976 3590 3211 3645 salutare
3256 3593 3467 3661 signum
3521 3595 3794 3663 imposuit,
3841 3597 3905 3649 de
3961 3613 4061 3651 sua

2470 3677 2599 3728 nihil
2630 3678 2827 3731 virtute
2855 3695 3208 3747 praesumens,
3235 3696 3333 3735 nec
3363 3692 3541 3737 tamen
3570 3684 3621 3736 in
3650 3684 3751 3741 fide
3784 3686 4059 3752 lnesitans,

2471 3770 2593 3820 dum
2628 3783 2770 3831 cum,
2797 3772 2950 3839 cujus
2975 3786 3166 3823 nomen
3197 3788 3360 3840 super
3390 3788 3584 3842 aquam
3617 3777 3847 3840 vocavit,
3890 3786 3942 3830 et
3992 3794 4062 3832 cx

2470 3859 2568 3912 hac
2625 3860 2861 3913 salutare
2914 3862 3113 3928 lignum
3161 3862 3310 3925 lavit,
3345 3864 3522 3917 lumen
3575 3880 3733 3934 posse
3768 3882 3912 3920 cmco
3940 3854 4065 3921 red-

2469 3951 2593 4003 dere
2625 3950 2926 4027 nullatenus
2957 3952 3241 4005 dubitavit.
3290 3954 3353 4006 Et
3380 3956 3504 4022 quia
3535 3955 3638 4009 bne
3669 3955 3900 4009 fideliter
3933 3974 4057 4011 cre-

2467 4042 2616 4101 didit,
2655 4041 2845 4094 cffectii
2890 4058 2997 4094 suae
3043 4041 3163 4094 fidei
3200 4043 3421 4097 minime
3468 4045 3663 4097 caruit.
3722 4044 3853 4097 Nam
3906 4044 4063 4099 flexis

2468 4133 2661 4185 dehinc
2694 4134 2743 4185 in
2772 4142 2969 4185 terram
3004 4134 3232 4201 genibus
3258 4149 3381 4187 cum
3429 4135 3513 4188 his
3558 4136 3649 4203 qui
3698 4151 3880 4189 secum
3932 4146 4059 4191 tunc

2468 4223 2691 4275 aderant
2737 4221 2993 4276 fratribus
3027 4223 3250 4276 Matrem
3300 4225 3691 4279 misericordia:
3731 4226 3862 4279 fusis
3893 4228 4060 4292 Cll‘plt

2467 4312 2721 4382 laerymis
2748 4311 3040 4379 postulare.
3069 4312 3196 4366 Mira
3224 4316 3337 4367 res!
3378 4314 3466 4367 ille
3494 4317 3582 4381 qui
3607 4317 3848 4383 privatus
3881 4313 4058 4370 fuerat

2466 4404 2685 4471 jumine,
2707 4412 2994 4472 antequam
3025 4406 3105 4457 vir
3132 4405 3223 4457 Dei
3252 4416 3496 4475 surgeret
3518 4407 3585 4459 ab
3618 4408 3880 4471 oratione,
3899 4417 4055 4461 tene-

772 4518 1014 4562 sanetam
1048 4508 1582 4573 sermocinationem,
1615 4520 1906 4563 occurrunt
1934 4526 2202 4580 proceres,
2233 4529 2359 4582 pro-2
2386 4470 2436 4529 Β
2467 4497 2543 4549 bri

2386 4470 2436 4529 D
2467 4470 2575 4549 bris
2622 4470 2896 4549 evacuatis
2946 4496 3123 4551 lumen
3150 4498 3225 4567 (.i)
3278 4498 3479 4566 recepit
3517 4499 3793 4561 veritatis;
3854 4499 4056 4569 quique

769 4607 925 4669 perat
977 4597 1283 4666 promiscua
1329 4597 1496 4665 plebs,
1542 4608 1654 4653 tum
1697 4614 1852 4653 sacer
1901 4600 2161 4669 ecclesia):
2188 4601 2357 4655 denso

772 4688 880 4740 ruit
910 4688 1127 4757 agmine
1169 4686 1366 4741 clerus.
1422 4687 1695 4741 Laudibus
1739 4688 1790 4740 hi
1823 4688 2099 4756 plaudunt,
2148 4690 2358 4757 persul-

772 4784 889 4829 tant
929 4775 1206 4845 plausibus
1252 4776 1358 4839 illi,
1416 4786 1471 4830 et
1520 4791 1805 4830 comnmnc
1847 4763 2017 4831 ddecus
2047 4778 2199 4846 parili
2248 4779 2359 4847 pie-

769 4876 880 4920 tate
971 4867 1230 4921 saIutant.
1301 4868 1437 4921 Exin
1498 4868 1757 4922 multillua
1833 4872 2128 4925 comitante
2204 4875 2356 4927 turba

772 4960 878 5013 iter
914 4959 1099 5029 dirigit
1120 4958 1184 5011 ad
1209 4968 1451 5013 sanctam
1475 4960 1782 5023 ecclesiam,
1808 4962 2088 5025 sternitur,
2124 4971 2177 5016 et
2204 4963 2359 5017 Chri-

768 5061 915 5104 stum
944 5050 1102 5104 solito
1129 5058 1430 5119 prostratus
1457 5050 1666 5113 adorat,
1703 5050 1841 5122 rigat
1881 5051 2135 5121 laerymis
2162 5053 2355 5117 solum,

766 5149 926 5198 vocat
949 5139 1255 5209 planctibus
1278 5140 1576 5206 Christum,
1607 5141 1693 5195 cui
1726 5141 1979 5212 lacrymze
2017 5142 2189 5197 fecere
2220 5145 2356 5197 viam

766 5247 933 5303 super
967 5242 1111 5286 astra
1138 5233 1362 5288 volanti.

838 5321 950 5377 XII.
1005 5322 1562 5381 Cmcusilluminatus.
1592 5355 1660 5365 -—
1701 5325 1991 5396 Postquam
2027 5326 2207 5398 itaque
2244 5328 2357 5397 spiv

764 5412 907 5468 ritali
946 5414 1213 5468 suavitate
1241 5415 1290 5467 in
1322 5413 1538 5469 Christo
1561 5413 1838 5469 debriatus
1860 5415 2268 5483 jucundissimis
2300 5433 2358 5471 se

2466 4603 2707 4657 gressum
2734 4590 2896 4658 figere
2947 4589 3149 4644 solebat
3184 4590 3446 4660 dirigentc
3482 4591 3673 4656 altera,
3702 4592 3853 4645 laetus
3895 4593 4055 4645 rediit

2468 4682 2531 4749 ad
2561 4697 2655 4735 sua
2696 4682 2841 4738 nullo
2869 4684 3062 4738 ductus
3095 4685 3313 4740 auxilio.
3348 4686 3511 4754 Cujus
3542 4702 3726 4742 vocem
3760 4703 3789 4740 a
3818 4687 4056 4741 clamore

2467 4773 2546 4825 vir
2586 4773 2793 4827 Domini
2843 4789 3216 4844 compescens,
3271 4777 3373 4830 hoc
3421 4780 3473 4831 in
3518 4779 3786 4832 mandatis
3835 4778 3983 4832 dedit
4038 4798 4051 4831 :

2468 4863 2635 4927 Vade,
2664 4864 2857 4931 inquit,
2883 4864 2933 4918 in
2966 4880 3095 4933 pace
3121 4865 3541 4934 domum-tuam,
3569 4878 3624 4921 et
3654 4884 3815 4922 narra
3846 4880 4053 4937 quanta

2467 4954 2560 5007 tibi
2594 4952 2783 5008 fecerit
2808 4954 2978 5009 virtus
3004 4956 3061 5008 Β.
3096 4955 3277 5010 Mariae
3315 4958 3558 5027 virginis.
3586 4958 3699 5013 Hoc
3724 4959 4049 5014 miraculum:

2462 5059 2567 5096 non
2592 5043 2805 5098 aliunde
2833 5048 3289 5111 commendatum,
3314 5063 3499 5102 verum
3523 5064 3587 5103 ex
3620 5065 3804 5103 eorum
3831 5049 3918 5119 qui
3961 5049 4050 5103 in-

2464 5136 2761 5191 Ict'fuerunt
2792 5139 3002 5193 sincera
3041 5140 3299 5195 relatione
3330 5141 3589 5195 insertum
3628 5151 3730 5196 est.

2531 5228 2664 5282 XIII.
2698 5228 2829 5282 Item
2855 5230 3009 5283 alius.
3041 5261 3111 5270 —
3140 5231 3297 5285 Aliud
3327 5248 3541 5302 quoque
3591 5233 3733 5287 baud
3782 5232 4045 5301 dissimile

2461 5322 2675 5376 virtutis
2722 5322 2973 5377 indicium
3026 5338 3123 5392 per
3173 5324 3418 5378 emndem
3471 5325 3715 5379 novimus
3758 5333 4042 5393 operatum

2460 5417 2704 5485 Opilicem
2736 5416 2972 5469 omnium
3009 5416 3312 5471 Dominum.
3338 5418 3392 5471 In
3420 5416 3706 5474 Viennensi
3737 5432 4045 5488 pago,qua-
