4494 5520
810 423 912 480 763

1916 422 1973 474 S.
2017 418 2245 474 MAIOLI
2284 416 2573 474 ABBA'I'IS
2608 419 2924 477 CLUNIAC.

3961 423 4058 481 7“

878 537 1041 592 XVIII
1066 535 1257 591 Nudus
1283 538 1512 590 restitas.
1533 567 1602 576 —
1622 537 1740 591 Alio
1763 518 1978 606 quoque
2005 544 2246 605 tempore
2266 550 2387 588 cum
2419 538 2464 593 Α
2495 536 2701 589 alterno
2739 537 2857 591 fidei
2899 538 3039 591 bono
3080 537 3445 595 salvabuntur.
3496 538 3660 589 multo
3706 536 3875 606 magis
3916 538 3966 590 hi
4009 538 4058 591 in

812 630 912 683 iter
944 638 1223 698 carperet,
1269 642 1472 697 pauper
1510 628 1563 681 in
1604 627 1797 682 itinere
1843 636 1926 682 est
1972 637 2218 697 repertus
2254 628 2389 696 pede

810 720 1004 783 nudus,
1047 719 1260 774 cucullo
1302 733 1522 773 vacuus.
1582 718 1756 788 Super
1804 733 1964 787 quem
2015 718 2390 773 misericordia

807 811 893 863 vir
926 809 1018 863 Dei
1063 819 1240 863 motus
1268 825 1391 864 eum
1423 809 1599 864 induit
1627 818 1776 864 veste
1808 825 1914 879 qua
1945 811 2229 879 tegebatur
2255 824 2388 863 exu-

809 909 914 953 tus.
968 898 1048 953 Ad
1085 899 1375 970 hospitium
1406 915 1513 969 quo
1543 901 1796 955 tendebat
1826 909 1885 954 ut
1912 902 2096 965 venit,
2150 901 2390 970 ejusdem

810 991 1218 1059 compositionis
1243 999 1298 1045 et
1318 990 1687 1046 similitudinis
1714 992 1815 1046 sibi
1847 991 2123 1047 meliorem
2154 990 2390 1059 ejusdem

809 1082 1047 1137 civitatis
1075 1082 1362 1151 episcopus
1392 1083 1607 1138 obtulit.
1662 1083 1811 1139 lianc
1842 1086 1924 1138 vir
1952 1085 2297 1140 beatissimus
2335 1094 2394 1139 ut

2490 625 2705 681 Christo
2736 626 2964 695 c0pulati
2985 667 2999 690 ,
3038 627 3128 695 qui
3167 634 3296 681 sunt
3329 641 3425 695 per
3453 625 3609 679 fidem
3642 625 3906 693 justitiam
3936 640 4061 696 epe-

2496 719 2629 782 rati,
2678 719 2845 787 ipsius
2890 718 3195 772 testimonio
3234 716 3682 787 repromissiones
3710 731 3846 786 quas
3878 732 4063 786 repro-

2494 811 2642 865 misit
2665 811 2756 880 qui
2786 826 2892 865 non
2916 810 3173 865 mentitur
3195 811 3356 871 Deus,
3381 818 3506 863 sunt
3531 809 3647 863 sine
3672 809 3836 863 dubio
3865 808 4060 877 adepti.

2491 902 2663 955 Ambo
2700 902 2844 956 enim
2879 900 3151 971 Evangelii
3182 901 3474 963 auditores,
3517 908 3571 954 et
3606 900 3731 968 quia
3766 899 4063 961 auditores,

2494 993 2613 1047 ideo
2639 1001 2969 1062 operatorcs,
3001 992 3253 1062 quoniam
3283 992 3498 1061 quidem
3526 1006 3593 1046 ex
3620 991 3905 1061 Evangelio
3933 991 4069 1045 didi-

2493 1091 2681 1137 cerant
2706 1100 2718 1135 :
2747 1081 2850 1147 Qui
2877 1083 3053 1151 recipit
3073 1082 3279 1152 justum
3305 1082 3357 1135 in
3384 1081 3591 1135 nomine
3606 1082 3761 1150 justi,
3785 1082 4066 1159 mercedem

808 1173 1203 1242 sumpsit,suos
1221 1173 1372 1227 affari
1397 1173 1574 1229 taliter
1589 1175 1782 1243 cmpit:
1804 1195 1820 1225 ι
1842 1174 1920 1228 Illi
1941 1175 2190 1230 haesitare
2211 1188 2391 1230 nostra
2486 1172 2622 1241 justi
2656 1173 2871 1240 accipiet
2898 1171 3112 1242 (Matth.
3144 1189 3196 1238 ιι,
3220 1172 3341 1243 41);
3384 1173 3501 1227 ideo
3531 1187 3667 1240 quos
3694 1172 3745 1225 in
3777 1170 3868 1225 Dei
3901 1171 4071 1224 fatuu-

809 1276 915 1315 non
946 1261 1206 1317 debemus
1245 1264 1583 1332 impendere,
1626 1265 1716 1331 qui
1756 1265 2116 1319 abundantius
2150 1276 2254 1319 tam
2286 1267 2392 1321 cito

806 1368 926 1421 quae
960 1352 1244 1409 tribuimus
1273 1355 1411 1408 valet
1439 1357 1746 1409 reszituere.

883 1440 1025 1497 XIX.
1067 1442 1270 1496 Ottoni:
1313 1445 1533 1515 Augusti
1571 1447 1748 1515 opinio
1778 1449 1842 1501 de
1873 1447 2068 1502 .Ilaiolo
2110 1454 2247 1504 etde
2277 1468 2389 1504 mo-

809 1533 1013 1586 nac/tis.
1048 1532 1253 1587 Oltouis
1284 1534 1509 1604 elogium
1540 1546 1587 1589 et
1628 1536 1924 1590 Adalaidis.
1950 1568 2018 1577 —
2040 1538 2206 1606 Hujus
2234 1540 2395 1610 igitur

809 1625 1118 1679 sanctitatis
1140 1626 1343 1694 opinio,
1378 1628 1512 1681 mira
1542 1644 1639 1698 per
1665 1631 1912 1684 eumdem
1944 1641 2191 1700 patrantc
2222 1633 2395 1685 omni-

810 1721 1031 1780 potente
1059 1713 1190 1778 Deo,
1220 1730 1339 1768 cum
1373 1716 1513 1785 apud
1546 1718 1821 1770 hominum
1856 1720 2102 1773 notitiam
2134 1721 2303 1787 magis
2333 1737 2396 1776 ac

813 1804 985 1874 magis
1019 1805 1382 1861 iunolesceret
1418 1808 1641 1877 ejusque
1695 1811 1927 1865 nominis
1959 1811 2099 1865 fama
2134 1811 2289 1882 longe
2321 1814 2394 1866 la-

2494 1262 2694 1317 lamine
2723 1264 3019 1318 cernebant
3046 1264 3372 1330 devotiores,
3402 1280 3497 1319 eos
3522 1265 3621 1319 sibi
3656 1264 3917 1317 habebant
3946 1264 4071 1317 cha-

2498 1355 2685 1410 riores.
2750 1354 2855 1409 Sed
2902 1355 2975 1409 illi
3018 1372 3129 1426 prae
3167 1357 3377 1411 caeteris
3404 1355 3786 1424 diligebantur,
3820 1354 3909 1424 qui
3945 1353 4074 1408 falsa

2496 1446 2942 1501 abrenuntiantes
2968 1448 3193 1517 gaudia,
3238 1447 3381 1501 beati
3415 1447 3687 1501 Benedicti
3727 1446 4078 1499 sectabantur

2498 1537 2722 1606 vestigia
2751 1537 3037 1592 devotione
3064 1539 3487 1607 promptissima.

2569 1629 2706 1682 XXI.
2750 1629 2978 1683 Maiolus
3006 1648 3097 1698 per
3126 1628 3431 1682 lleldricum
3460 1630 3664 1697 utrique
3715 1628 3925 1680 clmrus.
3964 1625 4075 1679 Μο-

2498 1720 2737 1771 nusteriis
2767 1720 3113 1784 reformandi;
3143 1718 3473 1785 prcrpositus.
3504 1748 3558 1757 —
3607 1718 3791 1786 Itaque
3819 1718 3899 1786 (ut
3936 1732 4075 1786 pra:-

2500 1811 2723 1864 libatum
2754 1808 2856 1878 est)
2896 1808 2956 1861 Β.
3008 1808 3186 1862 Maioli
3233 1810 3376 1863 fama
3430 1810 3780 1878 plurimorum
3819 1811 4081 1864 relatione

812 1903 973 1962 teque
1002 1909 1060 1948 se
1090 1907 1404 1964 spargeret,
1456 1898 1682 1967 Magnus
1712 1899 1835 1953 Otto
1864 1902 1951 1967 qui
1986 1911 2109 1955 tunc
2141 1902 2396 1967 temporis
2433 1882 2470 1933 Π
2501 1905 2799 1965 comperta,
2831 1896 2971 1950 haud
2999 1912 3157 1951 secus
3184 1913 3247 1952 ac
3272 1898 3475 1966 perfrui
3502 1899 3636 1963 vita,
3664 1900 3779 1968 ejus
3808 1898 3963 1967 potiri
3989 1898 4081 1950 de-

812 1994 1032 2041 strenue
1060 1990 1449 2058 rempublicam
1484 1991 1858 2060 gubernabat,
1919 1992 2050 2044 tanti
2091 1992 2189 2045 viri
2231 1994 2396 2062 pluri-

815 2091 1025 2130 morum
1058 2077 1319 2133 relatione
1346 2088 1621 2148 comperta
1645 2121 1657 2144 ,
1692 2080 1807 2147 ejus
1837 2082 2179 2149 praesentiam
2208 2084 2403 2137 arden-

818 2164 925 2218 tius
956 2168 1226 2236 cupiebat.
1282 2167 1379 2222 llic
1410 2170 1555 2223 enim
1585 2169 1669 2223 vir
1695 2170 1817 2225 licet
1849 2171 2109 2240 imperiali
2139 2175 2403 2241 potiretur

814 2254 1062 2324 fastigio,
1117 2271 1308 2326 magna
1359 2266 1539 2313 tamen
1592 2271 1708 2313 erat
1757 2260 1827 2313 illi
1878 2262 2024 2316 circa
2076 2265 2401 2318 monasteria

816 2346 1063 2409 devotio;
1098 2348 1223 2415 quia
1255 2365 1595 2419 nequaquam
1629 2366 1686 2403 se
1717 2351 1943 2407 feliciter
1974 2356 2257 2424 imperium
2286 2374 2407 2425 spe-

820 2436 977 2490 rabat
1010 2446 1216 2501 tenere,
1258 2440 1357 2492 nisi
1394 2456 1605 2493 summo
1636 2440 1766 2511 Ilegi
1799 2444 2041 2499 studeret
2072 2462 2173 2500 non
2216 2448 2401 2517 displi-

820 2545 965 2583 cere.
1026 2530 1089 2583 Et
1130 2531 1252 2585 ideo
1281 2533 1479 2601 smpius
1514 2534 1900 2603 ingemiscebat
1932 2579 1944 2600 ,
1997 2539 2120 2592 dum
2171 2541 2259 2609 qui
2312 2558 2407 2611 per

822 2620 1099 2691 religionis
1134 2622 1374 2677 habitum
1410 2640 1469 2679 se
1500 2626 1609 2680 Deo
1640 2629 1999 2694 devoverant,
2038 2633 2282 2686 saeculari
2323 2634 2404 2687 in-

824 2721 1001 2767 tentos
1034 2714 1247 2784 negotio
1277 2715 1355 2770 ire
1385 2731 1481 2785 per
1510 2717 1737 2787 abrupta
1769 2722 2047 2776 cernebat.
2100 2721 2231 2776 Nam
2266 2726 2406 2794 regi-

824 2801 989 2855 minis
1029 2802 1096 2855 ad
1138 2803 1340 2857 cultum
1393 2804 1465 2858 ita
1514 2806 1802 2863 videbatur
1852 2810 2095 2875 idoneus,
2145 2825 2412 2882 quatenus

822 2889 954 2944 nulli
1004 2906 1109 2946 non
1160 2892 1318 2949 modo
1364 2896 1657 2963 secundus,
1706 2900 1799 2954 sed
1832 2908 1912 2970 (ut
1940 2901 2152 2971 planius
2178 2903 2411 2976 dicatur)

824 2979 1017 3049 primis
1050 2992 1103 3036 et
1134 2985 1359 3038 summis
1389 2984 1749 3043 conferendus
1778 2990 2072 3045 videretur.
2122 2992 2266 3048 Nihil
2298 2994 2414 3049 leve

829 3070 1171 3137 moliebatur,
1223 3075 1347 3143 quia
1394 3077 1679 3145 gravitatis
1718 3096 1841 3134 eum
1878 3082 2139 3136 modestia
2189 3085 2418 3138 comita-

828 3160 1027 3226 batur;
1076 3178 1262 3218 verum
1304 3167 1565 3237 quidquid
1612 3170 1935 3240 incipiebat,
1985 3173 2219 3231 efﬁcacia
2267 3176 2413 3231 nullo

831 3254 992 3307 molo
1028 3255 1138 3309 Deo
1168 3266 1388 3312 auctore
1428 3260 1668 3315 carebat.
1728 3262 1864 3318 Huic
1906 3266 2102 3334 eonjux
2141 3268 2413 3325 Adeleidis

834 3342 1171 3408 iuhmrebat,
1216 3360 1335 3413 qua:
1375 3347 1482 3402 Deo
1521 3351 1772 3404 amabilis
1812 3361 1866 3404 et
1905 3353 2213 3408 hominibus
2241 3355 2417 3426 diligi-

835 3432 978 3497 hilis,
1013 3434 1084 3487 ita
1119 3436 1281 3505 regali
1316 3437 1666 3505 copulabatur
1695 3448 1830 3507 toro,
1864 3452 1922 3497 ut
1954 3453 2183 3498 mentem
2214 3457 2416 3502 castam

836 3525 984 3578 multi
1024 3526 1269 3581 custodia
1302 3527 1434 3597 Regi
1486 3540 1734 3584 servaret
1778 3547 2029 3603 superno.
2087 3535 2420 3606 Pauperibus

836 3614 1222 3682 subveniebat,
1268 3626 1501 3688 :rgrotos
1542 3629 1599 3675 et
1635 3621 1837 3677 debiles
1875 3625 1990 3680 sine.
2020 3625 2421 3685 intermissione

835 3704 1069 3758 fovebat.
1104 3705 1383 3762 Gaudebat
1412 3724 1532 3763 cum
1559 3711 2118 3786 gaudentibushﬂebat
2143 3734 2263 3772 cum
2293 3717 2422 3774 flen-

838 3794 1001 3861 tibus,
1055 3812 1178 3867 spes
1228 3800 1586 3866 miserorum,
1639 3803 1878 3859 solamen
1930 3807 2269 3877 lugentium:
2315 3828 2421 3881 quo

837 3888 1003 3959 regali
1034 3890 1229 3946 nobilis
1256 3902 1563 3965 stemmate,
1591 3911 1655 3951 eo
1682 3913 1776 3961 per
1798 3901 1977 3954 omnia
2011 3902 2241 3971 pollebat
2272 3906 2421 3961 nobi-

835 3977 940 4035 lior
965 3982 1271 4038 sanctitate.

910 4070 1029 4125 XX.
1092 4072 1363 4130 Virtutum
1417 4078 1469 4132 in
1520 4081 1759 4138 culmine
1808 4087 2014 4154 posita,
2065 4104 2185 4142 cum
2233 4106 2423 4159 super-

836 4160 1017 4215 biendi
1051 4177 1156 4217 non
1187 4162 1448 4220 defuisset
1478 4170 1726 4237 materia,
1760 4173 1831 4225 ita
1864 4189 1922 4228 se
1954 4175 2270 4232 humilitatis
2301 4194 2417 4248 pro-

840 4249 973 4303 texit
1002 4254 1267 4319 custodia,
1298 4264 1564 4325 quatenus
1592 4260 1792 4316 nullius
1816 4261 2090 4329 jactantia:
2117 4270 2424 4337 exemplum

840 4357 907 4393 ex
957 4357 1052 4396 sua
1103 4346 1602 4413 deprehenderetur
1642 4353 2014 4427 continentia,
2069 4355 2198 4411 illud
2247 4367 2425 4414 mente

838 4440 1183 4498 pertractans
1240 4438 1382 4505 quod
1441 4437 1746 4496 Salomonis
1806 4443 2043 4513 loquitur
2101 4447 2421 4517 sapientia:

2500 1986 2839 2040 lectabantur
2868 1986 3088 2049 notitia,
3126 2002 3354 2056 quorum
3388 1988 3683 2057 adimplere
3724 2003 3831 2041 non
3873 1984 4083 2041 distulit

2503 2077 2862 2141 desiderium,
2902 2078 2992 2146 qui
3038 2079 3140 2132 fide
3176 2078 3521 2148 pulsantibus
3552 2079 3721 2133 beatae
3750 2078 3871 2131 vita:
3902 2075 4087 2145 pandit

2505 2168 2829 2237 ingressum.
2876 2170 3166 2224 Enimvero
3199 2170 3500 2235 lleldricus,
3533 2168 3687 2237 cujus
3714 2184 3873 2239 supra
3906 2168 4019 2236 (lib.
4046 2184 4084 2230 I,

2504 2276 2550 2312 ε.
2578 2260 2659 2330 15)
2690 2261 3035 2315 meminimus
3064 2262 3115 2315 in
3142 2261 3317 2315 laicali
3353 2261 3591 2329 potentia
3622 2260 3952 2330 przecipuus,
3992 2260 4087 2327 qui

2507 2350 2777 2419 quondam
2822 2351 2876 2405 in
2923 2351 3071 2404 Italia
3122 2351 3261 2405 inter
3300 2360 3526 2404 caeteros
3568 2350 3839 2404 Palatinos
3881 2349 4088 2402 exstitit

2508 2441 2865 2502 honorabilis,
2910 2442 3062 2496 uxori
3100 2457 3220 2495 cum
3259 2457 3451 2510 magna
3486 2457 3668 2496 rerum
3710 2440 4088 2509 temporalium

2509 2534 2661 2602 copia
2712 2533 3125 2596 abrenuntians,
3174 2532 3418 2601 deposito
3464 2533 3699 2601 cingulo.
3739 2532 3996 2585 Cluniaco
4033 2545 4091 2584 se

2511 2625 2813 2685 conferens,
2845 2622 2905 2677 Β.
2939 2622 3211 2676 Benedicti
3242 2636 3299 2676 se
3327 2622 3563 2675 subdidit
3590 2621 3889 2689 proposito.
3924 2618 4092 2685 Hujus

2512 2717 2710 2786 quippe
2748 2715 3090 2770 familiaritas
3130 2716 3353 2784 gignere
3391 2712 3700 2766 diffamatur
3734 2725 3953 2765 causam
3986 2725 4091 2777 qua

2515 2810 2793 2864 Romanus
2829 2809 3079 2878 princeps
3105 2806 3295 2861 habuit
3326 2804 3499 2860 sancti
3530 2804 3630 2857 viri
3673 2803 3940 2856 notitiam.
3989 2798 4094 2853 Per

2516 2901 2663 2953 hunc
2692 2898 2834 2953 enim
2867 2912 2990 2951 eum
3023 2896 3125 2951 sibi
3163 2894 3485 2958 accersivit,
3528 2907 3687 2961 quem
3719 2892 3853 2944 adeo
3882 2904 3978 2958 pro
4008 2904 4094 2941 sa-

2516 2989 2677 3044 lutari
2710 2987 2897 3042 dilexit
2928 2986 3173 3040 doctrina
3195 3026 3209 3049 ,
3248 2993 3309 3037 ut
3347 2998 3466 3054 quae
3494 2982 3595 3036 sibi
3629 2982 3680 3034 in
3713 2979 3864 3033 Italia
3898 2976 4094 3032 subde-

2516 3080 2717 3134 bantur
2747 3086 2802 3131 et
2833 3078 2885 3130 in
2916 3074 3207 3131 Germania
3228 3116 3242 3140 ,
3275 3071 3516 3141 ejusdem
3548 3068 3908 3125 ordinationis
3948 3081 4097 3120 com-

2520 3172 2737 3226 mittere
2777 3169 2937 3224 vellet
2977 3166 3328 3222 monasteria.
3386 3163 3704 3235 Imperatrix
3752 3176 3903 3224 vero,
3947 3174 4011 3213 ac
4050 3159 4097 3211 si

2520 3261 2838 3316 ancillarum
2866 3259 3080 3322 ultima,
3110 3256 3421 3327 impendere
3447 3252 3698 3324 cupiebat
3722 3250 3769 3306 ei
3799 3246 4100 3303 devotionis

2518 3352 2795 3421 obsequia,
2819 3351 3073 3420 quoniam
3100 3348 3242 3401 beati
3273 3345 3452 3400 Maioli
3484 3358 3579 3413 per
3606 3355 3793 3412 preces
3818 3338 4099 3393 abundau-

2521 3441 2646 3496 tiori
2686 3455 2745 3496 se
2786 3438 2995 3493 visitari
3036 3437 3229 3491 divina:
3268 3433 3570 3503 prmsentia:
3608 3431 3862 3500 sperabat
3900 3426 4097 3497 gratia.

2521 3533 2711 3589 Cuncti
2744 3548 2867 3587 eum
2897 3529 3299 3585 venerabantur
3326 3526 3636 3595 optimates,
3668 3523 3952 3591 cunctique
3981 3518 4105 3572 dili-

2523 3627 2719 3694 gebant
2747 3624 3037 3694 principes.
3074 3621 3225 3675 Hune
3253 3619 3549 3687 imperdtor
3573 3615 3807 3669 habebat
3835 3609 4104 3666 auricula-

2526 3718 2685 3781 rium,
2721 3716 2864 3769 hunc
2899 3728 2928 3766 a
2960 3710 3187 3766 secretis
3221 3707 3383 3761 fidum
3429 3703 3841 3759 internuntium.
3896 3699 3950 3754 Si
3982 3699 4105 3767 quis

2524 3807 2665 3876 apud
2692 3806 3074 3873 imperatorem
3099 3799 3313 3868 aliquod
3336 3798 3557 3851 haberet
3585 3795 3877 3853 negotium,
3903 3789 4105 3843 media-

2526 3908 2698 3953 torem
2728 3896 2942 3950 beatum
2971 3890 3247 3961 quaarebat
3276 3886 3550 3963 .‘llaiolum.
4039 3932 4045 3938 ,

2597 3986 2757 4041 XXII.
2800 3985 2902 4039 Per
2952 3984 3091 4038 idem
3127 3990 3338 4050 tempus
3378 3978 3521 4034 beati
3560 3973 3889 4045 Apollinaris
3916 3985 4102 4025 caeno-

2526 4084 2698 4145 bium,
2741 4078 3020 4147 quodper
3059 4072 3249 4143 viginti
3281 4079 3513 4140 quatuor
3540 4067 3836 4121 stadiorum
3871 4061 4105 4130 spatium

2530 4188 2559 4227 a
2582 4170 2896 4224 Ravennate
2927 4166 3058 4218 urbe
3087 4161 3260 4215 fertur
3313 4157 3630 4228 sepositum,
3658 4153 3724 4206 ad
3750 4152 3809 4205 Β.
3832 4149 4106 4203 Benedicti

2530 4258 2762 4316 instituit
2792 4255 3101 4317 tramitem,
3135 4251 3315 4320 ibique
3346 4261 3499 4303 suum
3532 4242 3803 4298 ordinavit
3833 4240 4104 4294 abbatem.

2530 4353 2799 4407 Praeterea
2840 4342 3202 4415 imperatricis
3243 4355 3347 4394 non
3392 4332 3795 4392 contemnendze
3833 4328 4111 4400 petitionis

2531 4455 2659 4498 tunc
2703 4446 2960 4493 exoratus
3011 4431 3261 4486 instantia
3294 4469 3307 4494 ,
3354 4426 3506 4496 juxta
3552 4423 3896 4477 'l‘icinenscm
3919 4417 4110 4470 urbem

840 4520 1114 4578 Rectorem
1145 4535 1195 4579 te
1225 4530 1603 4585 constituerunt
1630 4533 1654 4585 ?
1702 4535 1810 4587 noli
1846 4508 2046 4601 castelli,
2087 4508 2179 4590 sed
2218 4549 2326 4592 esto
2371 4541 2423 4592 in
2452 4564 2502 4621 Β
2531 4534 2699 4592 sancti
2728 4528 3030 4586 Salvatoris
3053 4526 3129 4596 (5)
3151 4522 3413 4578 desudare
3441 4517 3607 4587 ctepit
3638 4516 3689 4569 in
3718 4512 3940 4621 fabrica.
3970 4508 4113 4562 Inte—

838 4614 946 4680 illis
987 4618 1143 4687 quasi
1181 4636 1315 4675 unus
1361 4639 1425 4676 ca:
1471 4623 1576 4679 illis
1608 4625 1798 4696 (Eccli.
1833 4644 2005 4693 xxxtt,
2036 4628 2108 4699 I).
2166 4628 2222 4685 Si
2255 4631 2422 4697 enim,

835 4704 989 4776 juxta
1013 4710 1352 4780 Apostolum,
1384 4716 1463 4770 vir
1493 4717 1727 4774 infidelis
1755 4736 1851 4790 per
1875 4721 2157 4776 mulierem
2189 4722 2421 4787 fidelem,

839 4813 893 4866 et
924 4803 1157 4862 infidelis
1190 4807 1382 4863 mulier
1411 4825 1507 4879 per
1536 4811 1711 4866 virum
1742 4813 1952 4869 fidelem
1987 4814 2035 4885 (1
2062 4813 2182 4869 Cor.
2210 4831 2303 4881 vn,
2339 4816 2424 4884 II)

2530 4632 2629 4687 rim
2649 4640 2778 4682 vero
2795 4625 2906 4695 jam
2929 4621 3165 4676 debitum
3190 4616 3349 4671 finem
3374 4609 3640 4669 secundus
3664 4609 3751 4662 hic
3776 4605 3912 4661 liber
3932 4610 4115 4695 post":

2526 4724 2620 4786 lat,
2648 4691 2810 4774 ut'ea'
2828 4729 2948 4785 qua:
2973 4718 3205 4773 restant,
3232 4706 3443 4769 tertius,
3468 4701 3637 4772 signis
3664 4695 4017 4758 evidentibus,
4047 4691 4117 4748 ad

2538 4814 2699 4869 finem
2729 4822 2899 4877 usque
2926 4804 3205 4876 perducat.

2081 5145 2381 5223 LIBER
2440 5141 2748 5222 TEBTI
2767 5140 2824 5216 U
2842 5137 2919 5213 S.

917 5322 955 5375 Ι.
998 5319 1228 5373 Maiolus
1255 5320 1567 5373 Ltuuiacum
1611 5331 1887 5384 revertens,
1921 5337 1953 5372 a
1981 5316 2260 5372 Saracenis
2291 5318 2433 5385 capi-
2538 5313 2765 5370 accessit
2791 5312 3000 5367 libitum
3029 5323 3135 5376 quo
3162 5305 3357 5357 fratres
3383 5304 3630 5393 pergeret
3652 5293 3946 5393 visitatur-n.-
3978 5285 4126 5339 Cuu-

3435 5408 3457 5416 ι.
3490 5382 3801 5416 ..-ωηαιιηιῖυ
3883 5380 4124 5416 ΙσιΙιηιημιιι
