4494 5520
399 361 500 418 765
1725 354 1901 406 ΧἸἸἈ.
1944 383 2010 390 -
2052 352 2174 404 LIB.

1876 392 1901 405 η.
1944 383 2010 390 -
2052 352 2175 404 LIB.
2218 355 2296 407 lll.
3543 366 3651 420 766

397 474 651 529 terissent
698 467 1032 532 altitudinis,
1082 468 1148 522 ad
1195 468 1373 521 villam
1426 484 1593 537 usque
1641 465 1972 521 descendunt
2000 465 2049 523 Α
2078 466 2318 519 abscisso
2365 470 2509 536 rupis
2542 471 2638 522 sub
2673 480 2852 534 antro,
2901 473 3169 525 horrcndo
3212 474 3466 527 claudunt
3494 492 3647 544 erga-

396 582 516 636 qua:
544 580 710 635 prope
741 565 934 619 Dranci
965 564 1233 631 (Drama)
1264 562 1409 617 ﬂuvii
1441 563 1731 618 decursum
1762 563 1932 631 posita
1954 603 1968 627 ,

398 659 539 712 Pons
571 657 774 712 Ursarii
804 657 1076 726 quondam
1108 657 1329 711 vocitari
1362 665 1478 710 erat
1506 650 1685 710 solita.
1732 656 1864 709 Nam
1896 657 1971 709 ri-

398 750 553 803 vulus
583 749 673 818 qui
705 748 985 803 descemlit
1025 765 1054 803 c
1098 748 1393 811 montibus,
1433 764 1555 804 cum
1592 748 1862 803 ﬂexuosos
1893 764 1973 801 re-

398 838 662 893 volvendo
701 853 796 907 per
830 838 1015 909 globos
1064 840 1204 893 inter
1233 838 1395 909 Alpes
1422 839 1703 903 decurrit,
1755 855 1850 894 sua
1902 840 1974 894 ibi

403 928 737 983 revolutione
770 938 975 983 tantum
1005 928 1241 999 planitiei
1271 931 1517 1000 porrigit,
1549 940 1807 999 quantum
1837 946 1973 1001 pra:-

401 1020 559 1075 dict:e
586 1021 729 1075 villae
762 1036 1029 1091 occupare
1060 1022 1256 1091 positio
1291 1024 1481 1090 possit.
1539 1022 1687 1077 Multi
1730 1024 1871 1077 enim
1912 1038 1975 1075 ex

402 1112 631 1167 diversis
668 1114 976 1183 regionibus
1015 1123 1140 1169 tunc
1178 1113 1238 1166 Β.
1271 1113 1520 1169 Maiolum
1556 1114 1973 1179 comitabantur,

400 1202 528 1269 quia
556 1200 673 1269 ejus
706 1203 993 1258 sanctitate
1025 1220 1082 1258 se
1116 1205 1331 1259 liberari
1363 1219 1522 1274 posse
1554 1205 1975 1259 arbitrabantur.

404 1293 486 1346 Ad
526 1293 666 1348 hunc
698 1295 869 1363 igitur
906 1294 1081 1349 locum
1120 1310 1245 1349 cum
1283 1297 1401 1365 sine
1437 1295 1748 1350 discrimine
1788 1312 1978 1365 pervc-

407 1385 634 1449 nissent,
673 1389 1027 1453 eamdemque
1059 1387 1285 1441 rivulum
1319 1388 1659 1450 transissent,
1690 1404 1809 1441 mox
1844 1388 1983 1440 inter

409 1477 553 1545 ipsos
584 1487 715 1531 arta:
744 1478 869 1539 vize,
915 1476 1159 1531 diﬂiciles
1198 1478 1459 1540 reflexus,
1494 1478 1585 1547 qui
1618 1492 1785 1545 parvo
1819 1478 1985 1531 inter-

408 1566 549 1621 vallo
580 1582 637 1620 se
666 1568 905 1635 praebent
935 1568 1409 1633 descendentibus,
1458 1570 1637 1623 subito
1666 1585 1760 1623 eos
1791 1569 1987 1622 invasit

409 1655 627 1726 perfida:
660 1658 836 1725 gentis
865 1656 1290 1710 Sarracenorum
1318 1660 1610 1711 exercitus.
1665 1658 1855 1712 Subita
1890 1660 1988 1712 ita-
2093 1644 2184 1697 Μελ]

1665 1658 1855 1712 διώξω
1890 1660 1988 1712 ξω-
2093 1644 2331 1714 Martyrii
2365 1644 2575 1698 titulum
2610 1647 2778 1699 tensis
2805 1648 3212 1717 complectimur
3239 1648 3397 1709 ulnis,

407 1762 513 1813 quc
546 1747 849 1800 incursione
883 1749 1102 1811 turbati,
1134 1757 1188 1800 et
1218 1757 1477 1800 conantes
1506 1747 1732 1816 plurima
1764 1747 1986 1810 frustra,
2095 1734 2159 1787 El

1885 1759 1986 1810 Im,
2095 1734 2159 1787 Et
2190 1743 2380 1803 sponte
2402 1737 2705 1809 expetimus
2732 1737 3008 1805 pulchram
3042 1753 3137 1806 per
3168 1738 3387 1791 vulnera
3414 1748 3660 1792 mortem.

409 1839 664 1907 onmiqne
698 1854 791 1907 Spe
825 1839 1029 1892 meliori
1061 1837 1339 1906 deposita,
1374 1837 1509 1909 fugzc
1548 1838 1853 1902 consulunt,
1896 1838 1987 1891 sed
2026 1816 2065 1867 Β
2095 1827 2172 1879 Tu
2202 1832 2359 1881 m0110
2389 1847 2489 1882 I105
2511 1832 2731 1899 dignare
2766 1842 2856 1884 ιιιο
2882 1846 2979 1900 pro
3007 1832 3223 1885 "Omitte
3256 1840 3434 1885 testes.

414 1933 792 2000 nequidquam.
858 1930 1063 1984 Vesana
1113 1930 1257 1983 enim
1309 1930 1595 1998 impiorum
1649 1929 1804 1982 turba
1854 1928 1989 1981 calle
2094 1915 2219 1970 "£0
2248 1917 2455 1981 diceIIS,
2490 1918 2841 1987 animumque
2873 1921 3012 1982 neci.
3042 1922 3348 1989 collumque
3378 1920 3603 1989 parabit

411 2026 578 2077 citato
617 2026 715 2079 hos
753 2038 1108 2093 persequens.
1150 2038 1338 2076 omnes
1367 2038 1503 2091 quos
1531 2021 1991 2090 comprehendere
2093 2008 2344 2062 CarlliﬁCl
2370 2023 2384 2061 ἓ
2415 2018 2499 2064 δίει
2525 2008 2626 2063 ﬁxa
2658 2012 2772 2064 ViI'O
2798 2014 3061 2065 δϐηιθηιίει
3092 2015 3283 2068 mortis

412 2113 615 2183 potuit,
672 2114 723 2165 in
774 2113 1001 2166 vinculis
1048 2111 1298 2179 conjecit.
1357 2112 1600 2179 Cumque
1631 2126 1768 2164 unus
1800 2126 1864 2164 ex
1904 2110 1991 2163 illa
2095 2103 2393 2171 lnlrepidoi
2419 2104 2535 2166 80d.
2566 2105 2813 2167 Clll‘iSlc.
2843 2104 2950 2158 lUiS
2973 2106 3321 2159 mllltdiSSima
3341 2108 3533 2160 castris

416 2203 703 2271 impiormn
756 2202 909 2255 turba
972 2203 1039 2255 ab
1094 2202 1199 2255 alta
1249 2216 1378 2270 rupe
1425 2217 1589 2253 unmn
1637 2217 1700 2253 ex
1746 2200 1844 2252 viri
1900 2199 1990 2252 Dci
2096 2195 2229 2248 Lilia
2256 2212 2376 2249 eum
2408 2196 2546 2250 rosis
2576 2198 2778 2264 pariter
2807 2198 3090 2251 eandentia
3124 2209 3367 2262 vernant,

417 2291 636 2345 fatn'ulis
676 2291 781 2344 telo
824 2300 1133 2359 appeteret,
1179 2300 1236 2344 ut
1278 2290 1510 2342 famulus
1549 2290 1872 2357 eriperetur,
1916 2288 1995 2339 vir
2099 2286 2205 2339 Nec
2236 2297 2284 2339 te
2314 2288 2557 2357 martyrii
2584 2293 2887 2342 constantia
2917 2291 3029 2342 sola
3057 2299 3315 2353 meretur,

419 2384 511 2441 Dei
571 2384 806 2438 venienti
870 2383 1052 2451 jaculo
1114 2383 1491 2435 charitativatn
1554 2398 1770 2434 manum
1827 2395 1993 2447 oppo-
2101 2375 2207 2431 Nec
2240 2377 2358 2431 fuso
2386 2379 2670 2447 quisquam
2705 2389 2910 2433 tantum
2942 2381 3004 2433 sit
3036 2381 3297 2449 sanguine
3328 2391 3553 2451 martyr.

418 2474 572 2529 suit:
641 2474 693 2527 in
739 2489 843 2541 qua
895 2474 1130 2539 quandiu
1187 2480 1372 2540 postea
1426 2471 1595 2534 vixit,
1648 2470 1837 2524 inﬂicti
1884 2470 1999 2521 vul-
2103 2468 2256 2539 Szepe
2291 2471 2454 2524 etiam
2485 2470 2665 2523 multis
2690 2472 2897 2539 peperit
2929 2471 3011 2539 pia
3040 2472 3147 2524 vita
3177 2488 3475 2525 coronam:

419 2565 567 2618 neris
611 2563 835 2617 cicatrix
883 2564 1150 2631 apparuit.
1211 2561 1355 2616 Nihil
1398 2578 1526 2617 vero
1569 2564 1634 2616 de
1680 2578 1775 2616 sua
1830 2570 2001 2615 morte
2103 2560 2305 2628 Estque
2336 2560 2674 2614 sacerdotum
2706 2562 2978 2615 confessio
3008 2562 3205 2615 mumla
3239 2573 3453 2614 tuorum

422 2654 716 2707 formidans
740 2694 756 2717 ,
809 2670 905 2722 pro
950 2654 1173 2723 reliquis
1220 2663 1399 2707 tamen
1442 2662 1747 2707 exaestuans
1771 2694 1786 2717 ,
1842 2652 2001 2705 altius
2105 2652 2269 2707 Grata
2306 2653 2422 2717 tibi,
2456 2669 2593 2722 quos
2622 2653 2847 2721 justitizc
2868 2653 3130 2723 perfectio
3157 2657 3335 2709 vestit.

2076 558 2237 612 stulo.
2264 557 2495 613 Sanctus
2519 562 2696 629 itaque
2724 562 2932 615 Domini
2959 572 3014 615 ut
3042 579 3135 617 cos
3167 565 3218 617 in
3250 566 3330 618 sui
3358 566 3647 633 perniciem

2076 649 2335 717 conspicit
2358 650 2473 703 dira
2499 651 2787 706 frementes
2812 672 2823 705 :

2079 738 2282 809 Martyr
2309 749 2366 793 ut
2392 742 2673 795 emeritam
2706 746 3003 799 certamine
3033 760 3257 806 sumere,
3281 744 3537 812 palmam,

2080 828 2255 899 thue
2287 832 2368 885 sui
2404 842 2585 900 posset
2619 833 2861 903 perfundi
2899 836 3046 889 fonte
3072 836 3284 889 cruoris

2080 921 2260 991 Optat,
2290 931 2343 975 et
2370 923 2633 993 intrepido
2662 924 2936 995 profundit
2966 927 3089 980 talia
3121 925 3289 979 vultu.

2082 1011 2235 1078 Quod
2264 1013 2396 1067 satis
2424 1023 2523 1075 est,
2556 1029 2826 1084 supraque
2851 1016 2983 1070 satis
3003 1058 3016 1080 ,
3050 1018 3154 1071 huc
3180 1017 3409 1071 viximus
3433 1032 3621 1085 usque.

2081 1101 2231 1157 Nunc
2259 1102 2447 1158 faciem
2480 1115 2766 1173 penetrare
2790 1108 2935 1177 cupit
2963 1123 3084 1161 cum
3114 1108 3339 1176 spiritus
3367 1108 3587 1171 ardens,

2082 1192 2317 1257 Christe,
2349 1204 2500 1248 tuam
2532 1213 2543 1247 :
2577 1196 2842 1266 tzedetque
2870 1199 2988 1261 vim,
3016 1199 3280 1267 taedetque
3300 1198 3517 1253 laboris.

2085 1282 2199 1349 Qua
2231 1282 2474 1337 breviora
2506 1294 2694 1353 patent
2729 1287 2857 1339 recti
2889 1287 3209 1357 compendia
3232 1286 3409 1351 callis,

2087 1372 2354 1442 lrcjnvat,
2386 1375 2469 1427 via
2502 1376 2571 1429 sit
2604 1376 2827 1446 trepidis
2861 1379 3020 1432 nimis
3052 1378 3219 1431 ardua
3246 1393 3583 1447 ‘ll'm'quam'

2088 1463 2325 1533 Propere
2348 1465 2590 1519 sidereos
2615 1467 2829 1520 dabitur
2851 1469 3163 1537 contingere
3192 1484 3430 1537 campos.

2091 1553 2383 1623 Sanguinis
2411 1553 2563 1608 eﬂ‘usi
2587 1557 2629 1609 si
2663 1573 2759 1610 nos
2782 1559 3004 1626 vestigia
3032 1560 3253 1619 ducant,

426 2752 551 2796 tunc
589 2741 1011 2811 ingemiscebat,
1066 2742 1191 2795 dum
1242 2742 1325 2797 his
1366 2757 1500 2811 quos
1544 2742 1832 2810 impiorum
1874 2756 1999 2794 cru-

424 2832 620 2886 delitas
684 2832 969 2895 turbabat,
1034 2833 1321 2887 subvenire
1381 2832 1660 2901 nequibat.
1729 2831 2003 2885 Evadendi

427 2924 610 2992 itaque
650 2938 770 2976 cum
815 2938 920 2977 non
954 2923 1169 2977 deesset
1217 2922 1466 2988 facultas,
1504 2924 1649 2977 hunc
1690 2930 1867 2976 tamen
1909 2923 2007 2975 im-

426 3014 675 3069 mobilem
708 3015 901 3068 mentis
933 3014 1143 3068 tenebat
1166 3016 1433 3077 Charitas;
1461 3014 1584 3084 quia
1621 3029 1717 3069 eos
1748 3027 1844 3082 pro
1873 3030 2005 3082 qun-

429 3120 548 3159 rum
584 3103 867 3159 dilectione
911 3105 1145 3158 animam
1194 3106 1419 3175 optabat
1466 3120 1665 3173 ponere
1695 3146 1708 3169 ,
1747 3105 1848 3159 etsi
1901 3120 2004 3158 non

426 3204 642 3265 poterat
669 3195 736 3247 ab
754 3195 1041 3263 impiorum
1068 3196 1319 3250 manibus
1348 3196 1577 3265 eripere,
1608 3211 1801 3263 magno
1829 3204 2007 3248 tamen

432 3286 615 3342 dolore
637 3288 917 3342 convictus
937 3286 1153 3341 nolebat
1179 3287 1502 3354 relinquere.
1529 3288 1768 3355 Apostoli
1795 3284 2014 3338 interim

435 3394 687 3433 reversus
715 3379 781 3431 ad
809 3376 1147 3445 exemplum,
1181 3377 1269 3443 qui
1314 3377 1439 3428 dum
1473 3383 1749 3445 pateretur
1795 3373 2012 3427 naufra-

435 3471 607 3537 gium,
641 3469 868 3522 salvavit
893 3468 1142 3521 oratione
1186 3468 1395 3520 animas
1426 3466 1670 3520 omnium
1703 3481 1888 3520 secum
1920 3480 2015 3518 na-

436 3559 754 3631 vigantium,
802 3574 924 3613 cum
954 3573 1048 3613 eos
1079 3558 1315 3612 huuzano
1361 3558 1562 3612 auxilio
1592 3558 1659 3611 ab
1699 3558 2015 3612 imminente

438 3652 689 3719 nequiret
716 3650 945 3704 liberare
970 3650 1229 3720 periculo,
1259 3649 1359 3703 hoc
1384 3649 1497 3703 suis
1527 3650 1667 3717 apud
1695 3650 1859 3704 Demn
1889 3664 2013 3718 pro—

441 3741 637 3796 meruit
664 3741 916 3809 precibus
942 3781 954 3802 ,
986 3750 1043 3792 ut
1084 3756 1149 3793 ex
1181 3740 1267 3793 illa
1316 3740 1609 3794 miserabili
1653 3740 1809 3794 turba
1861 3755 2018 3793 nemo

443 3840 747 3885 moreretur
792 3832 931 3884 inter
962 3831 1198 3887 hostium
1247 3831 1369 3883 tela.
1422 3830 1652 3885 Feroces
1685 3832 1866 3900 itaque
1900 3833 2021 3886 bar-

442 3922 562 3975 bari
598 3930 819 3992 peracto
848 3921 1055 3976 scelere
1097 3921 1161 3974 ad
1195 3938 1319 3975 suas
1349 3921 1587 3975 latebras
1623 3924 1747 3975 dum
1779 3921 2023 3975 redirent

446 4030 568 4068 cum
600 4015 935 4082 captivorum
968 4014 1335 4077 multitudine,
1367 4014 1584 4067 beatum
1622 4014 1872 4069 Maiolum
1906 4032 2022 4068 eer-

447 4115 582 4161 nunt
612 4106 822 4175 alonge
866 4106 1037 4159 solum
1064 4106 1343 4160 sedentem
1376 4106 1428 4158 in
1469 4106 1665 4173 lapide.
1710 4106 1929 4161 Celeres
1957 4108 2023 4161 ad

448 4213 571 4251 eum
598 4208 725 4251 tunc
746 4198 952 4267 pedites
982 4206 1329 4251 accesserunt
1358 4237 1371 4259 ,
1405 4205 1458 4248 et
1491 4198 1785 4253 sceleratas
1830 4215 2025 4253 manus

451 4292 505 4343 in
534 4299 778 4344 sanctum
813 4277 1132 4356 injeéerunt,
1164 4303 1393 4363 eumque
1424 4299 1693 4353 tenentes,
1726 4306 1847 4344 cum
1871 4300 2029 4344 αριθ-

452 4383 527 4435 ris
549 4383 773 4451 captivis
797 4382 1083 4436 duxerunt.
1130 4383 1279 4437 Tunc
1308 4382 1365 4435 Β.
1398 4383 1650 4437 Maiolum
1682 4383 1773 4452 qui
1816 4385 2029 4437 caeteris

454 4473 793 4527 habebantur
817 4475 1223 4542 pnestantiores
1250 4517 1263 4539 ,
1296 4476 1567 4529 honorare
1588 4516 1602 4539 ,
1654 4476 1745 4544 qui
1793 4491 1921 4530 vero
1948 4475 2027 4528 le-

453 4565 636 4617 viores
670 4563 889 4619 illuderc
918 4604 931 4628 ,
960 4564 1385 4635 Christianzeque
1436 4566 1557 4621 fidei
1605 4575 1889 4636 coeperunt
1942 4568 2033 4621 dc-

456 4657 690 4711 trahere.

528 4748 590 4802 II.
636 4748 711 4803 0b
734 4748 997 4803 Christum
1024 4751 1359 4813 pra’dicntttm
1394 4751 1663 4821 religatur.
1692 4784 1760 4791 κ-
1785 4751 2037 4805 Protinus

456 4856 587 4912 ergo
633 4842 821 4896 beatus
873 4840 1097 4896 Maiolus
1145 4842 1490 4911 belligerator
1520 4844 1792 4912 optimus,
1825 4852 2037 4898 seutmn

462 4934 581 4988 lidei
614 4934 911 5003 arripiens,
965 4936 1184 5003 cuSpide
1230 4934 1381 4988 verbi
1436 4934 1529 4989 Dei
1562 4936 1899 5003 perfodiebat
1934 4937 2039 4991 ini—

459 5024 629 5079 mices
663 5024 903 5089 Christi,
948 5023 1268 5079 Christiana:
1298 5023 1577 5094 religionis
1613 5027 1815 5080 cultum
1848 5042 2042 5097 appro~

460 5117 614 5181 bans,
646 5126 700 5172 et
721 5132 847 5171 eum
878 5132 1037 5185 quem
1066 5117 1232 5172 Deum
1255 5118 1520 5181 colebant,
1548 5133 1650 5173 nec
1679 5135 1736 5175 se
1766 5136 1795 5174 a
1840 5122 2045 5193 suppli-

459 5209 548 5261 cio
579 5207 829 5269 liberare,
858 5221 958 5261 nec
982 5206 1099 5261 illos
1130 5209 1181 5263 in
1203 5208 1384 5277 aliquo
1406 5224 1562 5279 posse
1584 5210 1860 5281 adjuvare,
1879 5213 2044 5268 certis

458 5312 513 5355 et
527 5301 951 5358 evidentissimis
963 5315 1212 5370 agressns
1228 5310 1314 5355 est
1329 5302 1629 5359 rationibus
1645 5305 1955 5360 demonstra
1965 5321 2040 5359 re.

456 5395 577 5462 Quo
605 5396 796 5451 audito
827 5393 1177 5449 barbarorum
1203 5394 1465 5462 jactantia
1494 5394 1683 5451 furore
1714 5394 2046 5452 inﬂammata

454 5501 653 5520 vncnnn
709 5502 772 5520 co)
782 5494 933 5520 nnlnu
950 5487 1107 5520 nonlnc
1123 5487 1378 5520 nnmnnlln
1392 5495 1541 5520 Annal
1553 5486 1825 5520 rinnnnlnc
1842 5488 2024 5520 θην-...ιη

2176 2745 2258 2799 ΙΙΙ.
2304 2743 2370 2798 Se
2398 2744 2725 2798 liberandum
2767 2746 2967 2799 rwlitns
2999 2746 3262 2815 intelligit,
3290 2750 3486 2801 meritis
3526 2750 3688 2803 bealw

2109 2835 2574 2904 Merita—Ergo,
2604 2846 2659 2888 ut
2686 2835 3103 2905 prmlibavimus,
3131 2838 3213 2889 vir
3242 2838 3449 2891 Domini
3494 2838 3687 2892 ferreis

2108 2927 2363 2982 astrictus
2392 2927 2619 2980 vinculis
2639 2966 2653 2990 ,
2684 2925 2954 2980 horrendo
2998 2927 3047 2979 in
3088 2936 3241 2980 antro
3278 2928 3543 2981 tenebrosi
3571 2944 3689 2981 car—

2111 3019 2253 3072 ceris
2304 3035 2401 3088 pro
2454 3015 2766 3072 confitendo
2812 3017 3029 3070 nomine
3059 3017 3396 3081 divinitatis,
3435 3017 3691 3085 suffragia

2113 3118 2196 3165 est
2223 3118 2480 3177 expertus
2504 3108 2696 3162 divina:
2727 3107 2966 3176 pietatis.
2993 3107 3161 3161 Nocte
3195 3109 3356 3175 igitur
3382 3110 3690 3170 subsecuta,

2116 3216 2237 3254 cum
2260 3200 2436 3267 sopori
2463 3200 2699 3253 dedisset
2722 3199 2959 3252 membra
2985 3198 3151 3253 nimio
3175 3212 3408 3252 mmrorc
3426 3199 3693 3261 confecta,

2117 3289 2239 3342 talis
2262 3288 2361 3340 sibi
2392 3288 2527 3340 visio
2558 3288 2814 3341 divinitus
2848 3297 2931 3342 est
2978 3300 3215 3341 ostensa.
3254 3289 3577 3356 Apostolicis
3620 3290 3699 3343 in-

2121 3378 2352 3449 signitus
2380 3378 2621 3431 vestibus
2646 3378 2924 3432 Romanus
2952 3379 3180 3431 antistes
3204 3378 3484 3431 videbatur
3514 3389 3695 3434 astare

2118 3470 2261 3523 circa
2278 3484 2353 3532 se,
2372 3484 2493 3522 cum
2508 3469 2671 3523 odore
2688 3468 3054 3539 thymiamatis
3080 3469 3485 3539 thnribnlmnjdc
3497 3469 3694 3523 ferens.

2122 3556 2233 3612 Hac
2264 3558 2493 3627 denique
2522 3558 2728 3613 visione
2770 3560 2972 3614 certior
3004 3560 3265 3625 redditus,
3302 3575 3397 3628 per
3424 3561 3697 3629 apostolo-

2124 3665 2241 3703 rum
2275 3650 2639 3703 interventum
2669 3649 2735 3702 ab
2759 3649 3044 3718 impiorum
3076 3649 3324 3703 manibus
3346 3666 3404 3703 se
3438 3651 3704 3705 intellexit

2125 3741 2487 3796 liberandum.
2520 3741 2600 3794 Ad
2632 3741 2733 3795 hoc
2764 3741 2946 3809 itaque
2977 3742 3119 3810 quod
3152 3742 3285 3795 vidit
3313 3758 3408 3810 per
3436 3756 3705 3805 somnum,

2124 3832 2267 3886 aliud
2292 3832 2521 3886 accessit
2544 3833 2718 3901 magis
2739 3833 2961 3887 evidens
2985 3834 3261 3888 indicium.
3288 3834 3392 3888 Pro
3416 3834 3708 3887 dilectione

2128 3922 2313 3977 Matris
2345 3921 2753 3984 misericordize,
2793 3922 3033 3977 libellum
3062 3939 3224 3993 quem
3250 3924 3313 3977 de
3339 3923 3457 3992 ejus
3488 3925 3712 3977 Assum-

2125 4016 2309 4084 ptione
2342 4016 2536 4069 beatus
2565 4014 2640 4085 (6)
2664 4014 2835 4070 edidit
2862 4013 3242 4082 Hieronymus,
3275 4016 3470 4083 sacpius
3498 4025 3714 4082 gestare

2129 4107 2334 4160 sanctis
2364 4092 2573 4159 solebat
2601 4106 2869 4160 manibus.
2903 4105 3081 4169 Hune,
3110 4106 3236 4158 dum
3268 4115 3493 4159 ca'teros
3526 4118 3711 4155 sacros

2129 4197 2343 4251 codices
2372 4211 2493 4249 cum
2521 4194 2775 4250 munibus
2800 4211 2920 4264 qua:
2952 4196 3037 4248 hic
3062 4194 3293 4248 habebat
3317 4194 3572 4262 perdidit,
3600 4191 3718 4245 Vir-

2129 4286 2269 4353 ginis
2322 4287 2403 4353 (nt
2453 4284 2747 4347 fatebatur)
2808 4286 3039 4339 tuitione
3085 4285 3185 4337 sibi
3244 4284 3441 4337 salvari
3498 4284 3718 4336 meruit.

2131 4376 2299 4441 Quem
2345 4378 2510 4429 vestis
2557 4376 2657 4429 sub
2688 4376 2921 4446 tegmine
2967 4376 3092 4429 dum
3136 4390 3193 4428 se
3225 4375 3450 4428 sentiret
3495 4373 3719 4435 habere,

2137 4480 2266 4535 quot
2290 4466 2405 4520 dies
2451 4473 2799 4535 superessent
2829 4465 2895 4519 ab
2944 4465 3070 4518 hinc
3102 4466 3167 4517 ad
3200 4464 3447 4517 eamdem
3488 4464 3717 4517 Assum-

2139 4557 2375 4625 ptionem
2428 4555 2615 4608 Matris
2666 4555 3093 4619 misericordiae,
3150 4553 3379 4606 sollicita
3450 4553 3600 4605 nisus
3644 4560 3728 4607 est

2143 4658 2322 4701 mente
2352 4648 2620 4702 discutere
2650 4663 2663 4699 :
2697 4647 2787 4715 qui
2820 4662 3046 4699 numero
3078 4646 3349 4714 supputati
3383 4644 3569 4713 viginti
3596 4658 3729 4711 qua-

2147 4748 2267 4794 tuor
2294 4748 2420 4793 sunt
2448 4737 2675 4791 inventi.
2722 4736 2871 4791 Tunc
2897 4755 3017 4791 eam
3057 4754 3153 4791 sua
3202 4735 3601 4794 interventione
3631 4735 3741 4787 hac.

2146 4832 2289 4901 apud
2320 4846 2477 4886 suum
2506 4829 2699 4884 Filium
2742 4840 2861 4883 orat
2891 4828 3139 4883 obtinere
3163 4869 3176 4891 ,
3229 4838 3286 4881 ut
3330 4826 3443 4897 ipse
3468 4825 3733 4895 eripiatur

2150 4926 2218 4979 ab
2248 4925 2349 4977 hac
2375 4922 2686 4991 captivitate
2711 4936 2724 4973 :
2755 4929 3025 4990 quatenus
3045 4918 3223 4973 divina
3253 4917 3355 4972 sibi
3388 4916 3563 4984 pietas
3593 4915 3733 4968 inter

2150 5014 2488 5071 Christianos
2527 5012 2789 5067 concedat
2812 5027 2933 5065 eum
2961 5010 3074 5065 suis
3100 5007 3434 5078 concaptivis
3463 5015 3626 5059 tautae
3653 5020 3741 5058 so-

2152 5106 2449 5163 lemuitatis
2478 5103 2639 5174 potiri
2673 5104 3012 5159 celebritate.
3062 5101 3174 5157 Hac
3214 5100 3364 5155 finita
3404 5099 3655 5152 oratione
3685 5106 3741 5149 ut

2155 5202 2222 5256 ad
2256 5215 2445 5271 rupem
2475 5204 2641 5266 caput
2678 5194 2961 5256 convexit,
3019 5212 3049 5249 e
3097 5193 3325 5264 vestigio
3355 5204 3466 5258 prae
3512 5200 3749 5241 interere.

2154 5310 2317 5364 sopor
2340 5292 2578 5359 irrepsit.
2613 5286 2744 5341 Post
2776 5283 3053 5355 paululum
3082 5299 3210 5339 vero
3234 5280 3671 5352 expergefactus,
3698 5290 3754 5328 se

2156 5382 2348 5439 ferreis
2396 5380 2599 5448 reperit
2656 5377 2891 5431 solutum
2928 5376 3321 5444 compedibus.
3372 5367 3530 5424 Mane
3577 5374 3762 5419 autem

2163 5474 2341 5520 farm-
2398 5472 2500 5520 hoc
2532 5469 2753 5520 barbari
2803 5477 3091 5520 stupentes
3132 5462 3399 5520 miraculo
3423 5501 3435 5520 ι
3470 5457 3613 5520 (μιοά
3639 5470 3761 5509 eum
