4494 5520
412 407 511 461 769

1767 400 1828 451 Vl
1850 400 1939 451 I'A.
1968 431 2036 439 -—-
2063 401 2184 454 LIB.
2226 402 2307 454 IlI.

3537 410 3638 463 7'70

414 536 599 585 magna
633 527 933 583 terramque
964 508 1264 582 polumque.
1291 513 1606 565 Conticuere
1637 526 1851 568 omnes;
1878 514 1968 563 sed
2000 518 2043 573 Α
2076 514 2371 581 apostolico
2404 535 2411 565 :
2468 530 2562 568 nec
2616 518 2799 568 \idror
2850 517 3069 569 idoneus
3124 517 3260 569 ferre
3300 534 3404 585 quo
3441 522 3636 586 possim

413 610 549 662 nulla
578 608 786 660 miseris
815 608 995 674 quies,
1027 605 1172 658 ocius
1204 604 1506 656 accelerare
1544 603 1761 670 cupiunt
1808 617 1969 670 nego-

414 702 563 755 tium.
598 699 834 765 Denique
863 696 1182 765 impediente
1221 709 1276 747 se
1318 694 1514 747 Satana
1543 693 1715 747 locum
1749 692 1848 746 sibi
1881 708 1973 745 ex-

414 792 675 860 ploratum
723 790 939 843 minime.
983 787 1261 851 adierunt;
1296 787 1387 839 sed
1415 786 1481 841 ab
1518 786 1799 839 eminentis
1827 784 1973 852 rupis

413 882 613 934 vertice
645 881 697 933 in
728 880 889 933 imum
920 894 977 933 se
1008 878 1327 948 profundum
1360 887 1467 931 tota
1500 886 1652 930 nocte
1679 876 1974 945 prmeipita-

415 982 621 1027 verunt.
674 969 951 1024 Nostrates
979 980 1175 1031 autem,
1211 968 1323 1037 jam
1366 969 1450 1023 die
1500 968 1821 1030 lucesccnte,
1866 982 1975 1021 etr-

412 1063 561 1117 Iestis
612 1062 848 1116 victoria:
900 1070 1174 1130 stupentes
1231 1059 1624 1129 magnitudine,
1675 1058 1723 1111 ei
1774 1058 1975 1125 gratias

416 1152 569 1205 libuit
606 1152 826 1213 referre,
854 1150 1005 1216 cujus
1034 1150 1155 1202 forti
1199 1150 1415 1203 numine
1437 1155 1761 1216 prostratum
1793 1162 1978 1200 cerne-

416 1245 539 1297 bant
564 1259 752 1313 agmen
785 1242 996 1296 hostile.
1028 1240 1295 1307 Quosdam
1325 1248 1503 1292 tamen
1539 1253 1721 1292 eorum
1753 1237 1843 1306 qui
1879 1236 1974 1289 de-

417 1333 668 1386 mersioni
723 1348 781 1386 se
836 1332 1251 1392 subtraxerunt,
1290 1328 1358 1397 ⁸ἰη
1420 1328 1690 1381 remotiori
1748 1326 1975 1394 quodam

417 1424 610 1477 montis
668 1423 835 1475 latere
885 1420 1215 1475 olfendentes
1281 1418 1821 1485 comprehemleruut.
1875 1413 1973 1478 Qui

415 1517 635 1570 salutari
683 1531 741 1570 se
792 1514 933 1569 ablui
982 1514 1331 1582 deposcentes
1380 1511 1593 1564 lavacro
1637 1510 1766 1576 (hos
1811 1507 1974 1567 enim,

415 1607 554 1659 sicut
595 1604 837 1670 superius
873 1603 1104 1655 diximus
1144 1603 1279 1667 (cap.
1315 1598 1391 1667 4),
1435 1599 1516 1651 vir
1546 1597 1637 1649 Dei
1668 1597 1733 1650 de
1763 1595 1978 1648 Christo

417 1694 591 1745 verbis
612 1691 825 1745 edocuit
852 1690 1199 1753 salutaribus)
1231 1687 1440 1754 corpori
1472 1687 1659 1739 matris
1700 1685 1834 1737 uniti
1882 1684 1977 1735 Ec-

414 1783 609 1845 clesia},
640 1790 841 1849 quanta
879 1780 1017 1832 inter
1062 1775 1320 1831 barbaros
1348 1776 1517 1843 gratia
1562 1788 1776 1826 servum
1823 1788 1976 1826 suum

2074 613 2234 656 tantze
2279 606 2659 673 magnitudinis
2702 609 2937 675 pondus,
2979 624 3074 661 uec
3123 611 3269 661 decet
3316 624 3637 677 quemquam

2074 696 2212 749 hanc
2245 710 2569 764 prtesumere
2600 699 2892 760 sarcinam,
2931 698 3082 765 cujus
3119 714 3220 751 non
3268 708 3441 765 potest
3474 702 3640 751 vitare

2075 786 2301 840 ruinam.
2335 787 2613 843 Postremo
2652 805 2751 859 ego
2778 799 2828 843 rt
2858 790 3106 851 Romani,
3158 792 3293 843 sicut
3325 792 3641 844 diter-timur

2075 878 2405 947 regionibus,
2424 880 2495 932 ita
2519 881 2736 933 minime
2755 881 3103 935 convenimus
3121 882 3357 935 moribus
3375 898 3389 933 :
3409 882 3519 934 etsi
3544 882 3637 948 ipsi

2075 968 2463 1038 morigerabor,
2496 971 2787 1024 monastica
2818 972 3150 1041 professione
3180 972 3464 1040 privahor;
3499 971 3641 1024 idcu-

2075 1071 2179 1125 quc
2206 1056 2367 1111 alium
2400 1074 2493 1112 vos
2536 1060 2818 1127 acquirite,
2854 1060 2979 1128 quia
3027 1060 3391 1113 indubitanter
3423 1060 3645 1127 potestis

2076 1147 2234 1211 scire,
2267 1162 2351 1200 me
2386 1152 2451 1200 ad
2490 1148 2698 1202 culmen
2743 1149 3094 1218 apostolicum
3139 1148 3239 1202 hac
3288 1149 3338 1201 in
3382 1148 3490 1200 vita
3537 1163 3643 1201 non

2077 1250 2437 1297 accessurum,
2466 1251 2791 1306 gregemque
2822 1238 2951 1291 mihi
2985 1238 3332 1291 commissum
3366 1253 3639 1305 nunquam

2078 1328 2439 1382 dimissurum.
2474 1347 2493 1378 ι
2530 1327 2641 1381 llac
2684 1328 2898 1396 quidem
2937 1342 3003 1382 ex
3036 1343 3093 1381 re
3138 1327 3336 1395 liquido
3363 1342 3645 1395 possumus

2076 1420 2366 1487 colligere,
2432 1422 2573 1474 hunc
2622 1417 2719 1474 Dei
2774 1419 3033 1473 famulum
3087 1419 3267 1473 multa:
3327 1421 3645 1475 humilitatis

2078 1507 2264 1571 fuisse,
2310 1509 2401 1577 qui
2442 1519 2659 1576 rogatus
2698 1525 2727 1562 a
2766 1524 2975 1563 summo
3009 1518 3344 1562 terrenarum
3382 1510 3641 1577 principe,

2078 1596 2143 1649 ad
2174 1596 2385 1649 culmen
2417 1597 2767 1663 apostolicum
2793 1597 2999 1650 distulit
3029 1597 3337 1650 ascendere.
3374 1596 3476 1649 Sed
3504 1598 3642 1665 quod

2080 1686 2166 1739 ille
2190 1685 2394 1739 distulit
2418 1695 2659 1755 rogatus,
2687 1666 2838 1739 multi
2870 1686 3025 1754 longe
3055 1686 3356 1748 inferiores,
3388 1702 3522 1754 quos
3549 1703 3646 1739 nec

2081 1775 2393 1829 litteratoria
2425 1775 2709 1844 professio,
2748 1791 2847 1830 nec
2888 1776 3125 1829 honesta:
3168 1776 3288 1829 vitre
3318 1778 3645 1843 prevehelmt

414 1873 751 1940 oninipotens
780 1869 1094 1931 illustravit,
1142 1867 1284 1921 soliti
1316 1874 1468 1921 erant
1504 1863 1722 1919 referre.
1765 1862 1973 1930 Optima
2009 1853 2052 1907 Β
2082 1866 2438 1929 conversatio,
2471 1881 2548 1930 se,
2585 1868 2627 1919 si
2676 1874 2912 1933 possent,
2944 1865 3087 1920 ultro
3133 1867 3458 1935 ingererent,
3498 1867 3641 1918 omni

416 1973 539 2015 tunc
588 1960 754 2028 spolia
794 1959 1134 2028 colliguntur,
1182 1969 1468 2025 aequasque
1499 1968 1593 2022 per
1626 1962 1805 2022 partes
1840 1950 1979 2003 inter

416 2049 763 2102 Christicolas
818 2048 1232 2100 distribuuntur.
1284 2045 1381 2099 Ast
1438 2044 1653 2097 beatum
1703 2041 1974 2102 Maiolum,

415 2152 639 2205 corpore
693 2137 816 2190 licet
866 2137 1106 2197 ahsente,
1157 2135 1363 2189 meritis
1410 2142 1587 2186 tamen
1631 2133 1682 2185 in
1734 2129 1979 2200 fugandis

418 2226 658 2279 hostibus
693 2234 1032 2293 praesentem,
1078 2226 1192 2293 ejus
1238 2223 1637 2277 distributionis
1682 2220 1856 2273 cuncti
1888 2218 1976 2286 qui

416 2314 659 2375 aderant,
691 2322 961 2381 expertem
995 2311 1105 2364 fore
1134 2312 1352 2380 dignum
1383 2310 1682 2363 nullatenus
1712 2307 1975 2375 judicant.

417 2401 582 2472 llnjus
610 2418 839 2471 namque
864 2417 961 2470 pro
988 2402 1288 2455 ulciscenda
1314 2399 1504 2469 injuria
1535 2399 1713 2451 hostes
1740 2410 1982 2464 pessum-

417 2494 596 2544 datum
630 2492 694 2545 iri
722 2492 927 2547 etelesti
959 2492 1291 2545 testabantur
1329 2490 1381 2541 in
1414 2488 1655 2541 victoria.
1689 2485 1977 2555 Pr0pterea

416 2596 599 2635 sacros
629 2581 856 2643 codices,
886 2593 1019 2646 quos
1056 2578 1267 2631 barbari
1317 2585 1605 2645 rapuerant
1640 2575 1797 2629 beato
1841 2575 1977 2634 viro,

418 2685 509 2723 sua
543 2685 638 2737 pro
668 2677 819 2738 parte
841 2670 1119 2722 miserunt.
1157 2668 1247 2721 Sic
1277 2666 1651 2735 Omnipotens,
1682 2666 1760 2719 sui
1797 2664 1979 2717 famuli

418 2761 621 2814 meritis
650 2760 995 2830 praecipitans
1040 2759 1234 2828 impiis,
1275 2758 1553 2813 eliheravit
1587 2756 1796 2811 cunctis
1840 2757 1978 2809 viam

417 2849 640 2901 Romani
680 2848 907 2903 itineris.

488 2938 615 2991 V'Ill.
648 2938 939 2993 Romanum
960 2939 1316 3009 ponti/iratum
1351 2950 1572 2993 recusat.
1594 2968 1663 2979 -ο
1684 2937 1797 2992 Non
1824 2938 1981 3007 longo

418 3044 544 3083 vero
590 3039 710 3098 post
760 3039 1000 3098 tempore
1041 3030 1281 3084 Romana
1326 3031 1453 3084 sede
1500 3030 1717 3099 proprio
1764 3030 1981 3083 viduata

417 3129 648 3188 pastore,
701 3120 838 3174 idem
885 3121 978 3175 Dei
1010 3120 1239 3175 famulus
1284 3121 1494 3176 Ottonis
1540 3121 1757 3175 secundi
1796 3121 1982 3187 juncta

416 3225 534 3260 cum
572 3209 760 3261 matris
804 3224 979 3277 prece,
1012 3209 1215 3262 Italiam
1263 3218 1505 3279 repetere
1535 3224 1563 3261 a
1606 3210 1849 3278 partibus
1896 3218 1979 3263 est
2007 3198 2051 3259 (ἶ

416 3304 633 3346 coactus
664 3295 867 3348 Gallize.
892 3296 931 3347 A
962 3306 1130 3349 matre
1162 3304 1284 3350 tunc
1314 3306 1367 3349 et
1409 3296 1519 3351 ﬁlio
1551 3298 1751 3350 honore
1793 3311 1978 3348 susce-

414 3392 535 3447 ptus
562 3383 889 3450 dignissimo,
910 3383 974 3433 ad
1005 3382 1213 3435 culmen
1241 3383 1547 3449 apostolica:
1570 3382 1844 3448 dignitatis
1864 3394 1980 3450 pre-

414 3472 566 3523 cibus
593 3472 789 3538 impelli
820 3472 985 3538 caapit
1029 3471 1374 3524 continuatis.
1421 3470 1525 3524 Sed
1560 3472 1643 3523 cui
1682 3472 1851 3539 magis
1880 3472 1977 3524 ab-

408 3559 595 3626 jectio,
626 3574 785 3627 quam
816 3569 1158 3628 expeteretur
1180 3559 1452 3624 exaltatio,
1492 3545 1794 3622 nullatenus
1819 3562 1882 3614 ad
1919 3578 1977 3617 se

414 3666 728 3719 promovere
782 3652 955 3720 potuit
1018 3652 1363 3705 sublimitatis
1417 3653 1660 3706 ambitio.
1717 3652 1975 3707 Pusillum

413 3758 624 3813 gregem
659 3742 872 3797 nolebat
909 3743 1194 3805 dimittere,
1226 3758 1382 3813 quem
1411 3743 1625 3799 Christo
1652 3744 1851 3813 placuit
1877 3746 1976 3800 sibi

414 3833 798 3886 committere:
860 3840 913 3885 et
964 3848 1084 3886 cum
1139 3834 1254 3901 ipso
1302 3834 1513 3887 volebat
1560 3836 1611 3887 in
1666 3845 1976 3904 paupertate

419 3920 609 3982 vivere,
641 3920 728 3987 qui
764 3920 814 3972 in
858 3930 1224 3988 paupertatem
1257 3922 1533 3975 descendit
1562 3938 1591 3976 a
1637 3924 1840 3977 cozlesti
1874 3925 1980 3979 cul-

415 4014 578 4067 mine.
630 4013 733 4067 Sed
785 4016 851 4066 ab
901 4024 1125 4083 utraque
1180 4031 1300 4069 cum
1362 4025 1642 4083 cogeretur
1684 4025 1977 4085 potestate,

411 4101 751 4168 excogitandi
796 4101 1101 4155 dilationem
1150 4104 1348 4157 studuit
1400 4106 1687 4171 postulare.
1724 4105 1871 4159 Tunc
1912 4105 1977 4157 ad

410 4191 673 4243 orationis
718 4205 775 4243 se
823 4192 1047 4245 contulit
1087 4193 1414 4261 przesidium,
1447 4209 1552 4261 quo
1592 4195 1692 4248 sibi
1725 4195 1980 4249 concede-

412 4291 562 4333 retur
623 4282 878 4335 divinitus
924 4283 1051 4352 quid
1101 4282 1384 4351 agendum,
1436 4284 1631 4351 quidve
1678 4292 1837 4337 tanta:
1886 4300 1981 4353 po-

414 4373 589 4425 testati
616 4381 757 4425 esset
785 4372 1236 4440 respondendum.
1266 4374 1345 4425 Ab
1371 4375 1610 4426 oratione
1640 4382 1694 4426 ut
1720 4374 1973 4437 surrexit,

412 4460 717 4527 -.postolic:e
741 4460 985 4514 lectionis
1007 4462 1173 4514 codex
1199 4477 1324 4515 casn
1354 4461 1450 4515 sub
1466 4461 1633 4515 oculis
1660 4462 1763 4515 huc
1784 4462 1971 4516 adfuit.

2078 1966 2135 2005 se
2164 1950 2436 2018 despectui
2485 1953 2852 2021 multiplicatis
2889 1956 3134 2026 precibus
3166 1957 3491 2010 subderent:
3523 1972 3644 2025 pro-

2079 2050 2281 2094 stremo
2313 2050 2473 2094 tanta:
2503 2042 2777 2110 dignitatis
2803 2060 2908 2110 quo
2946 2046 3365 2099 sublimarentur
3391 2046 3642 2105 culmine,

2078 2144 2271 2199 magno
2299 2130 2563 2199 promisso
2601 2145 2823 2183 munere
2853 2145 2910 2184 se
2950 2131 3192 2184 damnari
3226 2150 3318 2187 sua
3347 2144 3536 2203 sponte
3562 2133 3645 2187 Si-

2078 2219 2321 2270 moniaca
2365 2234 2468 2272 non
2515 2228 2831 2287 spernerent
2881 2229 3049 2288 peste.
3095 2221 3191 2274 Ast
3236 2222 3437 2291 virgDei
3484 2239 3643 2292 quem

2080 2308 2304 2361 interius
2358 2309 2613 2362 virtutum
2659 2312 2916 2380 magistra
2962 2312 3188 2365 docebat
3235 2313 3541 2378 humilitas,
3593 2317 3645 2368 in

2078 2394 2230 2461 cujus
2261 2396 2448 2466 spiritu
2479 2398 2782 2466 evangelica
2820 2400 3077 2470 regnabat
3116 2412 3429 2471 paupertas,
3472 2419 3641 2470 quan-

2078 2498 2240 2551 quam
2306 2484 2532 2553 polleret
2588 2486 2797 2539 eximiae
2855 2490 3283 2542 conversationis
3342 2492 3643 2558 prmeonio,

2081 2573 2200 2627 ideo
2230 2583 2337 2627 tam
2379 2577 2665 2652 sublimari.
2693 2577 2885 2647 refugit
2934 2580 3213 2649 temporali
3263 2580 3495 2651 fastigio,
3541 2598 3647 2651 quo

2081 2663 2322 2717 szeculari
2358 2676 2593 2719 remotus
2638 2669 2853 2737 negotio
2877 2708 2891 2730 ,
2926 2668 3132 2723 ﬁrmius
3161 2670 3432 2725 insisteret
3458 2672 3648 2726 Omni-

2081 2754 2311 2821 potentis
2342 2754 2623 2824 obsequio,
2665 2766 2719 2811 et
2755 2756 3073 2827 longinquus
3115 2761 3333 2824 mundo,
3374 2762 3649 2830 proximus

2082 2857 2293 2910 semper
2315 2843 2465 2897 fieret
2495 2845 2621 2898 Deo.

2154 2931 2361 2988 Secreti
2390 2936 2615 3004 cupidus
2650 2945 2840 2990 sancto
2872 2938 2955 2991 vir
2986 2939 3203 2992 munine
3228 2942 3436 3009 plenus,

2151 3023 2267 3079 Non
2298 3027 2466 3095 magis
2495 3035 2750 3080 externos
2779 3025 2968 3081 doctus
2996 3029 3167 3081 vitare
3195 3029 3404 3082 favores

2153 3114 2431 3185 Quamque
2460 3117 2832 3170 ministrorum
2862 3116 3050 3171 solatia
3084 3118 3270 3171 crebra
3300 3134 3540 3183 suorum,

2154 3206 2292 3260 Voto
2321 3206 2584 3260 detulerat
2612 3206 2979 3276 latebramque
3010 3207 3188 3261 fovere
3212 3225 3521 3278 perennem,

2151 3292 2553 3358 lmmunemque
2582 3294 2714 3347 aula:
2743 3310 2903 3361 quam
2944 3296 3097 3365 longa
3128 3305 3211 3351 est
3238 3297 3431 3352 ducere
3462 3300 3623 3367 vitam

2150 3379 2461 3433 Iuconvulsa
2492 3389 2671 3433 manet
2702 3383 2881 3452 magni
2913 3385 3005 3437 sed
3041 3388 3255 3453 sponsio
3284 3385 3428 3447 Jcsu,

2151 3468 2419 3523 Montibus
2450 3470 2753 3539 impositam
2788 3488 2890 3526 non
2922 3473 3044 3527 abdi
3081 3475 3283 3529 visibus
3312 3478 3495 3530 urbem
3528 3496 3538 3529 :

2150 3558 2425 3628 Quemque
2455 3560 2583 3630 tegit
2611 3561 2817 3615 meritis
2842 3562 3107 3619 absistens
3134 3566 3300 3635 gloria
3332 3568 3590 3636 pulchris,

2149 3650 2351 3705 Indicat
2378 3652 2608 3721 egregiis
2636 3652 2909 3707 illustrans
2930 3657 3293 3727 gratia'signis
3322 3678 3333 3711 :

2149 3738 2216 3792 Et
2244 3755 2455 3809 quaqua
2485 3740 2681 3794 tulerat
2711 3740 2921 3795 facilem
2951 3759 3045 3811 per
3074 3747 3304 3814 compita
3335 3763 3577 3817 gressum

2152 3829 2387 3883 Urbibus
2412 3839 2465 3884 et
2495 3832 2629 3885 vicis
2655 3832 2844 3901 raptim
2876 3836 3179 3899 promiscua
3213 3852 3330 3891 sese

2150 3920 2315 3976 Obvia
2348 3924 2501 3977 turba
2523 3923 2685 3978 dabat
2712 3927 2985 3993 praeclaris
3009 3929 3180 3981 excita
3216 3928 3388 3993 factis,

2152 4012 2218 4066 Et
2246 4028 2548 4082 quanquam
2578 4011 2718 4086 longi
2751 4015 2907 4071 facile
2934 4033 3122 4072 secura
3154 4018 3373 4073 laboris.

2150 4102 2239 4157 IX.
2272 4102 2645 4173 Imperatorem
2708 4107 2771 4159 de
2819 4107 2997 4175 jurgio
3062 4109 3115 4160 in
3172 4120 3387 4162 matrem
3442 4113 3645 4180 arguit,

2078 4194 2227 4261 eique
2284 4203 2500 4246 matrem
2563 4194 3121 4250 reconciliat.—Suh
3167 4197 3353 4251 eodem
3410 4206 3647 4269 tempore.

2078 4282 2362 4352 przedictus
2398 4284 2687 4353 imperator
2717 4293 2945 4339 matrem
2994 4286 3301 4351 zelabatnr,
3338 4288 3460 4356 quia
3508 4292 3647 4357 apml

2078 4386 2135 4425 se
2164 4370 2295 4424 falso
2324 4372 2547 4425 crimine
2586 4371 2948 4437 deferebatur,
2980 4376 3030 4427 in
3060 4390 3288 4444 eamque
3328 4386 3452 4429 tunc
3494 4379 3643 4444 quasi

2079 4460 2382 4530 reipublicaz
2428 4461 2850 4531 dilapidatricem
2879 4503 2893 4528 ,
2936 4475 2986 4517 et
3031 4466 3112 4518 sui
3167 4467 3233 4519 ab
3274 4481 3335 4520 ea
3388 4468 3641 4535 expulsa-

409 4553 526 4615 Quo
558 4559 759 4617 aperto,
794 4550 878 4602 illa
906 4566 962 4604 se
993 4550 1046 4603 in
1073 4551 1244 4619 prima
1282 4550 1539 4620 marginis
1579 4551 1755 4605 fronte
1780 4551 1974 4607 obtulit
2003 4529 2050 4588 Ῑ)
2082 4529 2285 4616 tricem,
2318 4567 2413 4621 per
2460 4529 2623 4607 falsos
2666 4553 2930 4609 delatores
2977 4556 3066 4609 tali
3111 4558 3489 4612 stimulabatur
3527 4559 3645 4627 jur-

411 4641 589 4703 lectio,
612 4639 764 4707 cujus
792 4656 847 4694 se
872 4641 1130 4694 divinitus
1154 4642 1343 4693 instrui
1372 4641 1599 4695 credidit
1626 4642 1967 4696 documento.

407 4730 671 4782 Insertum
718 4746 931 4799 quoque
971 4730 1110 4799 quod
1160 4731 1378 4798 reperit,
1430 4731 1528 4784 sibi
1577 4732 1971 4786 adhzerentibus

410 4818 586 4888 legere
612 4821 772 4888 cmpit
803 4838 814 4873 :
860 4819 1036 4872 Videte
1067 4836 1126 4873 ne
1167 4823 1278 4890 quis
1309 4838 1393 4874 vos
1422 4822 1641 4889 decipiat
1676 4840 1767 4891 per
1805 4822 1971 4891 philo-

406 4909 641 4977 .wpIn'am
677 4921 720 4962 et
765 4911 969 4963 inanem
1012 4910 1279 4977 fallaciam
1315 4912 1594 4964 secundant
1638 4914 1969 4967 traditionem

405 5000 692 5063 hominum,
725 5000 1005 5053 secundum
1052 5000 1300 5053 elementa
1344 5002 1545 5065 mundi,
1579 5012 1624 5054 et
1658 5020 1759 5055 non
1794 5020 1971 5058 secun-

404 5092 530 5143 dum
561 5090 821 5144 Christum
852 5087 1071 5160 (Coloss.
1107 5107 1163 5155 ιι,
1189 5090 1263 5159 8).
1298 5092 1471 5160 Agere
1500 5106 1558 5145 se
1598 5104 1847 5162 Oportere
1885 5094 1966 5149 fa-

406 5192 548 5235 tetur
576 5183 683 5236 suis
714 5182 860 5235 omni
902 5181 1076 5235 studio
1118 5182 1259 5251 quod
1305 5182 1481 5236 divina
1519 5185 1755 5253 suggerit
1785 5185 1966 5243 lectio.

402 5272 743 5343 Imperatoris
767 5280 821 5326 et
856 5280 1053 5326 sanctae
1086 5274 1274 5326 matris
1305 5273 1496 5326 iterum
1529 5275 1778 5341 precibus
1805 5276 1966 5331 alter-

400 5365 481 5394 n:n
512 5364 575 5394 ﬁt.
617 5365 791 5394 τηρ-11η
832 5359 1099 5394 η’ὶηῖίηιιισι
1131 5363 1465 5394 οιιῆηησοῖιιιιο
1498 5377 1510 5391 ⁸
1550 5377 1669 5394 IIII-5‘
1702 5366 1964 5394 nn'.:l:'\uun

2073 4640 2178 4710 gio,
2208 4650 2266 4694 ut
2292 4656 2409 4693 eam
2436 4656 2588 4695 versa
2618 4642 2737 4696 vice
2778 4644 3071 4713 propellere
3119 4646 3412 4700 minaretur
3459 4665 3641 4718 regno.

2076 4731 2304 4783 Suorum
2329 4725 2629 4800 principum
2656 4732 2831 4787 nullus
2861 4748 2982 4787 eum
3011 4736 3319 4801 convenire,
3348 4728 3647 4807 falsumque

2072 4821 2274 4875 crimen
2303 4836 2332 4874 a
2363 4823 2700 4876 sanctissima
2744 4835 2916 4879 matre
2959 4828 3196 4880 tentabat
3235 4839 3497 4883 avertere.
3544 4829 3642 4898 Ipsi

2073 4925 2191 4965 eam
2226 4911 2511 4967 defendere
2541 4912 2876 4981 negligebant
2901 4929 2929 4967 a
2953 4916 3179 4969 crimine
3209 4916 3480 4981 falsitatis,
3511 4932 3648 4985 quos

2079 5002 2167 5054 illa
2202 5000 2466 5056 extulerat
2512 5001 2578 5055 ad
2626 5016 2865 5057 summos
2908 5005 3104 5073 gradus
3156 5005 3450 5076 dignitatis.
3503 5006 3647 5061 Ilane

2076 5108 2264 5148 omnes
2293 5094 2691 5148 excusationem
2734 5096 3172 5164 praatendebant,
3206 5100 3346 5165 quod
3390 5099 3648 5166 imperiali

2076 5183 2342 5251 majestati
2373 5182 2741 5237 contradicere
2779 5200 2883 5238 non
2914 5184 3202 5238 audebant.
3238 5188 3377 5241 Ecce
3408 5186 3653 5241 fereban-

2076 5284 2163 5329 tur
2206 5275 2455 5346 precibus
2508 5273 2759 5329 mandata
2808 5286 3008 5331 coactis
3052 5285 3371 5332 cunctorum
3401 5318 3415 5343 ,
3466 5277 3655 5346 quiqui

2077 5367 2287 5394 F...\_-..n
2336 5382 2393 5394 Α-
2447 5375 2603 5394 νισι-οΛ
2633 5366 2840 5394 n:n-..M
2923 5367 3018 5394 :nnl
3053 5372 3371 5394 nol-\osl~-:..~
3429 5382 3489 5394 ΑΛ
3522 5367 3625 5394 1121..
