4494 5520
846 427 941 485 ΤΗ

1969 426 2026 480 S.
2071 429 2299 483 MAIOLI
2337 428 2625 482 AliBA'l’lS
2663 429 2978 484 CLL’NIAC.

4017 443 4118 499 772

927 542 1161 605 l‘xititat,
1194 542 1584 611 impatiensque
1614 556 1775 593 morae
1801 555 1923 593 mox
1957 556 2105 593 arma
2139 540 2372 609 reposcit
2460 545 2509 602 Α
2544 554 2561 584 ι
2612 536 2818 590 Fratris
2868 538 3043 593 Maioli
3075 542 3299 595 consilio
3344 544 3384 594 si
3436 560 3619 598 aurem
3669 552 3957 615 prarlieres,
3994 554 4117 605 bim:

922 636 1086 690 Anna
1119 633 1282 693 celer,
1320 634 1567 702 notisque
1594 641 1743 686 artus
1774 632 2041 686 inducitur
2072 633 2257 685 armis.
2292 693 2298 699 ‘

917 725 1151 779 Voveral
1180 724 1266 778 ille.
1292 740 1445 777 suum
1477 724 1597 778 fidei
1629 741 1728 793 pro
1758 725 1974 779 nomine
2000 734 2208 795 pectus,

921 819 976 871 ln
1004 831 1383 887 quamcunque
1411 815 1566 872 daret
1590 831 1750 871 casus
1779 817 2087 871 incumbere
2116 825 2365 870 mortem.

838 912 880 965 Δ
895 918 939 963 sl
968 909 1056 962 ubi
1091 908 1255 971 veuit,
1296 922 1419 962 mox
1453 908 1762 979 imperatori
1797 909 1847 962 in
1882 908 2070 963 faciem
2117 910 2339 973 resistit,
2369 919 2423 963 et

843 1015 966 1053 eum
1010 997 1220 1069 publice
1260 1014 1445 1052 coram
1486 999 1736 1053 omnibus
1778 1001 2091 1070 increpavit.
2149 1021 2167 1052 ι
2205 1003 2419 1071 Aspice,

842 1091 1035 1161 inquit,
1069 1090 1390 1144 sublimatus
1429 1091 1757 1143 transitoria:
1804 1091 2100 1162 dignitatis,
2140 1108 2235 1146 cur
2280 1108 2420 1161 pra:-

839 1192 992 1250 repta
1024 1182 1333 1251 aspernaris
1372 1182 1654 1236 veritatis?
1695 1182 1896 1237 Potens
1944 1192 2026 1238 est
2078 1192 2127 1239 te
2176 1186 2421 1253 redigere

840 1273 904 1323 ad
930 1273 1172 1333 minima,
1197 1271 1285 1340 qui
1311 1271 1377 1325 ad
1400 1271 1707 1326 mortalium
1733 1283 1783 1325 te
1805 1272 2109 1327 suhlimavit
2132 1273 2361 1344 fastigia.
2396 1296 2412 1328 ι

838 1362 988 1417 Tunc
1021 1364 1339 1432 imperator,
1376 1365 1479 1419 hac
1518 1364 1700 1418 audita
1730 1365 2148 1419 comminatione
2172 1406 2187 1428 ,
2238 1368 2419 1421 subito

836 1455 1184 1517 contremuit,
1216 1463 1269 1507 et
1300 1453 1523 1523 supplici
1553 1469 1801 1509 sermone
1829 1455 2123 1523 respondit,
2154 1463 2208 1509 et
2239 1455 2288 1509 in
2313 1472 2420 1526 quo

837 1554 1103 1616 pra-cepta
1127 1545 1373 1599 veritatis
1397 1553 1789 1611 contemneret,
1815 1547 2091 1601 humiliter
2116 1549 2414 1617 requisivit.

840 1658 857 1687 ι
891 1637 987 1692 Cui
1034 1638 1117 1691 vir
1151 1638 1241 1691 Dei
1277 1655 1287 1689 :
1324 1637 1603 1701 Parentes,
1635 1639 1827 1707 inquit,
1859 1639 2127 1693 honorare
2173 1640 2312 1693 illius
2336 1649 2419 1693 est

826 1725 1021 1794 jnssio,
1044 1729 1133 1796 qni
1159 1743 1280 1782 cum
1309 1729 1450 1782 Deus
1479 1736 1645 1793 esset,
1676 1729 1915 1799 virgineo
1938 1730 2114 1783 editus
2139 1744 2204 1783 ex
2238 1740 2414 1793 utero,

832 1819 991 1873 matri
1023 1836 1080 1873 se
1109 1818 1375 1887 subjicere
1404 1821 1654 1891 dignatur
1700 1821 1751 1874 in
1788 1821 2100 1891 Evangelio.
2149 1821 2239 1876 Sic
2270 1823 2413 1875 enim

2536 625 2675 677 unde
2704 627 2855 681 venis
2884 638 3027 681 retro
3060 630 3278 684 redires.
3324 632 3427 687 Pro
3452 644 3600 690 certe
3627 637 3768 690 enim
3802 640 3964 701 scias,
3988 642 4111 710 quia

2534 713 2576 766 si
2627 712 2852 767 Romam
2900 718 3205 785 perrexeris
3250 735 3356 787 quo
3400 721 3476 774 ire
3512 722 3773 791 disponis,
3816 727 4117 782 nativitatis

2535 818 2757 869 regnum
2793 821 3063 874 nunquam
3096 809 3325 877 amplius
3372 810 3578 865 videbis
3602 851 3618 876 ,
3670 814 3762 868 sed
3794 814 3977 871 Romae
4004 833 4113 887 quo

2531 894 2734 961 pergis,
2764 894 3071 963 sepulcrum
3119 897 3359 953 habebis.
3391 919 3409 950 ι
3466 900 3576 955 Hoc
3604 918 3819 974 quoque
3844 909 3985 975 quod
4019 910 4109 964 Dei

2528 985 2775 1052 prtedixit
2805 985 3060 1050 famulus,
3094 990 3168 1042 rei
3202 1000 3385 1060 postea
3418 995 3664 1061 probavit
3697 1008 3944 1053 eventus.

2601 1073 2688 1128 XI.
2720 1075 2971 1131 Comitem
2996 1081 3326 1134 sanan—lu
3354 1082 3683 1140 Alemannize
3708 1089 3951 1156 partibus
3978 1106 4111 1159 qun-

2529 1164 2653 1219 dam
2681 1177 2922 1237 tempore
2954 1183 3073 1223 cum
3102 1181 3423 1239 moraretur,
3461 1173 3579 1243 ejus
3605 1178 3866 1234 adventus
3894 1196 4111 1236 rumore

2528 1258 2824 1325 dilfamato,
2852 1262 2917 1315 ad
2942 1278 3063 1317 eum
3089 1263 3363 1331 cujusdam
3392 1267 3606 1322 comitis
3626 1271 3836 1323 concita
3867 1274 4110 1341 pervenit

2529 1348 2740 1419 legatio.
2783 1350 2861 1404 Ex
2891 1350 3047 1420 longo
3079 1368 3311 1422 namque
3336 1362 3583 1425 tempore
3612 1358 3898 1427 praedictus
3927 1376 4108 1418 eomes

2527 1438 2691 1491 nimia
2736 1437 3133 1509 deprimebatur
3178 1444 3529 1511 aegritudine,
3579 1462 3699 1517 qua:
3738 1451 3975 1518 quotidie
4012 1468 4107 1521 per

2530 1542 2817 1602 augmenta
2847 1549 3199 1589 succreseens
3230 1538 3414 1603 noxia,
3447 1538 3517 1592 ita
3548 1548 3715 1595 totum
3746 1556 3942 1612 corpus
3968 1543 4105 1599 infe-

2483 1649 2489 1654 -
2527 1630 2701 1687 cerat,
2737 1632 2792 1677 ut
2832 1639 2930 1679 nec
2962 1625 3027 1679 de
3075 1625 3213 1680 lecto
3240 1642 3481 1698 surgere,
3515 1644 3613 1683 nec
3642 1644 3706 1683 ex
3734 1647 3841 1686 uno
3870 1634 3922 1687 in
3950 1635 4096 1689 aliud

2526 1727 2582 1766 se
2627 1713 2767 1767 latus
2813 1716 3078 1779 potuisset
3123 1725 3356 1768 vertere.
3393 1716 3558 1770 Cibus
3584 1726 3639 1772 et
3661 1729 3817 1788 polus
3846 1723 3919 1775 ita
3944 1733 4102 1778 erant

2526 1802 2776 1864 fastidio,
2816 1802 2959 1871 quod
2996 1819 3189 1873 corpus
3234 1805 3401 1858 nimio
3451 1807 3797 1865 simulacrum
3827 1813 4103 1869 videretur

831 1910 905 1963 ait
934 1909 1271 1980 Evangelista
1303 1928 1314 1963 :
1342 1889 1618 1964 Descendit
1646 1928 1761 1963 cum
1790 1911 1896 1962 illis
1926 1889 2215 1970 Nazareni,
2238 1920 2284 1959 et
2305 1918 2415 1960 erat
2453 1901 2491 1959 Β
2515 1889 2606 1980 59]"

2323 1918 2415 1960 ,ναι
2453 1889 2740 1959 Bjejunio.
2787 1892 2910 1947 Ideo
2955 1894 3020 1947 ad
3062 1895 3279 1949 beatum
3338 1897 3509 1951 virum
3557 1900 3759 1956 directa
3808 1900 4098 1972 legatione,

828 1999 1066 2053 subditus
1094 2000 1219 2053 illis.
1252 2000 1307 2053 Si
1341 2001 1499 2054 matri
1531 2016 1590 2055 se
1618 2001 1845 2069 subjecit
1873 1998 1963 2067 qui
1994 2012 2090 2066 per
2116 1999 2410 2067 potentiam

828 2090 1127 2144 divinitatis
1171 2091 1352 2144 omnia
1405 2091 1554 2152 fecit,
1590 2098 1640 2142 te
1686 2090 1752 2142 ab
1784 2088 1873 2142 illo
1906 2088 1994 2142 vili
2026 2085 2314 2143 formatum
2344 2104 2410 2144 ex

828 2185 939 2236 luto
970 2183 1019 2236 iu
1054 2192 1280 2236 matrem
1325 2180 1607 2251 superbire
1655 2196 1752 2235 cur
1797 2182 1937 2237 elata
1968 2183 2237 2251 persuasit
2271 2198 2409 2253 pra:-

826 2273 1100 2343 sutnp:io?
1136 2293 1155 2325 ι
1196 2273 1276 2326 Ad
1307 2272 1447 2327 hanc
1480 2273 1773 2342 imperator
1809 2289 1997 2329 vocem
2030 2274 2233 2328 irarum
2261 2273 2411 2327 ﬂam-

827 2376 944 2415 mas
969 2370 1315 2431 temperans,
1367 2362 1817 2417 immanissimum
1871 2362 2107 2417 furorem
2140 2364 2407 2435 deposuit,

825 2453 1106 2523 patrisque
1136 2451 1313 2507 Maioli
1343 2466 1439 2521 per
1464 2454 1647 2507 omnia
1676 2469 1734 2508 se
1763 2454 2261 2523 obtemperaturum
2288 2453 2407 2524 jus-

823 2543 901 2596 sis
926 2542 1219 2612 perhibuit.
1241 2542 1349 2598 Pro
1367 2542 1612 2612 jussione
1640 2544 1854 2599 tandem
1881 2545 2210 2600 sanctissimi
2239 2547 2409 2614 patris

824 2642 951 2687 ante
982 2642 1210 2687 matrem
1255 2645 1313 2687 ut
1352 2634 1524 2697 venit,
1559 2634 1673 2689 suis
1716 2650 1776 2689 se
1808 2635 2048 2707 vestigiis
2078 2635 2324 2705 projecit,
2353 2646 2409 2691 et

819 2724 868 2776 ei
898 2723 1202 2793 obsequens
1231 2731 1290 2777 ut
1316 2724 1476 2778 matri
1508 2722 1649 2778 filius
1694 2724 1747 2777 in
1786 2725 1931 2778 nullo
1972 2741 2090 2779 eam
2121 2722 2407 2781 offendisse

820 2813 1076 2884 deinceps
1099 2823 1180 2869 est
1208 2815 1476 2867 inventus.
1519 2812 1671 2867 llune
1702 2815 1884 2883 itaque
1910 2815 2001 2883 qui
2036 2815 2176 2869 inter
2205 2827 2408 2869 morta-

820 2901 899 2956 les
947 2919 1189 2958 summus
1236 2904 1486 2974 princeps
1534 2904 1845 2969 eminebat,
1894 2919 2052 2972 quem
2101 2905 2166 2957 ad
2218 2905 2407 2959 matris

820 2994 1165 3047 concordiam
1194 2994 1487 3048 convenire
1522 2994 1702 3048 nullus
1733 2995 1983 3058 audebat,
2019 2996 2088 3049 ab
2137 2995 2239 3050 hoc
2282 3012 2400 3052 sce-

819 3080 948 3141 lere,
980 3084 1120 3150 quod
1158 3082 1311 3136 facile
1346 3083 1519 3151 p‘tlllil
1548 3099 1917 3154 compescere,
1951 3085 2218 3154 matrique
2247 3087 2405 3141 satis-

822 3170 1033 3234 facere,
1066 3182 1120 3224 et
1154 3172 1201 3225 ei
1248 3180 1306 3225 ut
1351 3175 1781 3242 consequi-batur
1827 3173 2047 3228 obedire
2094 3178 2209 3229 solo
2248 3174 2400 3242 jussu

2516 1978 2631 2046 ejus
2662 1982 2914 2049 pietatem
2943 1984 3165 2054 supplici
3194 1987 3480 2055 postulavit
3502 1988 3804 2051 devotione,
3831 2003 4098 2061 quatenus

2515 2084 2579 2122 ex
2615 2071 2698 2124 his
2728 2087 2847 2137 quae
2875 2073 2941 2126 ad
2986 2074 3186 2128 victum
3218 2077 3494 2145 proprium
3535 2078 3626 2132 Dei
3660 2082 3988 2149 parabantur
4017 2082 4084 2138 fa-

2516 2161 2678 2226 mulo,
2723 2178 2833 2217 sua:
2882 2164 3264 2220 imbecillitatis
3310 2168 3689 2223 subveniretur
3734 2172 4093 2230 incommodo.

2517 2252 2628 2307 llac
2670 2254 2851 2324 itaque
2896 2256 3163 2326 legatione
3207 2258 3275 2313 ab
3303 2274 3368 2314 eo
3396 2260 3485 2329 qui
3515 2262 3813 2319 visceribus
3841 2263 4095 2322 adluebat

2513 2344 2918 2411 misericordiie,
2954 2363 3145 2416 panem
3177 2364 3284 2418 quo
3313 2351 3630 2407 vescebatur
3661 2369 3781 2409 eum
3812 2359 4095 2428 amigdalis

2511 2444 2564 2489 et
2599 2435 2885 2492 odoriferis
2913 2440 3149 2508 suscepit
3198 2441 3503 2511 pigmentis.
3535 2444 3685 2500 Tunc
3733 2447 3823 2503 Dei
3860 2448 4092 2506 famulus

2511 2529 2575 2580 ad
2614 2543 2740 2582 suos
2782 2544 3074 2583 conversus
3118 2548 3129 2582 :
3175 2550 3193 2581 ι
3233 2533 3640 2601 Familiatitate,
3682 2540 3874 2609 inquit,
3907 2551 4088 2598 nostra

2510 2616 2640 2672 fisus
2664 2618 2765 2673 hoc
2796 2618 2895 2673 iste
2922 2620 3033 2699 suis
3059 2621 3299 2692 deposcit
3325 2626 3596 2693 precibus,
3625 2639 3889 2697 quatenus
3914 2638 4089 2690 omni-

2509 2716 2699 2774 potens
2748 2708 2983 2764 Medicus
3032 2711 3077 2765 ei
3139 2713 3339 2767 nostris
3396 2716 3678 2773 subveniat
3729 2720 4083 2778 orationibus.

2508 2795 2630 2850 Ideo
2658 2794 2941 2866 “agitanda
2970 2809 3052 2853 est
3082 2801 3171 2855 Dei
3201 2802 3508 2869 clementia,
3540 2822 3646 2876 quo
3671 2807 3940 2864 sublevari
3970 2828 4086 2867 me-

2510 2895 2691 2938 reatur
2718 2888 2961 2956 corporis
2989 2889 3255 2945 molestia.
3301 2892 3498 2947 Potens
3537 2906 3622 2948 est
3668 2897 3813 2951 enim
3860 2898 3947 2953 ille
3994 2903 4087 2969 qui

2508 2975 2675 3045 reguli
2707 2976 2874 3031 filium
2919 2994 3168 3036 sermone
3199 2984 3412 3037 sanavit
3447 2984 3733 3055 imperiali,
3764 2990 3905 3046 hunc
3931 2995 4089 3047 nobis

2508 3066 2819 3123 absentibus
2844 3070 3082 3139 pristiam
3105 3075 3388 3129 restituere
3411 3078 3675 3146 sospitati.
3710 3100 3728 3132 ι
3764 3081 3883 3137 Mox
3907 3084 4088 3154 itaque

2511 3164 2568 3207 ut
2598 3156 2682 3209 vir
2708 3158 2798 3213 Dei
2826 3174 2947 3213 cum
2979 3160 3236 3218 fratribus
3276 3179 3336 3220 se
3362 3169 3589 3221 orationi
3622 3169 3788 3236 dedit,
3817 3177 4088 3246 extemplo

816 3259 1023 3328 coegit;
1066 3260 1266 3327 liquido
1308 3260 1511 3323 claret,
1554 3263 1695 3315 lutnc
1723 3276 1920 3331 magno
1950 3263 2146 3317 mentis
2171 3261 2405 3316 culmine
2435 3251 2477 3309 C
2510 3246 2599 3312 qui
2624 3246 2812 3302 “beral-
2840 3247 3112 3305 mClior-‘ri
3138 3253 3319 3323 εωβίί·
3351 3254 3571 3310 never“
3598 3274 3724 3313 τοῖο
3753 3262 3844 3330 (1·ιὶ
3875 3261 4089 3319 fueram

818 3350 1071 3418 potestati
1125 3351 1387 3405 inhaerere
1432 3366 1700 3419 superine,
1729 3365 1832 3418 qua
1879 3352 2137 3419 prmditus
2167 3350 2293 3404 illud
2322 3350 2402 3404 fa-

825 3455 950 3494 cere
976 3440 1149 3509 potuit
1189 3440 1434 3509 jussione
1477 3440 1634 3509 quod}
1664 3440 1844 3494 nullus
1870 3440 2086 3511 aggredi
2117 3455 2278 3494 ausus
2323 3449 2406 3495 est

816 3532 1227 3601 supplicatione.
1258 3530 1407 3596 Quod
1437 3531 1581 3585 enim
1614 3530 1687 3585 illi
1720 3532 2029 3594 inhaeserat,
2058 3532 2142 3585 cui
2172 3531 2298 3585 nihil
2324 3541 2407 3585 est

817 3622 1166 3693 impossibile,
1200 3622 1318 3676 ideo
1341 3622 1409 3677 ab
1433 3637 1499 3677 eo
1531 3623 1726 3678 meruit
1749 3623 2014 3691 accipere,
2049 3634 2107 3677 ιιι
2131 3622 2290 3691 hujus
2321 3624 2402 3677 sui

817 3714 1191 3767 dominaretur
1214 3713 1411 3782 jusslo,
1454 3712 1607 3782 cujus
1640 3722 1908 3767 terrarum
1940 3714 2211 3783 principes
2240 3713 2405 3781 subji-

817 3803 1101 3857 cirbautur
1133 3803 1390 3858 dominio.

889 3894 957 3949 Χ.
984 3895 1193 3949 Ottonis
1224 3893 1253 3947 1
1282 3906 1498 3949 mortem
1529 3894 1788 3965 pra'dicit,
1813 3895 1932 3948 dein
1956 3895 2406 3949 secundi—Inter

817 3996 1012 4042 czetera
1043 3986 1309 4056 siquidem
1340 3986 1597 4040 miracula
1624 4001 1743 4055 qua:
1786 3985 2041 4038 Dominus
2079 3986 2407 4054 operabatur

816 4077 881 4131 ad
925 4075 1257 4131 ostendenda
1303 4077 1443 4130 servi
1495 4076 1578 4129 sui
1627 4077 1839 4140 merita,
1880 4076 2070 4146 spiritu
2108 4078 2406 4148 prephetite

818 4167 1069 4236 dignatus
1096 4175 1181 4220 est
1220 4165 1458 4229 erudire,
1489 4173 1549 4219 ut
1581 4173 1804 4220 ventura
1836 4166 2031 4236 szepius
2060 4168 2401 4236 prmdiceret,

815 4265 870 4310 et
899 4256 1139 4310 absentia
1172 4254 1531 4325 prmsentibus
1558 4295 1572 4318 ,
1621 4255 1774 4325 quasi
1810 4256 2094 4326 prtesentia
2127 4296 2142 4320 ,
2194 4256 2405 4311 denun-

818 4346 997 4399 tiaret.
1026 4344 1268 4413 Quodam
1295 4353 1536 4416 tempore
1558 4346 1682 4400 dum
1707 4344 1875 4400 Roma
1902 4346 2123 4408 rediret,
2148 4344 2407 4402 fratribus

818 4450 940 4489 cum
972 4434 1166 4503 quibus
1204 4434 1307 4489 iter
1339 4434 1638 4505 carpebat,
1680 4434 1960 4504 suspirans
1994 4451 2115 4489 cum
2149 4434 2407 4508 laerymis

816 4526 953 4581 dixit
995 4545 1008 4581 :
1061 4526 1173 4582 llac
1226 4536 1388 4584 nocte
1434 4543 1531 4598 per
1585 4544 1835 4585 somnum
1888 4529 2098 4585 leonem
2158 4531 2405 4587 videbam

2505 3338 2716 3401 directi,
2749 3355 2810 3393 ea
2860 3342 2990 3395 hora
3022 3356 3125 3409 qua
3165 3360 3193 3395 a
3239 3346 3356 3401 viro
3386 3347 3477 3401 Dei
3511 3361 3870 3417 recesserunt,
3901 3355 4087 3410 melio-

2508 3427 2615 3479 rari
2652 3430 2880 3497 cmpisse
2909 3447 3063 3484 suum
3114 3434 3389 3489 dominum
3432 3453 3816 3505 cognoverunt.
3854 3444 4088 3500 Posthac

2510 3532 2733 3571 munere
2760 3519 2857 3572 viri
2891 3520 2983 3575 Dei
3011 3537 3069 3575 se
3093 3523 3311 3589 cibavit,
3344 3534 3400 3581 et
3426 3529 3561 3583 adeo
3593 3530 3795 3601 integra
3828 3538 4091 3604 sospitan

2507 3608 2818 3674 convaluit,
2872 3620 2950 3673 ut,
3005 3615 3191 3683 paucis
3230 3616 3564 3687 interpositis
3606 3622 3817 3689 diebus,
3858 3627 3970 3696 ipse
4020 3630 4090 3684 ad

2509 3698 2723 3753 beatum
2771 3715 3019 3770 pergens,
3069 3704 3185 3772 ejus
3232 3708 3478 3778 vestigiis
3528 3713 3813 3770 advolutus
3858 3717 4090 3774 immen-

2510 3803 2597 3842 sas
2626 3805 2724 3858 pro
2750 3791 3014 3850 beneficio
3041 3795 3241 3863 gratias
3274 3799 3537 3854 retulerit.

2583 3878 2697 3934 XII.
2735 3880 2853 3933 Alia
2882 3883 3290 3939 miracula.—ln
3317 3885 3596 3945 Vivarensi
3625 3893 3709 3961 (de
3746 3893 3962 3967 Viviers)
3988 3901 4089 3954 eli-

2512 3978 2656 4023 mate
2703 3973 2948 4039 quaedam
3006 3972 3201 4028 nobilis
3255 3986 3501 4032 matrona
3557 3980 3712 4053 longa
3758 3978 4092 4046 afﬁciebatur

2508 4062 2842 4130 aegritudine.
2889 4064 3015 4117 Haec
3061 4065 3113 4118 in
3165 4069 3336 4121 sancti
3384 4068 3660 4127 Saturnini
3690 4077 3881 4133 cellula
3912 4082 4089 4137 virum

2512 4151 2603 4204 Dei
2634 4154 2831 4207 morari
2861 4144 2919 4207 ut
2948 4157 3229 4224 comperit,
3263 4174 3385 4212 mox
3417 4174 3539 4215 eum
3568 4179 3663 4217 sua
3694 4165 3957 4237 legatione
3990 4172 4089 4226 de-
4147 4183 4153 4186 '

2509 4256 2731 4311 poscere
2756 4243 2979 4308 studuit,
3010 4260 3202 4313 aquam
3232 4248 3333 4302 sibi
3362 4250 3429 4303 ad
3460 4251 3814 4310 hauriendum
3844 4269 3899 4312 ut
3926 4258 4093 4316 bene.

2510 4333 2733 4392 diceret.
2758 4342 2813 4387 et
2834 4333 2901 4387 ad
2925 4336 3233 4405 ungendum
3261 4338 3367 4393 olei
3403 4340 3698 4410 liquorem,
3724 4360 3833 4400 suae
3854 4347 4093 4405 dexterae

2512 4423 2667 4493 signo
2696 4424 3093 4479 sanctificatum
3124 4427 3397 4498 dirigeret.
3436 4430 3561 4487 lltec
3590 4448 3707 4503 qua:
3733 4437 3886 4505 petiit
3913 4454 3943 4493 a
3978 4441 4096 4495 viro

2512 4511 2605 4567 Dei
2658 4514 2935 4582 percipere
2976 4522 3035 4567 ιιι
3068 4518 3304 4583 meruit,
3358 4518 3500 4575 illico
3550 4524 3802 4579 recedere
3848 4531 4097 4597 corporis

816 4619 1266 4674 immanissimum
1290 4620 1380 4691 qui
1404 4621 1621 4676 clausus
1651 4621 1703 4675 in
1734 4635 1897 4676 cavea
1927 4630 2116 4676 eatena
2144 4624 2410 4679 constrin—
2438 4599 2485 4657 ί)
2517 4619 2591 4657 ⁸η(

2320 4624 2410 4679 .in_
2438 4599 2485 4657 D
2517 4602 2759 4657 molestia
2788 4612 2842 4657 et
2868 4605 2934 4657 ad
2971 4605 3257 4674 pristinum
3285 4606 3514 4664 ollicium
3545 4611 3616 4665 ita
3646 4615 3885 4683 reparari
3915 4631 4095 4687 cmpe-

813 4708 1041 4777 gebatur
1089 4709 1298 4775 ferrea;
1351 4720 1406 4766 et
1458 4711 1578 4766 ideo
1626 4710 2001 4766 indubitanter
2047 4711 2234 4767 sciatis
2281 4714 2406 4783 quia

815 4799 944 4855 Otto
975 4800 1268 4871 imperator
1298 4802 1400 4857 hoc
1449 4816 1593 4856 anno
1633 4802 1796 4857 rebus
1837 4802 2061 4857 excedet
2098 4803 2349 4858 humanis
2390 4818 2403 4856 :

812 4891 955 4958 quod
1008 4891 1081 4945 ita
1126 4893 1205 4947 rei
1255 4891 1506 4963 probavit
1560 4900 1807 4946 eventus.
1860 4892 1913 4944 In
1965 4892 2213 4960 proximo
2262 4894 2407 4947 enim

812 4980 1153 5036 Provinciam
1188 4998 1462 5047 reversus,
1499 4983 1682 5052 ibique
1732 4982 1785 5035 in
1824 4984 2058 5051 quadam
2090 4998 2185 5037 sua
2216 4984 2405 5039 cellula

812 5072 997 5137 paucis
1044 5072 1231 5127 diebus
1273 5088 1652 5137 commorans,
1696 5072 1905 5141 legatus
1962 5087 2028 5128 ex
2073 5072 2409 5129 Alemannia:

811 5161 1058 5229 partibus
1084 5161 1323 5229 advenit,
1356 5165 1447 5235 qui
1480 5162 1767 5233 prmfatum
1797 5165 2179 5233 imperatorem
2209 5165 2276 5219 ab
2307 5165 2407 5220 hac

811 5252 919 5304 vita
968 5253 1230 5323 migrasse
1274 5255 1485 5309 detulit.
1538 5253 1645 5309 Sed
1676 5254 1819 5309 sicut
1853 5255 1938 5307 vir
1986 5253 2081 5309 Dei
2127 5255 2406 5310 absentem

814 5357 927 5396 rem
960 5352 1215 5410 tanquam
1246 5355 1565 5410 prasentem
1598 5355 1726 5400 tunc
1754 5344 2016 5399 fratribus
2040 5346 2406 5410 retulit,‘quo-

2512 4701 2636 4746 runt
2673 4694 2917 4759 membra
2947 4693 3278 4766 languentia,
3312 4708 3370 4751 ut
3407 4699 3629 4768 depulsa
3669 4704 3987 4773 aegritudine
4014 4709 4097 4761 sic

2511 4783 2759 4851 proximo
2790 4793 3033 4853 tempore
3077 4794 3187 4841 toto
3234 4789 3436 4844 valeret
3475 4806 3719 4862 corpore,
3749 4810 3815 4849 ac
3854 4799 3900 4851 si
3932 4809 4095 4855 antea

2513 4866 2710 4930 nullius
2740 4877 3078 4945 aegritudinis
3119 4879 3426 4935 inficeretur
3456 4893 3627 4951 peste.

2581 4964 2715 5019 XIII.
2772 4965 2877 5021 Sed
2925 4977 2979 5021 et
3027 4968 3153 5023 illud
3198 4971 3456 5039 supprimi
3503 4990 3606 5028 non
3657 4974 3811 5032 decet
3854 4980 4093 5047 silentio,

2510 5056 2652 5124 quod
2674 5056 2791 5126 ejus
2817 5072 2974 5127 quem
3008 5059 3266 5128 sospitate
3294 5062 3531 5129 donavit,
3561 5065 3700 5121 beati
3730 5068 3827 5123 viri
3856 5071 4097 5127 visitatio

2512 5150 2777 5204 hactenus
2814 5150 3013 5205 celebri
3044 5150 3350 5207 diﬂ‘amatur
3377 5156 3703 5212 testimonio.
3737 5159 3975 5215 Vocatur
4006 5164 4096 5217 hic

2511 5240 2728 5294 nomine
2756 5242 2977 5311 proprio
3003 5240 3415 5307 Hildebrannus,
3449 5255 3505 5300 et
3531 5249 3598 5301 ab
3622 5246 3777 5303 ollicii
3807 5254 4097 5322 agnomiue

2512 5336 2860 5392 Monetarius.
2892 5336 3136 5393 Officium
3166 5355 3398 5409 namque
3422 5344 3565 5409 quod
3590 5345 3803 5410 agebat,
3834 5346 3953 5410 plus
3981 5349 4096 5402 suis
