4494 5520
857 366 960 425 776

2002 372 2057 422 S.
2101 369 2332 425 .IIAIOLI
2373 370 2665 425 ABBATIS
2702 371 3017 429 CLUNIAC.

4008 381 4112 437 ’116

854 475 1171 546 profectum.
1223 479 1477 548 quoniam
1514 479 1642 548 justi
1696 480 2003 549 deprecatio
2032 484 2173 551 quod
2206 484 2427 537 multum
2460 492 2502 547 Λ
2537 497 2660 541 runt
2704 488 2757 541 in
2804 489 3035 556 gurgite,
3078 502 3212 556 quos
3244 490 3381 543 unda
3433 490 3663 546 diﬂi.-ilis
3691 493 3951 547 contorsit
4004 496 4107 546 sub

850 568 1055 623 valeret
1106 570 1232 622 dum
1294 571 1700 636 intellexerunt,
1761 573 1827 627 ad
1883 575 2144 629 orationis
2194 576 2427 631 studium

851 660 1042 729 majori
1071 676 1195 716 cum
1228 662 1511 718 devotione
1549 666 1755 735 scipsos
1794 665 2076 721 dederunt.

922 795 1082 851 XVII.
1118 795 1179 851 S.
1210 795 1448 866 Dionysii
1473 796 1603 851 liber
1628 799 1692 851 ab
1727 800 1844 869 igne
1867 798 2084 854 illwsus.
2113 832 2181 840 —
2204 800 2427 857 Ilierar-

848 886 999 941 ebias
1027 901 1244 957 quoque
1272 886 1411 942 beati
1454 887 1694 958 Dionysii
1728 889 1803 959 (8)
1832 889 2167 961 Areopagitte
2195 894 2425 960 quodam

850 976 1089 1047 tempore
1111 994 1234 1032 cum
1262 977 1484 1049 legeret,
1511 987 1565 1034 et
1588 995 1738 1034 more
1768 980 1927 1035 solito
1942 996 2063 1050 quae
2091 983 2177 1037 die
2202 982 2425 1054 legerat,

846 1070 927 1123 sui
958 1070 1193 1139 pectoris
1219 1069 1558 1125 bibliotheca:
1586 1079 1846 1125 nocturna
1869 1072 2220 1129 meditatione
2240 1076 2427 1130 eadem

845 1159 1162 1229 deponeret,
1211 1161 1533 1229 subrepente
1563 1176 1771 1225 somno,
1830 1164 2056 1233 contigit
2099 1174 2159 1219 ut
2204 1167 2427 1221 candela

843 1266 965 1319 qute
995 1251 1174 1306 lumen
1206 1253 1530 1323 suggerebat
1565 1253 1785 1322 legenti,
1818 1270 1979 1325 supra
2024 1257 2277 1328 paginam
2308 1274 2427 1314 rue-

844 1354 931 1400 ret
956 1362 1117 1416 quam
1148 1347 1376 1416 legebat.
1431 1345 1536 1402 Sed
1573 1347 1701 1417 quid
1742 1348 1991 1404 Christus
2030 1365 2135 1405 non
2176 1364 2428 1420 operetur

843 1438 898 1490 in
935 1438 1173 1490 sanctis?
1200 1437 1351 1491 Edax
1378 1436 1593 1491 ﬂamma
1636 1437 1915 1493 candelam
1947 1441 2300 1510 consumpsit,
2331 1442 2428 1496 scd

842 1528 1030 1581 folium
1064 1543 1228 1596 super
1262 1528 1405 1598 quod
1436 1529 1681 1594 ardebat,
1716 1530 1916 1584 torrida
1949 1530 2147 1586 damna
2172 1544 2427 1587 non'scn—

840 1619 956 1671 sit:
996 1618 1250 1672 virtutem
1291 1617 1505 1673 ﬂamma
1544 1621 1819 1676 babuitad
1871 1622 2152 1677 candelam
2200 1624 2421 1680 combu-

839 1710 1085 1775 rendam,
1145 1726 1308 1779 quam
1368 1712 1436 1764 ad
1485 1712 1735 1782 paginam
1790 1714 2028 1783 perdidit
2099 1715 2421 1771 laedendam.

835 1801 1092 1856 Protinus
1138 1815 1367 1856 excusso
1412 1816 1600 1856 somno
1648 1803 1733 1857 vir
1778 1802 1872 1859 Dei
1914 1798 2292 1861 consternatus
2341 1815 2424 1862 est

835 1892 1037 1953 animo,
1071 1890 1214 1959 quod
1248 1891 1444 1945 librum
1468 1891 1558 1962 qui
1592 1893 1677 1947 vix
1713 1893 1907 1947 alicubi
1954 1896 2181 1961 reperiri
2226 1893 2373 1960 possi

835 1995 1212 2053 consumptum
1267 1999 1385 2039 esse
1442 1984 1691 2040 incendio
1720 1984 1930 2051 putavit
1976 2000 1990 2036 :
2048 1984 2143 2038 sed
2196 1999 2422 2040 excussa

834 2080 1015 2134 favilla
1049 2096 1169 2135 cum
1213 2080 1265 2133 in
1306 2080 1590 2146 superﬁcie
1634 2076 1835 2133 nullius
1865 2078 2101 2133 Iaesionis
2138 2089 2425 2149 appareret

833 2171 1069 2234 macula,
1101 2171 1393 2223 immensas
1430 2168 1477 2223 ei
1511 2178 1715 2236 gratias
1744 2168 1946 2234 retulit,
1994 2168 2148 2236 cujus
2184 2170 2421 2240 potentia

833 2277 945 2315 sum
973 2268 1176 2313 natura:
1199 2258 1305 2311 vim
1339 2258 1480 2330 ignis
1506 2260 1705 2320 amisit,
1746 2260 1871 2313 dum
1904 2259 2058 2313 arida
2084 2261 2420 2315 nutrimenta

832 2367 953 2421 quae
998 2365 1161 2419 super
1208 2348 1491 2403 candelam
1544 2350 1905 2417 consumpsit,
1940 2349 1992 2402 in
2036 2349 2183 2405 nullo
2229 2351 2423 2405 laedere

832 2444 1024 2513 potuit.

903 2580 1087 2637 XVIII.
1152 2578 1477 2633 Willelmum
1514 2577 1806 2645 provincia:
1865 2586 2047 2630 ducem
2082 2577 2210 2631 adit.
2264 2576 2420 2632 Nau-

832 2674 1099 2742 {rugnnfes
1148 2672 1354 2723 liberat.
1392 2699 1456 2708 —
1488 2667 1620 2722 Cum
1667 2666 1972 2722 Willelmus
2002 2667 2416 2724 Provincialium

830 2766 1081 2835 princeps
1133 2760 1457 2832 praegravari
1489 2774 1548 2813 se
1578 2758 1761 2811 ultima
1788 2758 2016 2812 sentiret
2038 2768 2208 2824 sorte,
2242 2759 2417 2815 Maioli

830 2869 889 2908 se
938 2853 1146 2906 meritis
1195 2850 1389 2905 salvari
1420 2863 1577 2918 posse
1603 2849 1671 2902 ab
1718 2849 1930 2922 animae
1964 2848 2197 2904 credidit
2226 2860 2419 2907 morte.

828 2946 929 3012 Qui
981 2945 1079 2999 sibi
1122 2944 1188 2997 ad
1232 2945 1575 2996 Aveunorum
1619 2940 1899 3010 (Arignon)
1932 2941 2230 2995 accersitus
2270 2942 2421 3010 appi-

828 3037 977 3097 dum,
1018 3041 1075 3086 ut
1132 3032 1487 3085 multitudinis
1528 3032 1725 3085 vitaret
1773 3040 2116 3096 conventum,
2146 3032 2198 3085 in
2245 3031 2420 3086 insula

825 3144 945 3196 quae
982 3125 1302 3182 Rhodanum
1332 3123 1434 3177 sub
1464 3121 1687 3192 praelato
1716 3131 1899 3177 castro
1939 3122 2139 3177 scindit
2166 3121 2413 3187 ﬂuvim,

2532 578 2787 632 ﬂumine:
2839 581 3103 633 undarum
3152 580 3303 649 pueri
3353 580 3734 637 delerebautur
3770 586 4105 649 summitate,

2531 668 2785 723 mulieres
2838 670 2889 723 in
2948 670 3165 724 ﬂumine
3217 668 3403 725 diﬂ‘usa
3475 674 3788 728 rotabantur
3845 683 4015 739 veste,
4052 687 4107 729 et

2535 762 2632 814 viri
2676 763 2847 830 ripam
2903 772 3088 817 natatu
3142 765 3477 819 conabantur
3528 778 3799 835 appetere.
3853 769 3932 821 Ad
3969 784 4108 837 quos

2528 854 2685 922 periti
2736 863 2913 909 nauta:
2963 866 3243 910 currentes
3274 872 3397 910 cum
3441 858 3675 921 carabis,
3708 874 3899 913 omnes
3928 870 4093 912 traxe-

2530 954 2657 999 runt
2683 959 2747 998 ex
2784 946 3040 1017 voragine
3072 945 3327 1001 ﬂuminis.
3370 946 3475 1002 Sed
3523 958 3579 1002 et
3608 949 3732 1002 illud
3764 951 3972 1005 videtur
4000 953 4070 1004 mi

2530 1037 2719 1101 rabilc,
2746 1037 2887 1105 quod
2912 1037 2977 1090 ad
3011 1038 3184 1090 virum
3221 1038 3316 1091 Dei
3347 1053 3441 1092 sex
3480 1053 3647 1107 panes
3674 1053 3704 1091 a
3743 1040 3939 1092 comite
3977 1040 4104 1093 dum

2528 1143 2658 1182 suus
2689 1129 2924 1183 deferret
2955 1128 3207 1193 famulus,
3241 1129 3427 1184 eodem
3464 1130 3587 1184 licet
3619 1146 3739 1183 cum
3778 1130 3987 1183 caeteris
4016 1146 4108 1183 ca-

2526 1227 2650 1289 ptus
2679 1218 2977 1289 naufragio,
3006 1220 3085 1274 sic
3126 1229 3303 1274 tamen
3344 1220 3533 1275 directi
3566 1220 3807 1275 numeris
3852 1236 3972 1275 eum
4008 1221 4103 1274 de-

2526 1310 2936 1376 l'enditdclatio,
2965 1321 3022 1365 ut
3052 1312 3166 1382 ipse
3209 1328 3319 1368 non
3363 1313 3521 1367 modo
3546 1312 3745 1367 illtesus
3780 1313 3973 1377 exiret,
4014 1327 4108 1366 vc-

2528 1417 2646 1455 rum
2669 1418 2734 1456 ex
2760 1405 2986 1472 panibus
3024 1413 3133 1458 tres
3162 1405 3392 1459 intactos
3418 1421 3553 1473 aqua
3597 1404 3963 1459 abstraheret.

2598 1490 2735 1546 XIX.
2776 1491 3005 1546 Maiolus
3050 1504 3214 1546 morte
3263 1495 3488 1546 instante
3545 1493 3844 1560 ferventior.
3872 1492 3928 1546 S.
3976 1491 4108 1545 Dio-

2526 1584 2661 1653 nysii
2728 1585 3127 1650 monasterium,
3195 1600 3310 1654 rege
3355 1585 3596 1646 volente,
3668 1584 3953 1650 reformare
4013 1592 4106 1648 ag-

2524 1675 2778 1743 greditur.
2814 1674 3170 1728 --Sileiniaci
3221 1675 3344 1727 obit.
3391 1703 3454 1711 ——
3504 1673 3668 1741 Igitur
3736 1671 3961 1725 Maiolus
4016 1685 4105 1724 se-I

2526 1763 2759 1819 nectutis
2804 1771 3064 1831 tempore,
3112 1778 3220 1832 quo
3246 1763 3421 1819 solent
3469 1763 3646 1817 caeteri
3702 1764 3981 1819 remissius
4027 1764 4106 1815 vi-

2382 1850 2674 1947 :uvere,
2741 1854 2850 1907 acri
2901 1868 2959 1906 se
3013 1853 3195 1907 labore
3264 1854 3317 1907 in
3385 1854 3594 1907 Domini
3658 1850 3862 1907 studuit
3930 1855 4101 1907 servi-

2529 1951 2693 1995 tutem
2744 1943 3024 2012 redigere;
3073 1952 3127 1995 et
3185 1944 3339 2011 quasi
3395 1953 3519 1997 tunc
3582 1959 3752 1997 novus
3800 1944 4102 2005 accederet,

2528 2047 2590 2085 ac
2640 2033 2896 2102 juvenilis
2952 2036 3105 2104 vigor
3164 2034 3216 2088 in
3276 2044 3388 2089 toto
3453 2048 3679 2103 corpore
3727 2033 3976 2094 ferveret,
4034 2035 4105 2087 ita

2525 2122 2823 2177 incredibili
2877 2124 3072 2176 mentis
3116 2123 3325 2177 Kervore
3372 2124 3551 2178 divino
3599 2123 3929 2179 famulamini
3978 2121 4106 2175 iusi-

2525 2219 2718 2272 stebat.
2786 2218 2995 2287 Corpus
3065 2232 3299 2288 namque
3353 2218 3704 2289 defatigatum
3758 2219 3908 2273 senio
3961 2219 4106 2271 nullo

2525 2310 2683 2362 modo
2724 2309 3004 2376 quiescere
3033 2310 3243 2363 sinebat
3280 2310 3346 2363 ab
3373 2324 3533 2378 opere
3565 2320 3843 2365 consueto.
3883 2308 4105 2364 Biennio

2524 2398 2707 2467 itaque
2743 2398 3057 2467 priusquam
3088 2398 3285 2463 obiret,
3329 2413 3526 2467 corpus
3559 2400 3677 2467 plus
3707 2398 3863 2453 solito
3899 2397 4105 2452 viribus

2522 2491 2685 2559 coepit
2714 2490 2954 2552 destitui,
2980 2497 3034 2541 et
3060 2503 3123 2540 ex
3168 2490 3270 2543 hoc
3296 2490 3594 2543 vocationis
3632 2506 3741 2544 suae
3771 2500 3981 2559 tempus
4012 2505 4109 2557 apo

2520 2586 2887 2654 prepinquare
2910 2581 3281 2651 deprehendit.
3328 2580 3557 2648 Ideoque
3599 2583 3663 2633 ad
3695 2582 3962 2648 publicum
3991 2581 4102 2649 jam

2522 2678 2813 2746 procedere
2859 2673 3115 2728 nolebat:
3157 2672 3249 2726 sed
3294 2680 3387 2724 aut
3431 2672 3482 2725 in
3533 2673 3879 2734 monasterio,
3930 2682 4020 2723 aut
4050 2674 4102 2723 in

2521 2768 2752 2837 quadam
2777 2780 2995 2820 suarum
3034 2764 3222 2818 cellula
3254 2779 3352 2832 pro
3382 2762 3607 2816 lratrmu
3635 2762 3865 2815 utilitate
3908 2762 4101 2814 immo-

2522 2858 2629 2911 rari
2662 2857 2950 2925 cupiebat:
2989 2863 3048 2908 ut
3078 2854 3150 2907 ibi
3192 2864 3246 2907 et
3283 2854 3478 2907 lratres
3514 2852 3692 2907 solerti
3726 2852 3900 2905 studio
3929 2851 4106 2905 corri-

2521 2958 2675 3020 geret
2714 2957 2766 3002 et
2796 2949 2862 3002 ad
2907 2947 3127 3002 meliora
3164 2954 3390 3016 paterna
3446 2944 3809 2999 admonitione
3844 2942 4102 3012 provehe-

2521 3047 2625 3102 ret,
2658 3048 2751 3105 aut
2794 3037 2989 3105 sa‘pius
3022 3035 3241 3090 remotis
3265 3035 3513 3088 omnibus
3552 3033 3696 3087 solus
3733 3032 3829 3087 soli
3865 3034 3971 3086 Deo
4016 3033 4098 3084 in-

2520 3129 2773 3190 luereret,
2814 3138 2976 3197 atque
3010 3125 3270 3178 attentius
3311 3122 3576 3195 frequenti
3604 3122 3978 3184 alternatioz-e,
4009 3132 4105 3173 aut

826 3216 926 3271 sibi
980 3230 1182 3285 ponere
1231 3214 1394 3283 jussit
1449 3214 1763 3269 tentorium.
1838 3212 1942 3268 Sed
1981 3214 2097 3284 ejus
2153 3214 2488 3292 adventusc
2520 3219 2777 3283 orationi,-
2820 3228 2915 3273 aut
2968 3217 3183 3272 lectioni
3227 3226 3466 3281 vacaret,
3516 3217 3657 3285 quod
3696 3218 3744 3271 ei
3791 3230 4101 3286 quanquam

826 3319 1045 3360 rumore
1086 3304 1439 3358 circumcirca
1485 3302 1697 3363 diﬂ'uso,
1734 3303 1970 3369 undique
2020 3304 2087 3353 ad
2138 3319 2261 3352 eum
2295 3319 2421 3354 con—

824 3410 1045 3451 currere
1072 3394 1238 3462 cmpit
1256 3390 1668 3446 innumerabilis
1691 3385 1999 3445 multitudo.
2026 3391 2265 3458 Quisque
2295 3398 2420 3445 tunc

824 3494 959 3547 alios
982 3489 1313 3561 pra-cedere,
1331 3496 1385 3541 et
1408 3487 1556 3557 prior
1582 3485 1809 3556 quisque
1838 3484 1889 3538 in
1916 3485 2133 3550 navigio
2154 3484 2218 3538 ad
2246 3485 2418 3537 virum

824 3582 920 3636 Dei
947 3578 1467 3635 certabattransire.
1508 3574 1693 3630 Adfuit
1745 3584 1871 3629 tunc
1919 3574 2073 3628 navis
2101 3574 2236 3628 adeo
2266 3582 2416 3628 vetu-

824 3654 930 3735 sta,
959 3684 1079 3739 qua:
1112 3669 1264 3723 rimis
1308 3667 1622 3738 patentibus
1673 3665 1944 3736 submergi
2000 3664 2158 3719 facile
2190 3664 2414 3719 irruenti

822 3774 1007 3835 posset
1052 3742 1286 3816 sentina.
1360 3758 1511 3814 Ilauc
1561 3758 1843 3828 utriusque
1901 3774 2063 3813 sexus
2133 3769 2415 3813 oneratam

822 3854 1169 3910 multitudine
1217 3862 1275 3907 ut
1309 3852 1373 3906 ad
1409 3852 1583 3906 virum
1638 3850 1734 3906 Dei
1770 3851 2057 3922 navigandi
2098 3852 2251 3922 gnari
2301 3861 2416 3906 teu—

823 3956 941 4002 taut
966 3946 1220 4015 dirigere,
1252 3944 1523 3997 inundans
1554 3942 1893 3997 decurrentis
1918 3942 2159 4015 ﬂuminis
2184 3943 2416 4013 impetus

820 4028 1067 4095 canitiem
1127 4036 1423 4090 submersit
1464 4034 1517 4088 in
1578 4033 1769 4088 mediis
1823 4032 2093 4089 ﬂuctibus.
2134 4034 2241 4090 Res
2298 4036 2412 4090 visu

821 4126 1110 4191 mirabilis,
1152 4124 1297 4194 quod
1355 4123 1407 4177 bi
1470 4123 1922 4192 periclitabantur
1972 4122 2274 4193 naufragio,
2320 4125 2412 4195 qui

822 4216 997 4271 Maioli
1035 4230 1094 4269 se
1126 4213 1291 4267 tutari
1333 4211 1588 4280 petebant
1612 4209 1917 4264 orationum
1952 4212 2223 4279 praesidio,
2270 4213 2412 4266 viros

821 4325 943 4365 cutn
999 4306 1335 4367 mulieribus,
1387 4312 1443 4357 et
1486 4303 1745 4358 mulieres
1790 4317 1915 4356 cum
1964 4303 2225 4372 parvulis,
2278 4320 2413 4374 quos

820 4401 999 4456 adhuc
1025 4398 1243 4453 alebant
1271 4395 1550 4461 uberibus,
1582 4395 1633 4447 in
1672 4393 2000 4465 profundum
2023 4396 2134 4465 jam
2169 4396 2409 4451 involve-

825 4491 919 4545 bat
953 4488 1169 4552 ﬂuvius,
1199 4502 1320 4541 cum
1354 4485 1420 4539 ad
1468 4483 1568 4538 viri
1600 4483 1691 4537 Dei
1718 4497 1877 4537 aures
1903 4483 2007 4539 tale
2040 4486 2285 4555 pervenit
2327 4486 2409 4539 l‘a-

2522 3311 2667 3361 omui
2716 3310 2822 3363 vita
2869 3324 2965 3362 sua
3010 3306 3241 3378 speciale
3287 3306 3451 3360 fuerit
3496 3307 3751 3371 studium,
3801 3306 4102 3376 prIBSCt'litlt

2525 3403 2703 3449 tamen
2752 3396 2817 3447 ad
2864 3396 2968 3448 hoc
3011 3394 3295 3448 desudavit
3344 3396 3670 3462 praecipuum
3719 3397 3859 3450 circa
3910 3396 4103 3449 mortis

2521 3484 2837 3539 confinium.
2866 3484 3074 3553 Smpius
3121 3482 3338 3553 lugebat
3382 3484 3505 3536 dum
3534 3485 3803 3551 spiritales
3842 3486 3987 3540 viros
4034 3487 4100 3539 ad

2522 3575 2839 3629 memoriam
2889 3573 3201 3639 reducebat,
3229 3588 3366 3642 quos
3408 3556 3674 3627 inuliviua
3718 3572 3971 3642 religione
4005 3572 4103 3625 ﬂo-

2520 3683 2662 3732 rere,
2719 3683 2783 3721 ac
2825 3682 2923 3737 pro
2975 3665 3288 3721 defensione
3333 3665 3587 3721 Ecclesia:
3644 3677 3845 3721 sancta:
3893 3666 4105 3719 viderat

2518 3757 2750 3811 viriliter
2771 3758 3073 3812 decertare.
3098 3755 3297 3810 Eorum
3321 3754 3536 3825 quidem
3561 3755 3930 3809 recordatione
3953 3756 4099 3807 oumi

2519 3864 2576 3904 se
2609 3850 2661 3902 in
2695 3849 2798 3903 hoc
2835 3848 3034 3902 mundo
3076 3847 3394 3901 deStitutum
3429 3847 3545 3901 lore
3593 3845 3823 3899 deﬂebat
3864 3846 4100 3910 solatfo-;

2519 3948 2572 3993 et
2631 3939 2752 3992 ideo
2789 3939 3029 3992 solamen
3068 3938 3171 3992 sibi
3224 3936 3336 3991 sola
3381 3937 3562 3991 divina
3611 3937 3883 4006 pra:bebat
3919 3936 4098 3988 lectio.

2516 4029 2750 4098 Ideoque
2796 4029 2971 4084 modis
3028 4028 3281 4082 omnibus
3341 4028 3564 4083 dissolvi
3622 4035 3677 4083 et
3720 4042 3839 4081 esse
3884 4026 4103 4096 optabat

2516 4135 2641 4175 cum
2672 4119 2909 4175 Christo.
2942 4118 3015 4172 Ea
3048 4119 3313 4188 siquidem
3348 4126 3665 4188 tempestate
3693 4118 3838 4188 regis
3866 4118 4103 4171 Franco-

2516 4224 2638 4264 rum
2667 4208 3049 4279 impellebatur
3070 4208 3235 4262 nimia
3267 4208 3698 4279 importunitate,
3727 4216 3784 4260 ut
3806 4209 4099 4261 secundum

2514 4300 2663 4356 beati
2708 4300 2880 4370 patris
2922 4299 3198 4353 Benedicti
3252 4299 3624 4369 magisterium
3669 4299 3811 4353 beati
3861 4298 4101 4370 Dionysii

2515 4394 2834 4463 disponeret
2879 4391 3291 4446 monasterium.
3334 4391 3435 4457 Qui
3489 4405 3623 4459 opus
3674 4390 3875 4444 bonum
3923 4399 3983 4443 ut
4032 4390 4101 4443 ad

2516 4486 2645 4541 vita:
2692 4484 2853 4540 ﬂnem
2903 4498 3071 4553 usque
3118 4484 3459 4554 perduceret,
3506 4482 3633 4537 licet
3680 4482 3845 4538 linem
3892 4483 4100 4537 dierum

822 4584 997 4637 ciuus.
1049 4578 1154 4633 Sed
1186 4577 1461 4639 Christus,
1516 4574 1606 4644 qui
1657 4573 1953 4629 clamantes
1992 4576 2058 4628 ad
2089 4590 2147 4630 sc
2171 4576 2411 4643 exaudit,
2445 4578 2491 4637 Ι)
2519 4595 2597 4635 ευ(

2331 4576 2411 4643 lit,
2445 4578 2491 4637 D
2519 4594 2741 4635 suorum
2768 4576 3101 4646 jamjamque
3134 4575 3321 4630 adfore
3356 4590 3464 4630 non
3504 4570 3801 4645 ignoraret,
3833 4576 4100 4644 proﬁcisci

821 4674 925 4729 sibi
964 4671 1218 4727 dilectum
1248 4667 1499 4723 Maiolum
1548 4667 1900 4737 magnilicare
1928 4683 2033 4724 non
2071 4667 2299 4723 distulit.
2353 4672 2408 4724 ln

821 4762 993 4833 ipsius
1038 4756 1339 4828 praescripti
1386 4754 1639 4809 Rhodani
1696 4756 1834 4824 ripa.
1870 4755 1939 4811 ab
1988 4757 2223 4827 antiquis
2264 4758 2409 4814 beati

821 4851 1039 4909 Martini
1063 4857 1374 4905 constructa
1409 4844 1589 4901 fuerat
1627 4844 1879 4900 ecclesia.
1912 4846 1990 4901 Ad
2026 4861 2147 4901 eam
2178 4865 2411 4919 namque

820 4946 905 5000 vir
934 4940 1168 5002 Domini,
1203 4954 1343 5008 aqua
1380 4938 1693 4992 submersos
1716 4944 1952 5005 tegente,
1980 4952 2101 4992 cum
2137 4930 2408 4995 neminem

819 5048 1008 5091 eorum
1039 5030 1395 5097 conspiceret,
1436 5028 1620 5105 oculos
1653 5044 1781 5083 cum
1823 5028 2076 5100 lacrymis
2106 5033 2227 5101 pius
2266 5033 2410 5088 leva-

823 5128 919 5191 vit,
951 5137 1005 5179 et
1040 5124 1247 5177 tristem
1273 5122 1339 5176 ad
1365 5131 1564 5176 terram
1596 5122 1805 5175 vultum
1832 5123 2086 5194 deinceps
2110 5125 2406 5181 inclinavit.

822 5216 928 5272 Sed
964 5214 1089 5268 licet
1120 5213 1423 5267 astantibus
1453 5220 1580 5267 tunc
1612 5214 1859 5285 ignotum
1903 5213 2099 5270 fuisset
2142 5217 2286 5286 quod
2320 5216 2407 5271 ille

820 5308 1093 5379 paulisper
1121 5307 1317 5360 tacitus
1342 5304 1627 5376 oravissct,
1658 5303 1952 5361 eﬂicaciter
1979 5315 2155 5362 tamen
2179 5307 2405 5376 adipisci

822 5398 1016 5454 meruit
1066 5397 1209 5468 quod
1248 5406 1428 5451 mente
1460 5396 1545 5465 pia
1584 5396 1853 5466 quaesivit.
1912 5395 2103 5452 Crueis
2145 5399 2289 5453 enim
2327 5398 2404 5452 si-

822 5503 983 5520 anum
1010 5495 1065 5520 111
1095 5488 1256 5520 ΔιΙῖιΙῖΙ
1299 5496 1348 5520 ΔΙ
1374 5502 1576 5520 nni-nun
1592 5487 1738 5520 unlln
1765 5487 2040 5520 nonnenon
2055 5488 2132 5520 [111
2149 5488 2403 5520 ιὶῗνῖηηηυΧ

2518 4678 2700 4724 tamen
2725 4664 2796 4724 ob
2832 4666 3132 4723 istiusmodi
3156 4682 3375 4722 causam
3406 4667 3628 4721 minime
3655 4668 3922 4721 recusavit
3952 4683 3967 4733 ;
4005 4667 4101 4721 bo-

2519 4778 2643 4817 nam
2678 4762 2819 4816 banc
2847 4761 3108 4813 virtutum
3149 4774 3373 4814 suarum
3421 4760 3939 4814 consummationem
3985 4760 4103 4812 ειῖ-

2516 4853 2765 4916 stimans,
2805 4850 2851 4905 si
2901 4850 3109 4905 ordinis
3156 4850 3439 4905 monastici
3468 4850 3804 4922 professores
3853 4852 3905 4906 in
3936 4849 4098 4919 justi-

2517 4941 2644 4995 tiam
2692 4948 2746 4993 et
2790 4939 3135 4993 sanctitatem
3179 4938 3281 4993 sibi
3320 4939 3557 5005 socians,
3603 4940 3887 4995 cbaritatis
3918 4941 4101 4999 unitos

2517 5030 2731 5085 vinculo
2771 5029 3088 5084 dimitteret.
3118 5028 3351 5101 Arrepto
3396 5030 3590 5085 itinere
3633 5030 3961 5085 territorium
3991 5032 4101 5088 Ar-

2517 5132 2779 5175 verneuse
2803 5119 3047 5188 expetiit,
3073 5119 3256 5189 ibique
3283 5121 3337 5174 in
3369 5122 3602 5189 quadam
3626 5136 3721 5176 sua
3749 5121 3907 5187 cella,
3940 5120 4099 5178 Silvi-

2516 5216 2673 5270 niaco
2695 5213 2916 5277 scilicet,
2937 5229 3074 5267 nunc
3096 5213 3215 5269 loco
3238 5213 3611 5277 celeberrimo,
3638 5215 3824 5269 ultima
3853 5217 4100 5271 exerceri

2514 5304 2836 5375 aegritudine
2871 5304 3053 5373 etrapit.
3094 5302 3278 5358 Sensit
3307 5304 3448 5358 illico
3475 5306 3923 5373 prudentissimus
3953 5307 4103 5360 viro-

2515 5411 2635 5450 rum
2666 5410 2778 5449 sua:
2812 5394 3157 5449 resolutionis
3190 5405 3399 5465 tempus
3435 5412 3763 5466 supremum.
3805 5397 3940 5451 Tum
3966 5412 4100 5452 vero

2515 5499 2718 5520 mnu-nr
2762 5492 2811 5520 οι
2872 5484 3044 5520 Innlnc
3096 5486 3335 5520 nmninm
3406 5501 3507 5520 νην
3554 5502 3657 5520 unm
3708 5486 4070 5520 nlnnnnnlinnn
