4494 5520
357 424 460 477 ΤΠ

1463 430 1547 481 DIC
1589 427 1965 482 ELECTIONE
2008 429 2063 480 S.
2110 427 2443 483 ODILONIS.

3504 438 3603 493 778

357 537 703 589 couuuissum
751 538 835 589 cui
879 538 951 606 (ὓ)
999 539 1379 601 connnittcret,
1421 538 1598 590 taliter
1627 553 1720 589 eos
1766 537 1932 590 fuisse
1963 543 2005 599 Α
2039 540 2225 594 trabis.
2252 543 2396 606 Quos
2439 550 2495 595 ut
2526 542 2772 607 absolvit,
2801 553 2852 598 et
2883 547 3236 601 sanctissimis
3270 548 3604 604 orationibus

356 625 553 678 dicitur
600 624 835 678 atratus:
875 646 891 676 ι
942 626 1123 679 Jesum
1175 642 1442 679 summum
1475 637 1742 695 pastorem
1791 629 1931 681 hunc

358 714 625 769 habebitis
670 725 1051 783 protectorem.
1086 736 1103 767 ι
1140 716 1598 786 Peregrinationis
1626 733 1753 787 ergo
1804 720 1931 787 quia

358 804 641 858 deserebat
676 806 947 870 exsilium,
975 815 1029 860 et
1065 807 1132 859 ad
1177 808 1450 876 proprium
1484 808 1636 862 hctus
1683 810 1934 877 pergebat

358 895 721 960 domicilium;
752 897 869 951 ideo
893 897 1134 965 gaudens
1162 899 1259 952 hos
1288 900 1662 967 frequentabat
1696 902 1936 953 versicu-

357 982 478 1037 los;
526 984 761 1048 Domine,
814 986 974 1037 dilexi
1012 986 1248 1039 decorem
1300 988 1483 1039 domus
1527 998 1625 1040 tute
1668 999 1715 1041 et
1765 989 1934 1041 locum

356 1073 692 1125 habitationis
722 1073 903 1139 gloria:
940 1086 1064 1134 tum,
1110 1087 1214 1129 etc.
1259 1074 1429 1139 Quum
1458 1077 1647 1128 dilecta
1694 1077 1937 1128 taberna-

357 1163 475 1216 cula
524 1174 639 1225 tua,
693 1164 916 1218 Domine
969 1168 1235 1230 rirtutum,
1295 1168 1610 1234 concupiscit
1663 1177 1709 1219 et
1763 1168 1934 1231 tle/icit

357 1254 535 1306 anima
571 1272 684 1308 mea
716 1258 768 1309 in
801 1259 939 1309 atria
974 1257 1202 1320 Domini,
1232 1268 1337 1312 etc.
1372 1258 1519 1327 Elegi
1571 1258 1802 1326 abjectus
1830 1275 1937 1311 esse

355 1340 409 1392 in
439 1342 592 1394 domo
643 1344 736 1397 Dei
768 1346 867 1397 mei
897 1348 1058 1415 magis
1084 1364 1240 1416 quam
1270 1349 1507 1400 habitare
1550 1350 1603 1401 in
1630 1350 1938 1400 tabernacu-

356 1434 421 1487 lis
450 1450 801 1500 peccatorum.
828 1438 902 1491 lta
930 1440 1038 1492 Deo
1066 1450 1399 1509 protegente,
1432 1442 1681 1494 omnibus
1705 1442 1785 1495 sui
1814 1456 1934 1494 cor-

356 1528 503 1595 poris
560 1529 814 1583 membris
865 1531 1087 1600 integris
1152 1542 1316 1601 atque
1376 1533 1624 1595 illibatis,
1681 1532 1937 1601 praeclaro

356 1614 563 1668 scilicet
591 1618 705 1669 visu
758 1632 999 1691 puroque
1031 1622 1233 1681 auditu,
1276 1637 1407 1675 sana
1459 1622 1740 1685 memoria,
1800 1624 1938 1676 sicut

356 1700 533 1756 fuerat
564 1703 770 1774 integer
806 1720 835 1758 a
882 1710 1226 1776 corruptione
1261 1711 1459 1774 carnis,
1488 1712 1736 1765 nesciens
1759 1711 1933 1765 labem

356 1790 498 1843 nivei
538 1792 776 1860 pudoris,
809 1795 1051 1861 pervenit
1081 1797 1147 1850 ad
1186 1797 1416 1862 exitum,
1464 1798 1769 1852 immortale
1813 1799 1939 1851 ade.-

356 1886 548 1945 pturus
568 1882 967 1947 compendium.
998 1883 1038 1934 A
1070 1882 1327 1938 fratribus
1366 1901 1431 1938 an
1480 1886 1683 1954 aliquid
1734 1887 1940 1940 doleret
1969 1867 2013 1927 Β

357 1968 742 2039 interrogatus,
798 1974 1072 2041 respondit
1116 1975 1246 2027 nihil
1303 1991 1361 2029 se
1412 1978 1611 2031 habere
1658 1978 1934 2040 molestiae,

357 2062 452 2113 sed
482 2062 659 2113 omnia
690 2063 869 2130 quieta
901 2075 955 2117 et
1000 2067 1285 2134 tranquilla
1314 2070 1639 2136 perspicere,
1665 2079 1719 2123 et
1756 2071 1936 2124 videre

357 2149 496 2202 bona
530 2151 739 2206 Domini
781 2155 833 2207 in
877 2164 1017 2209 terra
1068 2158 1379 2212 viventium.
1415 2159 1566 2213 Tunc
1592 2171 1715 2215 ante
1761 2164 1933 2229 ipsum

360 2240 412 2311 in
464 2249 659 2294 terram
707 2245 984 2311 prostrati,
1024 2261 1145 2299 eum
1185 2248 1360 2301 taliter
1410 2258 1691 2318 cmperunt
1738 2252 1930 2319 deprc—

357 2332 490 2385 cari.
529 2332 634 2387 Nos
670 2336 761 2388 tibi
790 2339 1127 2399 commissos.
1172 2350 1325 2409 pater
1348 2340 1681 2407 beatissime,
1711 2353 1936 2413 paterno

362 2436 510 2475 more
542 2424 782 2488 absolve,
834 2428 1189 2482 sanctissimis
1236 2431 1342 2483 tuis
1382 2432 1715 2486 orationibus
1764 2443 1932 2486 tuere.

360 2509 520 2564 Fides
549 2514 691 2565 enim
724 2524 811 2567 tua
847 2525 899 2567 et
929 2531 1088 2584 Opera
1125 2528 1175 2571 te
1206 2520 1422 2574 Christo
1452 2523 1661 2575 sociant
1689 2540 1700 2574 :
1732 2531 1783 2576 et
1818 2524 1934 2576 ideo

359 2600 618 2667 quidquid
657 2602 723 2654 ah
763 2618 825 2656 eo
856 2606 1169 2674 postulabis,
1220 2624 1458 2677 prmsens
1502 2610 1710 2666 facilius
1763 2613 1933 2679 impe-

432 2707 506 2781 (9)
562 2710 629 2763 Et
681 2721 856 2766 tamen
901 2712 1011 2781 jam
1070 2726 1194 2767 ante
1249 2718 1536 2772 triennium
1572 2720 1727 2774 Odilo
1775 2720 1939 2773 abbas

359 2777 670 2858 designatus
727 2777 915 2835 fuerat
957 2800 1023 2837 ex
1078 2786 1337 2858 dictisuin
1392 2789 1593 2858 Elogio.
1646 2790 1719 2842 De
1763 2800 1939 2856 prote-

359 2856 510 2900 ctore
538 2850 717 2919 itaque
748 2867 810 2905 ac
849 2863 1078 2921 patrono
1126 2850 1517 2926 intelligendus
1544 2859 1629 2912 hic
1655 2850 1819 2911 locus.
1854 2859 1943 2911 Sic

1317 3166 1823 3258 ELECTIO
1896 3170 1986 3257 S.

2032 629 2398 693 confirmavit,
2448 646 2476 683 a
2530 632 2801 685 couununi
2857 632 3129 689 locutione
3181 638 3426 689 cessavit.
3484 636 3604 690 Jam

2034 718 2268 771 humana
2318 718 2649 787 despiciebat
2698 729 2753 773 et
2799 736 3011 774 sursum
3062 723 3243 776 oculos
3294 724 3359 777 ad
3408 724 3603 777 coalum

2033 808 2295 877 erigebat,
2342 809 2667 877 eosdemque
2710 809 3002 865 versiculos
3042 827 3211 881 usque
3256 813 3321 865 ad
3363 814 3605 883 exspira-

2036 899 2235 953 tioncm
2267 898 2459 952 aninue
2487 900 2788 968 repetebat,
2814 910 2870 953 ut
2894 916 3022 953 aure
3050 901 3291 969 apposita
3315 902 3402 955 vix
3430 904 3603 957 audiri

2036 999 2217 1056 posset
2239 988 2380 1056 quod
2408 988 2637 1041 dicebat.
2670 987 2892 1053 Signum
2918 1005 3047 1043 vero
3076 1002 3273 1045 sanctae
3300 993 3475 1047 erucis
3502 1008 3604 1049 sae-

2035 1080 2154 1147 pius
2183 1080 2369 1133 dextra
2397 1088 2583 1133 sancta
2606 1080 2706 1134 sibi
2737 1080 3075 1150 depingebat.

2107 1213 2215 1267 Nec
2237 1215 2439 1284 patitur
2467 1213 2713 1269 Christus
2740 1214 2960 1269 charum
2987 1228 3081 1282 per
3109 1214 3263 1269 smcla
3288 1215 3534 1271 clientem

2108 1305 2200 1360 Vel
2226 1316 2477 1374 torquere
2507 1306 2620 1369 diu,
2646 1314 2869 1373 partove
2893 1306 3157 1359 absistere
3189 1319 3352 1373 regno
3379 1322 3390 1356 :

2111 1396 2424 1466 Martyrium
2450 1397 2532 1449 cui
2559 1396 2667 1449 vita
2693 1394 2812 1457 fuit,
2844 1395 2972 1463 quin
2996 1394 3134 1448 mole
3160 1394 3403 1448 laborum

2108 1486 2387 1541 Defessum
2420 1487 2610 1540 invitat
2634 1500 2856 1555 superas
2878 1484 3187 1539 moderator
3214 1484 3266 1536 in
3291 1498 3463 1537 arces.

2110 1576 2342 1646 Spiritus
2363 1578 2587 1631 arctatis
2617 1577 2809 1629 ardens
2836 1589 3111 1641 emergere
3145 1573 3331 1626 vinclis

2108 1670 2335 1731 Emicat,
2372 1678 2424 1722 et
2455 1668 2683 1735 liquidas
2709 1664 2847 1718 liber
2873 1662 3198 1717 transfertur
3224 1662 3275 1713 in
3309 1676 3468 1713 auras
3488 1701 3503 1720 ,

2108 1759 2463 1830 llymnizante
2489 1757 2612 1825 polo
2639 1756 2925 1823 la'tumque
2950 1753 3208 1821 alalagma
3237 1760 3483 1807 canente.

2114 1848 2422 1916 Smpsernnt
2445 1846 2673 1899 comites
2705 1844 2842 1898 miro
2874 1842 3160 1910 splendore
3190 1840 3441 1907 superni,

2112 1939 2490 2007 Victorcmque
2528 1937 2707 1991 ferunt
2738 1945 2883 1988 trans
2914 1934 3065 2002 ignea
3095 1932 3267 1987 sidera
3299 1930 3507 1991 lzetuni,

2109 2030 2174 2083 Et
2205 2029 2403 2081 sistunt
2428 2025 2561 2079 solio
2582 2025 2777 2079 sutmni
2806 2039 2901 2091 per
2931 2020 3124 2075 saecula
3152 2020 3334 2089 Regis.

2110 2162 2373 2216 Dormivit
2414 2173 2541 2213 vero
2577 2172 2699 2211 cum
2744 2153 2988 2223 patribus
3016 2152 3128 2207 suis
3162 2167 3193 2203 v
3237 2149 3422 2203 Iduum
3449 2148 3616 2202 Maia-

2038 2268 2154 2305 rum
2184 2271 2197 2315 ;
2233 2252 2580 2318 sepultusque
2613 2258 2696 2303 est
2736 2248 2790 2301 in
2831 2246 3047 2299 basilica
3095 2243 3158 2295 B.
3186 2242 3355 2305 Petri,
3383 2240 3468 2293 ubi
3498 2239 3615 2307 ejus

2045 2337 2401 2393 sanctissimis
2430 2338 2636 2389 meritis
2663 2335 2829 2386 multa
2860 2340 3182 2397 praestantur
3210 2329 3489 2391 beneficia,
3533 2344 3615 2380 re-

2042 2441 2239 2501 guante
2272 2430 2323 2482 in
2356 2436 2669 2497 perpetuum
2720 2423 2947 2479 Domino
2977 2430 3163 2475 nostro
3209 2420 3331 2473 .lesu
3378 2418 3615 2479 Christo,

2043 2522 2126 2575 cui
2182 2528 2264 2573 est
2310 2534 2431 2570 eum
2487 2515 2646 2567 Patre
2674 2521 2729 2565 et
2762 2510 2967 2581 Spiritu
3004 2518 3189 2563 saneto
3225 2507 3418 2568 honor,
3445 2506 3617 2557 virtus

2043 2622 2094 2664 et
2126 2608 2294 2681 gloria
2323 2622 2417 2676 per
2445 2602 2764 2658 immortalia
2792 2600 3108 2654 saeculorum
3131 2596 3345 2651 smcula.
3386 2595 3576 2650 Amen.

2046 2715 2472 2773 Arcliambaldus
2518 2712 2713 2767 dicitur
2749 2713 2814 2765 ab
2843 2709 3065 2765 Odilo'n‘c
3095 2705 3487 2763 Silviniacensis
3517 2703 3617 2755 lori

2047 2804 2298 2858 provisor.

2064 3164 2652 3256 ODII.ONIS

1251 3361 1491 3419 l'it‘cnlc
1534 3367 1743 3419 sancto
1789 3359 2028 3419 Maiolo
2071 3360 2284 3421 abbate
2327 3359 2738 3418 (.‘Ium’ucrnsi.

1814 3521 1993 3585 (.\nno
2032 3520 2180 3588 98d.)

439 3800 637 3856 Ordine
667 3799 857 3853 divinae
892 3797 1309 3867 dispensationis
1344 3812 1465 3851 cum
1506 3798 1737 3865 primurn
1779 3799 1949 3853 sacris
1978 3804 2019 3867 ε
2053 3782 2211 3854 neum
2265 3801 2619 3872 persentisco,
2678 3802 2819 3855 beati
2867 3800 3141 3855 Benedicti
3190 3800 3521 3869 capitulatim
3564 3805 3629 3859 de

368 3893 573 3961 legibus
607 3907 635 3943 a
674 3888 994 3958 patriarchis
1017 3898 1070 3941 et
1099 3888 1399 3955 prophetis,
1425 3896 1533 3939 tum
1558 3887 1718 3940 etiam
1758 3888 1949 3940 Imma-

369 3985 455 4035 nis
481 3979 789 4035 consulibus
829 3987 885 4030 et.
920 3978 1137 4047 regibus
1168 3986 1347 4037 motus
1377 3976 1695 4046 populorum
1725 3978 1956 4045 compri-

370 4082 630 4135 meretur,
658 4079 779 4139 post
811 4078 1052 4137 tempore
1094 4068 1359 4121 incarnati
1394 4066 1550 4121 Verbi
1593 4068 1745 4136 ignea
1774 4068 1957 4122 rhom-

366 4165 522 4234 phzea
544 4163 596 4216 in
619 4162 759 4217 ostio
785 4162 1019 4229 paradisi
1051 4160 1199 4215 fonte
1227 4160 1417 4214 lateris
1438 4159 1637 4214 Christi
1669 4161 1953 4223 exstincta,

372 4262 432 4304 ut
480 4266 703 4319 regnum
751 4249 841 4303 Dei
896 4249 1182 4303 violentius
1233 4258 1536 4317 raperetur,
1585 4249 1747 4317 coepit
1785 4258 1957 4302 status

372 4342 737 4395 Ecclesiarum
767 4340 835 4393 ab
865 4340 1173 4408 apostolicis
1214 4339 1346 4393 viris
1372 4340 1474 4408 piis
1506 4340 1745 4393 moribus
1793 4339 1958 4394 infor-

372 4429 530 4492 mari,
567 4440 621 4481 et
645 4430 858 4483 dentum
887 4442 917 4481 a
941 4428 1113 4481 sacris
1140 4428 1273 4481 viris
1294 4437 1347 4481 et
1374 4428 1658 4482 abbatibus
1698 4430 1750 4481 in
1779 4429 1958 4482 subdi-

373 4512 550 4572 toi'nm
584 4517 853 4571 mentibus
880 4516 1139 4586 regularis
1170 4516 1302 4569 ordo
1329 4515 1539 4584 disponi
1561 4556 1576 4579 ,
1612 4525 1669 4569 ut
1708 4531 1806 4584 per
1834 4532 1955 4570 eum

371 4610 711 4664 currentibus
732 4606 904 4663 facilis
922 4606 1156 4662 caelestis
1178 4607 1366 4676 patriae
1386 4607 1659 4660 videretur
1677 4621 1955 4659 ascensus.

371 4694 575 4771 Sicque
609 4701 669 4755 fit
690 4740 705 4766 ,
734 4708 793 4754 ut
830 4708 1032 4769 quanto
1058 4700 1179 4769 quis
1219 4714 1315 4769 per
1340 4698 1583 4767 exempla
1613 4700 1831 4770 pietatis
1860 4716 1959 4770 pa-

372 4802 532 4847 terno
552 4792 698 4846 cultu
719 4806 778 4845 se
801 4791 867 4845 ad
896 4791 1111 4845 excelsa
1134 4792 1347 4862 erigens
1377 4792 1720 4861 processerit,
1752 4800 1807 4846 et
1831 4793 1957 4846 sub-

374 4882 504 4937 dltis
530 4882 598 4935 ad
627 4881 865 4936 cmlestia
888 4881 1146 4950 sequendi
1177 4881 1430 4936 ducatum
1454 4882 1767 4952 prmbuerit,
1806 4891 1959 4936 tanto

377 4989 409 5027 a
428 4988 712 5028 remnnera
722 4982 837 5029 tore
852 4972 1077 5029 Domino
1098 4972 1375 5043 multiplex
1390 4975 1655 5029 mercedis
1669 4984 1724 5028 et
1748 4974 1963 5028 filiatio-

376 5065 462 5121 uis
486 5064 641 5122 fenus
664 5065 946 5134 percipiet.
986 5064 1053 5117 Et
1084 5065 1335 5134 quoniam
1366 5065 1433 5119 ad
1464 5064 1714 5135 praelatos
1744 5065 1963 5133 respicit

2054 3889 2433 3944 constituendo
2473 3891 2667 3944 abbate
2706 3890 3065 3945 sollicitudine
3104 3892 3471 3959 praemonitus,
3502 3909 3624 3947 cum

2053 3978 2302 4031 omnibus
2356 3976 2609 4031 fratribus
2653 3979 2809 4041 meis,
2855 3979 2995 4042 tilns,
3047 3989 3101 4034 et
3145 3983 3444 4044 conservis,
3490 3982 3643 4036 beati-

2055 4068 2270 4135 quidcm
2292 4067 2436 4121 Petri
2464 4068 2671 4137 pridem
2709 4069 2964 4123 clericum
2990 4068 3212 4125 fratrem
3234 4080 3288 4126 et
3319 4071 3485 4125 filium
3519 4087 3635 4125 mo-

2058 4158 2243 4212 nachis
2289 4157 2569 4212 0di|onem
2614 4158 2919 4229 religiosum
2963 4161 3231 4231 eligimus,
3278 4171 3333 4215 et
3384 4162 3633 4216 abbatem

2055 4261 2173 4300 esse
2215 4247 2572 4310 decernimus,
2628 4262 2696 4301 ne
2740 4248 3022 4301 insolentia
3068 4259 3265 4302 nostra:
3308 4248 3637 4304 infirmitatis

2057 4336 2190 4389 ordo
2232 4336 2555 4401 deterescat,
2588 4350 2642 4390 et
2672 4336 2939 4405 repulsam
2972 4337 3023 4389 in
3057 4337 3238 4405 aliquo
3263 4338 3499 4406 patiatur
3527 4339 3649 4393 Deo.

2054 4425 2285 4495 propitio
2314 4440 2527 4495 semper
2555 4427 2621 4481 ad
2649 4426 2869 4481 meliora
2896 4428 3286 4497 provehendus.

2128 4515 2196 4570 Et
2242 4532 2309 4571 ne
2354 4518 2602 4571 technam
2658 4516 2880 4584 alicujus
2931 4516 3293 4570 excusationis
3339 4516 3641 4584 prmtendat

2061 4606 2205 4679 (nam
2231 4609 2369 4661 sicut
2396 4608 2517 4676 quis
2555 4607 2770 4676 indigne
2815 4607 2882 4660 ad
2934 4606 3170 4673 regimen
3220 4607 3466 4660 incautus
3494 4607 3639 4675 aspi-

2064 4708 2168 4761 rat,
2197 4697 2267 4749 ita
2296 4697 2340 4751 si
2362 4696 2484 4765 quis
2514 4696 2704 4761 dignus
2731 4694 2944 4764 refugit,
2969 4694 3161 4748 merito
3189 4695 3639 4765 constringendus

2063 4789 2289 4841 habetur
2311 4786 2591 4841 consilium
2619 4786 2991 4855 episcoporum
3026 4793 3081 4838 et
3113 4783 3366 4838 abbatum
3394 4784 3642 4838 adhibui-

2063 4895 2199 4935 mus.
2219 4879 2282 4932 Et
2304 4879 2441 4932 sicut
2464 4876 2816 4931 Cluniacense
2840 4875 3249 4937 monasterium,
3270 4872 3379 4927 Deo
3399 4883 3639 4937 auctore,

2064 4969 2398 5025 aGuillelmo
2437 4969 2571 5023 duce
2604 4967 2904 5030 fundatum,
2950 4966 3167 5021 nomine
3210 4964 3470 5033 principis
3512 4978 3643 5031 apo-

2065 5060 2326 5115 stolorum
2357 5066 2651 5122 sacratum,
2701 5055 2999 5125 privilegiis
3031 5053 3286 5108 Romana:
3323 5052 3466 5106 sedis
3489 5037 3643 5104 .insi-

376 5156 637 5227 quidquid
678 5170 709 5209 a
756 5155 987 5211 subditis
1018 5154 1377 5226 delinquitur,
1425 5154 1729 5224 exemplum
1783 5170 1964 5224 prava:
1992 5156 2040 5215 D
2067 5151 2297 5221 gnitum,
2341 5147 2612 5217 regalibus
2653 5144 2939 5215 praeceptis
2983 5143 3383 5203 confirmatum,
3426 5155 3454 5192 a
3500 5152 3651 5194 reve-

378 5250 502 5303 vita:
542 5256 599 5303 et
655 5247 1035 5322 negligentiam
1078 5248 1438 5309 subditorum,
1486 5246 1754 5300 sententia
1795 5245 1961 5300 divini

376 5338 664 5403 examinis,
688 5336 831 5409 ignis
857 5337 1117 5407 gehennae
1148 5336 1501 5391 inexhaustus
1530 5334 1785 5391 vindicat.
1816 5334 1962 5402 Qua-

1040 5424 1072 5442 η
1143 5427 1184 5442 τι
1224 5435 1236 5442 .
1275 5426 1287 5439 ο
1326 5423 1415 5442 nl.
1467 5425 1503 5441 ’κ
1562 5439 1571 5441 -

2071 5237 2250 5293 rendis
2318 5251 2532 5307 quoque
2595 5233 2879 5288 abbatibus
2924 5231 3124 5287 domno
3185 5230 3433 5284 Bernone
3491 5236 3655 5292 atque

2073 5330 2274 5392 Odone,
2321 5342 2529 5385 necnon
2579 5324 2890 5394 Haymardo
2934 5322 3245 5376 ordinatum
3291 5326 3535 5380 constat;
3581 5315 3657 5368 ita

2082 5436 2190 5442 -4-..
2234 5421 2479 5442 -“49L---
2507 5414 2731 5440 -I.I.-n:=-
2784 5413 2913 5438 I--:-
2959 5422 3007 5438 Α·
3053 5410 3199 5438 anili-
3232 5410 3319 5436 ..ΜΞ
3350 5406 3434 5436 ..1ιῖ
3471 5420 3657 5436 Λυσι-ειη
