4494 5520
863 463 964 516 779

1763 454 1820 506 S.
1863 453 2089 505 MAIOLI
2129 451 2374 502 ABBAT.
2420 452 2712 506 CLL'NIAC
2751 447 3190 503 CIIARTULAR.

4002 441 4104 492 780

866 570 1343 644 gritale,'propitia
1363 565 2438 632 divinitate,vinculisobcdicntimastrin-
2466 570 2513 627 Α
2612 563 2994 618 Ermeufredus
3023 565 3326 636 episcopus.

865 663 1076 729 pimus,
1147 669 1202 715 et
1271 658 1520 714 abbatem
1593 657 1921 712 unanimiter
1981 669 2167 708 omnes
2227 656 2434 724 procla-

861 765 1091 804 luamus.

933 837 1099 906 Hujus
1127 854 1256 895 vero
1282 838 1560 894 electionis
1599 845 1654 893 et
1697 836 2055 892 ordinationis
2099 835 2213 905 ejus
2243 837 2434 891 seriem

860 945 956 999 per
981 930 1315 995 consultum,
1341 939 1399 984 ut
1421 930 1676 993 diximus,
1704 929 1992 997 primatum
2023 928 2233 982 comitis
2250 929 2432 991 etiam,

863 1026 920 1071 et
949 1019 1191 1072 advocati
1221 1018 1392 1072 nostri
1422 1017 1636 1071 Henrici
1683 1016 1856 1078 ducis,
1903 1031 2111 1070 necnon
2153 1024 2206 1070 et
2248 1014 2437 1070 Otonis

861 1105 1060 1160 litteris
1087 1107 1282 1160 sanciri
1310 1105 1666 1175 praecipimus,
1691 1114 1850 1172 atque
1874 1104 2186 1173 regulariter
2207 1104 2438 1159 celebra-

863 1206 974 1249 tam
1001 1195 1390 1249 ordinationem
1419 1195 1470 1247 in
1506 1195 1706 1249 Christi
1736 1195 1951 1249 nomine
1981 1194 2434 1258 conﬁrmavimus,

862 1292 916 1338 et
970 1299 1001 1336 a
1043 1283 1284 1352 patribus
1323 1297 1386 1336 ac
1418 1282 1674 1338 fratribus
1722 1283 1943 1347 nostris,
1988 1285 2201 1352 scriptis
2237 1284 2434 1338 confir-

861 1387 1011 1427 mare
1039 1374 1244 1444 precati
1286 1388 1491 1428 sumus.
1528 1373 1662 1427 Acta
1700 1372 2052 1429 Cluniacense
2078 1375 2320 1430 ccenobio
2355 1374 2434 1428 le-

863 1464 1056 1519 liciler.
1089 1464 1277 1518 Amen.

933 1552 1044 1622 Ego
1070 1552 1294 1609 Maiolus
1319 1552 1484 1606 abbas
1503 1551 1628 1607 huic
1653 1550 1896 1606 electioni
1928 1567 2204 1608 assensum
2233 1553 2432 1622 praebui

863 1649 918 1694 et
947 1643 1173 1712 signavi.

934 1730 1245 1798 Rodnlphus
1268 1747 1381 1786 rex.

933 1818 1307 1874 Bourchardus
1328 1820 1780 1888 archiepiscopus.

934 1907 1086 1977 Hugo
1115 1909 1393 1977 episcopus
1430 1908 1776 1964 Genevensis.

934 1997 1195 2066 Aguricus
1216 1999 1497 2067 episcopus
1524 1999 1904 2053 Lausaneusis.

936 2086 1087 2152 Hngo
1114 2088 1418 2156 episcopus.

934 2175 1101 2228 Tento
1127 2175 1311 2231 abbas.

933 2265 1249 2320 ltichl‘redus
1279 2267 1465 2322 abbas.

2610 651 2949 706 Burchardus
2974 666 3172 705 comes.

2608 745 2926 798 Lambertus
2956 759 3154 797 comes.

2609 837 2930 889 Adalbertus
2955 849 3156 888 comes.

2540 986 2654 1040 Hoc
2709 987 2918 1054 insuper
2972 985 3331 1049 subsiqnm'ere
3371 982 3610 1054 monachi
3657 989 3856 1054 centum
3899 988 4105 1047 septua-

2607 1057 2747 1126 ginta
2777 1051 2995 1122 septem;
3024 1055 3142 1106 huic
3163 1054 3315 1105 etiam
3347 1052 3580 1105 electioni
3605 1051 4032 1118 subscripserunt.

2609 1186 2896 1241 Lcotaldus
2921 1184 3372 1253 archiepiscopus.

2607 1279 2901 1332 Walterius
2929 1278 3226 1346 episcopus.

2609 1367 2761 1436 Hugo
2789 1367 2972 1419 abbas.

2609 1458 2778 1526 Wago
2813 1456 2996 1510 abbas.

2607 1545 2942 1600 Theobaldus
2970 1543 3154 1597 abbas.

2607 1634 3014 1688 Warembertus
3045 1634 3230 1686 abbas.

2609 1722 2907 1777 Willelmus
2937 1722 3120 1774 abbas.

2608 1809 2834 1864 Maiolns
2871 1809 3208 1878 praepositus.

2613 1900 2904 1954 Walterius
2929 1901 3268 1969 praepositus.

2610 1997 2982 2065 Cundulphus.

2611 2087 2798 2139 David.

2612 2177 2892 2245 Agnricus.

2613 2263 2963 2316 Seudeleuus.

2767 2449 4090 2475 —————-———-——_—ﬂ

1757 2615 1834 2692 S.
1889 2614 2251 2691 MAIOLI
2328 2612 3134 2690 CHAllTULARIUM

2115 2788 2216 2862 (Ex
2236 2789 2556 2842 Bibliotheca
2583 2788 2845 2856 Cltmiac.)

1630 3063 1670 3121 l.

2547 3079 2718 3133 uaque
2749 3079 2866 3119 mea
2909 3063 3290 3133 gloriosissima
3329 3063 3604 3118 nobiscum
3627 3073 3817 3127 mater,
3856 3079 3973 3133 qua:
4011 3067 4112 3121 hoc

859 3161 1056 3217 Charta
1104 3158 1340 3212 Lotharii
1396 3157 1530 3226 regis
1585 3156 1648 3209 de
1698 3155 1759 3210 S.
1813 3156 2050 3226 Antando
2107 3154 2436 3209 Cluniacensi
2467 3141 2509 3201 C
2543 3156 2748 3216 statuit,
2786 3163 2998 3209 aeterna:
3025 3154 3292 3209 felicitatis
3319 3156 3557 3224 prtemio,
3595 3155 3806 3208 Christo
3835 3155 4109 3226 largiente,

968 3230 1280 3284 monasterio
1311 3225 1585 3290 concesso,
1617 3236 1842 3294 tempore
1883 3225 2066 3278 Maioli
2105 3226 2328 3278 abbatis.

1473 3316 1650 3386 (Anno
1687 3314 1832 3384 960.)

931 3432 987 3486 ln
1027 3431 1244 3484 nomine
1272 3436 1468 3482 sanctae
1507 3436 1562 3480 et
1602 3425 1885 3479 individua:
1909 3424 2186 3479 Trinitatis
2229 3424 2439 3480 Lorua-

862 3538 982 3578 atus
1005 3521 1174 3590 gratia
1205 3518 1294 3572 Dei
1329 3533 1435 3571 rex.

930 3611 1326 3665 Pnecessorum
1361 3615 1665 3661 nostrorum
1694 3606 2108 3660 consuetudines
2129 3622 2311 3676 regum
2346 3606 2439 3661 ob-

861 3701 1117 3759 tinemus,
1144 3698 1185 3750 si
1218 3695 1553 3749 familiariter
1580 3695 1828 3763 congruis
1862 3695 1912 3747 iu
1943 3696 2287 3763 petitionibus
2311 3695 2440 3749 lide-

861 3789 940 3844 les
968 3801 1179 3842 nostros
1206 3787 1541 3841 exaudimus.
1576 3786 1912 3854 Quapropter
1946 3788 2208 3841 universa:
2239 3798 2440 3842 sanctae

861 3880 958 3934 Dei
990 3878 1264 3941 Ecclesiae,
1300 3886 1714 3944 nostrorumque
1758 3877 1996 3928 omnium
2047 3877 2277 3931 fidelium
2328 3887 2437 3932 tam

861 3970 1206 4040 praesentium
1239 3982 1400 4035 quam
1448 3974 1501 4020 et
1543 3963 1847 4018 futurorum
1892 3967 2084 4019 animis
2112 3977 2292 4021 notum
2322 3984 2440 4023 esse

862 4057 1129 4120 volumus,
1169 4057 1424 4124 quoniam
1457 4055 1669 4109 domina
1699 4068 1814 4107 mea
1850 4064 2024 4108 mater
2054 4055 2438 4124 gloriosissima

861 4150 1132 4218 Gerberga
1165 4149 1349 4218 regina
1386 4161 1478 4216 per
1511 4159 1827 4198 consensum
1861 4161 2079 4200 suorum
2111 4157 2440 4200 nostrorum-

862 4257 966 4310 que
997 4240 1249 4302 ﬁdelium,
1287 4237 1512 4292 accessit
1541 4249 1737 4292 nostra:
1763 4238 2064 4306 praesentia:
2094 4239 2438 4292 serenitatem

863 4330 1147 4392 maternis,
1178 4343 1297 4383 cum
1323 4327 1658 4395 jussionibns
1685 4343 1901 4398 rogans,
1949 4336 2005 4380 ut
2053 4328 2438 4380 monasterium

867 4421 1007 4489 quod
1055 4429 1138 4474 est
1191 4421 1351 4473 situm
1403 4419 1454 4472 iu
1509 4421 1763 4473 comitatu
1805 4419 2102 4472 Trabesino
2140 4419 2193 4470 in
2239 4419 2440 4472 honore

2543 3248 2785 3301 donetur.
2816 3246 2880 3298 Et
2909 3261 3014 3313 quo
3041 3245 3244 3298 ﬁrmius
3267 3247 3533 3307 credatur,
3567 3245 3914 3314 stabiliusque
3943 3247 4114 3314 possi-

2542 3338 2748 3400 deatur,
2790 3352 2947 3390 manu
2985 3337 3194 3406 propria
3228 3337 3770 3402 subterlirmavimus,
3819 3347 3873 3391 et
3918 3338 4119 3390 annulo

2542 3438 2739 3482 nostra:
2767 3427 3103 3480 auctoritatis
3135 3426 3375 3495 insigniri
3401 3423 3684 3491 jussimus.

2613 3516 2836 3583 Signum
2861 3515 3039 3568 domui
3066 3525 3116 3566 et
3144 3513 3514 3583 gloriosissitui
3545 3512 3787 3567 Lotharii
3813 3514 3971 3584 regis.

2613 3604 2760 3660 Gebo
2789 3605 3002 3658 humilis
3031 3614 3264 3672 quaestor
3309 3604 3373 3656 ad
3407 3604 3576 3672 vicem
3611 3603 3816 3658 Artoldi
3847 3604 4114 3674 archiepi-

2543 3699 2689 3768 scopi
2720 3699 3020 3766 summique
3047 3697 3348 3752 cancellarii
3373 3696 3643 3766 cognovit.

2616 3789 2804 3842 Datum
2859 3805 2908 3841 ix
2961 3788 3079 3842 Kal.
3116 3788 3392 3842 Decembr.
3446 3796 3702 3856 regnante
3731 3786 4121 3856 gloriosissimo

2545 3881 2797 3934 Lothario
2818 3894 2941 3948 rege
2971 3895 3112 3933 anno
3140 3896 3192 3944 v,
3231 3880 3342 3932 ind.
3372 3894 3454 3932 tu.
3481 3879 3672 3932 Actum
3703 3879 3911 3933 Divioui
3941 3879 3992 3932 in
4025 3894 4117 3948 pa—

2543 3969 2669 4023 latio
2701 3979 2796 4022 ter.
2828 3970 3018 4023 Amen.

3297 4057 3358 4112 ll.

2543 4169 2739 4223 Charta
2775 4146 3455 4241 Theobaldi__Cabilo_nensis
3489 4171 3709 4241 comitia,
3755 4187 3853 4241 qua
3877 4171 4123 4241 donatio-

2615 4257 2728 4291 nem
2789 4239 3088 4292 monasterii
3131 4238 3186 4291 S.
3237 4239 3470 4292 Marcelli
3517 4238 3870 4294 Cabilonensis
3923 4240 4122 4293 Maiolo

2619 4309 2950 4361 Cluniacensi
2980 4309 3152 4360 abbati
3185 4309 3378 4375 factum
3408 4309 3730 4376 conﬁrmavit

2617 4417 2728 4486 Ego
2757 4417 2807 4469 in
2840 4416 2932 4470 Dei
2965 4417 3176 4471 nomine
3207 4416 3552 4472 THEOBALDUS
3581 4433 3763 4473 comes
3808 4418 4127 4473 Cabilonen-

866 4511 922 4565 S.
949 4514 1197 4575 Amandi,
1227 4513 1602 4580 dicatumque,
1627 4528 1693 4566 eo
1727 4513 1867 4580 quod
1909 4513 2111 4579 absque
2153 4513 2451 4565 rectoribus
2481 4498 2527 4555 Ι)
2555 4507 2628 4561 sis
2657 4508 2904 4562 omnibus
2953 4507 3075 4562 [iliis
3115 4519 3314 4564 sancta:
3369 4509 3621 4564 Ecclesiae
3677 4512 3728 4564 in
3782 4511 4004 4564 Domino
4031 4527 4124 4566 sa-

867 4604 1030 4655 etiam
1081 4601 1247 4656 veluti
1302 4600 1739 4654 inhabitabilibus
1778 4600 1930 4664 locis,
1971 4601 2295 4656 monasterio
2324 4600 2449 4654 Clu-

869 4693 1107 4747 niacensi
1153 4694 1372 4760 suisque
1415 4692 1717 4745 rectoribus
1762 4691 2136 4754 subderemus,
2172 4707 2292 4745 cum
2337 4693 2448 4745 suis

863 4783 1114 4837 omnibus
1160 4782 1225 4834 ad
1275 4797 1330 4836 se
1360 4783 1752 4850 pertinentibus
1786 4791 1890 4834 tam
1928 4781 1980 4834 in
2021 4782 2159 4834 villis
2202 4797 2359 4850 quam
2392 4783 2444 4835 in

866 4873 1081 4944 prazdiis
1125 4871 1394 4934 omnibus,
1447 4882 1568 4924 cum
1621 4871 1900 4939 mancipiis
1939 4871 2217 4940 utriusque
2264 4886 2446 4935 sexus,

871 4961 1062 5032 pratis,
1095 4961 1288 5026 vineis,
1309 4961 1476 5024 silvis,
1509 4961 1686 5028 aquis,
1711 4975 2078 5028 aquarumque
2108 4960 2445 5024 decursibus,

868 5060 925 5105 et
963 5051 1316 5121 regressibus,
1341 5060 1390 5104 et
1414 5050 1667 5105 exitibus.
1699 5050 1793 5103 Cui
1822 5063 2102 5103 assensum
2127 5051 2446 5116 praebentes,

869 5143 1009 5212 quod
1051 5157 1262 5212 aaqnum
1310 5141 1502 5204 luerat,
1539 5143 1981 5210 pelitiones.......
2016 5141 2069 5194 in
2108 5141 2297 5195 harum
2337 5139 2450 5207 jus-

869 5232 1023 5285 sione
1046 5240 1103 5284 ut
1143 5233 1194 5284 in
1223 5231 1342 5285 aliis
1371 5231 1723 5299 suscepimus,
1756 5230 2146 5300 prmlatumque
2189 5240 2450 5285 monaste-

871 5320 1007 5373 rium
1040 5320 1098 5374 S.
1130 5321 1357 5374 Amandi
1393 5336 1512 5374 cum
1543 5323 1687 5375 omni
1736 5322 2065 5391 integritate,
2115 5329 2175 5374 ut
2212 5320 2322 5388 jam
2370 5322 2451 5374 di-

2552 4601 2734 4655 lutem.

2621 4690 2810 4743 Audivi
2843 4705 2873 4743 a
2909 4693 3392 4760 praedecessoribns
3423 4695 3601 4760 meis,,
3651 4705 3703 4750 et
3750 4695 3938 4749 vicinis
3981 4696 4122 4748 anti-

2552 4781 2672 4847 quis
2702 4780 2832 4834 viris
2857 4819 2870 4843 ,
2899 4781 3036 4850 quod
3067 4782 3430 4837 nobilissimus
3461 4800 3641 4838 comes
3668 4785 3996 4845 Gaulredus,
4029 4785 4123 4851 qui

2550 4871 2670 4935 post
2695 4878 2918 4922 mortem
2941 4871 3369 4938 praestantissimi
3395 4881 3448 4926 et
3478 4873 3925 4928 Christianissimi
3953 4873 4125 4927 comi-

2553 4961 2621 5013 tis
2655 4959 2737 5012 avi
2771 4961 2938 5014 nostri
2970 4962 3242 5016 Lamberti
3269 4965 3475 5032 accepit
3507 4963 3621 5030 ejus
3641 4964 3918 5035 coujugcm
3948 4965 4127 5020 aviam

2551 5068 2724 5105 meam
2760 5051 3052 5106 Adheidem
3083 5055 3429 5115 comitissam,
3477 5055 3706 5110 accessit
3738 5057 3800 5109 ad
3839 5056 4007 5110 beatae
4036 5071 4124 5109 re-

2551 5141 2877 5196 cordationis
2916 5143 3162 5197 abbatem
3213 5143 3497 5214 Mayolum,
3533 5154 3585 5197 et
3622 5146 4010 5200 commendavit
4048 5145 4127 5198 illi

2552 5231 2932 5284 monasterium
2980 5232 3032 5284 in
3083 5231 3337 5286 suburbio
3380 5231 3770 5286 Cabilloneusis
3819 5232 4051 5286 civitatis
4097 5247 4126 5286 a

2551 5318 2869 5374 Guntrauno
2916 5321 3245 5374 nobilissimo
3277 5335 3330 5374 et
3370 5323 3623 5387 religioso
3674 5338 3797 5385 rege
3847 5322 4130 5383 magnifice
