4494 5520
388 444 479 498 781
1124 445 1408 500 LETALDI
1451 445 1828 498 )lllllACENS.
1867 445 2162 499 MONACIL
2209 447 2293 498 DE
2337 446 2489 498 VITA
2535 446 2589 498 S.
2633 445 2909 499 JL'LIAM.
3519 444 3623 496 78‘}

386 554 666 622 petualiter
727 552 987 608 baberent
1037 563 1091 607 et
1154 555 1510 622 possiderent.
1564 554 1708 607 llanc
1776 565 1952 608 autem
1986 560 2028 615 Λ
2059 555 2394 609 Cluniacensi
2447 556 2726 614 dederunt,
2761 555 2931 614 laudo,
2972 556 3090 608 volo
3129 564 3177 606 et
3222 556 3514 617 conﬁrmo;
3564 560 3618 607 et

383 644 900 697 commendationem
933 644 1046 697 sive
1071 645 1408 698 donationem
1457 643 1584 698 fecit
1621 645 1958 713 supradictus
2059 647 2212 698 uxori
2237 661 2390 706 mem,
2438 653 2491 697 et
2525 646 2654 697 meis
2694 645 2935 697 ﬁdelibus
2963 644 3176 696 laudare
3203 655 3255 697 et
3288 644 3500 696 ﬁrmare
3541 643 3620 694 fa-

382 746 561 785 comes
585 731 902 786 Gauﬁ‘redus
944 735 1141 787 domno
1171 734 1394 803 Mayolo,
1423 750 1543 788 cum
1577 735 1801 789 consilio
1828 749 1956 788 con-
2058 736 2142 789 cio
2174 753 2186 786 :
2213 745 2268 789 et
2308 735 2541 804 quandiu
2586 736 2798 793 vixero,
2835 734 2983 788 testis
3011 743 3064 787 et
3091 733 3302 802 adjutor
3328 746 3441 786 ero.
3492 729 3617 785 Post

376 820 521 888 jugis
545 836 676 884 sum,
709 831 764 875 et
813 822 906 875 ﬁlii
953 823 1066 890 ejus
1112 823 1350 893 Hugonis
1383 834 1506 878 tunc
1536 824 1736 886 clerici,
1772 834 1953 894 postea
2057 839 2235 878 meum
2264 826 2540 878 decessum
2582 826 2670 892 qui
2705 833 2890 876 contra
2924 824 3063 878 lianc
3110 821 3501 877 restitutionem
3527 835 3620 872 ve-

380 913 636 981 opiscOpi,
669 924 937 968 annuente
959 924 1012 968 et
1041 915 1287 969 laudante
1302 915 1568 969 Almcrico
1589 917 1740 969 duce.
1765 915 1953 970 Postea
2059 917 2220 978 nerit,
2257 917 2390 968 iram
2428 917 2518 969 Dei
2543 915 2927 984 omnipotentis
2953 916 3224 968 incurrere
3251 927 3368 966 sese
3393 925 3496 967 non
3527 911 3621 966 duo

379 1015 508 1054 vero
538 1012 794 1070 regnante
820 1003 1163 1056 serenissima
1203 1019 1324 1072 rege
1357 1005 1587 1058 lloberto
1609 1045 1622 1066 ,
1661 1005 1955 1058 avunculus
2052 1008 2262 1061 bitabit.

381 1105 531 1143 meus
565 1091 794 1144 domnus
846 1091 996 1162 llugo
1025 1109 1209 1148 comes
1257 1103 1310 1148 et
1357 1094 1662 1162 episcopus,
1690 1103 1954 1163 przesente
2125 1097 2346 1164 Signum
2379 1097 2665 1151 Theobaldi
2695 1096 2906 1151 comitis
2930 1132 2946 1160 ,
2985 1095 3074 1163 qui
3105 1095 3206 1150 hoc
3242 1099 3617 1149 testamentum

381 1181 497 1246 ipso
528 1197 652 1250 rege
678 1223 692 1244 ,
728 1184 1014 1238 comitibus
1039 1195 1092 1239 et
1119 1187 1386 1255 episcopis
1431 1187 1586 1240 istius
1616 1187 1832 1254 patrize,
1865 1200 1952 1238 su-
2059 1190 2291 1242 .audavit
2339 1197 2502 1256 atque
2549 1187 2799 1250 ﬁrmavit,
2851 1199 3084 1252 suosque
3122 1183 3303 1238 ﬁdeles
3331 1191 3386 1238 et
3419 1181 3621 1238 amicos

379 1273 604 1338 pradicti
638 1275 946 1327 monasterii
1001 1275 1198 1329 donum
1250 1276 1471 1329 tradidit
1501 1277 1697 1329 domno
1737 1275 1951 1330 Odiloni
2054 1278 2268 1330 ﬁrmare
2295 1277 2567 1346 praecepit.

379 1361 584 1422 abbati,
621 1365 916 1417 successori
946 1364 1158 1418 abbatis
1184 1365 1394 1435 Mayoli,
1433 1375 1489 1418 ut
1523 1367 1636 1434 ipse
1659 1367 1778 1434 jure
1803 1376 1952 1419 ante-
2125 1367 2184 1419 S.
2221 1367 2592 1420 Ermentrudis
2621 1363 2738 1434 ejus
2760 1362 3021 1434 conjugis.

377 1453 581 1506 cessari
611 1453 691 1506 sui
722 1453 894 1508 locum
927 1455 1164 1519 haberet,
1199 1465 1471 1511 teneretet
1500 1458 1812 1525 possideret.
1841 1457 1949 1525 Ego
2127 1453 2184 1507 S.
2217 1453 2454 1524 Hugonis
2483 1453 2548 1508 de
2573 1452 2906 1506 Mont-Paon.

377 1555 508 1596 vero
536 1545 707 1611 gratis
736 1544 830 1599 Dei
878 1561 1058 1600 comes
1083 1546 1443 1610 Theobaldus,
1471 1550 1611 1617 quod
1641 1557 1951 1603 anlecesso-
2127 1544 2184 1596 S.
2219 1545 2448 1600 Ansedei
2479 1545 2542 1598 de
2572 1542 2860 1598 Naviliaco.

378 1645 467 1685 res
494 1634 663 1685 nostri
700 1642 755 1687 et
797 1645 1048 1702 parentes
1084 1636 1194 1692 Deo
1219 1648 1274 1691 et
1302 1647 1490 1691 sancto
1532 1637 1715 1701 Petro,
1751 1649 1804 1692 et
1833 1639 1946 1691 luco
2124 1638 2182 1689 S.
2219 1637 2432 1689 Tctardi
2461 1636 2527 1689 de
2557 1636 2723 1688 Raon.

409 1753 3594 1814 ω

1440 1912 1622 1956 ωειοΑ
1668 1913 1885 1953 ΑΝΝΕΜ
1933 1911 2156 1954 DOMINI
2205 1910 2567 1952 DCCCCXCVI.

1449 2087 2591 2229 LETALDUS

615 2349 1117 2414 MICIACENSIS
1161 2353 1367 2412 APL'D
1412 2346 1914 2410 AURELIANOS
1955 2347 2406 2414 MONACHUS,
2451 2348 2770 2408 ORDINIS
2811 2347 2872 2407 S.
2917 2338 3361 2405 BENEDICTI.

1375 2549 1878 2640 NOTITIA
1947 2548 2626 2639 HISTORICA.

446 2711 698 2770 Letaldus
746 2715 1082 2770 Miciacensis
1112 2717 1426 2772 monachus.
1477 2715 1692 2784 scripsit
1734 2715 1923 2766 librum
1971 2713 2044 2766 De
2098 2715 2364 2769 Miraculis
2410 2716 2466 2770 S.
2515 2717 2788 2770 Maximini
2832 2719 3034 2772 abbatis
3080 2717 3430 2780 Miciacemis,
3462 2731 3620 2784 queat

375 2787 543 2838 edidit
579 2785 812 2840 Joannes
866 2785 1116 2841 Mabillon
1173 2786 1380 2840 Saeculo
1422 2787 1439 2839 Ι
1481 2783 1802 2856 Sanctorum
1851 2783 2208 2856 ordinisgdivi
2248 2786 2545 2856 Benedicti,
2580 2803 2698 2856 pag.
2756 2788 2878 2841 598.
2935 2788 3300 2856 Atqueiliunc
3346 2783 3621 2842 Letaldunt

377 2857 623 2908 eumdem
665 2871 784 2924 esse
829 2867 1078 2924 putamus
1132 2857 1221 2924 qui
1263 2856 1518 2924 expolivit
1581 2852 2194 2924 Vitamrsanctiluliani
2233 2852 2635 2910 Cenomanensis
2653 2852 2922 2923 ἐρησορὴ
2977 2852 3076 2910 etsi
3124 2855 3446 2911 Possevinus
3481 2859 3625 2912 hunc

377 2926 698 2994 monachum
724 2922 1180 2994 Cen'omanensem
1209 2922 1500 2978 existimat.
1537 2925 1589 2977 In
1622 2924 1724 2977 illis
1767 2922 2037 2994 Miraculis
2086 2924 2282 2976 seriem
2325 2922 2712 2993 episcoporum
2740 2926 3206 2980 Aurelianensium
3255 2927 3620 2994 abbatumque

377 2993 773 3062 Miciacensium
804 2995 991 3048 inserit
1016 2993 1286 3056 Letaldus,
1317 2995 1405 3060 qui
1441 3004 1678 3062 tempore
1716 2993 2024 3046 Ermenthei
2067 3002 2119 3062 et
2162 2994 2425 3062 Arnnlpbi
2456 2997 2850 3062 episcoporum.
2897 3003 3057 3062 atque
3102 2994 3381 3047 Ammonis
3413 2993 3623 3049 abbatis

375 3062 476 3109 sub
501 3061 658 3178 autem
687 3065 864 3136 saeculi
892 3079 923 3110 ι
1045 3065 1240 3111 vtxtsse
1273 3058 1502 3112 testatur
1529 3058 1649 3125 cap.
1681 3063 1736 3110 tl
1774 3065 1827 3111 et
1855 3072 2030 3125 seqq.,
2051 3058 2456 3129 distinguendus
2477 3058 2506 3112 a
2535 3060 2755 3115 Letaldo
2784 3063 2952 3116 altero
2971 3058 3169 3118 abbate
3193 3063 3523 3129 Miciacensi,
3551 3064 3618 3118 de

377 3141 482 3178 auo
516 3141 562 3178 IS
589 3140 619 3178 e
660 3137 770 3178 amt
799 3140 918 3178 can.
997 3165 1009 3178 .

377 3141 482 3193 quo
516 3135 619 3178 iste
660 3135 770 3193 agit
799 3140 918 3193 cap.
957 3135 1009 3178 4.

865 3140 918 3194 μ’
957 3140 1009 3178 ι
1462 3194 1698 3263 (Fabric.
1733 3194 1983 3247 Bibliotﬁ.
2020 3197 2155 3248 med.
2187 3207 2233 3249 et
2265 3197 2360 3265 inf.
2396 3197 2534 3266 Lat.)

1105 3465 1495 3596 VITA
1593 3465 2153 3592 SANCTI
2247 3466 2872 3594 JULIANI

1447 3674 1922 3716 CENOMANENSIS
1967 3675 2310 3717 ANTISTITIS
2353 3678 2552 3719 PRIMI.

758 3799 1257 3905 Auctore
1349 3796 1816 3901 Letaldo
1909 3792 2589 3900 .Miciacensi
2679 3805 3244 3922 monacho.

1491 3975 1662 4044 (Apud
1694 3975 1963 4038 Bolland.,
1987 3973 2224 4026 Januarii
2253 3984 2397 4028 tomo
2427 3975 2510 4043 ΙΙ.)

1298 4166 1871 4257 EPISTOLA
1944 4169 2749 4265 DEDICATORIA

1202 4337 1291 4389 AD
1326 4332 1796 4389 AV'ESGAUDUM
1837 4330 2398 4390 CENOMANENSEM
2437 4336 2838 4394 EPISCOPUM.

1728 4089 2151 4102 ——-———

445 4508 1462 4579 LReverendissimOpatt-iAvasctcoo
1486 4508 1945 4566 fraterLsrALnus
1971 4516 2316 4596 Bdixerim,
2367 4519 2490 4586 quia
2555 4533 2674 4572 cum
2729 4534 2936 4589 magna:
2989 4523 3301 4578 reverentia:
3361 4530 3624 4595 gravitate

368 4611 598 4665 salutem
629 4607 680 4659 in
708 4604 952 4659 Domino.
2050 4607 2143 4662 die,

2050 4607 2274 4662 dicenda
2304 4615 2358 4660 et
2385 4605 2595 4661 scriben
2619 4609 2665 4660 la
2693 4617 2836 4668 sunt,
2859 4624 2976 4676 qum
3001 4610 3051 4662 in
3069 4623 3356 4681 conspectu
3378 4617 3623 4672 veritatis

469 4702 600 4754 Cum
667 4698 932 4752 desiderio
993 4693 1202 4748 amatus
1267 4702 1372 4746 lam
1438 4693 1726 4762 spiritualis
1781 4709 1940 4763 quam
2049 4699 2263 4753 recitari
2294 4697 2508 4760 debent,
2545 4713 2612 4750 ne
2644 4698 2782 4750 unde
2810 4697 2950 4752 Deus
2979 4699 3176 4768 placari
3211 4703 3468 4766 creditur.
3499 4708 3623 4761 inde.

382 4791 678 4860 corporalis
745 4789 1004 4851 remedii,
1068 4789 1134 4842 ad
1189 4787 1502 4841 memoriam
1565 4786 1943 4854 praecellentis-
2049 4789 2277 4858 amplius
2325 4789 2390 4842 ad
2441 4787 2768 4841 iracundiam
2812 4799 3164 4856 provocetur;
3208 4793 3338 4847 nihil
3385 4797 3528 4850 enim
3571 4798 3622 4852 ei

368 4883 491 4937 simi
546 4881 786 4952 praesulis
846 4878 1039 4932 Juliani
1089 4878 1460 4940 accessissem,
1507 4885 1560 4931 et
1615 4877 1755 4931 dulci
1811 4875 1936 4931 al'l‘a-
2047 4878 2242 4946 placet,
2274 4877 2374 4930 nisi
2402 4875 2544 4944 quod
2595 4891 2782 4929 verum
2818 4886 2921 4930 est.
2956 4877 3094 4932 Sunt
3130 4888 3308 4934 autem
3358 4885 3620 4948 nonnulli,

374 4973 517 5026 mine
565 4980 757 5024 vestrae
814 4969 1118 5023 dileCtionis
1179 4967 1282 5020 frui
1329 4967 1596 5032 licuisset;
1639 4968 1829 5023 eadem
1860 4969 1942 5023 vis
2046 4968 2136 5036 qui
2160 4967 2284 5021 dum
2312 4965 2554 5020 attollere
2581 4976 2888 5020 sanctorum
2914 4965 3052 5022 facta
3077 4969 3417 5037 appetunt,in
3449 4971 3620 5027 lucem

365 5060 664 5121 cbaritatis,
717 5073 837 5128 qua
883 5067 1076 5112 vestrm
1126 5057 1470 5112 sublimitatis
1517 5058 1755 5114 animum
1810 5074 1942 5113 mea:
2049 5057 2295 5111 veritatis
2336 5055 2640 5119 offendunt;
2691 5057 2846 5124 quasi
2894 5068 3202 5112 sanctorum
3257 5061 3422 5129 gloria
3474 5077 3622 5116 inen-

367 5148 796 5220 pusillanimitati
841 5147 1184 5212 conciliabat,
1229 5148 1484 5217 imposuit
1534 5147 1670 5203 mihi
1726 5164 1863 5204 onus
1895 5149 1939 5202 si
2050 5149 2204 5203 dacio
2227 5148 2359 5218 erigi
2388 5147 2582 5206 valeat.
2634 5148 2724 5215 qui
2768 5149 2810 5202 si
2865 5149 3128 5204 mendacii
3180 5160 3475 5207 sectatores
3504 5152 3627 5206 fuis-

369 5241 595 5295 idoneus
643 5240 836 5300 forem,
867 5239 1094 5295 amabile
1119 5250 1282 5308 atque
1329 5240 1661 5308 jucundum;
1694 5240 1816 5310 quia
1847 5240 1946 5293 im-
2050 5246 2190 5300 sent,
2243 5237 2310 5290 ad
2351 5235 2654 5291 sanetitatis
2698 5237 2909 5290 culmen
2951 5253 3292 5306 nequaquam
3337 5242 3628 5296 ascendere

368 5345 484 5398 par,
509 5346 610 5384 non
629 5339 732 5385 tam
749 5327 1064 5400 jucundum,
1089 5345 1247 5400 quam
1275 5329 1948 5393 reverendum,sci|icetut
2052 5329 2371 5396 potuissent.
2426 5325 2658 5382 Dicenda
2703 5342 2832 5398 ergo
2879 5343 3003 5383 cum
3054 5329 3280 5384 veritate
3320 5342 3464 5393 sunt.
3510 5349 3632 5402 quae

367 5435 429 5473 ea
455 5436 572 5489 quae
600 5423 664 5477 ab
687 5420 924 5488 antiquis
948 5419 1008 5472 de
1036 5424 1249 5480 actibus
1277 5420 1488 5488 gloriosi
1518 5417 1762 5485 ejusdem
1779 5425 1948 5492 patris
2057 5420 2256 5472 veritas
2300 5420 2464 5489 gessit
2489 5436 2501 5471 :
2527 5416 2648 5485 quia
2699 5418 2745 5472 si
2780 5417 2976 5490 aliquis
3002 5419 3221 5472 Patrum
3267 5421 3476 5489 aliquod
3502 5423 3636 5477 dici-
