4494 5520
834 429 935 482 783

1880 428 2170 479 LEI.\LUI
2212 426 2639 481 MICIACENSIS
2682 427 2983 482 MONACIII

3985 427 4084 481 784

829 539 896 590 de
925 536 1135 591 meritis
1158 535 1274 603 ejus
1309 535 1486 591 diﬁido
1543 552 1640 590 nec
1672 538 1735 591 de
1783 538 2020 605 polentia
2052 537 2250 590 Christi
2291 553 2408 589 am-
2437 541 2486 598 Α
2515 552 2655 600 mus,
2706 537 2918 605 plurimi
2945 539 3298 608 imperatores
3332 538 3616 603 intersunt,
3653 541 3794 608 quod
3835 541 3886 595 in
3916 542 4084 597 Chro-

829 625 953 695 bigo
981 645 993 678 z
1021 627 1113 680 sed
1139 641 1260 679 cum
1289 627 1402 679 haec
1428 627 1612 681 eadem
1638 627 1690 679 in
1720 627 1838 680 aliis
1866 628 2097 690 invenio,
2121 628 2204 679 cui
2232 628 2410 694 potius

831 716 1154 770 credendum
1187 717 1274 777 sit,
1311 730 1413 768 non
1447 716 1726 784 perspicue
1768 716 1940 780 video,
1979 716 2081 769 nisi
2111 715 2249 768 forte
2283 731 2408 785 gra-

829 808 971 861 vitas
1011 807 1352 862 auctoritatis
1379 807 1604 877 alicujus
1649 807 1920 876 magniﬁci
1958 807 2196 861 doctoris
2226 822 2312 860 me
2342 807 2408 860 ab

831 911 1018 950 errore
1049 898 1350 961 deduxerit,
1408 907 1460 950 et
1505 897 1658 966 quasi
1709 897 1959 951 anchora:
2009 898 2214 966 pondus
2243 895 2406 948 vacil-

831 986 1034 1041 lantem
1084 990 1322 1041 animum
1367 988 1695 1042 solidaverit.
1732 987 1894 1040 Multa
1926 988 2068 1041 enim
2103 987 2154 1039 in
2188 986 2406 1039 Actibus

832 1076 1124 1145 supradicti
1149 1075 1325 1130 Patris
1355 1077 1659 1146 conscripta
1685 1087 1826 1140 sunt,
1871 1092 1990 1145 quae
2026 1085 2078 1129 et
2107 1077 2157 1128 in
2173 1075 2275 1128 BB.
2299 1075 2410 1129 Cle-

831 1167 1046 1230 mentis,
1086 1175 1139 1220 et
1171 1167 1405 1236 Dyonisii
1444 1177 1759 1235 martyrum,
1791 1176 1845 1220 et
1875 1165 1931 1219 S.
1961 1165 2163 1218 Furczei
2193 1164 2407 1218 confes-

832 1258 989 1322 soris,
1013 1259 1200 1311 eodem
1224 1273 1381 1311 sensu
1406 1267 1456 1312 et
1481 1273 1615 1322 pene
1640 1258 1826 1311 iisdem
1845 1257 2020 1309 verbis
2045 1257 2406 1309 inveniuntur.

903 1346 957 1398 5.
989 1348 1059 1399 De
1088 1355 1325 1415 tempore
1352 1347 1567 1414 quidem
1603 1362 1708 1416 quo
1755 1361 1981 1415 ntagnns
2021 1345 2106 1398 ille
2147 1344 2406 1408 ﬂoruerit,

832 1459 899 1496 ex
925 1443 1060 1496 libro
1086 1442 1329 1512 Gregorii
1363 1442 1690 1495 Turonensis
1722 1457 1815 1508 per
1862 1441 2228 1509 conjecturam
2261 1455 2407 1491 sum-

832 1533 935 1602 psi,
966 1534 1056 1601 qui
1089 1534 1140 1585 in
1171 1533 1518 1585 historiarum
1565 1546 1783 1584 suarum
1829 1529 1920 1582 lib.
1951 1546 1989 1592 ι,
2016 1528 2113 1582 sub
2142 1529 2302 1580 Decio
2335 1528 2408 1594 (l)

833 1630 886 1676 et
913 1620 1078 1675 Grato
1106 1623 1257 1675 Coss.
1307 1636 1336 1673 a
1390 1621 1544 1674 Xisto
1594 1619 1850 1672 Romana:
1895 1619 2035 1671 sedis
2093 1616 2408 1684 apostolico,

833 1711 1092 1781 plurimos
1121 1713 1402 1781 episcopos
1433 1712 1711 1765 ordinatos
1742 1711 1993 1772 asseruit,
2027 1720 2077 1763 et
2124 1712 2174 1761 in
2211 1708 2411 1761 Gallias

831 1804 896 1858 ad
921 1804 1317 1872 praedicandum
1360 1803 1578 1856 verbum
1632 1803 1722 1855 Dci
1766 1803 2019 1864 directos,
2053 1817 2280 1870 quormn
2311 1817 2407 1853 no-

2512 627 2648 680 nicis
2677 627 2890 681 Eusebii
2917 628 3281 692 Caasariensis,
3316 645 3436 698 quze
3462 629 3818 702 Hieronymus
3848 641 4086 689 transtu-

2511 716 2590 781 lit,
2623 717 2778 772 facile
2802 718 3026 788 diligens
3055 718 3225 774 lector
3251 730 3525 790 agnoscet.

2579 807 2634 860 4.
2665 807 2773 861 Nos
2805 808 2966 875 igitur
2995 823 3056 861 ea
3081 823 3199 876 qua:
3234 810 3298 863 de
3329 809 3385 863 S.
3409 809 3620 863 Juliano
3643 811 4080 881 conscripsimus,

2510 895 2826 965 inquantmn
2864 897 3153 966 potuimus,
3186 900 3504 954 auctoritate
3552 903 3965 968 praecedentium
3991 918 4085 974 pa-

2512 995 2652 1040 trum
2681 985 3139 1051 conﬁrmavimus,
3171 998 3224 1041 et
3274 989 3518 1056 quadarn
3557 989 3871 1057 simpliciter
3895 1006 4087 1045 secon-

2510 1077 2634 1130 dum
2660 1077 2935 1145 antiquam
2968 1077 3306 1131 traditionem
3345 1078 3610 1132 edidimus
3637 1096 3650 1143 ;
3690 1081 3930 1148 quzedam
3958 1096 4084 1135 vero

2511 1185 2628 1237 qua:
2657 1169 2808 1222 nobis
2830 1168 3007 1222 minus
3035 1169 3331 1236 probabilia
3382 1171 3490 1222 visa
3547 1180 3690 1232 sunt,
3738 1173 4082 1239 praetermisi-

2511 1277 2647 1314 mus.
2681 1259 2951 1328 Nusquam
2983 1269 3161 1313 tamen
3193 1259 3258 1314 de
3294 1259 3502 1313 meritis
3535 1261 3669 1314 tanti
3695 1260 3871 1315 Patris
3901 1277 4087 1330 quem-

2511 1364 2669 1416 quam
2696 1349 2934 1402 dillidere
2961 1348 3247 1402 suademus
3271 1364 3284 1412 ;
3319 1349 3408 1416 qui
3431 1351 3554 1401 dum
3587 1347 3724 1417 apud
3750 1364 3875 1403 suos
3903 1365 4087 1403 sacros

2511 1439 2720 1491 cineres
2744 1438 2853 1491 Deo
2884 1437 3143 1506 largiente
3177 1447 3318 1491 tanta
3351 1447 3405 1490 et
3435 1438 3563 1491 talia
3617 1449 3889 1506 operetur,
3922 1439 4086 1492 multo

2513 1529 2712 1597 majora
2745 1538 2798 1583 et
2825 1529 3075 1595 clariora,
3125 1531 3252 1582 dum
3284 1530 3336 1582 in
3371 1530 3471 1583 hoc
3500 1530 3700 1583 mundo
3727 1530 3901 1583 adhuc
3949 1529 4088 1580 vive-

2512 1629 2611 1681 ret,
2641 1635 2762 1672 cum
2791 1630 3068 1687 Oper-atum
3107 1618 3272 1674 fuisse
3302 1620 3510 1673 cunctis
3555 1629 3699 1673 recte
3743 1619 4086 1672 credentibus

2513 1708 2697 1777 liquet.
2736 1709 2886 1775 Quod
2932 1710 2976 1762 si
3036 1710 3149 1763 haec
3200 1719 3380 1763 nostra
3431 1709 3663 1778 elinguis
3708 1708 4088 1761 rusticitas-vel

2512 1803 2731 1856 utilitati
2762 1803 2842 1856 vel
2879 1802 3150 1856 devotioni
3189 1802 3401 1870 aliquod
3446 1801 3867 1854 emolumentum
3905 1809 4090 1853 contu-

830 1896 998 1958 mina,
1024 1903 1077 1947 et
1110 1894 1222 1948 loca
1247 1895 1440 1961 quibus
1466 1892 1718 1946 destinati
1747 1901 1887 1954 sunt,
1916 1893 2108 1960 partim
2142 1893 2405 1959 posterius
2440 1903 2480 1960 Β
2512 1895 2649 1955 lerit,
2681 1910 2742 1947 ea
2778 1895 2940 1948 etiam
2973 1909 3091 1961 quae
3124 1903 3306 1947 nostra
3338 1902 3494 1946 :etate
3546 1894 3686 1960 apud
3734 1907 3948 1945 sacrum
3975 1891 4092 1960 ejus

831 1985 1026 2038 dicam.
1070 1983 1238 2036 Porro
1285 1998 1406 2036 cum
1454 1981 1515 2037 Β.
1547 1981 1832 2050 Dionysius
1879 1999 1906 2033 a
1957 1980 2013 2031 S.
2054 1980 2312 2048 Gregorio
2342 1995 2406 2031 ex

829 2091 1018 2131 eorum
1047 2090 1273 2129 numero
1314 2073 1478 2128 fuisse
1524 2075 1756 2138 dicatur,
1790 2084 1842 2128 et
1892 2075 1940 2127 in
1983 2075 2145 2140 gestis
2190 2074 2406 2143 gloriosi

830 2162 1001 2234 pat'ris
1029 2164 1226 2218 Juliani
1285 2180 1405 2218 cum
1457 2165 1643 2219 eodem
1687 2164 1744 2218 S.
1792 2165 2042 2233 Dionysio
2092 2164 2156 2216 ad
2209 2162 2408 2216 Gallias

827 2255 1220 2324 prmdiealurus
1255 2256 1466 2308 venisse
1497 2265 1766 2319 narretur,
1807 2272 1910 2307 non
1959 2255 2178 2307 dubium
2224 2255 2407 2307 existi-

828 2361 935 2405 mo,
987 2345 1116 2413 quin
1161 2345 1260 2399 sub
1304 2345 1483 2409 Decio,
1535 2346 1836 2409 Valeriano,
1871 2345 2143 2410 Gratoque
2169 2345 2320 2396 Coss.
2355 2354 2407 2396 et

827 2434 983 2488 Xisto
1009 2433 1265 2488 Romanae
1307 2436 1449 2487 sedis
1476 2436 1715 2486 antistite
1745 2434 1906 2486 fuisse
1934 2443 2278 2495 monstretur,
2315 2434 2404 2502 qui

827 2524 1080 2578 videlicet
1133 2523 1317 2577 Xistus
1379 2532 1433 2576 et
1487 2523 1808 2577 Laurentius
1876 2523 2287 2577 archidiaconus
2340 2524 2406 2575 ab

827 2614 1014 2667 eadem
1041 2613 1199 2667 Decio
1217 2613 1290 2682 ('2)
1319 2615 1506 2666 tentati
1530 2623 1581 2666 et
1607 2615 1658 2666 in
1685 2613 1880 2666 Christi
1915 2612 2250 2666 confessione
2279 2628 2403 2681 per-

829 2715 1127 2766 manentes,
1161 2705 1365 2757 vietrici
1391 2705 1624 2773 potentia
1653 2704 1894 2757 coronati
1921 2713 2061 2757 sunt.
2096 2703 2246 2768 Quod
2280 2718 2405 2756 vero

828 2795 871 2848 si
900 2795 1145 2849 Julianus
1173 2795 1368 2848 dicitur
1401 2811 1427 2845 a
1461 2794 1519 2846 Β.
1553 2794 1829 2847 Clemente
1879 2795 2198 2856 destinatus,
2236 2809 2410 2862 neque

828 2883 967 2936 ratio
992 2891 1314 2948 temporum,
1337 2895 1510 2948 neque
1531 2891 1771 2934 veterum
1800 2885 2072 2935 consensit
2096 2883 2407 2936 auctoritas.

828 2969 1028 3022 Beatus
1055 2969 1196 3020 enim
1213 2967 1462 3021 Clemens
1478 2968 1576 3021 sub
1600 2968 1832 3036 Trajano
1850 2967 2059 3021 Cresare
2084 2969 2134 3020 in
2163 2972 2409 3021 exsilium

830 3056 968 3126 apud
993 3056 1384 3110 Chersonesum
1416 3059 1724 3124 deportatus
1753 3065 1855 3119 est,
1874 3065 1925 3110 et
1954 3059 2090 3110 inter
2122 3057 2410 3124 Trajanum

828 3159 995 3218 atque
1035 3149 1254 3202 Decium
1298 3149 1396 3202 sub
1433 3163 1539 3217 quo
1575 3148 1629 3201 Β,
1667 3147 1938 3202 Julianum
1980 3148 2144 3202 fuisse
2174 3147 2408 3218 Vconjici-
2439 3138 2481 3198 C

2515 1983 2772 2037 tumulum
2822 1993 3031 2052 patrata
3075 1993 3217 2047 sunt,
3269 1984 3494 2036 Domino
3543 1982 3758 2036 Christo
3807 1981 4087 2050 largiente,

2510 2076 2636 2128 dum
2675 2086 2871 2129 nostrae
2899 2076 3228 2128 accesserint
3273 2075 3495 2136 notitiae,
3537 2075 3856 2127 subnectere
3888 2071 4089 2140 cogita-

2514 2182 2648 2217 mus.
2709 2165 2849 2217 Sane
2899 2165 3361 2232 responsoriorum
3418 2173 3472 2216 et
3522 2163 3980 2231 antiphonarum,
4033 2171 4094 2213 ut

2511 2254 2742 2322 petistis,
2781 2255 3101 2323 digeSsimus
3129 2254 3370 2307 ordinem
3398 2271 3410 2318 ;
3439 2254 3490 2306 in
3515 2253 3711 2322 quibus
3749 2267 3847 2321 pro
3873 2251 4092 2304 vitando

2516 2343 2728 2396 fastidio
2781 2343 2845 2396 de
2891 2358 3212 2411 unoquoque
3261 2343 3420 2396 modo
3469 2343 3680 2413 singula
3726 2343 4091 2412 compegimus

2515 2448 2777 2501 corpora:
2823 2448 2995 2500 neque
3039 2435 3258 2486 omnino
3306 2434 3530 2486 alienari
3580 2433 3824 2487 volumus
3851 2449 3879 2486 a
3910 2433 4093 2487 simili-

2516 2524 2697 2576 tudine
2726 2525 2920 2577 veteris
2952 2534 3161 2588 cantus,
3189 2541 3253 2578 ne
3292 2524 3575 2577 barbaram
3617 2533 3708 2577 aut
3736 2525 4090 2593 inexpertam,

2514 2614 2586 2666 uti
2613 2613 2938 2682 perhibetur,
2976 2614 3256 2668 melodiam
3284 2614 3625 2684 ﬁngeremus.
3653 2613 3766 2667 Non
3793 2620 3934 2668 enim
3961 2615 4092 2667 mihi

2515 2704 2689 2773 placet
2737 2703 3091 2772 quorumdam
3146 2705 3473 2758 musicorum
3527 2705 3760 2768 novitas,
3807 2705 3896 2773 qui
3944 2714 4091 2758 tanta

2511 2793 2949 2848 dissimilitudine
2978 2803 3226 2856 utuntur,
3252 2802 3309 2845 ut
3339 2802 3547 2845 veteres
3577 2793 3728 2861 sequi
3759 2793 3976 2846 omnino
3999 2793 4092 2844 de-

2513 2882 2806 2952 dignentur
2835 2891 3125 2936 auctores:
3168 2898 3292 2936 nam
3339 2883 3394 2937 hi
3445 2883 3535 2951 qui
3578 2882 3842 2951 conjugiis
3872 2893 4088 2944 vacant,

2514 2974 2719 3021 malunt
2779 2973 2980 3022 liberos
3030 2974 3337 3037 hominibus
3385 2973 3590 3022 similes
3638 2974 3876 3037 gignere,
3929 2988 4090 3037 quam

2518 3061 2742 3127 alicujus
2764 3061 2920 3115 invisi
2950 3061 3174 3114 monstri
3199 3058 3423 3129 eﬁigiem
3450 3074 3756 3128 procreare.

1904 3431 2446 3511 PROLOGUS
2506 3429 3037 3508 AUCTOBIS.

898 3639 951 3694 5.
991 3637 1124 3694 Cum
1155 3635 1327 3690 adhuc
1358 3632 1589 3687 mundus
1610 3645 1853 3687 errorum
1879 3629 2115 3683 tenebris
2140 3627 2410 3682 involutus

828 3731 1127 3785 claritatem
1164 3741 1300 3780 vera:
1329 3725 1464 3778 lucis
1519 3723 1731 3793 penitus
1781 3722 2075 3790 ignoraret,
2106 3728 2158 3773 et
2188 3719 2408 3786 antiqua

828 3821 1000 3876 hostis
1037 3817 1272 3870 versutia
1311 3815 1363 3869 in
1389 3815 1621 3868 lmmano
1648 3825 1865 3882 genere,
1891 3809 2033 3879 quod
2057 3809 2155 3862 sibi
2185 3823 2212 3860 a
2237 3809 2411 3876 primo

826 3915 1054 3978 parente
1100 3903 1457 3966 subdiderat,
1505 3911 1862 3972 grassaretur,
1919 3900 2196 3966 honorque
2248 3897 2412 3950 Crea-

828 4001 963 4054 toris
992 4006 1258 4052 creaturre
1281 3994 1459 4064 potius
1487 4008 1648 4063 quam
1693 3990 1960 4053 Creatori,
2008 3987 2364 4042 famularetur
2393 4003 2406 4050 ;

827 4093 954 4164 quia
979 4090 1189 4146 scilicet
1215 4085 1584 4154 unusquisque
1609 4082 1690 4136 vel
1728 4098 1794 4135 ex
1825 4081 2053 4134 mortuis
2080 4077 2406 4140 hominibus,

827 4185 914 4242 vel
941 4201 1004 4240 ex
1030 4179 1331 4237 insensibili
1362 4177 1587 4232 materia
1629 4175 1780 4240 deos,
1835 4188 1969 4243 quos
1995 4171 2269 4236 adoraret,
2316 4169 2412 4224 ﬁn-

831 4279 1033 4349 gebat;
1091 4278 1232 4331 Deus
1280 4274 1618 4342 omnipotens
1657 4272 1922 4326 humanos
1949 4268 2239 4322 miseratus
2264 4280 2414 4321 erro-

829 4384 939 4433 res,
979 4385 1047 4422 ne
1102 4382 1199 4421 sua
1239 4366 1292 4419 in
1346 4374 1609 4419 teternum
1659 4359 1869 4414 factura
1915 4357 2137 4426 periret,
2178 4353 2410 4408 Verbum

818 4475 986 4514 suum
1034 4456 1242 4526 aequale
1289 4453 1391 4508 sibi
1451 4462 1612 4522 atque
1657 4459 2002 4510 coaaternum,
2061 4461 2160 4516 per
2196 4454 2409 4498 uterum

832 4549 1054 4602 intactae
1108 4543 1332 4613 virginis
1380 4556 1476 4610 pro
1511 4538 1694 4595 seaculi
1747 4539 1853 4592 vita
1906 4551 2094 4590 verum
2135 4535 2410 4588 hominem

811 4638 1190 4692 rid-humanos
1214 4633 1466 4704 produxit
1513 4638 1782 4698 aspectus.
1835 4627 1935 4694 Qui
1989 4627 2291 4680 divinitatis
2317 4642 2412 4679 na-

773 4736 776 4738 ’
807 4739 947 4782 .tura
972 4743 1077 4782 non
1101 4727 1407 4789 imminuta,
1437 4722 1770 4778 humanitate
1794 4728 1973 4774 tamen
1998 4727 2183 4774 nostra
2208 4719 2412 4788 absque

826 4820 1035 4890 peccati
1087 4833 1239 4873 ntevo
1285 4815 1552 4871 veraciter
1601 4822 1914 4882 assumpta,
1977 4813 2119 4865 inter
2164 4811 2410 4866 homines

2515 3641 2685 3697 usque
2709 3627 2772 3679 ad
2803 3634 3052 3688 mortem,
3087 3633 3315 3679 mortem
3363 3634 3538 3678 autem
3565 3624 3761 3690 crucis,
3815 3625 4092 3679 dextruxit

2515 3718 2704 3771 mortis
2737 3717 3043 3786 imperium,
3092 3725 3145 3769 et
3189 3718 3254 3770 ab
3283 3716 3411 3786 ipsis
3454 3717 3652 3770 Averni
3699 3716 3916 3771 sedibus
3962 3731 4089 3769 suos

2515 3808 2732 3875 eripuit,
2758 3817 2812 3861 et
2837 3806 3132 3861 comitante
3170 3806 3258 3859 illa
3291 3805 3544 3859 ineffabili
3579 3805 3890 3874 triumphati
3918 3805 4090 3859 hostis

2515 3900 2738 3953 victrice
2764 3914 2980 3968 pompa,
3013 3899 3080 3952 ad
3110 3899 3386 3952 dexteram
3431 3899 3523 3952 Dei
3571 3896 3752 3951 Patris
3801 3879 3852 3950 in
3902 3911 4090 3972 perpe-

2516 4001 2664 4044 tuum
2721 4003 3043 4061 regnaturus
3087 3989 3348 4044 ascendit.
3405 3989 3699 4043 Ecclesiam
3749 4003 3877 4058 ergo
3936 4003 4088 4042 suam

2514 4096 2676 4150 quam
2701 4081 2802 4135 sibi
2836 4080 3058 4149 salutari
3096 4079 3423 4148 acquisierat
3461 4079 3719 4148 sanguine
3755 4078 3986 4147 Spiritus
4009 4079 4089 4130 sui

2515 4171 2801 4225 illustravit
2853 4172 3082 4224 adventu
3124 4210 3138 4233 ,
3207 4178 3266 4223 ut
3321 4170 3506 4224 mundi
3569 4171 3809 4224 adversis
3879 4169 4091 4223 interim

2514 4264 2814 4320 exercenda
2860 4305 2876 4329 ,
2925 4263 3178 4318 invisibili
3242 4263 3476 4334 Spiritus
3531 4264 3705 4318 sancti
3758 4264 4090 4318 confortare-

2516 4365 2603 4409 tur
2658 4364 2950 4409 armatura.
3012 4354 3254 4409 Fundata
3304 4355 3464 4423 igitur
3512 4370 3672 4422 supra
3717 4365 3922 4422 petram
3970 4354 4092 4406 ﬁdei

2515 4447 2830 4500 diﬁ'unditur
2855 4461 2949 4515 per
2993 4445 3207 4498 climata
3261 4447 3423 4499 totius
3455 4444 3659 4508 mundi,
3701 4454 3756 4497 ut
3792 4443 3974 4496 relicta
4003 4450 4094 4494 v'a-

2514 4539 2684 4592 nitate
2741 4537 3026 4600 idolorum,
3073 4537 3239 4591 Deum
3274 4552 3457 4590 verum
3521 4537 3681 4590 homo
3721 4542 4091 4604 cognosceret,

2515 4630 2656 4684 etab
2686 4643 2870 4682 errore
2898 4627 3112 4696 paterni
3156 4627 3337 4681 delicti
3378 4636 3432 4681 et
3464 4627 3531 4679 ab
3570 4624 3821 4694 squalore
3869 4632 4094 4678 vetustae

2514 4718 2828 4788 gentilitatis
2856 4718 2908 4771 in
2933 4716 3220 4770 novitatem
3254 4717 3376 4769 vita:
3416 4715 3691 4768 transiret.

2584 4808 2636 4861 6.
2665 4807 2769 4862 Sed
2795 4817 3049 4860 veternus
3071 4806 3239 4860 hostis
3267 4805 3450 4860 dolens
3478 4805 3577 4858 sibi
3600 4803 3794 4873 perire,
3819 4802 3959 4872 quod
3983 4801 4092 4856 Deo

828 4922 1182 4970 conversatus
1210 4918 1310 4973 est,
1334 4909 1580 4978 przebens
1607 4906 1868 4962 beneﬁcia
1917 4903 2164 4967 Deitatis,
2193 4912 2248 4957 et
2291 4918 2407 4972 per-
2438 4923 2486 4982 Β
2513 4899 2795 4954 constabat
2823 4897 3048 4965 acquiri,
3073 4911 3232 4950 omne
3260 4896 3476 4949 malitiae
3505 4895 4000 4949 machinamentum
4025 4894 4091 4946 ad

828 5005 1011 5061 ferens
1071 5002 1410 5058 incommoda
1479 4999 1728 5054 humana:
1780 4996 2108 5067 fragilitatis.
2166 4994 2406 5063 Denique

829 5113 948 5152 eam
975 5111 1193 5151 carnem
1245 5109 1407 5164 quam
1459 5094 1524 5148 de
1570 5091 1791 5162 Virgine
1829 5099 2156 5160 sumpserat,
2187 5104 2284 5159 pro
2321 5103 2404 5142 re-

830 5188 1139 5257 demptione
1169 5194 1351 5241 nostra
1386 5184 1582 5254 posuit,
1628 5191 1682 5236 et
1725 5181 2000 5235 hominem
2045 5195 2204 5248 quem
2259 5193 2409 5233 crea-

812 5289 1001 5346 verat,
1029 5295 1134 5334 non
1166 5278 1272 5333 alio
1295 5277 1521 5332 redemit
1550 5276 1748 5345 pretio,
1784 5273 1886 5327 nisi
1933 5272 2149 5327 viviﬁco
2195 5282 2249 5326 et
2293 5286 2412 5340 pre-

828 5368 968 5423 tiOSO
1015 5367 1280 5437 sanguine
1332 5381 1446 5420 suo.
1506 5363 1702 5418 Factus
1748 5364 1916 5432 igitur
1962 5363 2220 5416 obediens
2272 5359 2413 5412 l’atri

2514 4988 2932 5042 subvertendum
2967 4985 3224 5040 Ecclesiae
3248 4984 3569 5038 invincibilis
3593 4981 4084 5038 convertitasilnm.

2516 5080 2583 5134 Et
2607 5079 2788 5148 iniqua
2816 5077 3071 5131 instantia
3103 5092 3197 5144 pro
3229 5075 3541 5130 defensione
3574 5075 3822 5129 falsitatis
3859 5073 4092 5128 nonnul-

2518 5171 2599 5224 los
2640 5178 2936 5240 martyrum
2984 5168 3280 5236 prostravit
3322 5167 3520 5237 gladio,
3570 5165 3705 5220 alios
3758 5164 4091 5232 aﬂixitpati-

2520 5261 2666 5325 bulo,
2700 5260 2830 5314 alios
2855 5259 3077 5313 obduxit
3099 5258 3307 5327 pelago,
3336 5257 3476 5310 fame
3505 5257 3640 5310 alios
3668 5255 3918 5325 peremit,
3954 5253 4094 5308 alios

2525 5352 2736 5424 ignibus
2779 5350 3128 5414 excruciavit,
3179 5349 3312 5402 alios
3344 5349 3683 5403 membratim
3719 5346 3996 5415 discerpit,
4038 5354 4094 5398 et

2801 5509 2811 5520 Ι
2862 5508 2895 5520 n
3077 5507 3087 5520 ο
3165 5507 3176 5518 Π
3418 5507 3470 5520 n0
3519 5515 3527 5520 Α
