4494 5520
402 367 503 431 788

1678 379 1764 432 DE
1809 378 1958 431 VITA
2004 378 2057 430 S.
2100 380 2382 435 JL'LIANI.

3544 389 3647 445 786

400 482 657 537 indicibili
705 484 988 539 morticiuo
1038 502 1236 555 genere
1264 488 1641 553 debacchatus,
1678 490 1971 545 Ecclesiam
2004 498 2043 551 Λ
2077 493 2208 559 perii
2256 493 2443 558 subiit,
2490 502 2540 549 et
2594 495 2773 550 mundi
2825 496 2992 565 gloria
3042 496 3141 550 sibi
3191 496 3495 559 substrata,
3532 496 3647 551 'eos

398 572 597 626 Christi
646 587 953 641 expugnare
998 575 1149 629 nisus
1175 586 1277 630 est.
1324 577 1430 631 Sed
1456 594 1563 646 quo
1590 578 1705 646 ejus
1736 579 1965 647 amplius

397 659 648 715 efferbuit
702 661 1046 727 immanitas,
1099 679 1163 718 eo
1218 675 1526 719 sanctorum
1591 668 1966 735 insuperabilis

395 752 738 813 constantiae,
782 752 923 806 unde
964 755 1220 808 atrociori
1250 755 1455 825 pulsata
1484 766 1565 811 est
1592 757 1812 823 invidia,
1842 758 1967 813 inde

396 836 673 906 amplioris
704 839 915 893 virtutis
944 843 1163 895 emicuit
1192 843 1382 912 gloria.

468 928 520 980 7.
546 926 807 983 Neronem
838 929 1001 999 igitur
1022 932 1252 999 primum
1278 943 1463 988 contra
1486 935 1736 1004 pietatem
1766 936 1967 991 habens

396 1017 689 1085 impietatis
727 1020 1066 1084 ministrum;
1100 1023 1293 1078 dehinc
1324 1041 1421 1095 per
1449 1028 1801 1082 suceedentes
1835 1029 1967 1082 sibi-

397 1113 506 1159 met
552 1104 825 1174 principes
876 1108 1093 1163 malitiae
1152 1126 1263 1164 sua:
1316 1127 1518 1181 augens
1574 1115 1966 1169 incrementum

396 1209 492 1262 per
515 1204 785 1249 trecentos
805 1205 858 1249 et
883 1212 949 1251 eo
972 1199 1203 1268 amplius
1230 1215 1417 1267 annos,
1448 1204 1740 1259 Ecclesiatn
1766 1206 1966 1260 Christi

398 1286 688 1347 concussit,
721 1288 813 1341 sed
846 1289 1149 1345 nullatenus
1172 1302 1417 1348 evertere
1445 1296 1633 1350 valuit.
1660 1296 1794 1351 Cum
1820 1299 1964 1353 enim

396 1375 720 1444 complacuit
745 1378 817 1442 ei,
846 1379 937 1448 qui
966 1380 1151 1436 ﬁdeles
1181 1375 1309 1437 suos
1347 1384 1470 1454 igne
1510 1389 1819 1443 tentationis
1840 1404 1966 1458 per-

396 1463 542 1517 misit
585 1466 835 1536 excoqui,
896 1477 954 1521 ut
1000 1484 1227 1526 serenus
1268 1474 1383 1529 dies
1429 1484 1550 1545 post
1598 1485 1673 1530 tot
1728 1480 1967 1535 turbines

394 1550 610 1609 familia:
637 1569 748 1610 sua:
774 1555 1128 1628 illucesceret,
1177 1560 1269 1617 lux
1314 1564 1562 1621 veritatis
1606 1568 1821 1622 culmen
1861 1568 1965 1623 im-

2073 584 2237 651 etepit
2288 584 2487 639 habere
2533 586 2847 640 defensores
2894 595 3058 653 atque
3112 594 3336 647 tutores,
3386 600 3524 653 quos
3552 599 3646 652 per

2074 670 2326 723 invidiam
2350 672 2517 726 hostis
2536 674 2740 742 antiqui
2764 683 2989 729 eatenus
3011 673 3245 742 perﬁdos
3266 673 3527 725 habuerat
3550 672 3648 724 itit-

2072 770 2417 829 pugnatores.
2461 761 2611 817 Tunc
2635 778 2763 832 ergo
2799 762 2944 817 velut
2984 772 3103 832 post
3129 761 3473 831 asperitatem
3504 760 3647 813 nim—

2075 851 2217 905 bosa:
2246 853 2475 922 hyemis.

2146 939 2278 995 Cum
2320 941 2559 1010 placidas
2611 943 2762 997 verni
2810 942 3094 998 clementia
3151 947 3413 1010 temperat
3463 953 3645 1000 auras,

2076 1030 2383 1085 redolentes
2424 1032 2642 1086 arbusta
2679 1042 3038 1101 prorumpunt
3067 1032 3120 1085 in
3152 1030 3331 1092 flores,
3362 1039 3417 1084 et
3447 1029 3646 1082 nudata

2074 1120 2271 1174 dudum
2300 1132 2474 1177 roscta
2514 1123 2769 1178 redivivis
2798 1125 3131 1177 adornantur
3164 1123 3322 1185 rosis,
3361 1122 3649 1175 mirantes-

2073 1227 2177 1281 que
2202 1213 2387 1268 oculos
2407 1214 2804 1283 erumpentium
2827 1214 3025 1268 candor
3048 1212 3357 1267 reverberat
3378 1210 3644 1272 liliorum;

2072 1304 2150 1358 sic
2192 1319 2321 1372 pace
2352 1304 2605 1360 Ecclesia:
2652 1306 2881 1369 reddita,
2929 1305 3123 1359 diversi
3156 1318 3253 1372 per
3281 1302 3537 1357 mundum
3564 1299 3646 1353 ef-

2074 1390 2274 1446 fulsere
2320 1393 2446 1457 viri,
2490 1393 2579 1461 qui
2622 1393 2884 1447 virtutum
2936 1392 3053 1446 luce
3097 1391 3392 1453 mirabiles,
3440 1389 3647 1457 fulgore

2076 1479 2199 1534 ﬁdei
2231 1480 2490 1551 insignes,
2523 1479 2590 1534 ad
2616 1481 2888 1550 sequenda
2914 1480 3115 1535 Christi
3143 1479 3367 1550 vestigia
3396 1492 3644 1533 mansue-

2077 1570 2146 1625 tis
2174 1569 2337 1625 corde
2372 1577 2694 1640 pararentur
2717 1569 3027 1625 imitabilcs.

1510 1864 2052 1985 INCIPIT
2138 1872 2536 1990 VITA.

908 2079 1134 2134 CAPUT
1175 2082 1461 2139 PRIMUM.

714 2165 998 2221 Cenomani
1021 2188 1051 2221 α
1080 2170 1140 2224 S.
1163 2171 1380 2225 Iuliano
1404 2179 1651 2229 conversi.

466 2254 519 2307 8.
562 2253 643 2307 Ad
696 2257 1065 2311 collocandum
1116 2260 1277 2329 igitur
1325 2263 1376 2315 in
1426 2263 1613 2319 Galliis
1653 2283 1801 2321 novre
1847 2269 1969 2323 ﬁdei

396 2340 825 2409 fundamentum,
873 2348 938 2401 ad
975 2352 1284 2419 erigendum
1334 2355 1481 2407 rudis
1519 2356 1692 2411 adhuc
1723 2359 1972 2413 Ecclesia:

395 2441 615 2497 statum,
668 2436 840 2504 pietas
870 2453 1100 2508 superna
1141 2443 1457 2509 magniﬁcos
1489 2456 1647 2515 atque
1678 2450 1971 2507 iudbstrios

394 2524 543 2579 viros
579 2527 882 2590 destinavit,
917 2530 1362 2601 Lugdunensibus
1394 2537 1467 2604 (5)
1503 2538 1807 2602 Photinum,
1839 2542 1970 2596 Are-

393 2610 690 2669 latensibus
736 2616 1106 2687 Trnphintutn,
1153 2622 1418 2678 Narltonze
1468 2626 1709 2693 Paulum,
1764 2630 1971 2685 Tolosa:

396 2698 771 2767 Saturninum,
821 2706 1080 2761 Arvernis
1118 2713 1576 2777 Austremonium,
1610 2716 1971 2773 Lemovicinis

394 2786 718 2856 Martialem,
768 2791 1053 2850 Turonicis
1095 2798 1407 2867 Catianum,
1456 2802 1744 2859 Parisiacis
1774 2807 1970 2876 Diony-

392 2879 559 2939 sium,
586 2881 962 2933 Cenomanicis
990 2886 1279 2937 Jullauum.

466 2966 517 3021 9.
560 2967 657 3022 llic
703 2970 885 3038 itaque
928 2972 1172 3028 Julianus
1200 2975 1437 3031 Romana
1469 2982 1827 3049 generositate
1858 2984 1967 3037 cla—

390 3055 659 3119 rissimus,
713 3059 892 3129 lingua
942 3060 1225 3128 facundus,
1251 3066 1459 3134 justitia
1491 3070 1742 3140 insignis,
1774 3074 1969 3127 merito

394 3144 521 3198 ﬁdei
584 3147 942 3214 percelebris,
1011 3152 1219 3218 primus
1271 3156 1545 3223 apostolus
1595 3160 1969 3217 Cenomanicze

391 3235 512 3287 urbi
538 3250 565 3288 a
598 3235 706 3289 Deo
752 3238 1059 3293 destinatur
1086 3260 1097 3294 :
1127 3244 1219 3311 qui
1267 3246 1369 3299 etsi
1403 3247 1523 3301 aliis
1554 3251 1829 3319 apostolus
1859 3270 1965 3307 non

389 3331 496 3388 est,
544 3325 1046 3385 Cenomanensibus
1089 3340 1265 3387 tamen
1293 3344 1396 3389 est.
1442 3337 1573 3391 Nam
1601 3341 1758 3405 sicut,
1804 3343 1869 3396 de
1910 3359 1968 3398 se

2001 2100 2049 2157 Β
2078 2093 2196 2157 nili,
2242 2102 2296 2147 et
2338 2094 2457 2150 luce
2505 2095 2599 2149 Dei
2648 2094 2862 2158 radiati,
2903 2095 3017 2164 ejus
3047 2104 3235 2150 sancto
3263 2099 3646 2153 conturbernio

2076 2184 2424 2245 inhaererent.
2474 2198 2725 2256 eSsetque
2762 2190 2827 2242 de
2857 2189 3219 2243 conveheudze
3248 2205 3400 2259 aqure
3424 2193 3645 2260 penuria

2074 2288 2177 2324 non
2222 2271 2427 2326 modica
2478 2276 2824 2341 quaerimonia
2850 2316 2863 2339 ,
2917 2276 2997 2327 vir
3026 2277 3118 2329 Dei
3157 2278 3222 2331 ad
3260 2278 3454 2343 locum,
3487 2294 3647 2348 quem

2073 2369 2257 2427 aptum
2306 2361 2556 2425 credidit,
2606 2363 2888 2425 accedens,
2942 2362 3219 2432 cuspidem
3256 2365 3453 2428 baculi,
3486 2381 3647 2434 quem

2074 2464 2233 2500 manu
2274 2452 2537 2517 gestabat,
2585 2450 2729 2503 humi
2774 2450 3029 2520 deﬁgens,
3058 2454 3266 2506 cunctis
3300 2455 3642 2508 audientibus

2074 2537 2245 2590 dixit:
2277 2536 2499 2591 [loutiue
2546 2539 2687 2593 Deus
2735 2549 2943 2604 noster,
2974 2540 3066 2609 qui
3090 2539 3295 2594 sitienti
3328 2542 3523 2612 populo
3554 2553 3646 2596 tuo

2076 2630 2126 2680 in
2178 2644 2359 2682 eremo
2387 2630 2452 2683 de
2493 2630 2628 2683 dura
2672 2631 2825 2684 silice
2866 2640 3051 2699 potum
3102 2631 3360 2695 tribuisti,
3389 2634 3575 2686 adesto
3597 2642 3650 2686 et

2076 2720 2227 2772 nobis
2258 2720 2473 2775 famulis
2511 2723 2637 2784 tuis,
2666 2731 2720 2774 et
2754 2722 2901 2789 aperi
2935 2723 3248 2775 thesaurum
3279 2734 3381 2775 tua:
3408 2724 3648 2790 pietatis,

2072 2820 2126 2861 et
2165 2812 2294 2877 jubc
2340 2813 2496 2864 nobis
2534 2814 2599 2863 de
2628 2812 2822 2863 duritia
2877 2810 3036 2879 hujus
3088 2812 3295 2865 telluris
3352 2813 3649 2867 ministrari

2072 2897 2275 2953 fontem
2327 2916 2480 2969 aquae
2526 2901 2784 2965 viventis,
2838 2911 2898 2954 nt
2954 2914 3288 2972 cognoscant
3334 2913 3647 2971 praesentes,

2072 2990 2194 3056 quia
2244 3000 2298 3042 tu
2329 3005 2388 3043 es
2420 3005 2579 3045 verus
2620 2990 2782 3053 Deus,
2821 2991 2912 3059 qui
2948 2993 3001 3044 in
3036 2994 3142 3045 line
3178 2992 3496 3046 szeculorum
3541 2994 3645 3046 mi-

2072 3078 2186 3131 sisti
2208 3078 2402 3131 Filium
2430 3089 2578 3133 tuum
2612 3080 2665 3133 in
2697 3081 2979 3146 mundum,
3011 3091 3072 3135 ut
3104 3083 3391 3136 credentes
3420 3084 3472 3137 in
3504 3092 3555 3137 te
3583 3084 3649 3146 ad

2073 3184 2256 3221 veram
2288 3169 2654 3223 introduceret
2685 3170 3122 3239 repromissionis
3150 3182 3371 3225 terram.
3402 3170 3646 3241 Cumque

2073 3263 2256 3317 ﬁdeles
2306 3265 2733 3333 respondissent,
2783 3265 2976 3331 Amen,
3025 3267 3203 3321 subito
3224 3267 3548 3337 erupitfons
3571 3269 3651 3321 vi-

2074 3354 2411 3417 vacissimus,
2443 3356 2533 3423 qui
2562 3365 2617 3409 et
2648 3358 2946 3424 potentiam
2989 3358 3291 3412 divinitatis
3316 3360 3646 3422 ostenderet,

388 3427 605 3481 quoque
630 3416 819 3471 beatus
842 3419 1039 3474 clamat
1059 3422 1372 3491 Apostolus,
1394 3426 1604 3497 signum
1630 3431 1963 3500 apostolatus
1990 3440 2034 3499 [ζ
2066 3452 2119 3496 et
2141 3460 2163 3497 ιι

1880 3440 1963 3488 lUS
1990 3440 2034 3499 C
2066 3452 2119 3496 et
2141 3416 2561 3499 meritum’beati
2588 3445 2687 3499 viri
2714 3445 2914 3515 liquido
2956 3449 3166 3503 cunctis
3224 3450 3526 3504 astantibus
3555 3449 3648 3505 de-t

387 3504 507 3573 ejus
536 3507 633 3575 ipsi
666 3519 791 3562 sunt
820 3510 868 3563 in
898 3510 1145 3568 Domino.

464 3597 550 3650 lt).
586 3598 634 3653 ls
663 3615 792 3669 ergo
818 3602 901 3655 vir
930 3602 1143 3659 Domini
1175 3606 1277 3661 ﬁde
1304 3609 1564 3675 munitus,
1594 3610 1769 3681 gladio
1797 3612 1969 3683 Spiri-

387 3694 478 3741 tus
526 3690 699 3742 sancti
744 3690 1045 3756 accinctus,
1108 3694 1171 3748 ad
1222 3696 1578 3753 destruendos
1624 3716 1857 3765 errores,
1900 3704 1966 3757 ad

385 3777 790 3833 conebleandas
818 3781 1120 3837 dremonum
1145 3786 1433 3852 vanitates,
1458 3790 1525 3843 ad
1554 3791 1741 3845 urbem
1772 3808 1963 3862 supra-

384 3869 588 3922 dictam
618 3872 848 3925 accessit
874 3872 1195 3944 intrepidus.
1232 3876 1336 3932 Sed
1366 3880 1491 3934 dum
1525 3884 1738 3938 novitas
1763 3894 1964 3940 sancta:

381 3960 795 4028 praedicationis
829 3965 1153 4032 quibusdam
1188 3969 1482 4027 incredulis
1529 3974 1582 4027 in
1625 3976 1962 4042 scandalum,

381 4053 662 4107 nonnullis
709 4065 1011 4112 verteretur
1043 4061 1095 4113 ir.
1129 4060 1393 4128 derisum,
1444 4065 1832 4121 miraculorum
1864 4083 1962 4138 po-

380 4144 556 4199 tentia
598 4147 858 4202 reddebat
897 4151 1176 4217 attonitos,
1209 4167 1346 4221 quos
1373 4155 1439 4209 ad
1471 4155 1794 4212 audiendam
1820 4160 1964 4214 veri-

379 4237 515 4292 tatis
555 4240 694 4293 viam
733 4251 989 4298 veternus
1016 4252 1070 4298 et
1103 4246 1319 4301 innatus
1345 4262 1500 4302 error
1522 4248 1777 4305 effecerat
1804 4250 1960 4306 fasti-

377 4328 587 4383 dIOSOS.
620 4328 723 4384 Per
748 4348 937 4388 manus
980 4335 1123 4389 enim
1166 4339 1447 4393 reverendi
1491 4341 1761 4408 pontiﬁcis
1787 4352 1961 4399 tantas

375 4418 634 4475 Christus
685 4423 1017 4490 operabatur
1064 4425 1325 4492 virtutes,
1377 4437 1438 4481 ut
1484 4430 1650 4484 verbo
1690 4432 1960 4488 daemones

375 4508 612 4578 fugaret,
641 4509 881 4581 leprosos
903 4513 1212 4579 mundaret,
1234 4516 1550 4586 cunctisque
1581 4518 1959 4589 languentibus

373 4614 539 4669 opem
579 4603 756 4658 erucis
799 4605 1157 4661 medicamine
1205 4607 1511 4677 largiretur.
1556 4609 1795 4681 Denique
1834 4628 1957 4667 cum

373 4694 445 4747 ad
471 4706 593 4748 eum
625 4695 840 4763 plurimi
869 4707 1261 4753 concurrerent
1289 4714 1387 4769 pro
1413 4700 1760 4769 adipiscenda
1784 4702 1957 4756 salute

2074 3542 2421 3588 monstraret.

2142 3624 2229 3678 15.
2268 3623 2419 3679 Tunc
2444 3625 2663 3696 quijam
2694 3626 3061 3692 crediderant,
3091 3629 3142 3681 in
3172 3628 3276 3683 ﬁde
3311 3636 3437 3684 sunt
3465 3644 3650 3684 corro-

2069 3714 2245 3768 borati
2272 3757 2286 3779 ,
2330 3724 2384 3769 et
2412 3716 2504 3784 qui
2537 3716 2714 3771 adhuc
2757 3718 3078 3787 gentilitatis
3108 3733 3296 3774 errore
3330 3719 3649 3774 detineban-

2070 3817 2179 3872 tur,
2210 3810 2276 3862 ad
2303 3810 2466 3879 pedes
2489 3813 2665 3867 sancti
2695 3815 3078 3882 procumbunt,
3110 3825 3332 3870 orantes
3360 3831 3418 3871 se
3444 3825 3647 3870 sancta:

2071 3902 2195 3955 fidei
2230 3904 2590 3958 sacramentis
2619 3905 2841 3959 initiari.
2871 3905 3025 3959 llune
3047 3920 3177 3975 ergo
3208 3905 3409 3960 fontem
3442 3905 3538 3977 [αι.
3565 3906 3643 3959 lo—

2066 3989 2211 4060 cum]
2258 3989 2460 4060 placuit
2504 3990 2915 4047 Centonomium
2964 3994 3208 4055 vocitari,
3262 3995 3385 4063 quia
3434 3995 3645 4047 exhibi-

2068 4082 2230 4137 tionis
2264 4083 2380 4153 ejus
2410 4082 2629 4153 gaudio,
2672 4084 3028 4152 multiplicato
3064 4084 3185 4139 ﬁdei
3220 4086 3426 4140 faenore
3456 4100 3645 4139 nume-

2066 4185 2160 4224 rus
2205 4171 2542 4224 credentium
2586 4173 2753 4241 etepit
2797 4172 3168 4242 multiplicari.
3217 4173 3368 4228 Multi
3411 4174 3553 4228 enim
3588 4175 3643 4227 in

2064 4274 2129 4314 eo
2173 4276 2272 4330 per
2329 4262 2667 4330 baptismatis
2722 4272 3120 4317 sacramentum
3181 4272 3419 4317 veterem
3467 4264 3644 4319 homi-

2065 4367 2185 4406 nem
2245 4362 2549 4417 exuerunt,
2604 4362 2659 4408 et
2706 4369 2926 4420 novum,
2987 4355 3077 4423 qui
3130 4355 3423 4409 secundum
3474 4355 3643 4411 Deum

2065 4452 2284 4499 creatus
2311 4452 2419 4511 est,
2445 4443 2495 4497 in
2519 4443 2732 4514 justitia
2755 4453 2812 4499 et
2837 4446 3129 4500 sanctitate
3158 4445 3425 4511 veritatis,
3455 4447 3641 4501 vestiti

2063 4543 2207 4589 sunt.

2133 4624 2222 4680 M.
2257 4625 2444 4697 Itaque
2480 4641 2587 4682 non
2623 4642 2824 4697 quique
2854 4626 3159 4697 populares,
3206 4628 3301 4683 sed
3328 4637 3382 4683 et
3411 4628 3641 4706 nobilis:

2060 4715 2319 4771 simorum
2362 4716 2576 4788 plurimi
2600 4717 2811 4788 cingula
2838 4716 3169 4786 deponentes
3190 4717 3414 4783 militiae,
3436 4718 3640 4773 tumida

371 4798 688 4853 corporum,
709 4786 996 4843 illuminati
1021 4789 1185 4845 verbo
1210 4789 1355 4857 ﬁdei,
1373 4807 1494 4846 cum
1516 4792 1689 4847 salute
1712 4795 1957 4850 redibant
1988 4777 2036 4835 Ῑ)
2061 4808 2189 4862 olim
2220 4777 2479 4864 cona'sua
2505 4810 2636 4880 jugo
2658 4777 2861 4864 Christi
2889 4777 3277 4879 supponentes,
3308 4818 3496 4864 sancto
3522 4809 3642 4864 viro

374 4875 724 4947 animarum.

450 4966 539 5020 11.
578 4966 748 5024 Porro
771 4970 910 5025 idem
939 4973 1265 5029 venerabilis
1291 4974 1375 5028 vir
1392 4983 1546 5029 extra
1578 4977 1766 5032 urbem
1791 4994 1958 5048 parvo

371 5064 557 5113 tectus
598 5060 835 5131 hospitio
885 5062 975 5116 diu
1030 5075 1304 5134 noctuque
1351 5066 1405 5120 in
1446 5076 1637 5124 sancto
1681 5070 1958 5138 perstabat

374 5149 680 5217 proposito,
710 5151 803 5205 vix
828 5152 988 5206 ullam
1015 5156 1097 5210 sui
1130 5170 1314 5210 curam
1345 5156 1549 5212 habens
1581 5160 1844 5229 corporis,
1880 5171 1960 5217 to—

372 5245 493 5289 tum
516 5251 574 5292 se
595 5252 780 5294 eorum
804 5240 1120 5310 impendens
1142 5244 1322 5311 saluti,
1345 5260 1479 5316 quos
1498 5246 1799 5305 dmmonico
1819 5253 1959 5307 nite-

372 5323 539 5378 batur
564 5327 865 5407 subducere
890 5337 1090 5392 errori.

445 5414 534 5468 12.
578 5414 719 5473 Sane
762 5431 878 5471 cum
908 5416 1024 5484 jam
1076 5423 1464 5482 miraculorum
1497 5424 1788 5484 dulcedine
1813 5430 1953 5488 deli-

2059 4897 2338 4953 adhaesere
2364 4907 2418 4951 et
2446 4899 2620 4952 sacris
2651 4898 2769 4968 ejus
2796 4898 3108 4968 gaudebant
3148 4898 3428 4954 informari
3460 4914 3645 4954 exem-

2060 4989 2183 5061 plis.
2225 4989 2467 5059 Cumque
2499 4988 2678 5058 fulgor
2721 4997 2886 5045 tanta:
2916 4989 3205 5055 claritatis,
3244 4989 3399 5059 quasi
3428 4987 3645 5046 Lucifer

2064 5082 2360 5136 matutinus
2386 5080 2551 5135 solem
2569 5080 2795 5148 justitia:
2816 5081 3092 5146 nuntians,
3124 5090 3287 5135 totam
3310 5080 3644 5151 provinciam

2057 5168 2171 5237 jam
2226 5171 2634 5239 perlustrasset,
2695 5171 2949 5240 princeps
3001 5171 3239 5228 civitatis
3276 5173 3354 5241 (Α)
3386 5169 3648 5226 Defensor

2065 5261 2307 5327 nomine,
2354 5261 2436 5315 vir
2467 5261 2757 5331 gloriosus,
2806 5272 2861 5315 et
2898 5263 3197 5317 secundum
3229 5263 3460 5317 caducos
3486 5258 3651 5326 hujus

2066 5352 2253 5405 mundi
2310 5352 2543 5406 honores
2611 5350 3072 5418 potentissimus,
3126 5359 3208 5404 tot
3262 5348 3650 5406 miraculorum

2063 5441 2305 5496 novitate
2347 5439 2646 5510 perculsus,
2694 5438 2810 5493 Deo
2847 5438 3074 5509 dignum
3105 5429 3410 5500 pontiﬁcem
3436 5437 3650 5509 perin-
