4494 5520
852 383 948 439 787

1885 392 2175 447 LETALDI
2216 394 2641 449 MICIACENSIS
2678 398 2982 454 MONACHI

3998 401 4102 456 788

843 502 1150 556 ternuntios
1178 516 1432 567 evocans,
1468 513 1519 557 ut
1548 505 1611 556 ad
1639 519 1697 558 se
1724 506 1908 559 venire
1936 508 2264 577 dignaretur,
2289 524 2413 577 sup—
2442 514 2487 566 A
2522 510 2641 563 ﬁdei
2678 512 2969 579 subjectus.
3013 515 3181 583 llujus
3224 516 3364 569 ﬁlius
3408 517 3555 585 gravi
3599 523 3845 584 arreptus
3889 516 4104 569 income

842 592 1055 661 pliciter
1084 604 1292 647 exorat.

915 680 1001 735 l5.
1044 680 1422 737 Fidelissimus
1462 691 1644 737 autem
1686 683 1934 738 minister
1965 685 2163 739 Christi
2193 702 2314 739 cum
2352 687 2416 739 ad

839 770 1140 840 principem
1189 772 1495 835 accederet,
1536 780 1664 826 ante
1689 773 2003 843 principalis
2034 776 2167 829 aulae
2191 775 2416 843 januam

841 858 1055 912 obviam
1088 859 1276 913 habuit
1302 860 1589 929 quemdam
1623 875 1847 927 caecum,
1870 864 1959 931 qui
1996 880 2178 919 coram
2207 881 2273 919 eo
2301 882 2422 935 pro-

840 947 1103 1004 cumbens
1135 949 1412 1020 ﬂagitabat
1442 952 1721 1007 auxilium.
1750 954 1818 1007 At
1842 955 1928 1010 ille
1953 956 2200 1013 invocato
2222 958 2421 1013 Christi

847 1038 1068 1093 nomine
1116 1049 1171 1094 et
1201 1041 1381 1094 crucis
1423 1042 1687 1111 impresso
1732 1046 1955 1109 vexillo,
1999 1047 2101 1101 sub
2146 1059 2421 1103 momento

843 1145 970 1183 eum
997 1131 1245 1200 pristinae
1288 1132 1524 1187 restituit
1568 1136 1810 1189 sanitati.
1852 1135 2005 1203 Quod
2052 1138 2300 1207 princeps
2324 1154 2422 1191 att--

848 1220 1017 1283 diens,
1058 1221 1284 1275 festinus
1324 1224 1603 1287 accurrit,
1649 1226 1876 1292 genibus
1914 1228 2087 1281 sancti
2120 1229 2425 1282 advolvitur

844 1308 1069 1376 supplex
1105 1325 1337 1364 exorans
1361 1351 1376 1375 ,
1423 1327 1530 1380 quo
1570 1314 1842 1383 particeps
1882 1316 2005 1370 vita:
2051 1326 2266 1371 aeternae
2308 1318 2421 1371 ﬁeri

843 1408 1168 1453 mereretur.
1204 1399 1376 1467 Quem
1415 1403 1581 1457 verbo
1626 1404 1720 1459 Dei
1769 1404 2179 1475 diligentissime
2224 1408 2424 1461 instru-

844 1493 992 1540 ctum
1034 1488 1274 1555 pontifex
1308 1490 1634 1545 venerabilis
1662 1495 2055 1559 catechizavit,
2096 1506 2150 1549 et
2199 1496 2425 1550 solemni

838 1577 1048 1648 jejunio
1094 1590 1343 1649 peracto,
1394 1598 1516 1637 cum
1568 1593 1678 1639 tota
1726 1585 1928 1643 familia
1969 1588 2243 1657 multaque
2275 1590 2428 1645 nobi-

846 1670 979 1726 lium
1010 1671 1163 1724 turba
1199 1671 1515 1741 baptizavit.
1550 1673 1652 1740 Qui
1689 1675 1743 1728 in
1781 1684 1932 1730 tanto
1972 1677 2190 1745 pietatis
2233 1680 2428 1731 ardore

838 1760 1109 1820 excrevit,
1140 1771 1197 1813 ut
1221 1761 1437 1815 domum
1463 1778 1615 1817 suam
1652 1774 1843 1818 sancto
1870 1766 1985 1819 viro
2015 1768 2285 1832 traderet,
2320 1784 2426 1835 quo

2516 602 2695 664 modo,
2718 604 2783 657 ad
2799 612 3039 657 extrema
3061 605 3340 670 deductus,
3355 615 3409 661 et
3434 607 3499 661 ad
3522 606 3766 660 ultimum
3788 605 4087 660 exstinctus

2517 700 2618 745 est.
2652 691 2809 746 Pater
2854 709 2981 747 vero
3010 694 3255 749 orbitatis
3280 694 3517 749 dolorem
3561 709 3664 748 non
3692 694 3962 748 sustinens
3982 733 3997 757 ,
4021 693 4087 745 ad

2519 783 2692 834 virum
2743 781 2835 836 Dei
2880 784 3119 837 cucurrit
3170 785 3408 839 clamans
3447 793 3502 838 et
3537 785 3764 839 dicens:
3797 784 3963 838 Serve
4002 782 4096 838 Dei

2519 866 2749 933 Juliane,
2780 871 2869 940 qui
2917 872 3191 927 conﬁteris
3221 871 3496 927 Christum
3532 873 3699 927 Deum
3732 888 3916 927 verum
3946 887 4089 932 esse.

2522 976 2619 1030 per
2648 962 2793 1015 illum
2820 971 2870 1016 te
2896 962 3083 1031 adjuro
3106 979 3264 1031 quem
3286 964 3565 1033 prtedicas,
3595 963 3758 1018 redde
3779 962 3908 1017 mihi
3933 962 4096 1015 ﬁlium

2524 1066 2723 1104 meum.
2770 1052 2866 1106 Cui
2913 1052 2987 1105 ait
3014 1052 3097 1105 vir
3127 1052 3219 1106 Dei
3270 1069 3283 1104 :
3325 1052 3606 1116 Anastasi,
3650 1051 3695 1105 si
3737 1050 3913 1105 credis
3942 1065 4096 1112 eum,

2524 1155 2683 1209 quem
2705 1156 2806 1211 ego
2825 1142 3077 1210 praedico,
3102 1157 3286 1196 verum
3311 1142 3477 1196 Deum
3524 1156 3666 1205 esse,
3682 1151 3737 1195 et
3762 1140 3928 1195 filium
3955 1147 4103 1193 tuum

2528 1231 2579 1283 in
2604 1232 2857 1298 przesenti
2882 1232 3124 1300 recipies,
3155 1240 3209 1286 et
3234 1240 3289 1285 tu
3321 1232 3486 1285 vitam
3518 1231 3786 1285 obtinebis
3820 1240 4101 1283 aeternam.

2526 1319 2814 1373 Anastasio
2837 1320 3142 1374 declarante
3170 1330 3331 1389 atque
3360 1320 3573 1374 dicente
3598 1337 3609 1372 :
3647 1318 3703 1373 Si
3734 1319 3899 1371 ﬁlium
3924 1335 4099 1373 meum

2528 1412 2704 1464 vivum
2732 1427 3013 1481 recepero,
3048 1412 3323 1466 Christum
3356 1410 3523 1465 Deum
3572 1424 3759 1464 verum
3807 1411 4065 1463 confiteor
4087 1448 4102 1470 ,

2530 1510 2579 1552 et
2613 1500 2768 1553 idolis
2794 1501 3004 1567 penitus
3053 1500 3402 1563 abrenuntio;
3434 1499 3567 1553 abiit
3610 1514 3731 1552 eum
3768 1513 3833 1551 eo
3866 1497 4107 1551 beatissi-

2531 1605 2650 1643 mus
2688 1588 2924 1657 pontifcx
2960 1588 3027 1642 ad
3054 1589 3295 1653 domum,
3328 1590 3379 1642 in
3411 1604 3515 1657 qua
3538 1602 3733 1656 corpus
3775 1587 3923 1655 pueri
3951 1586 4103 1651 jace-

2531 1678 2623 1731 bat
2669 1679 2951 1740 exanime;
2984 1686 3039 1730 et
3074 1677 3284 1731 cunctis
3319 1676 3603 1738 ﬂentibus,
3654 1685 3710 1728 et
3741 1676 3869 1743 quid
3916 1674 4106 1727 beatus

2534 1765 2616 1817 vir
2638 1774 2857 1818 acturus
2877 1764 3016 1818 foret
3044 1765 3542 1828 considerantibus;
3569 1764 3657 1819 ille
3676 1773 3861 1817 tenens
3889 1778 4104 1815 manum

843 1848 922 1907 Ibi
954 1850 1238 1904 ecclesiam
1270 1852 1452 1906 divino
1487 1853 1655 1907 cultui
1696 1863 1874 1923 aptam
1908 1865 2235 1919 exstrueret,
2264 1866 2317 1910 et
2350 1857 2426 1909 ln-
2459 1836 2504 1895 Β
2533 1852 2796 1917 defuncti,
2844 1864 2899 1907 et
2930 1855 3227 1923 suscipiens
3257 1855 3309 1907 in
3355 1855 3549 1909 caelum
3580 1855 3834 1923 lacrymis
3858 1853 4107 1923 perfusus

844 1942 1067 1997 crandis
1106 1943 1323 1997 Christo
1365 1945 1649 1999 animabus
1697 1946 1903 2013 absque
1962 1946 2071 1999 ullo
2120 1946 2426 2015 invigilaret

846 2036 1212 2089 incommodo.
1246 2034 1365 2089 Jam
1401 2046 1529 2092 tunc
1568 2052 1696 2107 ergo
1736 2038 2067 2106 impossibile
2096 2038 2242 2091 dictu
2274 2028 2423 2101 reor,

845 2132 1053 2190 quanto
1078 2125 1295 2193 gaudio,
1326 2134 1593 2194 quantave
1638 2127 1919 2181 alacritate
1940 2126 2181 2194 quotidie
2208 2124 2425 2178 Christo

844 2211 978 2265 inibi
1011 2212 1203 2267 ﬁerent
1231 2214 1404 2276 lucra,
1436 2212 1652 2266 diabolo
1690 2228 1820 2267 vero
1847 2214 2193 2267 detrimenta.
2238 2215 2427 2269 Omnis

843 2310 999 2363 aetas,
1020 2302 1303 2371 omnisque
1330 2316 1490 2356 sexus
1515 2302 1891 2355 ardentissimo
1918 2318 2100 2357 amore
2122 2304 2187 2357 ad
2209 2304 2428 2356 audien-

845 2390 975 2443 dum
1008 2391 1226 2443 verbum
1259 2390 1487 2446 Domino
1514 2390 1833 2455 conﬂuebat,
1875 2401 1931 2446 et
1958 2394 2206 2446 certatim
2236 2394 2427 2461 prieire

845 2479 984 2534 alter
1004 2479 1231 2535 altermn
1262 2481 1311 2534 in
1339 2493 1527 2535 sancto
1551 2482 1826 2551 proposito
1847 2482 2180 2537 elaborabat.
2206 2483 2425 2537 Factam

844 2570 1011 2640 igitur
1039 2571 1303 2627 bonorum
1328 2588 1547 2625 suorum
1572 2571 1913 2626 collationem
1948 2581 2136 2627 sancto
2166 2573 2282 2627 viro
2310 2582 2421 2626 tra-

845 2661 1013 2724 dunt,
1056 2676 1164 2728 quo
1192 2672 1248 2714 et
1273 2661 1522 2715 ecclesiis
1551 2662 1750 2717 divinis
1788 2674 2185 2718 exornarentur
2213 2665 2428 2720 honori-

842 2748 986 2813 bus,
1036 2760 1089 2803 et
1138 2766 1404 2820 pauperes
1443 2751 1643 2808 Christi
1694 2751 1964 2807 alimentis
2013 2756 2426 2807 consolarentur

845 2840 1241 2907 corporalibus.

919 2926 1005 2981 16.
1047 2928 1219 2983 Porro
1263 2930 1610 2999 dispensator
1639 2932 1812 2988 ﬁdelis
1854 2941 1909 2987 et.
1950 2934 2222 3003 prudens,
2263 2950 2423 3003 quem

844 3018 1128 3071 constituit
1160 3019 1420 3074 Dominus
1464 3035 1627 3090 super
1673 3018 1936 3074 familiam
1984 3037 2136 3077 suam
2172 3032 2232 3076 ut
2272 3023 2426 3077 daret

844 3106 920 3158 illi
976 3105 1030 3158 in
1070 3115 1312 3175 tempore
1364 3108 1527 3163 tritici
1576 3123 1928 3173 mensuram,
1980 3119 2038 3163 ut
2072 3111 2421 3181 iuerogando

845 3196 1012 3250 verbo
1041 3196 1134 3250 Dei
1166 3212 1287 3250 cum
1310 3199 1529 3267 pietatis
1561 3199 1773 3253 actibus
1795 3200 2131 3271 invigilabat,
2160 3202 2231 3255 ita
2258 3203 2422 3255 etiam
2453 3182 2496 3242 (ἶ

845 3290 901 3341 in
953 3287 1333 3357 dispensandis
1386 3290 1619 3344 terrenis
1672 3292 1968 3345 secundum
2030 3292 2422 3347 institutionem

845 3377 1201 3447 apostolicam
1236 3378 1558 3444 desudabat,
1595 3389 1652 3434 et
1694 3381 2001 3436 viventibus
2040 3383 2141 3435 sub
2168 3398 2227 3437 se
2271 3400 2422 3438 com-

846 3469 1086 3523 muniter
1127 3468 1385 3523 Ecclesiae
1438 3469 1593 3533 ﬁliis,
1648 3482 1811 3537 prout
1859 3472 2055 3540 cuique
2102 3486 2236 3541 opus
2287 3484 2423 3537 erat,

848 3559 1084 3614 ﬁdeliter
1126 3561 1423 3616 dividebat.
1460 3561 1602 3617 Sane
1637 3564 1983 3633 praesentium
2016 3566 2303 3619 occasione
2334 3582 2427 3620 cu-

848 3667 1054 3713 rarum,
1090 3667 1433 3723 nequaquam
1462 3653 1609 3707 illius
1643 3656 1842 3709 mentis
1878 3656 2066 3710 oculus
2104 3657 2372 3727 caligabat
2396 3674 2424 3711 a

846 3749 1301 3818 contemplatione
1321 3760 1668 3814 aeternorum,
1683 3751 1775 3803 sed
1795 3766 1900 3820 quo
1914 3751 2143 3820 amplius
2170 3751 2427 3806 fulcieba-

848 3839 1479 3904 turrebnstransitoriis,
1518 3856 1583 3894 eo
1607 3842 1840 3911 amplius
1871 3843 2113 3896 inhiabat
2133 3844 2199 3897 ad
2228 3846 2421 3912 gaudia

842 3945 907 3997 pa
920 3930 1031 3982 trize
1047 3930 1302 3985 caelestis.
1319 3930 1463 3985 Bene
1479 3932 1623 3985 enim
1644 3942 1869 3986 noverat
1884 3934 2012 4001 quid
2034 3936 2354 3989 conveniret
2372 3938 2421 3988 in

843 4020 931 4073 via
955 4060 967 4082 ,
995 4021 1120 4087 quid
1147 4022 1438 4073 deberetur
1468 4021 1517 4074 in
1548 4022 1741 4089 patria.
1775 4022 1828 4075 In
1860 4023 1938 4076 via
1972 4025 2166 4092 quippe
2210 4024 2425 4079 videbat

844 4114 1209 4167 necessarium
1226 4115 1427 4168 laboris
1450 4115 1807 4183 stipendium;
1838 4117 1889 4169 in
1913 4118 2084 4184 patria
2111 4128 2289 4170 autem
2314 4126 2425 4172 toto

844 4205 1035 4259 aﬂ‘ectu
1052 4206 1397 4261 desiderabat
1411 4217 1627 4261 maternae
1657 4208 1960 4263 beatudinis
1977 4209 2423 4263 emolumentum.

846 4296 984 4348 Sunt
999 4296 1139 4349 enim
1160 4296 1419 4361 nonnulli,
1436 4298 1523 4365 qui
1542 4298 1592 4351 in
1612 4298 1863 4365 pastorali
1884 4299 2142 4367 regimine
2158 4298 2423 4360 laborant,

842 4396 895 4440 et
912 4403 1009 4457 pro
1024 4387 1213 4441 eodem
1233 4386 1416 4441 labore
1434 4389 1757 4458 sempiterna
1784 4404 2001 4457 praemia
2020 4406 2123 4442 non
2144 4398 2421 4459 appetunt,

842 4476 935 4529 sed
987 4480 1188 4529 honore
1232 4475 1558 4545 pmelationis
1602 4478 1786 4530 tumidi
1814 4517 1828 4541 ,
1882 4479 2125 4546 quamvis
2184 4477 2422 4531 caelestia

2534 1944 2653 1995 ait:
2689 1944 2913 1996 Domine
2958 1942 3082 1996 Jesu
3118 1942 3335 1996 Christe
3361 1983 3375 2006 ,
3420 1943 3509 2010 qui
3549 1944 3722 1997 viduae
3756 1942 3919 1995 ﬁlium
3949 1951 4104 1995 extra

2532 2044 2742 2102 portam
2770 2033 2969 2086 elatum
2998 2034 3181 2087 multis
3210 2034 3512 2087 astantibus
3569 2034 3863 2095 suscitasti,
3895 2042 3950 2087 et
3974 2049 4107 2099 qua-

2534 2123 2839 2174 triduanum
2890 2121 3151 2174 Lazarum
3207 2122 3428 2191 jamque
3475 2122 3753 2177 ftetentem
3799 2123 3961 2175 verbo
4009 2138 4105 2190 po.

2533 2212 2713 2264 tentia:
2738 2218 2840 2263 tuae
2868 2226 2897 2261 a
2930 2211 3156 2263 mortuis
3185 2213 3482 2275 revocasti;
3515 2222 3566 2264 tu
3594 2211 3820 2280 praecipe
3851 2220 3908 2263 ut
3936 2212 4107 2263 susci-

2532 2310 2672 2353 tetur
2698 2316 2831 2368 puer
2860 2302 2978 2363 iste,
3008 2310 3273 2369 quatenus
3304 2302 3406 2355 isto
3433 2302 3753 2355 resuscitato
3780 2302 3831 2353 in
3855 2315 4105 2368 corpore,

2530 2391 2680 2444 multi
2728 2406 2825 2459 per
2852 2399 2994 2443 tuam
3030 2392 3188 2445 tidem
3224 2402 3505 2461 resurgant
3535 2391 3586 2444 in
3617 2392 3819 2453 anima,
3863 2405 4100 2458 praesen-

2530 2493 2716 2553 tesque
2762 2491 3121 2553 cognoscant,
3169 2484 3295 2551 quia
3352 2492 3406 2536 tu
3459 2498 3518 2536 es
3558 2481 3805 2536 Christus
3837 2482 3973 2535 illius
4009 2482 4104 2535 Dei

2528 2577 2656 2640 vivi,
2684 2575 2775 2645 qui
2816 2585 3084 2644 przecepto
3128 2574 3303 2628 Patris
3334 2576 3590 2628 mundum
3624 2573 3874 2637 salvasti,
3900 2570 3985 2625 cui
4012 2588 4109 2639 per

2528 2677 2580 2721 te
2619 2668 2913 2735 condignas
2954 2666 3156 2735 gratias
3186 2665 3471 2719 referimus
3499 2680 3595 2733 per
3637 2664 3846 2717 inﬁnita
3875 2662 4102 2717 saeculo-

2529 2774 2645 2807 rum
2680 2758 2897 2812 szecula.
2930 2757 3171 2823 Cumque
3199 2756 3382 2809 ﬁdeles
3423 2754 3845 2822 respondissent,
3888 2752 4057 2805 Amen
4087 2791 4101 2812 ,

2528 2843 2680 2912 quasi
2713 2859 2742 2895 a
2779 2857 2968 2895 somno
2994 2840 3234 2893 surrexit
3277 2854 3408 2907 puer
3444 2838 3759 2899 incolumis,
3803 2847 3859 2890 et
3894 2838 4105 2890 cunctis

2528 2951 2638 3005 pne
2663 2934 2857 3004 gaudio
2884 2932 3159 2995 ﬂentibus,
3188 2930 3500 2999 parentibus
3531 2928 3797 2982 ineﬁ‘ahilc
3824 2928 4103 2997 gaudium,

2529 3038 2582 3081 et
2613 3025 2823 3081 ueteris
2854 3024 3155 3079 astantibus
3222 3022 3287 3075 ad
3317 3020 3648 3089 sequendam
3678 3018 4106 3074 Christianitatis

2532 3117 2845 3188 religionem
2901 3129 3155 3184 magnum
3221 3112 3450 3181 praebuit
3498 3112 3923 3166 incitamentum.
3981 3110 4102 3168 Mox

2529 3223 2658 3277 ergo
2688 3217 2842 3274 pater
2880 3204 2994 3272 ejus
3021 3203 3338 3256 Anastasius
3364 3216 3487 3255 cum
3528 3201 3673 3255 omni
3702 3201 3901 3253 familia
3930 3200 4106 3253 credi-

2527 3300 2624 3364 dit,
2656 3308 2709 3353 et
2733 3297 2980 3367 baptismi
3010 3295 3239 3365 gratiam
3269 3300 3590 3349 consecutus
3622 3307 3845 3345 numero
3868 3290 4104 3344 ﬁdelium

2528 3388 2825 3457 applicatus
2850 3394 2951 3439 est.

2604 3476 2685 3530 18.
2732 3473 2991 3542 Sequenti
3044 3472 3296 3540 deinceps
3348 3479 3586 3541 tempore
3633 3486 3729 3540 per
3759 3486 3881 3524 eum
3930 3469 4107 3527 simile

2529 3567 2655 3619 huic
2689 3562 2953 3617 miraculo
2997 3563 3063 3615 ad
3115 3562 3327 3615 laudem
3363 3570 3417 3614 et
3457 3560 3689 3630 'gloriam
3743 3561 3973 3614 nominis
4020 3562 4104 3612 sui

2528 3656 2776 3709 Christus
2802 3653 3014 3721 operari
3053 3652 3303 3720 dignatus
3347 3660 3451 3705 est.
3490 3649 3619 3703 Nam
3662 3666 3784 3704 cum
3836 3650 3972 3703 idem
4024 3650 4107 3701 vir

2528 3746 2875 3801 beatissimus
2908 3744 2976 3796 ab
3019 3743 3151 3795 urbe
3184 3742 3493 3812 digrediens
3514 3782 3526 3802 ,
3558 3753 3615 3793 ut
3646 3740 3852 3794 lucrum
3886 3739 4102 3792 Christo

2530 3838 2595 3891 de
2631 3834 2981 3903 pereuntibus
3011 3831 3234 3893 faceret,
3282 3831 3531 3884 diaecesis
3567 3844 3676 3882 sua:
3702 3838 3883 3898 partes
3914 3828 4102 3885 visita—

2532 3936 2631 3984 ret.
2666 3940 2794 3979 ecce
2824 3922 3109 3975 defunctus
3138 3918 3485 3982 efferebatur,
3516 3933 3704 3987 magna
3736 3916 3912 3987 populi
3939 3917 4103 3969 comi-

2531 4022 2674 4067 tante
2704 4022 2917 4066 caterva
2948 4050 2961 4074 ,
3010 4009 3323 4063 adulescens
3364 4008 3641 4075 cujusdam
3690 4005 3955 4076 magniﬁci
4001 4007 4103 4059 viri

2531 4103 2691 4165 ﬁlius,
2717 4102 2805 4170 qui
2832 4101 3115 4154 dicebatur
3148 4098 3485 4152 Jovinianus.
3539 4096 3938 4164 Superveniens
3980 4110 4105 4147 san-

2530 4202 2649 4246 ctus
2697 4191 3012 4261 episcopus,
3064 4197 3427 4255 consuetaque
3472 4186 3527 4239 in
3578 4186 3861 4240 Dominum
3908 4184 4105 4237 ﬁducia

2533 4285 2725 4345 frctus,
2770 4280 2931 4347 jussit
2967 4276 3161 4346 deponi
3211 4277 3521 4329 defunctum
3564 4288 3791 4342 corpus,
3844 4283 3898 4325 et
3944 4288 4106 4324 manu

2531 4377 2745 4429 silentio
2771 4374 3056 4440 imperato,
3084 4371 3230 4424 clara
3264 4383 3393 4423 voce
3422 4368 3487 4424 ad
3516 4377 3720 4436 patrem
3748 4364 4107 4417 adolescentis

2532 4469 2605 4519 ait
2632 4485 2643 4518 :
2682 4464 2957 4516 Juviniane
2984 4503 2997 4523 ,
3045 4461 3293 4515 Christus
3319 4474 3477 4527 quem
3510 4458 3745 4527 praedico
3771 4497 3785 4521 ,
3820 4458 3978 4510 homo
4008 4471 4107 4523 pro

839 4568 1023 4624 verbis
1074 4534 1369 4636 praedicent
1419 4578 1531 4624 toto
1572 4534 1836 4624 desiderio
1890 4534 2101 4625 terrena
2148 4580 2418 4641 quzerunt.
2459 4534 2503 4592 υ
2532 4555 2839 4610 humillimis
2894 4554 3103 4615 lactus.
3156 4557 3399 4641 "10”“95
3450 4545 3798 4641 §USCil_3‘:ilo_
3832 4544 4107 4597 δευίιιοηθδ

841 4659 941 4713 llic
970 4673 1098 4712 vero
1130 4660 1325 4729 dignus
1355 4660 1463 4713 Deo
1492 4661 1728 4730 pontifex
1762 4677 1883 4717 cum
1925 4664 2183 4715 virtutum
2214 4662 2420 4732 fulgore

840 4751 1184 4811 claresceret,
1224 4751 1607 4805 miraculorum
1643 4754 1877 4821 potentia
1906 4754 2229 4823 cingeretur,
2267 4757 2421 4810 obse-

838 4840 1121 4907 quentium
1175 4840 1492 4908 populorum
1553 4844 1740 4897 cuneis
1767 4842 2083 4904 fulciretnr,
2142 4852 2195 4899 et
2244 4860 2421 4898 rerum

841 4928 1219 4997 temporalium
1252 4929 1521 4985 afﬂuentia
1551 4932 1849 4995 ditaretur,
1884 4932 2028 4985 nullo
2054 4932 2425 4986 delectationis

840 5018 1227 5086 impedimento
1258 5020 1665 5083 succumbebat,
1699 5022 1789 5075 sed
1830 5021 1880 5073 in
1909 5020 2151 5074 datorem
2181 5021 2420 5073 omnimn

840 5105 1101 5161 bonorum
1151 5109 1347 5161 mentis
1382 5110 1571 5178 figens,
1614 5110 1752 5163 bona
1789 5109 2073 5177 prsesentia
2113 5109 2267 5177 quasi
2302 5121 2425 5177 post

838 5206 1069 5269 tergum,
1103 5207 1157 5251 et
1190 5208 1314 5252 ante
1362 5200 1553 5254 faciem
1604 5200 1937 5269 proponebat
1985 5199 2253 5264 ﬁdeliter,
2306 5215 2425 5267 qure

838 5290 1046 5349 sanctis
1074 5289 1471 5358 promittuntur
1499 5290 1551 5343 in
1588 5290 1764 5343 caelis.

1470 5378 1697 5433 CAPUT
1735 5378 1798 5433 ll.

1305 5470 1429 5520 Tres
1471 5470 1663 5520 mortui
1700 5470 1956 5520 suscitali.

2528 4648 2691 4701 verbo
2725 4645 2946 4715 fugavit,
2974 4654 3029 4696 et
3057 4642 3121 4693 ad
3168 4637 3551 4693 ostendendam
3602 4636 3830 4690 Deitatis
3868 4650 3976 4689 sua:
4004 4650 4101 4703 po-

2532 4740 2772 4799 tentiam,
2800 4734 3055 4804 quidquid
3081 4730 3245 4785 voluit
3271 4730 3409 4782 inter
3445 4728 3691 4781 homines
3716 4736 3968 4795 operatus
3997 4733 4101 4778 est.

2529 4829 2680 4882 Hunc
2710 4836 2763 4879 tu
2806 4826 2849 4879 si
2899 4824 3083 4877 relicta
3116 4822 3350 4873 vanitate
3386 4819 3647 4872 idolorum
3699 4818 3863 4871 Deum
3891 4832 3953 4870 ex
3991 4823 4107 4869 toto

2529 4921 2689 4976 corde
2740 4916 3067 4977 credideris,
3096 4923 3152 4967 et
3194 4910 3465 4981 puriticari
3507 4919 3556 4962 te
3600 4908 3910 4977 permiseris
3956 4907 4105 4958 fonte

2530 5008 2905 5079 baptismatis,
2955 5015 3008 5059 et
3057 5015 3143 5057 tua
3172 5003 3425 5056 salutcct
3468 4998 3558 5052 ﬁlii
3592 5000 3666 5051 tui
3705 4996 4103 5051 resurrectione

2532 5102 2804 5172 gaudebis.
2822 5098 2970 5152 Tunc
2987 5098 3123 5149 idem
3150 5092 3481 5153 Jovinianus,
3498 5100 3553 5143 et
3576 5090 3857 5143 universus
3880 5088 4101 5141 adstans

2532 5192 2776 5262 populus,
2812 5190 2983 5243 sancti
3012 5184 3367 5239 advolvuntur
3396 5182 3642 5249 pedibus,
3666 5188 3720 5233 et
3758 5178 3963 5233 cunctis
3993 5179 4099 5231 mi-

2533 5280 2877 5337 sericordiam
2923 5276 3304 5346 ﬂagitantibus,
3352 5286 3469 5324 cum
3511 5271 3765 5339 lacrymis
3810 5269 3983 5322 aiebat
4007 5267 4102 5321 Jo-

2533 5374 2815 5426 vinianus:
2852 5369 3038 5438 Magne
3068 5379 3225 5417 serve
3258 5362 3347 5416 Dei
3371 5359 3600 5421 Juliane,
3634 5360 3677 5413 si
3724 5359 3935 5412 unicum
3966 5356 4096 5411 mihi

2528 5466 2721 5520 Dignus
2748 5502 2759 5520 .
2794 5470 2846 5514 et
2878 5460 3001 5510 vita:
3045 5453 3324 5520 prmscntis
3354 5451 3602 5504 solatium
3645 5449 3958 5509 reddideris,
3988 5464 4096 5501 nun
