4494 5520
423 415 527 469 789

1656 419 1742 471 DE
1783 418 1936 471 VITA
1979 420 2037 472 S.
2078 421 2357 482 Jl'LlANl.

3553 457 3655 512 790

425 529 702 596 ιυεινίνίει.
732 530 799 582 At
823 545 950 582 vero
975 531 1055 582 vir
1079 530 1187 583 Deo
1217 531 1424 599 plenus,
1454 532 1679 600 genibus
1710 532 1761 583 in
1792 543 1988 585 terram
2019 529 2064 585 Α
2098 541 2202 585 tate
2265 539 2586 604 supradictae
2628 550 2980 612 possessionis
3041 553 3352 612 beatissimo
3399 563 3656 632 magistro

423 621 658 674 curvatis
683 661 698 684 ,
750 621 920 673 oculis
952 636 1014 674 ac
1063 621 1308 674 manibus
1355 624 1405 675 in
1439 623 1633 674 coelum
1686 625 1948 688 porrectis
1973 664 1988 684 ,

423 715 631 766 cunctis
659 714 1002 765 audientibus
1029 714 1164 765 dixit
1193 732 1203 764 :
1237 714 1458 766 Domine
1484 713 1607 766 Jesu
1637 713 1864 772 Clu-iste.
1898 715 1988 781 qui

424 805 617 872 ubique
640 818 874 870 przeseus
901 817 978 864 es,
1003 804 1090 870 qui
1119 818 1213 870 pro
1241 812 1420 855 nostra
1449 805 1810 870 redemptione
1833 805 1991 857 homo

424 893 535 945 ﬁeri
569 894 804 952 voluisti,
835 903 888 944 et
931 891 1073 943 inter
1119 892 1358 944 homines
1403 909 1668 960 apparens
1711 911 1802 960 per
1832 894 1992 945 vexil-

424 985 529 1036 lum
567 985 744 1036 crucis
780 995 882 1035 tute
912 985 978 1036 ab
1022 983 1258 1034 humano
1303 999 1497 1052 genere
1530 995 1755 1035 mortem
1807 984 1990 1035 exclu-

422 1075 563 1134 sisti,
593 1073 720 1138 jube
755 1082 811 1125 ut
840 1082 1084 1140 resurgat
1108 1073 1418 1126 adolescens
1461 1075 1580 1135 iste,
1616 1083 1672 1124 ut
1705 1076 1833 1126 tanti
1862 1071 1989 1126 facti

429 1166 665 1232 potentia
695 1204 707 1224 ,
752 1174 804 1217 et
851 1164 980 1216 ﬁdes
1015 1164 1347 1216 credentium
1394 1165 1444 1215 in
1495 1173 1545 1216 te
1593 1166 1904 1226 τοιιοτριυτ,
1938 1175 1992 1218 et

422 1270 526 1307 non
559 1254 888 1306 credentium
921 1254 1081 1306 corda
1115 1253 1425 1312 subdantur.
1457 1269 1549 1320 per
1582 1262 1631 1306 te
1665 1254 1988 1321 unigenitum

426 1341 517 1394 Dei
550 1342 676 1404 vivi,
705 1357 861 1410 quem
889 1357 1008 1394 cum
1039 1342 1198 1395 Patre
1223 1351 1274 1395 et
1309 1343 1509 1408 Spiritu
1544 1353 1730 1395 sancto
1769 1356 1991 1410 regnan-

425 1440 605 1484 temet
634 1431 995 1484 dominantem
1023 1430 1340 1484 conﬁtentur
1363 1432 1413 1484 in
1442 1432 1629 1484 secula
1653 1431 1988 1486 seculorum.

427 1524 894 1592 Respondentibus
920 1523 1187 1585 ﬁdelibus,
1216 1524 1305 1592 qui
1339 1524 1578 1585 aderant,
1620 1525 1811 1584 Amen,
1837 1524 1989 1591 quasi

426 1629 455 1665 a
479 1629 667 1666 somno
714 1614 1027 1668 adolescens
1058 1614 1227 1681 surgit
1262 1629 1290 1666 a
1337 1612 1556 1674 feretro,
1583 1623 1635 1665 et
1669 1613 1811 1665 clara
1838 1627 1988 1674 voce,

425 1707 637 1759 cunctis
678 1705 922 1759 miraculi
952 1706 1188 1759 novitate
1219 1703 1501 1772 perculsis,
1531 1704 1692 1771 cwpit
1715 1702 1947 1756 clamare
1975 1722 1986 1756 :

430 1794 564 1848 \‘ere
612 1811 837 1863 magnus
885 1795 1024 1848 Deus
1056 1795 1483 1847 Christianorum
1527 1809 1682 1861 quem
1735 1793 1991 1861 pra-dicat

2093 626 2440 681 contradunt.

2162 713 2251 766 20.
2293 717 2522 772 Excitati
2552 720 2692 776 fama
2743 725 2892 790 facti,
2925 742 3211 786 accurrunt
3240 735 3421 801 vicini,
3465 747 3519 792 et
3561 741 3652 794 alii

2090 802 2304 898 quidem
2336 821 2758 877 prosequuntur,
2784 816 2869 868 alii
2904 819 3146 873 cellulam
3175 861 3189 884 ,
3222 824 3272 876 in
3317 840 3420 892 qua
3447 828 3530 881 vir
3556 827 3650 882 Dei

2085 893 2329 956 jacuerat
2372 893 2696 964 irrumpunt,
2731 900 3012 972 locumque
3063 909 3150 961 ubi
3182 913 3351 965 sancti
3389 923 3653 970 steterant

2091 980 2273 1046 pedes,
2307 983 2513 1037 crebris
2559 989 2956 1055 amplectuntur
2984 998 3200 1058 osculis.
3236 1009 3289 1051 et
3335 1009 3390 1052 ut
3435 1003 3652 1056 benedi-

2091 1069 2284 1122 ctionis
2313 1071 2427 1138 ejus
2455 1087 2728 1142 compotes
2761 1081 2974 1146 ﬁerent,
3021 1087 3271 1139 certatim
3303 1092 3652 1156 prmcedentis

2093 1158 2312 1247 vestigia
2347 1160 2547 1230 legunt.
2574 1164 2741 1220 Porro
2763 1169 3101 1228 beatissimus
3123 1177 3186 1228 ad
3212 1191 3396 1244 preces
3424 1194 3649 1247 sequen-

2094 1246 2222 1300 tium
2251 1265 2557 1318 conversus,
2587 1257 2790 1312 elevata
2819 1277 2973 1316 manu
3003 1277 3223 1320 cunctos
3265 1246 3567 1332 benedixit,
3599 1282 3654 1324 et

2091 1349 2299 1401 omnes,
2330 1343 2421 1408 qui
2455 1343 2592 1397 inter
2620 1361 2713 1400 eos
2735 1350 2914 1418 aliquo
2944 1352 3260 1408 laborabant
3288 1357 3645 1417 incommodo.

2088 1426 2293 1494 absque
2320 1430 2544 1498 alicujus
2571 1450 2732 1490 mora:
2759 1439 3153 1498 interientione
3179 1483 3192 1506 ,
3227 1446 3466 1514 pristinae
3494 1447 3651 1500 resti-

2096 1519 2198 1571 tuit
2233 1523 2506 1576 sanctitati
2536 1526 2657 1594 (aL,
2694 1532 2954 1597 sanitati).

2703 1619 2926 1674 CAPUT
2966 1621 3045 1676 Ill.

2401 1706 2517 1759 Alia
2552 1709 2838 1774 miracula;
2873 1714 3085 1767 adversa
3125 1717 3361 1770 tolerata.

2161 1789 2249 1844 21.
2291 1791 2592 1850 Ρτοωάειιε
2621 1798 2742 1852 inde
2770 1799 3132 1866 beatissimus,
3157 1805 3402 1870 cumjam
3435 1808 3652 1874 propin-

427 1900 616 1938 servus
661 1885 777 1954 ejus
819 1885 1079 1939 Julianus.
1113 1886 1191 1938 Ad
1220 1897 1426 1953 patrem
1452 1900 1665 1953 quoque
1697 1886 1772 1938 ait
1804 1904 1815 1936 :
1853 1885 1990 1937 Vere
2021 1878 2065 1938 B
2093 1892 2283 1950 Quaret
2309 1885 2445 1948 vico,
2490 1888 2578 1954 qui
2611 1900 2832 1944 vocatur
2857 1891 3159 1957 Ruiliacus,
3209 1897 3296 1961 qui
3342 1897 3546 1964 positus
3571 1906 3652 1951 est

425 1992 568 2030 nunc
597 1992 766 2044 usque
794 1993 822 2029 a
873 1977 981 2031 Deo
1026 1992 1157 2030 vero
1196 1977 1526 2038 erravimus,
1574 1992 1695 2029 nam
1740 1976 1811 2030 dii
1859 1992 1993 2045 quos

425 2066 671 2129 colimus,
710 2083 806 2135 pro
835 2077 985 2120 certo
1015 2069 1283 2121 daemones
1314 2078 1458 2119 sunt.
1492 2067 1610 2119 V'idi
1639 2067 1780 2120 enim
1813 2081 1906 2119 eos
1940 2067 1990 2118 in

423 2155 656 2217 inferno,
706 2165 760 2210 et
795 2156 900 2209 vidi
953 2155 1078 2224 quia
1119 2173 1220 2211 non
1264 2165 1381 2209 erat
1427 2155 1506 2208 eis
1553 2156 1767 2222 requies
1809 2171 1838 2207 a
1884 2163 1993 2207 tor-

425 2245 640 2298 mentis.
673 2245 742 2298 At
778 2260 907 2299 vero
938 2256 1252 2300 cunctorum
1299 2246 1534 2299 clamore
1563 2247 1613 2298 in
1665 2243 1858 2297 etnlum
1904 2258 1994 2295 su-

425 2332 592 2395 blato,
624 2333 872 2387 Christus
910 2335 978 2387 ab
1018 2335 1265 2388 omnibus
1301 2336 1707 2403 ntagniticatur,
1747 2334 1994 2388 Christus

425 2435 583 2474 verus
613 2422 752 2475 Deus
783 2424 1139 2490 pracdicatur,
1187 2435 1237 2477 et
1269 2425 1497 2477 famulus
1541 2424 1656 2491 ejus
1702 2424 1947 2478 Julianus
1977 2465 1991 2488 ,

427 2512 663 2565 renitens
687 2513 1018 2582 multumque
1048 2515 1335 2578 reluctans,
1360 2517 1425 2568 ab
1446 2517 1693 2568 omnibus
1717 2515 1990 2568 adoratur.

425 2599 489 2653 Et
542 2602 594 2655 hi
630 2603 791 2670 igitur
822 2619 916 2671 per
944 2606 1360 2673 predicationem
1405 2608 1510 2658 Deo
1542 2606 1684 2674 digiti
1728 2604 1994 2672 pontiﬁcis

425 2691 642 2758 copiosa
669 2693 953 2746 multitudo
975 2695 1368 2748 rationabilium
1394 2697 1618 2762 piscium
1650 2695 1766 2747 ﬁdei
1797 2709 1991 2760 sagena

425 2780 681 2844 collecta,
727 2791 782 2835 et
829 2784 896 2835 ad
948 2799 1086 2837 vera:
1131 2785 1464 2837 credulitatis
1508 2784 1734 2837 solidum
1778 2781 1927 2835 littus
1963 2796 1991 2833 a

426 2868 706 2936 profundis
736 2886 981 2925 errorum
1011 2874 1245 2926 tenebris
1269 2874 1456 2926 educta
1487 2882 1589 2926 est.

498 2960 580 3009 l9.
617 2959 733 3009 Jam
764 2967 887 3009 tunc
917 2972 1044 3024 ergo
1072 2961 1216 3010 velut
1254 2959 1420 3010 divini
1446 2958 1716 3011 exercitus
1741 2956 1988 3025 signifer,

427 3046 545 3098 aliis
593 3047 1058 3114 przceedentibus,
1112 3048 1232 3101 aliis
1276 3049 1624 3116 sequentibus
1655 3048 1831 3101 vitalia
1873 3047 1991 3098 ﬁdei

428 3155 609 3192 serens
641 3141 844 3193 semina
875 3182 888 3202 ,
949 3143 1013 3194 ad
1046 3143 1344 3208 praedium,
1389 3144 1472 3196 cui
1518 3143 1832 3196 vocabulum
1871 3153 1952 3195 est
1977 3183 1989 3203 ,

2095 1986 2255 2040 super
2280 1971 2497 2028 ﬂuvium
2526 1975 2725 2031 Ledam
2751 1980 2826 2048 (5)
2868 1981 3053 2036 obvios
3081 1983 3266 2036 habuit
3297 1985 3510 2038 nuntios
3537 1986 3647 2054 pri-

2095 2063 2249 2115 marii
2277 2065 2514 2133 ejusdem
2541 2069 2666 2132 vici,
2697 2079 2750 2123 ut
2781 2074 3097 2139 quantocius
3114 2076 3293 2129 venire
3315 2077 3653 2143 dignaretur,

2094 2152 2217 2218 quia
2243 2155 2397 2207 unica
2427 2156 2532 2209 ﬁlia
2574 2157 2648 2211 illi
2679 2168 2814 2221 erat,
2865 2176 3024 2230 quam
3066 2163 3370 2215 immundus
3401 2165 3653 2217 invadens

2095 2241 2316 2306 spiritus
2345 2245 2602 2299 atrociter
2641 2248 2888 2301 vexabat.
2931 2250 3062 2302 Cum
3095 2252 3424 2318 pervenisset
3470 2255 3536 2304 ad
3576 2255 3655 2306 vi-

2095 2343 2237 2390 cum,
2282 2329 2640 2385 exhibuerunt
2668 2335 2714 2386 ei
2759 2335 3023 2389 furentem
3064 2338 3292 2404 puellam
3319 2380 3333 2403 ,
3382 2351 3434 2393 et
3486 2343 3655 2394 sacris

2094 2415 2208 2482 ejus
2234 2419 2469 2487 vestigiis
2496 2421 2794 2488 provoluti,
2826 2424 3186 2490 precabantur
3209 2428 3649 2483 misericordiam.

2095 2503 2328 2572 Spiritus
2373 2519 2549 2560 autem
2595 2524 2822 2576 nequam
2872 2511 3040 2564 sancti
3093 2512 3193 2566 viri
3237 2530 3342 2568 non
3382 2518 3656 2571 sustinens

2095 2594 2432 2659 praesentiant
2462 2637 2474 2658 ,
2513 2596 2579 2648 ad
2626 2597 2855 2664 primum
2887 2597 2999 2664 ejus
3025 2599 3329 2668 imperium,
3378 2619 3468 2657 vas
3513 2606 3653 2672 quod

2097 2686 2292 2752 injusto
2320 2687 2442 2753 jure
2469 2689 2786 2752 vindicarat,
2823 2692 3130 2760 relinquens
3154 2693 3371 2763 elfugit,
3417 2705 3466 2748 et
3507 2698 3653 2765 puel-

2096 2780 2200 2832 lam
2230 2781 2282 2833 in
2311 2783 2485 2843 medio
2512 2785 2864 2851 stupentium,
2899 2794 2952 2837 et
2992 2784 3191 2838 Christi
3224 2787 3513 2852 potentiam
3543 2788 3655 2839 lau-

2097 2870 2359 2928 danlium,
2389 2870 2602 2935 reliquit
2626 2886 2832 2921 sanam.
2877 2869 3073 2936 Sicque
3101 2871 3299 2924 factum
3333 2883 3446 2936 est,
3476 2882 3532 2925 ιιι
3561 2888 3656 2940 per

2098 2954 2254 3005 unius
2305 2954 2492 3021 puellae
2538 2955 2763 3008 salutem
2805 2971 3115 3024 corpoream
3145 2959 3323 3011 cuncti
3363 2960 3464 3012 vici
3514 2960 3656 3014 illius

2097 3040 2430 3095 habitatores
2453 3043 2518 3094 ad
2547 3059 2727 3096 veram
2745 3045 3045 3098 animarum
3074 3062 3289 3099 suarum
3316 3049 3657 3114 pervenirent

2098 3131 2378 3184 medelam.
2408 3131 2538 3184 Nam
2563 3148 2749 3187 omnes
2775 3134 3033 3187 idolorum
3057 3137 3208 3189 vanis
3223 3138 3657 3191 abrenuntiautcs

428 3228 722 3281 Proiliacus
751 3205 1416 3299 (Bel/avoc.iPet'ilianus),
1452 3232 1689 3285 diverlit.
1731 3231 1994 3300 lngt'uett-
2021 3205 2064 3266 Ο
2100 3218 2202 3287 (ἶῧη

1885 3247 1994 3283 Ie"-
2021 3205 2064 3266 C
2100 3218 2393 3287 ﬁgmentis,
2441 3229 2497 3273 et
2537 3221 2706 3274 renati
2751 3220 2897 3274 fonte
2947 3223 3284 3290 baptismatis
3309 3264 3322 3286 ,
3372 3224 3496 3278 facti
3532 3235 3660 3279 sunt

432 3318 571 3371 tibus
593 3330 770 3372 antetn
805 3322 974 3374 noctis
1004 3323 1267 3386 tenebris,
1293 3325 1580 3392 hoSpitium
1615 3324 1715 3378 sibi
1759 3325 1992 3391 perquiri

426 3405 594 3474 jubet.
621 3409 692 3461 At
728 3423 854 3462 vero
886 3410 936 3462 in
969 3411 1083 3477 ipso
1109 3412 1371 3466 adventus
1414 3413 1530 3480 ejus
1560 3414 1789 3466 articulo
1819 3455 1832 3475 ,
1864 3429 1997 3482 puer

433 3495 687 3563 parvulus
717 3500 1042 3564 possessoris
1092 3500 1378 3567 supradicti
1424 3500 1570 3554 fundi
1613 3501 1772 3561 ﬁlius,
1822 3502 1996 3570 ingra-

436 3595 702 3650 vescente,
737 3603 841 3656 qua
883 3590 1200 3654 vexabatur,
1250 3591 1515 3655 molestia,
1564 3592 1846 3645 defunctus
1895 3601 1994 3645 est.

431 3675 586 3742 Quod
615 3691 734 3729 eum
765 3678 878 3730 viro
902 3676 992 3730 Dei
1024 3678 1322 3731 nuntiatum
1345 3678 1552 3744 fuisset,
1586 3681 1708 3734 alibi
1734 3682 2000 3736 divertere

434 3767 626 3829 noluit,
658 3769 749 3819 sed
774 3769 1063 3821 secundum
1089 3769 1230 3836 quod
1266 3767 1516 3824 Salomon
1542 3771 1655 3823 ait:
1689 3771 1874 3824 Melius
1916 3781 1999 3826 est

434 3858 516 3912 ire
560 3859 626 3912 ad
657 3859 870 3912 domum
924 3860 1135 3924 luctus,
1180 3877 1338 3929 quam
1379 3864 1443 3915 ad
1487 3864 1698 3916 domum
1729 3865 1996 3934 convivii,

439 3948 626 4017 (Eccli.
656 3965 729 4002 vit
751 3991 763 4013 ,
793 3950 846 4018 5)
874 3951 1122 4020 gaudium
1143 3952 1331 4005 salutis
1355 3952 1558 4007 laturus
1580 3954 1904 4022 lugentibus,
1934 3953 2000 4007 ad

436 4038 752 4101 domum,in
798 4054 902 4107 qua
949 4039 1240 4094 infantulus
1286 4039 1521 4108 jacebat,
1563 4043 1824 4106 accessit,
1856 4052 1909 4096 et
1949 4045 1999 4096 in

437 4128 666 4196 quadam
700 4128 815 4196 ejus
860 4141 1066 4184 secreta
1099 4140 1250 4199 parte
1282 4133 1609 4185 mansionem
1638 4135 1862 4201 accepit.
1910 4132 2003 4186 Ju-

435 4217 527 4270 bct
555 4234 682 4288 ergo
716 4228 840 4271 ante
871 4235 928 4272 se
952 4219 1135 4273 inferri
1165 4218 1474 4274 defunctum
1506 4235 1732 4289 corpus,
1773 4231 1827 4273 et
1853 4231 2004 4289 patre

437 4316 492 4360 et
522 4317 689 4361 matre
711 4309 1022 4378 cunctisque
1041 4310 1262 4362 remotis
1285 4311 1523 4374 arbitris,
1548 4311 1731 4377 paucis
1746 4311 2004 4364 duntaxat

438 4401 740 4454 sanctitatis
764 4417 871 4455 sua:
895 4403 1180 4455 comitibus
1214 4402 1408 4456 ibidem
1441 4404 1845 4457 remanentibus
1875 4418 2002 4456 ora-

439 4501 592 4546 turus
621 4508 678 4546 se
716 4494 766 4545 in
794 4495 1154 4561 pavimentum
1181 4494 1472 4563 prosternit
1498 4535 1511 4558 ,
1547 4504 1861 4562 noctemque
1890 4509 2006 4563 per-

2097 3309 2385 3375 participes
2413 3309 2731 3363 Christianze
2762 3311 3086 3379 adoptionis.
3131 3311 3386 3365 Eumdetn
3431 3328 3557 3381 ergo
3582 3314 3658 3366 vi-

2097 3413 2217 3450 cum
2268 3412 2386 3451 cum
2438 3399 2646 3452 cunctis
2677 3400 2753 3467 (6)
2800 3401 3014 3454 adeum
3044 3401 3331 3470 prmdictus
3381 3416 3657 3470 possessor

2098 3499 2282 3543 sancto
2313 3490 2548 3559 pontiﬁci
2575 3491 2850 3545 humiliter
2879 3492 3126 3562 largitur,
3174 3503 3227 3547 et
3271 3503 3328 3546 ut
3373 3495 3442 3547 ibi
3481 3493 3653 3546 eCcle-

2098 3582 2233 3634 siam
2279 3591 2590 3636 construere
2641 3583 2895 3646 deberet,
2949 3583 3290 3636 devotissinte
3321 3584 3652 3649 deprecatur.

2099 3672 2248 3736 Quod
2269 3672 2460 3741 przesul
2486 3673 2748 3742 benignus
2777 3673 3177 3742 gratantissime
3216 3673 3532 3740 complevit,
3564 3673 3661 3724 ibi-

2100 3777 2203 3828 que
2236 3761 2458 3814 tnultum
2487 3762 2738 3831 populum
2780 3777 2875 3830 per
2902 3770 3101 3816 sanctae
3140 3763 3535 3833 praedicationis
3563 3763 3662 3814 nti-

2100 3852 2381 3904 nisterium
2413 3851 2638 3905 Domino
2663 3853 3013 3920 consignavit.

2168 3940 2259 3992 22.
2301 3938 2407 3993 Nec
2436 3949 2612 3993 tamen
2638 3943 2961 3995 credendum
2994 3949 3097 4006 est,
3126 3931 3330 3995 tantum
3360 3957 3658 4010 prmconem

2102 4030 2304 4097 absque
2349 4029 2546 4082 laboris
2582 4031 2876 4084 certamine
2922 4039 2977 4084 et
3028 4032 3413 4100 impugnatoris
3458 4033 3663 4100 antiqui

2104 4120 2332 4181 insidiis,
2364 4128 2442 4173 tot
2466 4130 2520 4173 et
2548 4120 2671 4172 talia
2707 4120 2963 4187 perﬁcere
2994 4122 3250 4188 potuisse,
3288 4137 3408 4175 cum
3439 4124 3662 4175 manife-

2103 4212 2335 4264 stissime
2358 4210 2552 4264 clamet
2571 4211 2855 4280 Apostolus
2881 4228 2893 4262 :
2918 4211 3116 4265 Omnes
3145 4211 3234 4279 qui
3262 4212 3347 4280 pie
3381 4212 3566 4264 volunt
3589 4213 3666 4263 vi-

2106 4315 2230 4352 vere
2261 4301 2312 4352 in
2342 4298 2557 4352 Christo
2579 4300 3002 4367 persecutionem
3028 4300 3301 4368 patiuntur
3329 4299 3392 4370 (ll
3419 4298 3549 4352 Tim.
3583 4316 3666 4363 ιιι,

2109 4390 2215 4459 12).
2244 4389 2498 4454 Quamvis
2522 4390 2662 4442 enim
2701 4391 3006 4458 magnitudo
3045 4391 3301 4442 virtutum
3329 4431 3341 4450 ,
3393 4406 3528 4458 quas
3574 4406 3667 4458 per

2108 4497 2228 4535 eum
2260 4482 2506 4534 Christus
2531 4480 2874 4548 operabatur,
2905 4482 2952 4534 si
2995 4481 3120 4547 quid
3149 4481 3358 4533 adversi
3404 4497 3433 4533 e
3474 4483 3669 4533 mundo

437 4582 651 4652 vigilem
677 4583 899 4648 ducens,
929 4593 1073 4638 tanta
1104 4585 1357 4640 instantia
1385 4601 1602 4653 precum
1625 4587 1747 4639 caeli
1774 4587 2006 4654 pulsavit
2033 4553 2082 4612 D
2110 4585 2212 4623 ειη(

1898 4553 2006 4639 ξηίι
2033 4553 2082 4612 D
2110 4572 2438 4638 emergebat,
2475 4569 2801 4631 retunderet,
2835 4568 2881 4621 is
2924 4577 3102 4621 tamen
3135 4568 3223 4636 qui
3252 4570 3318 4620 ad
3363 4569 3533 4637 ipsum
3565 4568 3673 4621 Me-

439 4683 727 4733 secretum,
754 4685 810 4727 ut
835 4676 1038 4742 pariter
1060 4685 1360 4744 surgerent,
1386 4684 1440 4728 et
1459 4676 1739 4744 pontifexa
1765 4677 2001 4745 pulvere,

438 4771 495 4816 et
526 4762 699 4816 infans
728 4779 756 4816 a
784 4775 971 4818 morte.
1019 4764 1148 4817 Cum
1180 4780 1307 4834 ergo
1337 4764 1449 4832 jam
1493 4781 1686 4818 aurora
1731 4765 1948 4835 fugaces
1976 4784 2006 4821 a

438 4853 581 4906 coelo
637 4854 855 4921 pelleret
909 4855 1072 4907 tardas
1104 4896 1117 4918 ,
1150 4856 1309 4909 intrat
1365 4867 1521 4923 pater
1579 4873 1700 4910 eum
1741 4867 1910 4911 matre
1955 4867 2009 4913 ct

440 4940 609 4996 multa
635 4943 928 4996 vicinorum
962 4941 1282 5011 frequentia,
1315 4944 1698 5013 inveniuntque
1729 4948 2004 5013 sospitem,

440 5047 601 5099 quem
629 5031 936 5085 defunctum
970 5033 1280 5098 intulerant,
1311 5044 1363 5087 et
1389 5045 1533 5088 tanta
1557 5038 1738 5105 operis
1770 5039 2008 5091 novitate

435 5121 706 5190 perculsi,
736 5122 932 5176 malum
964 5123 1197 5178 clamore
1240 5124 1522 5192 quatiunt,
1565 5135 1619 5178 et
1648 5127 1820 5180 versis
1863 5129 2004 5183 votis

442 5213 564 5282 (aL,
600 5214 844 5280 vocibus)
873 5215 1064 5268 iterum
1091 5231 1186 5284 per
1213 5216 1712 5284 gaudia—plangunt.
1741 5218 2009 5272 Continuo

438 5318 569 5370 ergo
615 5305 730 5358 ﬁdei
759 5304 1082 5358 Christianae
1112 5305 1245 5359 colla
1275 5313 1602 5371 supponunt,
1632 5315 1688 5358 et
1719 5306 2004 5374 infantem,

439 5408 598 5419 ηιιηιιι

634 5393 897 5419 Ιιηη-.ι..³ηιιι
964 5403 1295 5419 ΙΛ.·-Α-.ι.-ιιιιι
1348 5395 1604 5419 ..Λιιητιιιπι
1656 5406 1924 5419 Λ-.Ι..-.Α-.,.
1954 5412 1967 5419 Α

2105 4661 2367 4714 diatorem
2395 4660 2485 4712 Dei
2525 4668 2575 4711 et
2592 4659 2867 4714 hominum
2891 4659 3163 4712 hominem
3178 4658 3359 4711 Jesum
3381 4658 3672 4720 Christum,

2105 4749 2258 4818 quasi
2315 4748 2516 4816 aliquid
2562 4763 2779 4800 suorum
2829 4755 3170 4816 reperturus,
3198 4746 3380 4799 venire
3411 4761 3671 4814 praesuin-

2104 4851 2307 4910 pserat,
2349 4849 2532 4894 contra
2567 4840 2706 4892 hunc
2726 4852 2960 4906 quoque,
2983 4837 3073 4905 qui
3105 4837 3243 4889 illius
3264 4837 3456 4889 summi
3486 4835 3677 4904 capitis

2106 4930 2406 4983 membrum
2433 4938 2584 4992 erat,
2634 4928 2913 4981 machinas
2940 4927 3272 4980 diversarum
3321 4925 3679 4978 tentationum

2106 5019 2261 5086 quasi
2290 5020 2550 5071 adversus
2580 5015 2972 5070 validissimum
3002 5029 3216 5067 murum
3253 5013 3476 5066 callidus
3510 5012 3683 5078 impu-

2109 5115 2307 5176 gnator
2336 5108 2621 5160 admovere
2643 5120 2752 5158 non
2775 5102 3068 5159 desinebat.
3088 5101 3156 5157 Ut
3175 5101 3315 5154 enim
3342 5114 3510 5154 novus
3536 5098 3683 5167 agri-

2113 5196 2232 5250 cola
2255 5212 2475 5267 opacam
2499 5196 2701 5266 sylvam
2728 5196 3022 5265 ingressus,
3047 5206 3189 5245 nunc
3213 5192 3375 5255 ferro,
3401 5204 3541 5242 nunc
3565 5189 3690 5258 igne

2117 5290 2307 5354 utitur,
2327 5305 2434 5360 quo
2453 5287 2722 5355 jaciemlis
2750 5285 3046 5341 seminibus
3070 5282 3222 5337 tellus
3246 5291 3468 5336 eatenus
3494 5279 3695 5333 sterilis

2119 5393 2486 5419 ηι-σιιησιι-οιιιν-
2533 5381 2610 5419 ain
2653 5376 2906 5419 ,ἸιιΙίςιηιις
2948 5375 3364 5419 (Σρηηηιιιηὶοιιιῐι
3405 5381 3702 5419 nenetrans
