4494 5520
804 338 898 396 791

1850 332 2136 390 LETALDI
2173 330 2593 389 MICIACENSIS
2631 309 2935 393 moment

3920 340 4027 397 7I2

801 457 1027 503 vetusta:
1050 449 1364 516 gentilitatis
1404 450 1604 503 sterilia
1634 464 1875 517 vanaque
1925 450 2174 517 figmenta
2200 462 2351 499 cvcr-
2385 450 2427 503 Λ
2462 449 2644 501 vincia:
2659 466 2976 517 percurrens
2998 453 3234 522 populos,
3262 454 3331 508 ita
3350 454 3558 523 pristini
3582 457 3781 510 erroris
3806 466 4031 511 cunctas

805 549 922 594 tere
950 539 1127 603 nisus;
1159 549 1214 593 et
1255 540 1400 594 ferro
1430 541 1781 595 correctionis
1804 555 1933 593 usus
1960 550 2074 602 est,
2106 554 2211 607 quo
2240 553 2362 607 pee-

805 636 929 681 eata
949 628 1371 697 delinquentium
1402 627 1608 693 feriret,
1637 638 1691 683 et
1746 629 1867 698 igne
1914 629 2226 691 adustionis,
2259 644 2363 695 quo

798 714 911 782 jam
939 718 1281 771 emundatum
1310 719 1483 773 solum
1514 720 1578 773 ad
1600 720 1951 789 promerenda
1979 717 2141 772 divini
2168 718 2363 770 amoris

806 805 1012 858 semina
1037 815 1219 871 aptum
1248 807 1545 862 exhiberet.

876 894 963 949 25.
1005 896 1112 951 Sed
1141 898 1380 968 reliquis:
1404 914 1754 968 paganorum,
1784 914 1902 968 qua:
1926 898 2075 967 quasi
2105 897 2365 965 fragmina

808 986 1113 1041 tabularum
1141 988 1206 1042 de
1236 988 1511 1058 naufragio
1540 1004 1783 1042 errorum
1808 996 2124 1051 evaserant,
2154 985 2366 1054 indigne

810 1071 1047 1127 ferentes
1077 1073 1286 1128 laudem
1313 1077 1547 1131 nominis
1580 1076 1778 1131 Christi
1810 1076 2042 1139 dilatari,
2075 1083 2129 1129 et
2154 1073 2367 1127 simula-

813 1175 1031 1216 crorum
1080 1178 1299 1218 suorum
1346 1166 1605 1235 portenda
1638 1167 2000 1236 pessumdari;
2048 1164 2370 1217 unanimiter

816 1252 1099 1322 insurgunt
1143 1263 1330 1308 contra
1378 1266 1619 1310 sanetum
1646 1296 1661 1321 ,
1711 1256 2009 1310 maleficum
2039 1255 2329 1309 clamantes
2355 1292 2368 1314 ,

813 1341 905 1407 qui
932 1344 1032 1396 sub
1076 1344 1293 1398 nomine
1337 1345 1552 1413 pietatis
1594 1346 1745 1399 vanis
1792 1345 2072 1414 praestigiis
2106 1351 2372 1397 everteret

813 1429 975 1482 corda
1026 1431 1339 1499 populorum
1364 1472 1379 1496 ,
1426 1433 1672 1503 ipsosque
1706 1433 1998 1487 videntium
2038 1433 2220 1487 oculos
2264 1432 2373 1484 fru-

817 1524 1106 1581 straretur,
1136 1518 1268 1573 falsa
1298 1534 1395 1588 pro
1438 1522 1582 1575 veris
1610 1530 1895 1584 assereret,
1948 1521 2217 1575 hominem
2250 1536 2371 1573 cru-

815 1605 1031 1661 cifixum
1077 1607 1244 1663 Deum
1291 1610 1621 1677 affirmaret,
1670 1613 1890 1667 deorum
1951 1612 2369 1674 immortalium,

816 1708 952 1761 quos
978 1696 1251 1752 Romanus
1277 1700 1422 1754 orbis
1452 1715 1479 1753 a
1510 1701 1705 1755 saeculo
1730 1702 1877 1765 colit,
1920 1702 2182 1757 culturam
2220 1717 2372 1756 erro-

2466 543 2669 595 abrasit
2697 542 2934 606 nebulas,
2962 553 3014 596 ut
3040 544 3122 596 vix
3151 544 3340 612 aliquis
3364 545 3709 611 inveniretur,
3734 547 3823 614 qui
3846 544 4025 598 Jesnm

2465 628 2735 683 Christum
2760 632 2923 684 Deum
2952 639 3004 683 et
3035 631 3312 685 Dominum
3342 648 3443 686 nou
3472 634 3832 687 confiteretur.
3864 634 4031 702 llnjus

2466 717 2625 784 igitur
2654 725 2757 771 tam
2789 718 3011 770 celebris
3041 718 3161 771 facti
3189 720 3391 784 nuntio,
3424 721 3697 785 Defensor,
3726 723 3805 774 vir
3835 722 4029 791 glorio—

2467 824 2577 871 sus,
2608 806 2757 873 cujus
2781 822 2936 875 supra
2979 810 3287 862 memoriam
3328 809 3580 874 fecimus,
3611 813 3677 864 ad
3707 826 3764 864 se
3794 811 3996 878 perlato
4017 851 4031 864 .

2470 900 2665 967 ingenti
2698 898 2918 952 affectus
2946 898 3138 968 gaudio
3168 899 3439 953 benedixit
3486 899 3650 953 Deum
3672 939 3686 963 ,
3714 910 3768 954 et
3809 900 4036 953 festinus

2469 988 2727 1041 accedens
2758 986 2821 1039 ad
2851 987 3062 1041 beatum
3088 988 3257 1041 virum
3289 988 3595 1057 suppliciter
3629 988 3859 1057 petebat,
3888 998 3945 1041 ut
3968 988 4033 1041 ad

2469 1076 2684 1128 domum
2727 1075 2841 1143 ejus
2867 1076 3123 1130 accedere
3149 1076 3472 1146 dignaretur,
3503 1087 3561 1131 ut
3588 1093 3685 1146 pro
3726 1078 4035 1148 triumphati

2471 1168 2639 1223 hostis
2673 1168 2895 1222 victoria
2950 1168 3189 1237 largitori
3237 1170 3474 1223 omnium
3518 1169 3777 1225 bonorum
3822 1171 4039 1225 Christo

2472 1258 2827 1311 communiter
2850 1259 3049 1327 gratias
3079 1258 3389 1321 referentes,
3419 1267 3567 1312 casto
3595 1258 3750 1312 simul
3778 1268 3829 1313 et
3855 1266 4040 1311 saneto

2472 1348 2922 1416 partieiparentur
2968 1348 3229 1401 convivio.
3280 1347 3440 1414 Cujus
3484 1348 3790 1416 petitionem
3851 1350 4041 1401 beatus

2471 1436 2554 1487 vir
2579 1450 2681 1488 non
2715 1450 2945 1489 renuens
2981 1436 3196 1504 (quippe
3224 1451 3379 1504 quem
3408 1436 3597 1489 merito
3620 1436 3895 1505 religionis
3915 1450 4042 1488 vera

2473 1526 2573 1579 sibi
2606 1535 2862 1579 nexuerat
2887 1527 3141 1596 charitas)
3168 1536 3224 1579 ut
3256 1526 3369 1595 ejus
3406 1527 3665 1580 desiderio
3708 1526 4041 1581 satisfaceret

2472 1616 2810 1683 properabat.
2844 1614 2947 1669 Sed
2971 1630 3088 1668 eum
3122 1616 3220 1667 iter
3247 1623 3545 1683 carperent,
3595 1616 3645 1668 in
3686 1626 3836 1683 parte
3883 1632 4049 1669 nova-

2474 1701 2537 1755 lis
2577 1716 2798 1770 puerum
2865 1702 3147 1769 quemdam
3197 1702 3512 1755 invenerunt
3560 1702 3627 1755 ab
3674 1703 3887 1772 ingente
3928 1718 4044 1755 scr-

812 1797 947 1837 neus
968 1798 1279 1852 evacuaret;
1318 1788 1495 1843 vivum
1526 1792 1677 1844 exuri
1709 1791 1902 1845 debere
1928 1831 1942 1853 ,
1990 1800 2048 1845 ut
2082 1792 2197 1859 ejus
2243 1792 2376 1845 inte-
2409 1794 2451 1851 B
2481 1802 2638 1860 pcnte
2662 1792 2823 1859 pedes
2848 1801 2901 1845 et
2926 1792 3145 1845 brachia
3177 1806 3477 1859 corpusque
3509 1801 3675 1844 torum
3711 1792 3871 1860 spiris
3904 1792 4046 1859 vipe-

814 1871 953 1925 ritus
979 1874 1222 1943 exemplo
1251 1876 1444 1945 aliquis
1478 1878 1737 1946 impustor
1761 1887 1813 1931 et
1856 1880 2171 1933 temerarius
2206 1890 2374 1933 terre-

817 1970 989 2025 retur,
1015 1977 1083 2017 ne
1112 1974 1297 2018 contra
1345 1968 1723 2036 rempublicam
1770 1968 2234 2037 timendorumque
2281 1985 2377 2021 nu-

815 2050 1021 2104 minum
1052 2056 1426 2119 reverentiam,
1460 2058 1651 2124 quibus
1682 2059 1827 2112 orbis
1856 2068 2087 2123 constat,
2120 2068 2175 2113 et
2218 2059 2378 2113 alitur

815 2142 1193 2206 quoquomodo
1218 2142 1442 2197 ulterius
1461 2146 1731 2201 oblatrare
1764 2148 2045 2201 niteretur.

882 2231 973 2285 24.
1015 2232 1110 2287 His
1157 2233 1400 2289 Julianus
1445 2252 1548 2290 non
1580 2238 1737 2291 modo
1782 2254 1885 2289 non
1918 2238 2157 2301 territus,
2192 2253 2377 2291 verum

814 2322 883 2375 ad
908 2336 1137 2392 pugnam
1169 2331 1354 2377 contra
1385 2325 1651 2379 diabolum
1698 2328 1929 2381 alacrius
1978 2328 2280 2389 accinctus,
2312 2328 2379 2379 ad

812 2409 987 2464 locum
1012 2410 1111 2463 iter
1134 2412 1417 2476 accelerat,
1462 2429 1566 2482 quo
1592 2425 1747 2483 caput
1775 2417 1977 2469 erroris
1998 2432 2181 2471 eorum
2212 2416 2377 2471 male-

815 2499 981 2551 suada
1005 2499 1192 2569 religio
1218 2501 1688 2571 destinebat.|Nam
1713 2505 1763 2557 in
1792 2505 1908 2559 vico
1932 2504 2015 2557 cui
2042 2506 2259 2559 Artinas
2288 2520 2379 2558 vo-

814 2588 1063 2641 cabulum
1109 2598 1229 2653 est,
1262 2590 1515 2659 templum
1546 2601 1687 2656 erat,
1721 2602 1773 2647 et
1802 2594 1854 2646 iu
1878 2608 1942 2647 eo
1966 2592 2113 2648 Jovis
2161 2594 2383 2648 simula-

819 2691 969 2729 crum
999 2676 1363 2747 falsorumque
1392 2680 1672 2735 innumera
1704 2691 1951 2751 portenta
1979 2685 2224 2746 deorum,
2264 2699 2381 2751 qua:

813 2762 967 2815 vario
1019 2775 1206 2817 errore
1265 2764 1448 2819 delusa
1494 2768 1765 2835 gentilitas
1810 2772 2004 2835 priscis
2055 2772 2383 2836 temporibus

814 2860 1066 2904 erexerat
1110 2852 1176 2905 ad
1205 2866 1356 2905 suam
1399 2862 1453 2906 et
1474 2855 1812 2922 sequentium
1854 2854 1969 2923 (aL,
2000 2854 2380 2922 frequentium)

814 2940 1111 3007 perniciem
1140 2941 1479 3010 populorum.
1512 2943 1593 2996 Ad
1619 2958 1737 3012 quae
1766 2945 2087 2998 destruenda
2131 2960 2252 2999 cum
2284 2944 2380 2999 Ju-

814 3028 992 3083 lianus
1014 3029 1138 3083 fidei
1166 3030 1329 3084 lorica
1357 3032 1571 3085 indutus
1597 3072 1611 3096 ,
1646 3033 1795 3101 galea
1831 3034 2020 3087 salutis
2061 3044 2339 3103 protectus
2365 3075 2379 3098 ,

2481 1883 2587 1936 reis
2628 1882 2952 1949 colligatum.
2996 1881 3299 1934 Pcrterritis
3325 1891 3499 1934 autem
3530 1882 3779 1935 omnibus
3812 1882 3898 1948 qui
3926 1882 4051 1933 ade-

2483 1981 2619 2031 rant,
2647 1972 2728 2025 vir
2778 1972 2870 2023 Dei
2914 1971 3131 2039 propius
3178 1972 3458 2033 accedens,
3502 1970 3599 2033 ait,
3650 1969 3871 2022 Domine
3925 1969 4048 2022 Jesu

2478 2062 2719 2123 Christe,
2749 2061 2838 2128 qui
2885 2062 3174 2113 humanum
3223 2075 3387 2128 genus
3416 2075 3445 2112 a
3471 2059 3701 2126 paradisi
3729 2058 3893 2127 gloria
3913 2099 3925 2117 ,
3957 2074 4053 2126 per

2482 2158 2781 2217 serpentem
2815 2147 3097 2215 dejectum,
3131 2163 3225 2216 per
3253 2148 3429 2201 crucis
3462 2157 3561 2200 tum
3589 2147 3850 2214 reparasti
3882 2147 4052 2203 vexil:

2480 2237 2607 2301 Ιιηι,
2638 2246 2688 2289 tu
2715 2236 2877 2289 libera
2902 2237 3038 2290 hanc
3063 2246 3362 2289 creaturam
3395 2246 3534 2287 tuam
3556 2235 3623 2289 ab
3650 2235 3751 2289 hoc
3776 2250 3883 2304 quo
3908 2242 4054 2287 tene-

2482 2339 2566 2381 tur
2599 2342 2800 2398 angue,
2832 2336 2889 2380 ut
2917 2338 2969 2382 et
2998 2344 3218 2397 serpens
3244 2330 3489 2390 intereat,
3527 2338 3581 2381 et
3609 2343 3703 2396 per
3739 2336 3789 2381 te
3817 2344 3946 2397 puer
3973 2329 4056 2380 in-

2480 2416 2703 2470 columis
2739 2416 2969 2470 evadens
2998 2432 3324 2486 cognoscere
3352 2426 3643 2484 praesentes
3698 2416 3883 2479 faciat,
3928 2417 4052 2485 quia

2481 2515 2533 2559 tu
2574 2522 2633 2559 es
2665 2506 2918 2559 liberator
2969 2516 3017 2559 et
3059 2516 3329 2575 protector
3357 2507 3594 2559 omnium
3640 2507 3963 2575 sperantium
4002 2506 4054 2557 in

2484 2604 2551 2645 te.
2583 2593 2822 2662 Cumque
2855 2594 2977 2647 talia
3030 2603 3333 2663 perorasset
3376 2596 3456 2647 vir
3486 2594 3592 2647 Deo
3624 2595 3843 2663 plenus,
3880 2603 3934 2647 et
3964 2594 4055 2661 qui

2484 2682 2726 2744 aderant,
2752 2682 3014 2735 dixissent
3040 2681 3234 2746 Amen,
3264 2696 3484 2749 serpens
3506 2683 3713 2750 crepuit
3753 2682 3978 2745 medius,
4006 2689 4063 2732 et

2481 2771 2688 2824 cunctis
2737 2770 2901 2822 Deum
2957 2769 3327 2833 laudantibus,
3371 2786 3503 2839 puer
3532 2771 3701 2823 evasi:
3729 2784 3912 2823 sanus.

2549 2855 2637 2907 27.
2676 2854 2881 2907 Interea
2909 2869 3031 2907 eum
3060 2857 3124 2906 ad
3155 2859 3368 2906 domum
3398 2860 3653 2922 principis
3693 2860 4058 2921 pervenisset,

2482 2960 2690 2997 summo
2724 2944 3230 3013 excipiturwgaudiu,
3262 2946 3319 2997 fit
3353 2960 3647 2998 concursus
3672 2946 3848 2999 omnis
3887 2951 4062 3001 (etatis

2486 3035 2767 3101 omnisque
2796 3050 2957 3087 sexus
3000 3035 3065 3088 ad
3110 3033 3394 3087 videndum
3447 3044 3654 3087 tantum
3687 3036 3879 3097 virum,
3910 3037 4063 3103 cujus

816 3118 1026 3187 gladius
1054 3118 1285 3188 Spiritus
1314 3120 1485 3175 sancti
1512 3122 1832 3189 praecinctus
1857 3134 2207 3192 prmparatur,
2248 3140 2278 3179 e
2304 3126 2384 3180 di-
2412 3114 2455 3176 C
2489 3139 2681 3177 nomen
2715 3122 2958 3191 famaque
3000 3123 3255 3175 virtuturu
3304 3132 3449 3175 tanto
3482 3122 3676 3190 jubare
3717 3136 4059 3188 coruscaret,

816 3227 975 3266 verso
1023 3213 1293 3265 rusticana
1338 3221 1392 3265 et
1444 3212 1690 3283 ignobilis
1712 3230 1901 3269 manus
1944 3230 2039 3284 pro
2072 3215 2384 3272 defensioue

818 3304 1060 3363 deorum,
1106 3301 1193 3368 qui
1222 3301 1322 3354 sibi
1356 3302 1540 3355 auxilii
1570 3318 1725 3372 opem
1754 3303 1895 3357 ferre
1926 3306 2237 3373 nequibant,
2284 3308 2381 3361 ob-

818 3391 1164 3446 stinatissime
1189 3392 1447 3446 resistens
1471 3402 1731 3448 armatur.
1780 3394 1884 3449 Sed
1909 3393 2148 3449 Julianus
2180 3398 2382 3466 iinper-

818 3482 1042 3536 territus
1074 3482 1217 3535 inter
1249 3482 1538 3538 frementes
1580 3494 1633 3539 et
1658 3486 1955 3555 garrientes
2003 3487 2385 3542 insanientium

818 3585 979 3624 voces
1028 3572 1280 3640 templum
1317 3573 1620 3643 ingressus,
1668 3576 1914 3630 invocato
1960 3577 2073 3630 veri
2119 3578 2211 3632 Dei
2262 3577 2387 3633 Jesu

821 3658 1023 3714 Christi
1054 3661 1268 3715 nomine
1296 3701 1311 3725 ,
1360 3662 1708 3716 simulacrum
1736 3679 1957 3719 enorme
2006 3666 2229 3737 ipsoque
2269 3669 2386 3722 visu

820 3750 1057 3804 terribile
1083 3750 1134 3803 in
1166 3751 1403 3805 cinerem
1442 3752 1702 3817 resolvit,
1747 3754 1857 3809 sola
1896 3765 2095 3810 saneta:
2132 3757 2391 3827 jussiunis

821 3842 1163 3896 auctoritate.

891 3930 980 3983 25.
1016 3929 1083 3983 Ut
1110 3945 1238 3985 vero
1269 3931 1440 3985 insani
1479 3933 1655 4001 populi
1691 3943 2096 4004 cognoscerent,
2135 3937 2218 3989 cui
2244 3945 2393 3990 eate-

818 4035 922 4074 nus
955 4020 1217 4074 culturam
1246 4021 1461 4076 deitatis
1488 4023 1875 4089 exhibuissent,
1913 4040 1977 4079 ex
2009 4040 2199 4079 everso
2226 4026 2392 4080 simu-

816 4108 967 4165 lacro
998 4110 1420 4166 immanissimus
1449 4112 1627 4182 erupit
1670 4113 1850 4178 draco,
1883 4115 1973 4182 qui
2018 4114 2162 4171 facto
2191 4117 2389 4186 impetu

822 4208 1010 4254 contra
1062 4200 1295 4255 cultores
1332 4202 1605 4271 proprios,
1638 4201 1763 4256 flatu
1791 4204 2081 4271 sulphureo
2109 4216 2163 4260 et
2196 4208 2393 4262 atrocis

819 4291 1041 4344 verbere
1065 4290 1267 4353 eandm,
1299 4292 1611 4346 devotorum
1642 4293 1741 4347 sibi
1771 4295 2061 4364 phalanges
2089 4296 2140 4349 in
2165 4308 2391 4353 mortem

819 4380 981 4447 erepit
1024 4381 1276 4435 ardenter
1329 4393 1538 4447 urgere.
1594 4381 1664 4435 At
1714 4381 1789 4435 illi
1833 4382 1949 4451 ejus
1994 4392 2179 4439 contra
2228 4384 2392 4440 [leum

2487 3222 2545 3266 ut
2584 3214 2746 3267 etiam
2799 3228 3039 3281 quosque
3084 3212 3473 3265 remolissimos
3503 3227 3625 3265 eum
3674 3213 3885 3267 videndi
3916 3214 4061 3267 desi-

2487 3304 2635 3357 derio
2692 3304 3017 3357 succendere
3064 3311 3263 3371 posset.
3312 3300 3723 3370 Subsequuntur
3769 3318 3798 3357 e
3838 3306 4065 3372 vestigio

2490 3402 2735 3446 sanetum
2768 3392 3075 3460 episcopum
3106 3391 3453 3458 energumeni
3497 3392 3602 3445 duo
3656 3391 3847 3446 salutis
3891 3407 4065 3446 reme-

2489 3483 2632 3536 dium
2680 3481 2979 3549 flagitantes
3020 3480 3087 3533 ab
3116 3494 3198 3533 eo.
3231 3480 3300 3532 At
3332 3479 3426 3563 ille.
3453 3471 3701 3534 invocato
3740 3478 3936 3535 Christi
3970 3496 4066 3533 uo-

2490 3574 2651 3633 mine,
2686 3582 2738 3625 et
2772 3573 3043 3625 inimicum
3074 3570 3296 3639 fugavit,
3342 3580 3395 3623 et
3422 3586 3514 3623 eos
3542 3570 3706 3624 verbo
3730 3571 4065 3640 praedicatio-

2492 3664 2575 3716 nis
2598 3663 2925 3715 illuininatos
2952 3660 3168 3729 proprio
3201 3659 3433 3713 resrituit
3456 3658 3720 3713 Creatori.
3759 3659 3908 3713 Diem
3937 3674 4065 3729 ergo

2492 3752 2633 3805 illam
2685 3750 2825 3804 felici
2874 3757 3198 3803 exornantes
3248 3747 3472 3809 laetitia,
3534 3749 3674 3800 inter
3741 3747 3853 3816 ipsa
3900 3762 4067 3801 sacrm

2490 3855 2687 3893 mensa:
2733 3838 2979 3892 convivia
3031 3847 3173 3890 totus
3226 3850 3401 3890 sermo
3456 3835 3559 3888 illis
3604 3843 3722 3888 erat
3769 3835 3834 3888 de
3866 3833 4064 3888 Christi

2491 3928 2681 3999 gloria,
2712 3929 2776 3982 de
2805 3927 3020 3981 interitu
3037 3926 3274 3989 Satanae,
3306 3927 3370 3979 de
3402 3927 3485 3979 his
3517 3941 3725 3993 quoque
3750 3941 3867 3994 qua:
3899 3926 4066 3994 perti-

2492 4029 2619 4074 nent
2664 4020 2728 4073 ad
2764 4035 2943 4072 veram
2995 4020 3159 4071 Deum
3194 4018 3494 4070 timentium
3526 4018 3825 4070 animarum
3853 4031 4060 4070 curam.

2493 4111 2619 4165 Post
2647 4110 2910 4179 gloriosus
2956 4108 3040 4160 ille
3089 4108 3170 4159 vir
3211 4106 3355 4160 omni
3387 4105 3731 4174 supellectilis
3758 4121 3868 4159 sua:
3911 4107 4066 4175 copia

2494 4208 2678 4253 saneto
2701 4199 2816 4251 viro
2842 4197 3075 4251 exhibita
3122 4196 3342 4265 supplex
3400 4203 3606 4258 exorat,
3644 4203 3701 4247 ut
3752 4205 3945 4248 cuncta
3976 4196 4066 4249 be-

2495 4291 2652 4359 nigne
2698 4288 3029 4358 suscipiens,
3085 4288 3148 4339 ad
3198 4302 3543 4355 quoscunque
3575 4302 3739 4356 ιυειιε
3804 4286 4068 4356 placuerit

2495 4380 2771 4449 profutura
2831 4387 3077 4433 retentet.
3104 4377 3208 4432 Sed
3238 4380 3319 4430 vir
3344 4376 3683 4431 beatissimus
3714 4377 3844 4430 nihil
3876 4378 4067 4431 horum

818 4488 974 4527 suum
1024 4481 1210 4541 petunt
1262 4473 1537 4537 auxilium,
1589 4488 1748 4542 quem
1816 4474 1973 4543 paulo
2016 4485 2139 4530 ante
2190 4478 2393 4533 voeife-
2425 4455 2821 4541 Dsuscipiens,
2861 4469 3231 4523 benedictione
3282 4483 3441 4535 super
3490 4484 3609 4521 cum
3652 4469 3867 4533 tradita,
3896 4471 4070 4523 omni-

820 4571 1005 4616 rantes
1029 4560 1352 4625 maleficum,
1382 4562 1508 4616 totis
1548 4562 1753 4618 nisibus
1778 4563 2146 4629 elaborabant,
2168 4575 2228 4619 ut
2270 4582 2391 4621 eum

820 4652 1167 4706 incenderent
1191 4652 1390 4705 vivum.
1420 4650 1587 4706 Porro
1615 4650 1859 4707 Julianus
1904 4654 1994 4708 Dei
2038 4655 2263 4719 athleta,
2294 4656 2394 4709 ele-

820 4750 946 4794 vata
994 4755 1115 4794 cum
1161 4741 1315 4810 signo
1350 4742 1528 4795 crucis
1552 4741 1602 4793 in
1628 4741 1857 4795 sublime
1890 4742 2140 4806 dextera,
2174 4744 2392 4797 draconi

821 4832 1070 4899 imperat,
1100 4839 1158 4883 ut
1186 4830 1391 4883 nullum
1424 4829 1653 4898 amplius
1683 4829 1903 4895 laedens,
1928 4833 2170 4887 concitus
2201 4832 2389 4903 fugiat,

820 4931 873 4973 ct
920 4921 1033 4974 loca
1075 4922 1306 4975 humana
1338 4921 1543 4974 cultura
1589 4936 1809 4989 prorsus
1840 4923 2078 4976 carentia
2120 4932 2285 4992 petat.
2319 4924 2399 4977 Ad

822 5010 974 5076 rnjus
1007 5011 1287 5080 imperium
1319 5012 1480 5064 draco
1528 5010 1853 5065 scevissimus
1895 5010 2077 5081 effugit
2123 5013 2403 5066 vivacissi-

823 5114 961 5161 ntus,
990 5106 1044 5150 et
1065 5099 1117 5151 in
1146 5096 1341 5165 eosjus
1365 5097 1485 5169 [al.,
1509 5098 1639 5169 vim]
1664 5099 1841 5152 amisit
1874 5098 2095 5153 laedendi
2131 5100 2183 5153 in
2208 5100 2401 5169 quibus

824 5190 1051 5244 ulterius
1080 5189 1319 5244 fraudem
1352 5203 1603 5243 exercere
1638 5190 1931 5258 permissus
1966 5204 2071 5242 non
2120 5198 2203 5242 est
2239 5189 2399 5242 sedu-

823 5282 1000 5335 cendi.
1028 5282 1175 5336 Tune
1216 5281 1449 5335 universi
1485 5296 1606 5335 eum
1650 5282 1844 5351 gaudio
1882 5281 1991 5349 jam
2022 5280 2155 5335 fiunt
2183 5282 2312 5336 socii
2346 5282 2397 5334 in

824 5371 1118 5425 evertendo
1163 5370 1413 5426 falsitatis
1444 5372 1571 5425 fano
1593 5412 1608 5436 ,
1637 5387 1700 5426 ac
1732 5371 1944 5425 demum
1987 5380 2175 5427 saneto
2226 5372 2398 5425 renati

830 5460 1045 5504 lavnern
1070 5476 1165 5504 npr
1195 5477 1386 5504 manu:
1415 5462 1586 5504 sannli
1617 5460 1881 5504 nnnlifir-is
1909 5460 2156 5504 dnomnln
2195 5461 2402 5504 lipalif‘i-

2494 4578 2597 4632 que
2622 4564 2779 4616 domo
2810 4563 2923 4631 ejus
2953 4561 3004 4613 in
3050 4560 3151 4613 fide
3180 4558 3377 4613 Christi
3403 4558 3749 4613 corroborata
3782 4558 4071 4614 festinabat

2493 4654 2557 4707 ad
2588 4651 2820 4720 propria.

2563 4743 2648 4796 i8.
2683 4740 2923 4809 Cumque
2967 4738 3078 4807 jam
3116 4746 3325 4807 portam
3356 4754 3384 4792 a
3417 4740 3523 4794 Deo
3548 4740 3646 4793 sibi
3683 4738 4071 4794 commendatae

2496 4836 2643 4889 urbis
2673 4832 2896 4895 subiret,
2922 4832 2974 4885 hi
2997 4832 3086 4900 qui
3128 4832 3443 4884 incarcerati
3473 4831 3711 4885 custodia
3741 4830 4072 4898 nexibusque

2502 4924 2654 4977 duris
2704 4920 2991 4989 mancipati
3044 4929 3229 4982 erant,
3281 4920 3478 4988 ingenti
3523 4920 3759 4972 clamore
3824 4929 4071 4972 sanctum

2504 5014 2704 5075 virum,
2732 5020 2792 5063 ut
2814 5009 2895 5063 sui
2918 5009 3292 5079 misereretur,
3316 5017 3555 5062 exorant.
3582 5008 3651 5060 At
3682 5006 3768 5059 ille
3804 5006 4075 5077 benignis-

2502 5104 2689 5166 simus,
2727 5101 2816 5169 qui
2860 5100 2985 5153 totis
3022 5112 3233 5167 semper
3261 5098 3312 5151 in
3355 5097 3578 5151 Domino
3620 5097 3923 5151 visceribus
3970 5100 4077 5166 pic-

2504 5193 2631 5264 tatis
2659 5190 2926 5253 adluebat,
2957 5189 3021 5241 ad
3072 5204 3185 5252 eos,
3225 5188 3417 5256 quibus
3451 5188 3501 5241 id
3540 5185 3696 5241 officii
3728 5190 4072 5241 commissum

2504 5292 2637 5346 erat,
2673 5279 2893 5349 supplex
2922 5278 3536 5344 aceessit,precaturque
3565 5278 3858 5336 humiliter,
3893 5286 3953 5328 ut
3981 5291 4074 5329 eos

2503 5387 2638 5441 quos
2655 5368 2908 5437 iniquitas
2930 5366 3143 5435 propria
3168 5364 3365 5419 fecerat
3381 5380 3518 5427 reos,
3535 5365 3793 5419 adventus
3807 5364 3884 5417 sui
3901 5365 4076 5433 gratia

2505 5461 2747 5502 rmMM‘M
2803 5455 3093 5502 absolutos.
3130 5453 3233 5502 Sed
3277 5455 3533 5502 vecordes
3577 5467 3748 5502 neque.
3773 5454 4074 5500 reverentia
