4494 5520
414 447 514 501 795

1670 439 1756 492 DE
1800 436 1951 490 VITA
1996 438 2050 490 S.
2093 437 2375 493 JULIANI.

3535 424 3640 481 794

416 557 783 622 imperaverat,
819 565 1001 602 verum
1046 550 1204 602 etiam
1234 564 1361 602 voce
1398 548 1621 617 supplici
1650 549 1963 615 postularat.
2003 552 2043 608 Α
2075 547 2441 601 beatissimum
2472 548 2738 602 Juliauuut
2779 546 3094 601 sacerdotali
3151 542 3311 597 infula
3362 548 3635 607 comptum

416 642 584 695 Porro
606 640 689 693 ille
708 648 919 706 spretus
940 654 967 690 a
991 639 1231 705 perfidis,
1253 638 1533 691 ecclesiam
1558 637 1793 700 intravit,
1815 644 1973 701 atque

416 733 614 801 gratias
638 728 851 783 Cbrtsto
874 744 968 797 pro
993 729 1268 792 acquisitis
1292 729 1389 783 sibi
1417 728 1695 781 animabus
1725 727 1969 787 reddidit;

412 820 600 873 deinde
630 818 853 886 propriae
878 818 1064 870 domus
1092 817 1319 884 hospitio
1348 830 1463 870 sese
1492 816 1708 883 recepit.
1737 814 1975 880 Cumque

412 910 457 961 ei
502 909 775 976 appositus
808 916 950 960 esset
980 908 1131 974 panis
1153 946 1167 969 ,
1200 907 1534 959 discumbere
1563 904 1752 966 noluit,
1779 903 1869 956 sed
1899 910 1975 953 ta-

410 1000 549 1052 citus
573 1010 625 1051 et
651 1014 867 1067 gemens
897 998 1315 1051 misericordiam
1361 997 1567 1051 Domini
1608 996 1831 1064 opperiri
1856 996 1972 1062 (sic)

412 1088 591 1155 ro-pit.
627 1087 775 1141 Tunc
829 1102 977 1149 vero,
1006 1088 1298 1140 secundum
1342 1087 1479 1139 servi
1532 1086 1623 1138 Dei
1668 1094 1845 1137 votum
1883 1100 1975 1136 an-

412 1170 581 1245 gelico
636 1176 933 1229 ministerio
982 1176 1120 1229 ostia
1185 1175 1419 1228 careeris
1485 1183 1667 1242 aperta
1738 1180 1860 1225 sunt
1924 1181 1978 1224 et

412 1274 722 1318 cunctorum
750 1274 953 1318 catena:
979 1265 1269 1318 confracta:
1301 1272 1441 1323 sunt,
1474 1273 1527 1316 et
1567 1263 1617 1314 hi
1655 1262 1743 1329 qui
1782 1261 1832 1312 in
1861 1275 1977 1313 car-

412 1356 679 1411 ceralilms
724 1357 1053 1425 privatisque
1110 1350 1343 1408 tenebris
1394 1354 1733 1413 residebant,
1777 1352 1976 1417 absque

417 1445 648 1497 lunnano
674 1446 870 1497 auxilio
908 1446 971 1497 ad
1020 1460 1356 1499 communem
1408 1446 1510 1496 diei
1566 1444 1734 1495 lucem
1777 1444 1975 1511 egressi

421 1541 562 1585 sunt.
614 1532 717 1587 Per
761 1536 991 1587 medium
1038 1550 1165 1603 ergo
1216 1534 1486 1597 civitatis,
1535 1535 1747 1586 nemine
1798 1533 1979 1599 prohi-

422 1620 618 1683 bente,
656 1624 854 1688 absque
907 1622 1238 1675 vinculorum
1288 1637 1452 1675 onere
1502 1623 1671 1675 sancti
1716 1622 1814 1674 viri
1854 1636 1979 1674 con-

420 1711 693 1776 spectibus
751 1727 867 1764 sese
912 1713 1170 1766 obtulere.
1225 1713 1293 1764 At
1345 1713 1432 1765 illc
1480 1712 1712 1781 gaudens
1774 1713 1825 1765 in
1879 1713 1979 1765 Do-

416 1798 560 1850 mino
599 1798 709 1865 jam
758 1800 907 1852 lectus
954 1802 1129 1853 cibum
1160 1802 1385 1870 accepit,
1418 1812 1469 1855 et
1497 1818 1630 1870 quos
1658 1806 1847 1856 merito
1876 1804 1979 1856 sol-

2076 654 2195 692 cum
2228 640 2398 693 tribus
2443 641 2756 693 diaconibus
2794 640 2905 692 suis
2934 648 2988 690 et
3016 638 3184 689 tribus
3214 634 3385 688 cereis
3419 632 3638 683 venien-

2078 736 2183 779 tem
2222 728 2287 780 ad
2337 743 2415 788 se,
2453 728 2543 796 qui
2576 742 2780 789 cereos,
2815 741 2948 795 quos
2997 726 3300 794 portabant,
3348 727 3642 790 posuerunt

2077 830 2235 883 super
2285 832 2524 870 mensam
2576 828 2701 871 ante
2734 832 2876 878 emn,
2928 824 2983 868 et
3024 815 3291 867 abierunt.
3326 812 3469 865 Dixit
3511 824 3639 877 ergo

2076 905 2359 973 pranlictus
2388 905 2724 959 Defensorad
2759 905 3113 960 consedentes
3144 922 3155 956 :
3184 902 3378 955 videtis
3403 900 3628 969 gloriam

2076 1010 2233 1060 quam
2262 1011 2360 1065 ego
2386 997 2572 1051 video?
2615 998 2713 1063 Qui
2748 996 2878 1050 nihil
2905 1011 2960 1050 se
2983 996 3162 1049 videre
3194 992 3372 1047 testati
3396 999 3537 1045 sunt.
3570 990 3642 1041 At

2079 1087 2165 1139 ille
2192 1087 2355 1139 dixit:
2382 1086 2645 1156 Numquid
2677 1102 2779 1141 non
2807 1088 2893 1140 hic
2919 1086 3127 1139 vidistis
3157 1094 3364 1152 patrem
3396 1088 3637 1134 nostrum

2077 1175 2366 1237 Julianum,
2405 1178 2494 1244 qui
2530 1186 2606 1229 tot
2628 1177 2762 1229 bona
2789 1176 2941 1229 nobis
2969 1175 3224 1235 ostendit,
3264 1181 3338 1225 tot
3368 1167 3640 1224 miraculis

2078 1266 2409 1319 lmliticavit?
2441 1268 2578 1320 Ecce
2625 1268 2768 1319 enim
2798 1281 2941 1319 nunc
2976 1280 3096 1318 cum
3129 1263 3299 1316 tribus
3327 1258 3640 1313 diaconibus

2077 1356 2187 1408 suis
2217 1365 2272 1408 ct
2305 1355 2475 1407 trilms
2501 1356 2671 1409 cereis
2697 1356 2799 1408 huc
2827 1362 2950 1406 ante
2972 1368 3056 1405 me
3093 1352 3256 1411 venit,
3290 1359 3342 1403 et
3368 1348 3641 1401 lictissinto

2080 1443 2225 1493 vultu
2276 1442 2557 1494 subridens
2603 1442 2876 1495 benedixit
2930 1456 3047 1503 nos,
3109 1438 3415 1504 relictisque
3468 1434 3641 1488 cereis

2081 1535 2357 1587 abscessit.
2397 1534 2543 1586 [inde
2574 1548 2669 1601 pro
2698 1544 2848 1586 certo
2880 1533 3012 1593 scio,
3061 1532 3180 1598 quia
3214 1528 3459 1596 migravit
3485 1543 3513 1578 a
3544 1540 3645 1577 sm-

2081 1625 2219 1675 culo.
2257 1624 2314 1675 Et
2352 1624 2524 1682 nobis,
2554 1638 2688 1689 quos
2726 1621 2989 1690 corporali
3021 1620 3300 1688 prBSCIIll'J
3333 1616 3638 1683 dereliquit,

2082 1712 2338 1764 beneficia
2384 1712 2593 1779 pietatis
2624 1726 2732 1763 sum
2778 1712 2963 1762 vivens
2991 1710 3041 1760 in
3073 1708 3288 1760 llltt’islo
3335 1704 3642 1773 impendere

2086 1815 2353 1868 nunquam
2384 1800 2641 1852 cessabit.
2690 1799 2985 1866 Surgamus
3012 1812 3159 1864 ergo,
3198 1804 3251 1848 et
3285 1794 3349 1847 ad
3381 1791 3641 1861 sepelien-

415 1896 564 1938 vtrrat
586 1928 599 1949 ,
634 1890 803 1941 sancti
856 1890 1017 1942 etiam
1065 1890 1293 1943 convivii
1345 1891 1749 1959 participatione
1798 1893 1976 1943 donat.
2015 1906 2055 1963 Β
2085 1894 2207 1942 dum
2236 1891 2533 1958 piissimum
2560 1891 2875 1958 magistrum
2907 1898 3146 1940 nostrum
3172 1884 3488 1953 quantocius
3519 1896 3642 1949 pro—

414 1973 521 2027 Nec
566 1975 663 2028 fuit
704 1975 793 2044 qui
838 1976 1113 2031 absolutos
1145 1986 1429 2045 repeteret,
1460 1994 1579 2030 cum
1615 1978 1985 2031 manifestissi-

416 2080 498 2115 me
528 2065 627 2117 hoc
648 2065 840 2117 divina:
868 2067 1078 2118 virtutis
1106 2068 1363 2133 potentia,
1394 2082 1496 2119 non
1531 2068 1820 2119 luunamun
1846 2068 1983 2119 auai-

417 2154 544 2206 lium
574 2166 761 2210 sancto
791 2158 971 2210 antisti
1001 2159 1333 2213 contulisset.

1035 2296 1257 2350 CAPUT
1296 2298 1378 2350 IV.

797 2405 852 2459 S.
894 2406 1099 2459 Juliani
1134 2425 1291 2471 mors,
1330 2409 1611 2471 sepultum.

484 2516 572 2568 29.
634 2515 880 2568 Plantata
949 2514 1112 2585 igitur
1173 2516 1224 2568 in
1298 2531 1433 2585 pago
1497 2517 1857 2569 Cenomanico
1907 2517 1985 2567 di-

417 2607 522 2657 vini
573 2606 749 2659 cultus
808 2608 961 2659 vinea
988 2648 1003 2670 ,
1062 2607 1371 2674 abrasisque
1399 2609 1462 2660 de
1490 2622 1551 2659 ea
1602 2607 1859 2659 idolorum
1900 2622 1985 2659 er-

420 2708 707 2761 rorumque
780 2694 1020 2747 omnium
1102 2695 1340 2758 tribulis,
1396 2706 1603 2763 tempus
1676 2696 1986 2749 imminebat

416 2796 520 2849 quo
575 2784 762 2836 beatus
832 2783 919 2837 ille
978 2784 1208 2852 agricola
1265 2784 1499 2838 fructum
1571 2786 1641 2852 pii
1710 2784 1908 2838 laboris
1955 2801 1984 2837 a

418 2873 642 2925 Domino
689 2888 787 2925 suo
832 2882 1201 2936 percepturus,
1255 2875 1322 2923 ab
1370 2876 1486 2923 istis
1534 2876 1812 2938 praesentis
1866 2875 1986 2923 vitae

420 2964 645 3033 laqueis,
675 2963 740 3015 ad
766 2972 965 3016 aeterna
999 2962 1123 3017 felix
1171 2965 1387 3017 deberet
1415 2965 1776 3019 conscendere
1799 2980 1981 3035 regna.

416 3052 602 3121 Itaque
650 3054 1039 3121 propinquante
1071 3055 1364 3107 vocationis
1399 3069 1507 3108 sua:
1545 3056 1649 3116 die,
1690 3056 1893 3107 secedit
1918 3055 1983 3107 ad

418 3142 616 3203 vicum,
672 3141 723 3193 in
760 3156 866 3209 quo
903 3156 1043 3194 nunc
1089 3141 1148 3193 B.
1200 3140 1458 3195 Martialis
1486 3141 1713 3195 ecclesia
1751 3142 1850 3194 sita
1879 3152 1993 3196 est..

2087 1994 2356 2047 pereuntis,
2390 1986 2446 2029 ut
2488 1994 2610 2030 eum
2658 1991 2958 2030 mereamur
3002 1975 3300 2043 adjutorem
3344 1972 3541 2023 habere
3590 1970 3639 2019 in

2084 2070 2237 2119 mulis
2277 2084 2436 2134 quem
2490 2067 2679 2120 salutis
2709 2066 2983 2119 doctorem
3023 2064 3304 2117 habuimus
3362 2062 3410 2113 in
3463 2061 3640 2111 terris.

2089 2155 2208 2206 ηυξ
2249 2170 2313 2207 eo
2363 2156 2597 2216 dicente,
2644 2170 2831 2207 omnes
2858 2152 3101 2205 admirati
3152 2160 3305 2213 sunt;
3340 2150 3644 2216 pariterque

2086 2254 2368 2310 surgentes
2398 2244 2461 2294 ad
2493 2244 2778 2309 exsequias
2804 2242 2974 2293 sancti
3000 2240 3313 2293 festinanter
3334 2246 3641 2291 accurrunt.

2084 2334 2201 2385 Jam
2256 2348 2419 2391 vero,
2461 2340 2518 2383 ut
2569 2333 2634 2383 de
2688 2331 2916 2383 Martino
2952 2329 3039 2381 illo
3068 2330 3375 2397 pontificum
3431 2328 3646 2396 speculo

2091 2424 2303 2491 legitur,
2383 2422 2711 2490 impossibile
2773 2423 2917 2474 dictu
2965 2429 3047 2474 est
3115 2429 3313 2488 quanta
3372 2418 3644 2471 hominum

2086 2515 2365 2569 multitudo
2393 2513 2723 2576 convenerit,
2757 2513 2933 2566 cuncti
2968 2528 3032 2565 ex
3076 2512 3219 2579 agris
3249 2518 3302 2563 et
3330 2510 3478 2572 vicis,
3511 2524 3643 2559 non-

2086 2612 2212 2663 nulli
2245 2611 2407 2663 etiam
2440 2625 2504 2661 cx
2558 2608 2747 2662 vicinis
2779 2606 2995 2660 adfuere
3051 2605 3301 2657 castellis.
3350 2603 3479 2656 llinc
3514 2602 3645 2671 psal-

2086 2700 2310 2751 miciues
2348 2698 2663 2750 clericorum
2713 2696 3025 2763 phalanges,
3059 2693 3204 2745 illinc
3240 2706 3513 2745 sacrarum
3539 2692 3643 2741 vir-

2084 2790 2261 2856 ginum
2290 2802 2397 2853 pra:
2427 2784 2756 2850 parcimonia
2805 2793 2992 2834 turma:
3022 2782 3299 2848 pallentes,
3330 2779 3454 2831 hinc
3498 2778 3645 2846 plebs

2084 2875 2284 2926 urbana
2326 2873 2588 2925 nobilibus
2616 2879 2861 2924 conserta
2895 2871 3044 2933 viris,
3068 2868 3211 2923 illine
3242 2883 3432 2921 manus
3458 2882 3642 2935 agres-

2085 2965 2151 3016 tis
2176 2962 2377 3015 sanctis
2415 2961 2555 3014 beati
2582 2961 2678 3013 viri
2722 2960 3045 3013 famulantur
3072 2959 3363 3028 exsequiis.

2151 3054 2237 3105 5l.
2270 3052 2373 3106 Sed
2422 3066 2487 3105 ne
2531 3051 2653 3118 quis
2687 3049 2823 3103 forte
2877 3058 3176 3111 moveatur,
3228 3048 3369 3115 quod
3405 3047 3649 3101 Julianus

2084 3143 2310 3196 Martino
2356 3140 2795 3210 :cquiparaverim
2828 3179 2842 3203 ,
2902 3140 2991 3209 qui
3049 3139 3149 3193 hoe
3223 3138 3375 3200 dicis,
3422 3139 3465 3189 si
3506 3148 3649 3192 recte

425 3226 479 3280 lu
507 3242 612 3295 quo
633 3242 753 3281 cum
776 3228 1017 3296 pluribus
1040 3229 1255 3297 degeret
1282 3228 1485 3292 diebus,
1510 3238 1565 3282 et
1587 3228 1850 3283 instanter
1876 3242 1985 3282 εω-
2012 3224 2053 3283 C
2086 3247 2406 3301 percenseas
2440 3248 2572 3299 pene
2627 3233 2821 3287 similia
2870 3233 2936 3285 ab
2999 3242 3227 3301 utroque
3265 3241 3417 3300 potes
3468 3230 3649 3283 videre

424 3316 573 3369 lestis
611 3316 753 3369 vitae
778 3316 1111 3371 dulcedinem
1143 3318 1255 3371 suis
1290 3319 1599 3386 propinaret
1626 3319 1983 3380 auditoribus,

425 3403 525 3457 levi
553 3412 724 3457 tactus
751 3403 1112 3469 incommodo,
1134 3405 1284 3459 Ianus
1304 3414 1357 3458 et
1375 3407 1554 3459 alacer
1576 3405 1989 3475 praestolabatur

428 3498 610 3551 horam
642 3512 743 3565 qua
774 3497 1018 3551 laborum
1040 3498 1501 3566 certaminumque
1526 3513 1745 3551 suorum
1778 3497 1984 3565 reposi-

429 3597 535 3640 tam
560 3603 587 3639 a
613 3585 760 3654 justo
785 3584 967 3653 judice
994 3588 1256 3654 reciperet
1280 3601 1551 3640 coronam.
1583 3587 1649 3640 Et
1685 3588 1809 3655 quia
1835 3586 1987 3639 navis

421 3686 619 3729 sancta:
665 3674 919 3729 Ecclesia:
974 3676 1176 3744 absque
1228 3677 1588 3743 gubernatore
1628 3689 1723 3743 per
1770 3675 1988 3743 pelagus

422 3763 578 3831 hujus
610 3763 813 3816 'mundi
865 3777 970 3816 non
1016 3772 1229 3831 poterat
1281 3763 1586 3833 enavigare,
1622 3761 1799 3815 sedem
1832 3762 1929 3815 sibi
1956 3778 1985 3815 a

422 3855 530 3907 Deo
564 3853 1010 3915 commendatam,
1048 3868 1171 3907 eum
1209 3854 1481 3906 communi
1530 3852 1660 3907 cleri
1710 3852 1987 3920 plebisque

422 3943 666 4005 consilio,
696 3950 883 3996 sancto
925 3940 1191 4011 delegavit
1228 3940 1468 4003 Turibio,
1499 3955 1659 4010 quem
1686 3939 1985 4009 adjutorent

424 4043 477 4087 et
501 4033 704 4087 socium
735 4034 786 4085 in
824 4040 1023 4085 sancta:
1056 4031 1452 4100 przedieationis
1473 4041 1699 4085 eatenus
1725 4032 1988 4085 habuerat

424 4121 615 4176 ollicio.
660 4122 805 4175 Idem
852 4121 997 4175 enim
1034 4121 1286 4175 Turibius
1326 4122 1646 4191 presbyterii
1674 4120 1849 4175 ollicio
1876 4121 1988 4190 glo-

424 4216 599 4268 riosus
628 4230 749 4267 cum
782 4214 838 4268 S.
868 4214 1087 4267 Pavatio
1108 4214 1335 4269 diacono
1359 4215 1423 4268 ad
1452 4216 1790 4269 revelandam
1814 4214 1985 4268 Ceno-

425 4302 773 4357 manensibus
802 4303 1001 4357 Christi
1026 4303 1278 4373 gratiam,
1317 4312 1373 4356 ut
1405 4304 1469 4357 ab
1494 4302 1726 4371 antiquis
1750 4302 1991 4369 suscepi-

426 4408 564 4457 mus,
610 4407 790 4447 comes
836 4401 891 4447 et
919 4392 1130 4460 adjutor
1160 4392 1217 4447 S.
1248 4392 1460 4448 Juliano
1500 4408 1531 4447 a
1560 4392 1813 4448 Romana:
1839 4394 1988 4447 urbis

426 4481 668 4535 antistite
712 4481 1011 4535 destinatus
1036 4491 1142 4536 est.

2086 3323 2363 3390 completa.
2406 3323 2665 3376 Martinus
2710 3323 2886 3376 adhuc
2917 3322 3337 3375 catechumenos
3380 3321 3645 3389 algentem

2085 3427 2373 3481 pauperem
2433 3412 2599 3465 divisa
2656 3412 2922 3465 chlamide
2970 3411 3214 3474 vestivit;
3257 3408 3501 3463 Julianus
3547 3409 3650 3461 fide

2086 3505 2338 3558 robustus
2391 3511 2468 3556 tot
2519 3502 2685 3555 millia
2735 3510 2969 3555 veterem
3015 3501 3282 3555 hominem
3310 3507 3491 3561 exuta,
3527 3497 3648 3551 fidei

2088 3602 2234 3648 veste
2284 3594 2539 3648 contexit.
2596 3592 2856 3646 Martinus
2903 3592 3077 3660 primo
3111 3590 3405 3645 solitariam
3449 3588 3651 3657 delegit

2085 3688 2276 3749 vitam,
2320 3695 2377 3739 ut
2420 3685 2620 3739 Christi
2670 3684 2950 3738 dulcedine
2979 3682 3323 3752 singulariter
3356 3681 3647 3733 frueretur.

2084 3774 2327 3828 Julianus
2370 3783 2610 3841 apertam
2664 3773 2888 3843 expetiit
2940 3787 3197 3841 pugnam,
3247 3780 3306 3824 ut
3360 3770 3650 3823 multorum

2086 3865 2292 3917 animas
2317 3863 2640 3917 lucraretur.
2673 3861 2936 3915 Martinus
2981 3862 3048 3914 ad
3098 3860 3464 3929 episc0patum
3496 3873 3524 3909 a
3551 3857 3653 3909 Tu-

2088 3954 2405 4007 ronensibus
2436 3962 2621 4021 raptus
2650 3960 2762 4015 est;
2807 3949 3050 4004 Julianus
3100 3947 3596 4004 Cenomanensibus
3622 3961 3650 3998 a

2086 4042 2195 4095 Deo
2224 4040 2481 4110 pontifex,
2514 4041 2755 4109 quinimo
2804 4049 2859 4094 et
2895 4038 3188 4108 apostolus,
3216 4038 3515 4092 destinatus
3546 4045 3647 4089 est.

2086 4134 2348 4187 Martinus
2368 4134 2564 4186 virtute
2585 4132 2865 4185 Trinitatis
2888 4131 3098 4185 Deifiete
3124 4131 3285 4183 trium
3316 4138 3650 4183 mortuorum

2087 4233 2172 4278 est
2210 4224 2527 4294 magnificus
2567 4222 2855 4276 suscitator
2888 4238 2901 4273 :
2931 4218 3174 4273 Julianus
3216 4218 3435 4272 totidem
3482 4216 3547 4269 ad
3575 4216 3653 4267 vi-

2088 4324 2196 4367 tam
2228 4328 2485 4368 revocans
2509 4321 2771 4375 mortuos,
2815 4312 2971 4365 toties
3002 4310 3189 4364 mortis
3214 4309 3416 4363 exstitit
3457 4307 3649 4359 victor.

2092 4402 2305 4456 Martini
2343 4417 2537 4471 corpus
2566 4402 2599 4455 ii
2624 4402 2713 4469 qui
2746 4401 2903 4454 ductu
2929 4398 3046 4468 (aL,
3074 4396 3315 4465 inductu)
3348 4395 3464 4463 ejus
3500 4409 3654 4446 mun-

2092 4494 2213 4547 dum
2254 4494 2496 4547 vicerant
2538 4501 2932 4560 prosequuntur
2980 4506 2992 4540 :
3036 4486 3233 4540 Juliani
3277 4484 3546 4553 exsequiis
3574 4483 3651 4545 bi,

493 4575 581 4627 30.
607 4573 1038 4629 Gloriosissimus
1060 4574 1223 4644 igitur
1243 4581 1426 4642 pastor
1446 4575 1716 4628 communi
1748 4575 1985 4630 omnium
2016 4552 2065 4610 D
2091 4582 2179 4652 qui
2220 4597 2284 4635 eo
2339 4581 2473 4634 duce
2518 4552 2757 4634 ccelestia
2794 4576 2905 4645 jam
2974 4577 3249 4639 tenebant,
3302 4573 3650 4626 famulantur.

425 4662 646 4717 allectus
665 4662 783 4731 (aL,
808 4662 1047 4731 evectus)
1064 4677 1351 4727 consensu,
1374 4662 1569 4717 fratres
1595 4662 1837 4732 ﬁliosque
1862 4681 1989 4720 suos

424 4762 632 4817 evocat,
661 4763 715 4806 et
746 4754 1059 4822 consignato
1086 4768 1416 4816 successore,
1448 4752 1619 4807 oculis
1658 4769 1718 4806 ac
1743 4756 1991 4809 manibus

427 4846 478 4898 in
507 4844 701 4899 ccelum
742 4843 983 4905 elevatis,
1018 4844 1315 4898 diutissime
1355 4845 1559 4913 gratias
1588 4858 1771 4913 agens,
1804 4853 1859 4898 et
1881 4845 1992 4899 eol-

431 4937 655 4989 laudans
692 4936 999 4997 Dominum,
1030 4949 1284 5004 ovesque,
1323 4950 1456 5002 quas
1483 4935 1698 4989 Christo
1721 4936 1988 5003 acquisie-

432 5034 535 5089 rat,
579 5025 749 5078 eidem
797 5038 1009 5077 summo
1059 5024 1256 5093 pastori
1312 5024 1718 5088 commendans,
1762 5025 1913 5080 laetus
1940 5037 1994 5081 et

430 5112 613 5166 alacer
635 5112 804 5165 beatis
832 5112 1037 5165 meritis
1053 5113 1278 5166 ditatum
1302 5111 1438 5164 crelo
1465 5110 1697 5165 reddidit
1722 5114 1989 5181 spiritum.

431 5201 548 5267 Quo
578 5202 819 5255 coalestia
851 5216 1015 5270 regna
1047 5212 1277 5271 petente,
1307 5200 1393 5255 ille
1420 5202 1535 5271 ejus
1563 5203 1757 5256 merito
1781 5203 1903 5260 fidei
1941 5214 1996 5261 et

432 5293 689 5340 bonorum
749 5299 967 5340 actuum
1020 5292 1396 5340 dilectissimus
1432 5291 1709 5340 Defensor-
1749 5298 1833 5340 vir
1880 5299 1990 5340 oln-

2091 4672 2227 4739 Quid
2254 4671 2442 4740 plura?
2491 4670 2591 4725 Uni
2643 4668 2772 4737 Regi
2804 4667 3120 4729 militarunt,
3149 4665 3237 4717 uni
3286 4664 3510 4717 Domino
3542 4678 3654 4715 ser-

2091 4765 2325 4826 vierunt,
2357 4776 2463 4815 uno
2488 4760 2689 4829 Spiritu
2714 4757 3034 4813 sanctificati
3067 4764 3210 4818 sunt,
3259 4769 3416 4823 supra
3446 4762 3651 4821 petram

2092 4853 2253 4906 unius
2284 4851 2405 4906 ﬁdei
2460 4849 2663 4902 fundati
2716 4858 2860 4901 sunt.
2912 4846 3328 4911 Restatergout
3356 4842 3543 4911 parsit
3578 4841 3657 4893 eis

2097 4944 2269 4996 honor
2299 4951 2354 4995 et
2397 4940 2562 5010 gloria
2608 4953 2743 5006 quos
2765 4937 2982 4991 virtutis
3014 4935 3155 4988 actio
3180 4948 3337 5001 pares
3360 4933 3411 4986 in
3456 4930 3655 4983 Christi

2097 5031 2373 5085 constituit
2410 5026 2711 5096 disciplina.

2167 5120 2255 5173 3‘2.
2300 5119 2410 5173 Hoc
2459 5117 2625 5185 igitur
2670 5116 2809 5170 beati
2860 5115 2961 5167 viri
2992 5128 3187 5183 corpus
3213 5128 3335 5167 cum
3382 5110 3449 5164 ad
3473 5110 3658 5162 urbem

2096 5211 2368 5280 propriam
2402 5210 2797 5276 deportaretur,
2862 5215 3078 5259 ventum
3132 5213 3215 5257 est
3267 5206 3332 5258 ad
3379 5200 3664 5254 transitum

2099 5299 2240 5340 ﬂuvii
2292 5300 2373 5340 mni
2400 5297 2571 5340 Ral-tm
2600 5296 2673 5340 (Ἠ
2699 5295 3019 5340 νηρειὶιιιιιιηι
3043 5302 3145 5340 esl.
3173 5292 3257 5340 Ad
3285 5290 3663 5340 declarandum
