4494 5520
830 345 932 400 795

1911 332 2200 386 LETALDI
2245 330 2668 384 MICIACENSIS
2709 331 3011 386 MUNACIII

3968 325 4070 378 706

831 455 1009 511 fundas
1048 448 1309 508 c:ecitatis
1347 449 1601 521 gurgites,
1634 445 1755 502 'ncc
1788 447 2012 518 genibus
2054 461 2191 514 aqua
2242 445 2399 499 tactis
2427 449 2472 507 Α
2505 447 2718 499 tandem
2787 450 3066 502 recordata
3125 447 3362 517 pignoris
3416 447 3498 500 sui
3564 444 3752 513 pavida
3801 444 4071 506 accurrit,

830 545 984 599 littus
1008 541 1259 604 alterum,
1299 539 1509 594 cunctis
1534 537 1853 591 mirantibus
1883 536 2184 589 subierunt.

901 633 992 686 55.
1041 630 1173 683 Cum
1227 643 1358 682 vero
1409 635 1519 680 tota
1565 625 1691 679 urbs
1718 624 2000 678 festinaret
2033 625 2083 676 in
2113 637 2400 676 occursum

833 722 913 776 sui
951 718 1204 789 pastoris,
1261 715 1505 785 quaedam
1533 714 1726 768 mulier
1774 712 2055 782 parvulum
2103 711 2270 764 filium
2295 711 2402 762 cal-

832 810 998 864 daria
1021 810 1371 878 imposuerat,
1400 806 1783 875 suppositoque
1812 805 1932 874 igne
1960 804 2198 857 membra
2232 801 2409 855 infan-

835 899 931 955 tuli
983 915 1122 968 aqua
1180 906 1393 967 tepente
1447 897 1704 949 lavabat:
1754 911 1873 964 qucc
1901 909 2032 949 voce
2063 894 2405 962 psallentium

833 990 1060 1044 attonita
1091 987 1323 1043 officium
1352 997 1586 1056 coeptum
1613 987 1836 1049 deserit,
1867 985 2138 1053 oblitaque
2169 983 2409 1037 infantu-

834 1073 891 1141 ii,
927 1093 1047 1132 cum
1089 1077 1302 1132 caneris
1334 1076 1545 1130 obviam
1571 1085 1758 1129 sancto
1797 1075 2053 1128 accurrit.
2080 1074 2245 1141 Igitur
2281 1074 2406 1127 dum

835 1183 899 1221 ea
951 1167 1418 1222 venerantissiinis
1454 1177 1695 1220 moratur
1733 1165 2025 1234 exsequiis,
2053 1165 2190 1233 ignis
2218 1163 2407 1218 infanti

837 1260 1146 1329 suppositus
1174 1259 1478 1322 calescens,
1527 1273 1622 1312 vas
1652 1257 1907 1320 ferreum,
1936 1257 1988 1310 in
2020 1271 2126 1324 quo
2153 1255 2411 1324 parvulus

838 1348 1048 1418 positus
1085 1356 1223 1412 erat,
1256 1347 1532 1411 obambit,
1581 1347 1981 1414 immensosque
2011 1345 2222 1398 calores
2252 1343 2413 1398 efﬁcit

837 1447 893 1493 et
921 1438 1242 1494 eil'erventes
1265 1440 1319 1494 in
1349 1442 1584 1510 seipsum
1615 1438 1853 1493 refundit
1877 1454 2123 1508 vapores.
2157 1438 2287 1505 Quis
2313 1454 2413 1508 pu-

839 1538 982 1582 taret
1036 1530 1088 1583 in
1144 1530 1234 1584 tali
1285 1531 1597 1585 discrimine
1644 1530 1827 1584 vivere
1889 1529 2187 1597 potuisset?
2243 1529 2414 1582 Porro

841 1621 1002 1673 beata
1048 1629 1222 1675 mater
1273 1638 1394 1676 cum
1435 1621 1550 1689 jam
1586 1631 1789 1676 sanctae
1837 1621 2076 1691 reliquiae
2135 1621 2276 1674 domi
2306 1636 2416 1673 sua:

837 1712 1310 1782 propinquassent,
1345 1715 1779 1786 domesticosque
1807 1715 1944 1770 lares
1991 1723 2412 1783 recognovisset,

2500 540 2776 593 aestimans
2817 540 2955 594 inter
3003 555 3230 609 vapores
3290 537 3546 607 igniferos
3588 533 3971 604 liquefactum,
4021 543 4076 586 et

2503 641 2686 686 tenera
2730 633 2879 701 pueri
2927 632 3251 686 distabuisse
3288 631 3548 684 membra.
3573 628 3676 682 Sed
3702 627 3891 680 ardore
3930 625 4071 686 fidei,

2504 737 2621 791 quae
2678 721 2821 774 illam
2859 731 3046 774 sancto
3093 719 3304 788 corpori
3347 719 3497 772 exire
3535 717 3747 770 obviam
3797 712 4074 780 compulit,

2504 813 2759 867 restincta
2798 821 2881 866 est
2922 811 3161 865 ardentis
3196 809 3435 863 ﬂammas
3487 806 3702 862 camini.
3745 804 3933 858 Subito
3973 813 4080 856 ter-

2508 917 2631 957 rore
2685 901 2930 971 perculsa
2982 902 3149 954 lilium
3211 915 3316 954 non
3359 897 3627 961 admovet,
3669 895 3840 949 donec
3891 893 4082 962 grandi

2508 992 2743 1046 clamore
2771 991 2969 1046 multos
2994 990 3342 1060 compelleret
3373 987 3618 1042 adunari.

2578 1083 2670 1137 54.
2699 1083 2851 1137 Beati
2893 1098 3054 1153 porro
3083 1082 3184 1136 viri
3242 1095 3439 1149 corpus
3462 1079 3709 1132 humanae
3751 1073 4083 1131 conditionis

2508 1174 2625 1242 lege
2653 1174 2938 1242 sepultum,
2969 1187 3093 1226 vere
3115 1172 3166 1225 in
3201 1170 3415 1226 Christo
3447 1185 3504 1223 se
3537 1169 3716 1222 vivere
3749 1167 4085 1220 demonstrat

2518 1263 2962 1334 frequentissima
2989 1261 3356 1316 consolatione
3398 1258 3709 1313 viventium.
3745 1254 3876 1308 Nam
3901 1253 3972 1307 ibi
4000 1265 4085 1305 re-

2513 1355 2646 1424 cipit
2697 1353 2915 1407 czecitas
2956 1353 3152 1416 visum,
3197 1349 3444 1404 debilitas
3472 1362 3736 1417 gressum,
3784 1343 4086 1412 effugantur

2515 1442 2796 1507 daemonia,
2825 1441 3092 1495 donantur
3123 1453 3243 1492 cum
3274 1436 3374 1490 [ide
3392 1435 3698 1505 petentibus
3726 1445 3961 1501 congrua
3991 1443 4087 1483 vo—

2516 1542 2589 1599 ta,
2623 1542 2909 1602 prmstante
2939 1533 3165 1588 Domino
3210 1541 3394 1586 nostro
3442 1529 3566 1584 Jesu
3608 1527 3826 1581 Christo
3876 1525 3961 1580 cui
3999 1533 4087 1579 est

2515 1640 2637 1679 cum
2660 1623 2820 1677 Patre
2840 1633 2894 1678 et
2921 1623 3123 1692 Spiritu
3148 1631 3335 1675 sancto
3357 1620 3530 1673 honor
3563 1627 3617 1672 et
3646 1616 3838 1686 gloria,
3869 1623 4088 1668 etnunc

2515 1722 2572 1768 ct
2608 1729 2705 1783 per
2744 1723 2946 1769 aeterna
2970 1711 3185 1768 saecula.
3220 1712 3413 1765 Amen.

849 1902 4070 1944 _—__——___—————_——_I_

1178 2074 1589 2185 LIBER
1676 2071 2707 2186 MIRACULORUM
2797 2069 2917 2179 S.
3015 2061 3742 2179 MAXIMINI.

2071 2285 2362 2341 ABBATIS
2401 2282 2851 2342 MICIACENSIS.

1781 2442 2051 2503 Auctore
2096 2441 2349 2501 Letaldo
2393 2444 2688 2504 monacho
2733 2443 3117 2503 Miciacemi.

2025 2604 2205 2673 (Apud
2236 2603 2458 2667 Mabill.,
2489 2604 2618 2657 Acta
2646 2604 2687 2669 Ι,
2719 2603 2868 2672 598.)

1791 2876 2416 2966 PROLOGUS
2485 2876 3108 2967 AUCTORIS.

912 3078 1318 3133 Linilamniam
1345 3075 1520 3129 sciens
1540 3082 1594 3127 et
1617 3073 1851 3142 prudens
1880 3072 2034 3125 mitto
2062 3068 2413 3138 manum,qui
2446 3074 2490 3132 Β
2587 3072 2640 3125 2.
2682 3070 2793 3137 Qua
2844 3071 2909 3126 de
2951 3086 3010 3127 re
3062 3072 3333 3127 temerarii
3382 3073 3596 3142 quidem
3633 3089 3794 3129 ausus
3835 3090 4096 3145 praesumo

835 3167 1270 3240 prxsunipseriln
1319 3165 1457 3218 inter
1499 3171 1576 3216 tot
1616 3160 2173 3229 eloquentissimorum
2202 3158 2417 3212 flumina

835 3257 1124 3314 homuncio
1175 3254 1377 3308 arentis
1437 3250 1632 3320 ingenii
1692 3265 1802 3303 rem
1854 3248 2107 3302 hactenus
2165 3247 2418 3301 intactam

836 3357 1122 3409 alti-utare,
1175 3359 1294 3396 cum
1346 3358 1449 3395 non
1507 3340 1947 3410 praesumpserint
1991 3340 2081 3408 qui
2137 3339 2322 3392 idonee
2365 3346 2420 3392 et

834 3445 1203 3506 couq‘ieteuter
1229 3437 1292 3488 ad
1321 3434 1371 3488 id
1398 3431 1731 3486 efficiendum
1767 3429 2194 3484 subicientissimi
2220 3428 2414 3492 forent,

838 3541 893 3583 et
933 3545 1072 3581 num:
1113 3525 1310 3578 aflatim
1359 3524 1603 3587 floreant,
1660 3537 1885 3589 quorum
1936 3521 2109 3587 arguti
2157 3520 2418 3574 examinis

840 3618 992 3671 lance
1025 3625 1079 3669 et
1116 3615 1423 3684 praejudicio
1452 3612 1796 3666 condcnmari
1839 3625 2045 3665 verear.
2090 3609 2199 3663 Hoc
2240 3620 2416 3663 autem

838 3716 921 3761 est
974 3707 1113 3774 quod
1170 3720 1198 3757 a
1254 3704 1581 3772 temporibus
1628 3701 1878 3770 piissimae
1930 3701 2201 3753 memoriae
2255 3699 2418 3766 patris

838 3798 1112 3852 Maximini
1141 3811 1308 3865 usque
1333 3795 1398 3849 ad
1424 3795 1534 3847 hzec
1560 3793 1752 3861 quibus
1778 3807 1876 3844 nos
1912 3790 2137 3845 consilio
2165 3789 2419 3858 Omnipo-

839 3889 1003 3942 tcnlis
1041 3888 1126 3953 qui
1172 3895 1324 3939 vocat
1354 3899 1412 3936 ea
1445 3899 1561 3951 qua:
1591 3897 1692 3933 non
1725 3889 1849 3932 sunt
1879 3889 2126 3947 tanquam
2166 3895 2282 3947 qmc
2311 3880 2418 3931 sint

832 3993 958 4031 esse
991 3976 1187 4044 plaruit
1213 4016 1226 4036 ,
1263 3991 1384 4026 cum
1416 3974 1624 4025 diverso
1649 3972 1804 4024 modo
1830 3971 1977 4024 locus
2002 3970 2087 4023 ille
2117 3987 2272 4038 quem
2309 3975 2416 4037 ipse

839 4070 923 4120 vir
973 4068 1177 4119 Domini
1225 4072 1598 4118 construxerat
1641 4062 1975 4115 Miciacensis
2027 4061 2227 4114 scilicet
2272 4077 2414 4113 nunc

834 4159 1100 4221 floruerit,
1159 4173 1298 4209 nunc
1353 4156 1552 4208 ultimze
1603 4153 1885 4220 abjectinni
1943 4153 2196 4220 patuerit,
2259 4153 2415 4204 modo

835 4263 1051 4318 quoque
1089 4260 1370 4314 resurgere
1403 4243 1618 4296 tentarit
1653 4260 1665 4295 :
1702 4243 1841 4295 inter
1870 4257 2000 4309 quas
2022 4257 2209 4294 omnes
2238 4242 2412 4292 varie-

834 4349 974 4391 tates
1015 4337 1295 4391 clementia
1328 4333 1686 4389 misericordis
1715 4333 1806 4385 Dei
1841 4347 2109 4399 nunquam
2141 4330 2329 4394 abfuit,
2361 4342 2413 4384 et

2521 3160 2721 3230 ptione,
2759 3169 2990 3214 attamen
3040 3162 3186 3216 utilis
3222 3161 3498 3230 profectus
3541 3164 3991 3232 contemplatione
4026 3167 4094 3221 ad

2521 3252 2622 3305 hoc
2648 3253 2885 3305 animmn
2915 3251 3110 3321 appuli,
3160 3261 3220 3306 ut
3266 3268 3385 3320 qute
3430 3253 3514 3307 vel
3557 3254 3668 3322 ipse
3718 3255 3967 3320 viderim,
4008 3257 4093 3312 vel

2519 3343 2864 3413 probatorum
2903 3341 3134 3395 veridica
3176 3341 3436 3397 relatione
3479 3344 3851 3413 cognoverim,
3904 3345 3969 3400 de
4007 3345 4094 3401 his

2520 3433 2763 3487 videlicet
2801 3449 2918 3502 quae
2948 3432 3226 3486 intentioni
3259 3443 3380 3488 sunt
3406 3434 3689 3488 scribenda
3729 3442 3993 3504 putarem.
4036 3435 4093 3490 In

2518 3540 2624 3594 quo
2648 3525 2825 3594 operis
2853 3532 3104 3578 contextu
3131 3524 3205 3577 nil
3229 3524 3421 3578 mirum
3447 3524 3627 3578 ‘videri
3658 3524 3815 3578 debet
3842 3565 3856 3590 ,
3881 3526 3924 3579 si
3949 3541 4096 3592 (ωειδ-

2517 3617 2638 3671 dam
2672 3617 2982 3670 interseram
3010 3630 3129 3684 quae
3165 3615 3230 3667 ad
3269 3615 3321 3668 id
3370 3614 3640 3685 negotium
3681 3615 3948 3684 pertinere
3995 3615 4096 3668 mi-

2521 3707 2662 3759 nime
2697 3706 2996 3766 videantur,
3035 3720 3154 3758 cum
3183 3705 3233 3757 id
3260 3713 3312 3757 et
3337 3719 3461 3757 raro
3487 3703 3704 3768 faciam,
3732 3705 3832 3758 etsi
3872 3703 4095 3758 intuitus

2518 3806 2663 3850 recte
2701 3794 3004 3864 speculandi
3051 3793 3190 3847 adsit
3231 3809 3334 3848 non
3375 3793 3492 3847 sine
3536 3807 3717 3847 causa.
3779 3791 3910 3846 Nam
3957 3801 4012 3846 et
4045 3808 4094 3845 .a

2517 3885 2817 3938 Chlndnveo
2844 3883 3103 3949 incipiens
3132 3891 3187 3934 et
3217 3881 3283 3935 de
3312 3880 3427 3947 ejus
3470 3881 3653 3936 solerti
3683 3881 3895 3950 ingenio
3923 3895 4092 3949 pauca

2519 3974 2798 4026 admodum
2835 3972 3118 4039 praelibans
3141 3985 3203 4024 ea
3229 3970 3293 4023 de
3316 3985 3374 4023 re
3411 3970 3463 4022 id
3500 3970 3661 4035 volui,
3693 3979 3751 4022 ut
3780 3983 3843 4022 eo
3872 3978 4092 4023 auctore

2517 4061 2665 4129 cujus
2695 4060 3054 4115 munificentia
3085 4060 3231 4115 locus
3256 4061 3320 4114 de
3348 4075 3454 4129 quo
3476 4059 3617 4129 loqui
3648 4061 3903 4130 gestimus
3927 4060 4094 4128 cmpit

2515 4155 2829 4215 exordium,
2889 4162 3086 4206 nostrae
3135 4167 3350 4221 quoque
3399 4151 3724 4204 narrationis
3779 4149 4094 4203 fundaretur

2515 4245 2853 4315 principium.
2912 4244 3041 4300 ltem
3087 4259 3207 4298 cum
3250 4244 3386 4296 ﬁlios
3428 4244 3543 4312 ejus
3592 4243 3804 4305 induco,
3838 4242 3889 4295 id
3928 4256 4091 4294 causa

2514 4338 2655 4390 beati
2682 4337 2822 4389 Aviti
2856 4335 2993 4390 facio
3027 4345 3081 4389 et
3119 4335 3488 4404 antiquitatem
3521 4343 3574 4388 et
3601 4335 3834 4387 studium
3877 4333 4092 4402 pietatis

837 4429 1218 4485 IlliI‘aClIlOI'lllll
1252 4426 1401 4495 copia
1436 4425 1642 4477 meritis
1686 4422 1920 4490 ejusdem
1965 4422 2136 4476 Patris
2178 4422 2412 4475 CXIIlllilﬂ
2444 4411 2486 4472 C
2518 4431 2633 4498 ejus
2661 4429 3038 4483 commendare
3073 4427 3276 4481 volens.
3318 4427 3524 4480 Rursus
3566 4442 3686 4479 cum
3727 4441 3910 4495 regum
3952 4434 4087 4478 lem-

836 4520 1153 4572 vacillantes
1181 4529 1232 4571 ct
1261 4517 1493 4585 trepidos
1523 4517 1715 4584 saepius
1737 4514 2006 4568 eonsolata
2042 4523 2154 4576 est;
2188 4514 2413 4566 inveniri

834 4623 997 4662 nemo
1037 4609 1205 4676 pozuit
1253 4607 1342 4675 qui
1387 4607 1486 4659 hoc
1532 4607 1732 4673 scripto
1783 4605 1984 4666 ederet,
2036 4611 2297 4671 quatenus
2348 4603 2414 4654 ad

835 4700 1084 4754 notitiam
1114 4698 1442 4766 posteritatis
1471 4698 1658 4750 ordine
1697 4695 1973 4765 pervenire
2003 4694 2222 4747 valeret.
2265 4692 2414 4757 Quod

836 4789 1016 4858 magni
1068 4789 1300 4840 arbitror
1349 4788 1673 4849 detrimenti,
1731 4803 1849 4840 cum
1905 4794 1957 4840 et
2009 4786 2097 4838 Dei
2156 4786 2411 4838 beneficia

839 4878 1045 4946 ignavas
1073 4876 1324 4931 oblivioni
1355 4876 1460 4927 sint
1493 4877 1682 4927 tradita
1711 4885 1763 4926 et
1791 4875 1938 4928 locus
1971 4875 2228 4943 abjectior
2266 4874 2415 4927 habi—

838 4977 944 5026 tus,
979 4974 1207 5034 quantus
1237 4964 1318 5016 vel
1350 4965 1519 5031 qualis
1542 4963 1666 5015 olim
1691 4962 1849 5015 fuerit
1879 4963 2219 5016 monimentis
2250 4962 2412 5016 silen-

839 5059 980 5111 tibus
1003 5073 1137 5126 pene
1167 5058 1373 5111 cunctis
1398 5057 1724 5126 incognitum
1754 5056 1838 5108 sit.
1881 5055 2013 5108 Nam
2044 5056 2182 5123 quod
2218 5056 2283 5107 ad
2318 5054 2416 5107 ali-

839 5147 989 5216 cujus
1021 5132 1262 5202 notitiam
1285 5149 1566 5218 pervenire
1596 5147 1786 5216 potuit,
1812 5146 1952 5214 quod
1977 5147 2075 5198 sub
2096 5145 2265 5198 oculis
2300 5146 2413 5212 ejus

840 5241 923 5292 cui
971 5240 1254 5294 innotescit
1293 5249 1558 5309 patratum
1610 5254 1711 5291 non
1763 5248 1874 5301 est;
1926 5237 1976 5290 id
2028 5236 2210 5304 procul
2254 5235 2413 5288 dubio

837 5336 928 5379 aut
959 5329 1152 5381 litteris
1193 5337 1284 5382 aut
1332 5327 1617 5381 tradilione
1665 5327 1798 5380 viva:
1837 5327 1981 5380 vocis
2014 5326 2272 5392 perlatum
2309 5336 2409 5378 est.

837 5419 988 5482 Quod
1017 5427 1194 5472 autem
1224 5427 1414 5472 neutro
1443 5420 1651 5480 horum,
1681 5417 1730 5469 id
1753 5416 1934 5484 procul
1961 5415 2118 5469 dubio
2139 5431 2205 5468 an
2233 5415 2408 5476 fuerit.

2516 4535 2643 4588 pora
2693 4534 2786 4587 per
2835 4533 3094 4571 annorum
3129 4518 3556 4587 supputationem
3587 4530 3754 4583 usque
3783 4515 3847 4566 ad
3879 4515 4091 4568 Childe'

2515 4610 2729 4663 bertum
2774 4608 3038 4676 Sigeberti
3098 4607 3261 4660 lilium
3309 4608 3598 4677 distinguo,
3659 4608 3709 4660 id
3764 4605 3969 4659 duabus
4021 4623 4087 4661 ex

2515 4700 2692 4752 causis
2717 4696 2909 4758 cilicio,
2953 4707 3009 4750 ut
3051 4696 3392 4766 comprobem
3422 4696 3481 4748 Β.
3514 4696 3911 4750 Launomarum
3946 4699 4087 4766 patri

2515 4789 2802 4842 Maximino
2834 4791 3190 4858 synchronnm
3229 4787 3394 4842 fuisse
3416 4830 3430 4852 ,
3461 4787 3720 4841 duntaxat
3748 4790 3824 4843 sic
3858 4800 3915 4842 ut
3938 4798 4088 4859 patre

2514 4879 2802 4933 Maximino
2827 4880 2998 4932 :etatis
3025 4878 3274 4947 perfecta:
3316 4879 3402 4931 hic
3442 4879 3789 4933 adolesceret.
3825 4879 3934 4942 Nec
3964 4891 4088 4934 ante

2512 4971 2755 5024 eumdem
2788 4979 2993 5037 patrem
3026 4968 3370 5022 Maximinum
3413 4970 3462 5021 in
3503 4969 3603 5022 hac
3648 4979 3831 5023 nostra
3871 4971 4088 5038 regione

2513 5072 2834 5127 quemquam
2871 5065 3080 5124 patrum
3123 5056 3238 5124 ejus
3269 5057 3602 5110 auctoritatis
3650 5058 3906 5124 scriptum
3941 5058 4088 5110 inve-

2513 5149 2637 5212 niri,
2669 5148 2758 5216 qui
2791 5155 2867 5199 tot
2906 5155 3119 5200 sanctos
3148 5154 3201 5198 et
3231 5146 3463 5199 illustres
3507 5147 3651 5199 viros
3687 5146 3931 5215 exemplo
3977 5161 4086 5200 sua:

2512 5239 2860 5294 institutionis
2905 5237 3233 5302 informarit,
3286 5247 3446 5306 atque
3489 5239 3608 5291 ideo
3653 5253 3758 5291 non
3814 5238 4084 5291 immerito

2512 5327 2902 5393 conjiciendum
2935 5328 3105 5396 ipsum
3137 5336 3382 5381 sanctum
3421 5336 3474 5380 et
3503 5327 3861 5381 venerabilem
3911 5327 4081 5379 virum

2510 5417 2904 5471 Launomarum
2929 5417 2994 5468 de
3015 5417 3113 5469 hac
3139 5417 3248 5484 ipsa
3279 5416 3393 5484 ejus
3417 5417 3743 5483 processisse
3767 5415 4077 5485 disciplina:
