4494 5520
359 437 458 490 797

1401 429 1596 482 LlBl‘lR
1640 429 1722 480 DE
1761 427 2128 480 .‘llllACL'LlS
2168 428 2226 480 S.
2273 425 2604 480 ΜΑΧΙΜΙΝΙ.

3512 422 3610 478 798

360 550 576 608 riricus,
605 556 661 598 ut
702 553 821 612 post
861 543 1051 596 dicturi
1098 557 1301 602 sumus,
1347 539 1472 592 dum
1516 539 1584 592 ab
1631 539 1729 592 hoc
1772 522 2008 604 mole-’A
2037 541 2180 594 dium
2221 541 2484 609 hodieque
2529 541 2713 594 claret.
2755 541 2884 594 Nil.”
2923 542 3059 594 inter
3089 551 3313 594 exteros
3349 542 3610 594 bonorum

359 649 531 696 status
586 633 898 689 recessisset
947 631 1083 693 loco,
1138 631 1202 683 ad
1248 629 1610 683 Corbioncnse
1666 637 1935 681 monaste-

361 731 497 783 rium
550 739 608 779 se
660 723 881 778 contulit
913 761 928 786 ,
991 731 1046 775 et
1097 721 1238 790 quod
1297 721 1432 774 Vita:
1483 727 1800 788 supererat,
1861 717 1934 771 ibi

361 816 663 886 complevit.

430 906 481 961 3.
523 907 690 962 Porro
717 915 895 960 autem
927 922 1025 961 nec
1049 906 1228 961 omnia
1256 920 1372 973 quae
1395 903 1735 974 cognoverim
1763 901 1813 954 in
1838 902 1940 956 hoc

362 1001 514 1070 posui
569 1000 762 1061 libello,
798 1015 915 1068 qua:
965 1000 1016 1051 in
1066 999 1166 1052 hoc
1205 997 1284 1052 vel
1334 999 1397 1051 de
1435 998 1536 1050 hoc
1585 996 1763 1048 habita
1812 996 1940 1059 sint,

366 1102 650 1149 revocatus
686 1092 870 1161 utique
909 1102 1206 1158 temporum
1250 1087 1605 1143 confusione:
1650 1103 1766 1155 qua:
1815 1086 1939 1155 quia

368 1187 674 1241 discernere
704 1185 917 1253 nequivi
937 1224 951 1245 ,
992 1185 1260 1237 conticere
1290 1182 1482 1235 exinde
1514 1179 1702 1232 melius
1737 1179 1939 1248 putavi.

367 1277 629 1343 Quoniam
661 1276 868 1329 nobiles
902 1284 956 1328 et
1001 1271 1501 1341 industriosPatrcs
1533 1271 1583 1322 in
1611 1269 1711 1322 hoc
1751 1268 1939 1320 eodem

365 1371 612 1425 ﬂoruisse
653 1372 769 1426 loco
791 1370 1040 1440 cognovi,
1073 1369 1402 1439 Haymonem
1432 1365 1698 1427 videlicet,
1744 1364 1939 1417 Steno-

368 1465 599 1533 gaudum
627 1473 680 1516 et
711 1462 1118 1516 Dructesindum
1149 1503 1162 1525 ,
1192 1459 1496 1512 Bertoldum
1525 1470 1738 1526 quoque
1769 1441 1938 1506 virum

367 1553 789 1608 eruditissimum
833 1555 921 1622 qui
975 1553 1148 1607 Vitam
1200 1562 1437 1606 veterem
1469 1551 1636 1619 patris
1678 1545 1950 1600 Maximini

371 1644 566 1701 dicitur
599 1644 851 1708 edidisse,
882 1644 1095 1698 Petrum
1123 1644 1285 1697 etiam
1313 1642 1463 1710 cujus
1489 1639 1722 1696 eruditio
1752 1648 1805 1690 et
1842 1647 1956 1690 stu-

2038 646 2298 694 5uorum,
2347 633 2678 686 diversarum
2726 631 3068 684 historiarum
3121 630 3284 684 libros
3330 630 3451 683 huic
3500 628 3615 681 loco

2040 723 2286 785 contulit,
2330 730 2383 773 et
2431 721 2646 789 proprio
2697 719 2877 773 labore
2923 728 3193 773 correctos
3237 729 3290 772 et
3331 717 3617 770 distinctos

2045 813 2128 867 die
2161 810 2339 865 C(ane
2372 809 2598 869 Domini,
2641 817 2696 861 ut
2729 808 2824 877 ipsi
2855 808 2974 860 libri
3021 815 3303 869 testantur,
3349 819 3510 872 super
3547 801 3620 855 al-

2048 913 2162 957 tare
2187 903 2242 956 S.
2276 899 2530 968 Stephani
2562 898 2971 968 protomartyris
3001 897 3195 966 posuit.
3249 894 3322 948 De
3368 894 3449 948 his
3489 904 3621 962 ergo

2048 995 2173 1066 quia
2219 995 2474 1048 discretio
2516 1003 2813 1062 temporum
2857 1007 2962 1044 non
3013 990 3187 1043 elucet
3221 988 3350 1042 satis
3397 986 3619 1040 dictum.

2049 1086 2200 1140 Nunc
2229 1085 2294 1138 ad
2323 1085 2516 1139 seriem
2546 1082 2867 1136 narrationis
2893 1081 3155 1135 reversuri
3181 1094 3400 1132 oramus
3422 1074 3622 1130 Christi

2047 1177 2303 1231 bonitatis
2336 1174 2770 1232 immensitatem.
2805 1182 2862 1225 ut
2889 1172 3090 1242 potenti
3125 1171 3342 1222 dextera
3382 1164 3626 1220 suﬂ'ultos

2049 1265 2115 1320 ad
2141 1268 2307 1335 optati
2350 1266 2543 1320 littoris
2591 1265 2848 1334 perducat
2900 1279 2996 1316 nos
3044 1260 3387 1314 metationem
3420 1271 3433 1308 :
3468 1254 3626 1308 simul

2053 1359 2214 1412 etiam
2260 1358 2560 1426 ﬂagitantes
2617 1357 2662 1410 si
2722 1356 2874 1409 oculo
2941 1335 3247 1406 intentionis
3297 1356 3491 1401 nostra:
3548 1343 3624 1396 fc-

2049 1460 2196 1504 stuca
2241 1448 2532 1509 inhzeserit,
2572 1461 2692 1499 cum
2733 1444 3014 1498 dilectione
3050 1439 3230 1496 evulsa
3268 1452 3370 1491 non
3407 1435 3625 1489 livorem

2051 1540 2311 1610 perferat,
2348 1537 2440 1591 sed
2476 1535 2814 1590 charitatem.

1193 1940 1932 2059 INCIPIUNT
2021 1926 2795 2049 MIRACULA.

886 2171 1113 2227 CAPUT
1156 2166 1436 2222 PRIMUM.

375 2289 616 2347 Clodovei
641 2289 980 2358 elogiuut.i_S.
1013 2285 1247 2351 Euspicii
1281 2285 1394 2333 ritte
1422 2278 1813 2358 coiitprndimn;
1840 2275 1959 2326 item

449 2346 510 2416 S.
551 2346 848 2414 Maximini.
880 2346 1156 2409 Maximini
1194 2354 1417 2419 insignes
1448 2347 1708 2419 discipuli.
1744 2346 1960 2398 Senten-

447 2415 523 2485 tia
555 2432 785 2483 auctoris
819 2428 882 2480 de
910 2427 1133 2478 adventu
1158 2423 1218 2476 S.
1254 2415 1428 2474 .ll'auri
1460 2421 1513 2470 in
1545 2415 1764 2469 Gallias.

453 2545 504 2598 Ι.
549 2543 648 2596 Diu
697 2555 782 2593 me
830 2543 1199 2607 pertractante
1241 2532 1366 2600 quid
1412 2528 1590 2600 potius
1637 2525 1963 2579 assumenda

381 2630 714 2688 narrationis
734 2629 945 2682 ordirer
989 2622 1310 2693 principium
1351 2619 1627 2672 locuturus
1654 2615 1719 2669 de
1747 2612 1960 2666 virtuti-

379 2721 480 2774 bus
509 2718 686 2788 magni
717 2724 770 2770 et
798 2711 1279 2784 przecellentissimi
1307 2709 1481 2763 Patris
1504 2707 1801 2769 Maximini,
1842 2720 1964 2773 rege

380 2809 685 2863 Chlodoveo
711 2803 1076 2860 nihil‘clarius
1107 2802 1407 2857 inventum,
1441 2798 1533 2862 qui
1573 2798 1735 2847 totius
1767 2805 1966 2845 nostrae

381 2890 804 2961 superponenda:
827 2888 1066 2942 historizn
1086 2886 1238 2954 quasi
1259 2882 1686 2943 fundamentum,
1709 2880 1967 2948 primum.

382 2997 489 3050 que
518 2979 926 3032 fundamentum
956 2991 1058 3028 non
1090 2974 1360 3027 immerito
1384 2972 1693 3026 collocetur.
1729 2969 1825 3022 llic
1850 2977 1963 3020 ete-

383 3071 492 3126 nim
522 3084 617 3124 rex
642 3084 762 3121 cum
787 3068 960 3136 primo
987 3079 1172 3117 errore
1192 3061 1505 3131 gentilitatis
1529 3071 1671 3114 esset
1700 3060 1964 3121 irretitus,

383 3161 766 3231 praedicatione
814 3157 874 3209 Β.
925 3154 1148 3223 Remigii
1206 3154 1536 3206 lihemorum
1584 3151 1853 3218 episc0pi,
1913 3160 1968 3203 et

385 3254 670 3307 exhortatu
716 3247 1066 3302 nihilominus
1115 3243 1448 3298 Chrothildis
1502 3242 1701 3310 regina:
1751 3256 1860 3294 suae
1901 3238 1968 3293 ad

385 3342 544 3396 fidem
584 3339 784 3396 Christi
831 3351 1145 3398 conversus,
1177 3346 1284 3388 tam
1336 3334 1525 3387 devote
1573 3332 1790 3386 Christo
1837 3329 1970 3381 vixit

386 3432 656 3498 subjectus
683 3446 842 3498 quam
878 3429 931 3481 in
979 3427 1145 3480 armis
1185 3439 1305 3478 esse
1344 3423 1549 3477 studuit
1591 3436 1802 3490 semper
1828 3419 1968 3472 iuvi-

387 3534 525 3579 ctus.
575 3521 709 3577 Cum
758 3521 902 3574 enim
945 3517 1212 3572 catholica
1260 3516 1434 3586 pietas
1483 3515 1705 3584 vigeret,
1760 3511 1966 3565 Gothos

387 3614 478 3682 qui
528 3610 742 3664 Arianis
790 3607 1158 3677 impietatibus
1195 3603 1531 3674 squallebant
1579 3603 1645 3655 ab
1678 3600 1964 3669 Aquitania

388 3704 612 3773 expulit,
665 3711 717 3755 et
764 3699 942 3753 occiso
972 3714 1159 3752 eorum
1209 3711 1335 3766 rege
1374 3693 1587 3747 Alarico
1633 3692 1798 3744 lilium
1851 3689 1966 3757 ejus

387 3794 716 3846 Amalricum
751 3792 802 3844 in
837 3789 1124 3858 Hispanias
1166 3786 1349 3855 fugere
1382 3785 1577 3853 coegit,
1611 3796 1853 3851 peneque
1884 3791 1962 3832 to-

391 3897 497 3938 tam
554 3883 779 3939 Galliam
837 3882 935 3934 sibi
988 3881 1154 3932 armis
1209 3877 1526 3937 vindicans,
1577 3873 1708 3926 lines
1758 3870 1966 3940 imperii

389 3979 658 4039 Rhenum,
705 3975 890 4042 Alpes,
935 3973 1292 4026 Meridianum
1337 3982 1503 4028 mare,
1549 3974 1759 4019 montes
1802 3964 1966 4033 Pyre-

389 4083 533 4123 naeos
564 4077 617 4119 et
639 4065 911 4119 Oceanum
944 4054 1648 4127 habuitSeptentrioualem.
1677 4054 1731 4106 In
1758 4062 1966 4106 tantum

388 4161 619 4227 denique
648 4157 880 4211 nominis
908 4155 1021 4222 ejus
1049 4163 1224 4206 terror
1248 4159 1469 4205 cunctas
1500 4147 1602 4200 sibi
1649 4146 1967 4215 continguas

389 4262 704 4326 pervaserat
736 4251 1002 4312 nationes,
1030 4256 1086 4300 ut
1115 4247 1277 4299 etiam
1298 4241 1642 4302 Anastasius,
1673 4239 1764 4306 qui
1798 4239 1965 4306 impe-

391 4347 472 4401 rio
501 4343 725 4398 Romani
773 4340 1007 4393 nominis
1054 4344 1303 4406 praeerat,
1351 4332 1614 4387 amicitias
1646 4328 1760 4396 ejus
1801 4328 1970 4381 ambi-

393 4448 492 4498 ret.
524 4447 576 4491 et
613 4433 889 4489 consulem
933 4445 1053 4484 eum
1082 4443 1145 4481 ac
1177 4427 1462 4497 patricium
1491 4426 1746 4478 Romana:
1789 4423 1968 4490 reipu-

390 4529 543 4582 blicae
573 4527 714 4579 datis
746 4521 1007 4578 codicillis
1047 4519 1467 4586 muneribusque
1494 4517 1699 4583 magnis
1728 4512 1969 4568 conscri—

401 4620 575 4672 beret.
616 4616 742 4670 Fuit
770 4615 914 4667 enim
938 4613 1020 4666 vir
1046 4621 1142 4681 per
1169 4611 1347 4665 omnia
1369 4619 1637 4669 strenuus,
1663 4607 1752 4674 qui
1787 4604 1971 4675 gloria:

394 4707 682 4777 aliquando
705 4704 836 4758 nihil
861 4702 1135 4764 minuerit,
1169 4710 1220 4754 et
1251 4698 1486 4754 secunda
1521 4697 1757 4758 fortuna,
1797 4692 1971 4746 maxi-

394 4813 584 4867 meque
639 4794 870 4849 imbellis
912 4807 1127 4860 semper
1169 4804 1300 4844 usus
1349 4787 1450 4851 sit,
1504 4783 1743 4839 infensus
1793 4792 1969 4834 tamen

393 4888 708 4957 p:u-entibus
734 4899 868 4953 quos
894 4897 1030 4951 pene
1056 4896 1244 4935 omnes
1269 4878 1495 4933 diversis
1520 4876 1746 4944 peremit
1772 4874 1966 4926 causis.

463 4979 515 5031 2.
581 4978 748 5046 lgitur
803 4972 1243 5026 Viridunensium
1301 4968 1618 5022 rebelliones
1671 4965 1970 5019 vicinorum

395 5072 786 5124 Germanorum
815 5080 908 5133 spe
934 5065 1207 5133 provocati
1233 5079 1261 5115 a
1294 5075 1416 5129 rege
1440 5059 1717 5119 deficiunt,
1743 5071 1971 5125 quorum

391 5163 667 5217 civitatem
712 5157 855 5211 illico
898 5155 1132 5219 obsedit,
1168 5152 1651 5219 subvertissetque,
1700 5149 1801 5202 nisi
1852 5162 1973 5200 nra-

392 5255 538 5308 tione
567 5245 962 5320 praeclarissimi
1002 5245 1102 5297 viri
1144 5240 1375 5310 Euspicii
1405 5240 1495 5308 qui
1536 5240 1587 5291 in
1621 5239 1808 5292 eadem
1842 5236 1975 5290 urbe

387 5337 717 5414 presbyterii
762 5337 968 5390 honore
993 5331 1248 5391 ﬂorebat,
1283 5331 1540 5397 impetum
1589 5325 1973 5390 revocavisset,

389 5445 434 5461 η.
470 5429 849 5461 :mm...:mmm
874 5423 1116 5461 nummuic
1141 5420 1536 5461 nnr-nntiscimic
1560 5416 1974 5461 condmmmlam

1985 2156 2030 2214 Β
2060 2149 2407 2204 dilectissimo
2452 2147 2646 2201 indolis
2694 2143 2982 2198 Maximino
3012 2142 3301 2196 adveniens
3342 2143 3642 2196 honoratus

2063 2241 2114 2293 in
2136 2249 2340 2291 tantum
2373 2253 2402 2289 a
2433 2251 2557 2305 rege
2578 2245 2678 2294 cst,
2701 2243 2755 2284 ut
2786 2233 2946 2285 etiam
2970 2233 3150 2285 sedem
3179 2247 3330 2284 suam
3360 2230 3642 2283 Miciacum

2061 2345 2167 2398 quo
2212 2336 2429 2396 pr0pter
2477 2325 2697 2378 delicias
2745 2322 2971 2391 piscium
3015 2319 3096 2372 vel
3135 2328 3422 2372 venatuum
3456 2319 3646 2370 inuno-

2065 2419 2170 2472 rari
2226 2421 2602 2474 consueverat,
2649 2412 2696 2464 ei
2738 2409 2858 2478 jure
2888 2408 3232 2462 hrcreditario
3265 2406 3596 2460 condonaret
3628 2420 3644 2458 :

2063 2507 2220 2561 simul
2258 2506 2419 2558 ctiam
2446 2501 2791 2557 Cambiacum
2824 2509 2878 2552 et
2905 2497 3245 2550 Litimiacum
3272 2495 3643 2563 possessiones

2064 2599 2156 2652 illo
2187 2607 2425 2664 tempore
2471 2593 2699 2662 inclytas
2748 2605 2868 2643 cum
2905 2587 3156 2640 omnibus
3192 2601 3307 2653 qua:
3341 2586 3424 2638 his
3475 2584 3644 2651 perti-

2065 2697 2278 2750 nerent,
2311 2694 2748 2755 praeceptumque
2783 2681 2943 2748 regias
2971 2677 3311 2732 auctoritatis
3334 2691 3399 2729 cx
3424 2677 3508 2728 his
3533 2675 3649 2728 fieri

2063 2778 2298 2844 juberet.

2137 2866 2190 2918 5.
2229 2863 2286 2916 ln
2315 2864 2417 2916 hoc
2459 2863 2640 2929 itaque
2690 2863 2804 2930 ipso
2838 2862 3021 2924 fundo,
3059 2861 3364 2914 Miciacensi
3418 2859 3648 2925 scilicet,

2067 2963 2340 3008 exstructa
2400 2953 2621 3006 basilica
2687 2952 2916 3020 aliisque
2985 2954 3311 3006 necessariis
3372 2952 3646 3015 adiﬁciis,

2067 3048 2126 3100 Β.
2176 3045 2461 3114 Euspicius
2504 3059 2624 3097 cum
2681 3043 2816 3096 felici
2854 3052 3045 3112 nepote
3094 3043 3385 3096 Maximino
3412 3043 3649 3110 quandiu

2070 3139 2229 3192 rebus
2269 3136 2520 3190 humanis
2551 3134 2814 3194 interfuit,
2867 3134 3210 3188 laudabiliter
3240 3135 3392 3187 vixit.
3425 3135 3493 3187 At
3523 3146 3651 3185 vero

2067 3247 2132 3286 eo
2178 3229 2471 3283 decedente
2513 3234 2568 3279 et
2610 3223 2764 3292 juxta
2819 3223 2960 3278 latus
3003 3224 3149 3278 beati
3179 3222 3425 3292 praesulis
3454 3223 3649 3276 Aniani

2069 3321 2279 3390 sepulto
2327 3318 2408 3370 vir
2449 3314 2660 3369 Domini
2692 3313 3017 3367 Maximinus
3063 3314 3309 3367 eumdem
3343 3311 3516 3365 locum
3549 3310 3648 3365 sibi

2071 3409 2386 3464 attributum
2415 3404 2796 3460 honestissime
2847 3418 3059 3473 regens,
3116 3404 3167 3456 iu
3207 3413 3413 3456 tantum
3460 3403 3649 3454 lauda~

1994 3497 2036 3557 C
2069 3501 2192 3556 bilis
2223 3500 2321 3552 fuit
2353 3496 2668 3567 disciplinae,
2704 3509 2761 3547 ut
2790 3494 2952 3548 etiam
2980 3493 3308 3547 sanctissimi
3334 3492 3433 3545 viri
3462 3492 3651 3544 Avitus

2068 3603 2122 3648 et
2173 3590 2438 3648 Carilefus
2467 3606 2589 3644 cum
2635 3602 2875 3641 eremum
2922 3583 3195 3638 communi
3246 3582 3471 3637 consilio
3500 3591 3650 3649 pete-

2069 3696 2190 3738 rent
2216 3692 2270 3738 et
2298 3698 2421 3737 oras
2463 3680 2672 3751 Ligeris
2715 3677 2952 3732 ﬂuminis
2985 3675 3311 3745 attingentes
3345 3677 3462 3740 ejus
3493 3672 3650 3726 famae

2067 3776 2286 3829 odorem
2331 3772 2665 3834 hausissent,
2705 3767 2894 3822 relicto
2931 3766 3095 3837 priori
3128 3765 3423 3834 proposito.
3457 3765 3652 3817 arden—

2069 3866 2279 3919 tissimo
2309 3863 2373 3916 ad
2400 3878 2522 3916 eum
2554 3861 2877 3914 festinarent
2912 3873 3137 3912 occursu
3165 3870 3179 3910 :
3213 3871 3347 3925 quos
3381 3855 3468 3908 ille
3495 3855 3648 3907 beni-

2069 3958 2325 4028 gniSsime
2374 3955 2694 4022 suscipiens,
2750 3952 3200 4021 cohabitandique
3251 3951 3375 4003 data
3433 3949 3651 4004 licentia

2068 4063 2160 4101 eos
2191 4045 2293 4098 sibi
2321 4042 2585 4113 spirituali
2609 4042 2850 4096 devinxit
2881 4056 3083 4101 amore,
3117 4050 3171 4093 et
3206 4041 3379 4094 sancti
3409 4038 3648 4101 Carilefi,

2069 4155 2206 4208 pene
2235 4137 2449 4190 assidua
2496 4134 2776 4187 fruebatur
2814 4132 3186 4186 collocutione.
3236 4130 3434 4184 Sancto
3473 4138 3648 4181 autem

2068 4231 2228 4283 Avito
2255 4242 2441 4281 curam
2474 4224 2740 4292 delegavit
2778 4221 3031 4276 frateruLe
3058 4221 3394 4280 sulistautice,
3422 4220 3521 4272 sub
3552 4233 3647 4271 cu-

2064 4319 2153 4388 jus
2195 4315 2369 4370 oﬂicio
2401 4314 2486 4368 illa
2525 4312 2909 4380 omnipotentis
2949 4311 3161 4363 Domini
3210 4310 3380 4380 gratia
3405 4349 3418 4373 ,
3452 4307 3649 4360 libera-

2070 4410 2210 4472 litas,
2239 4407 2459 4476 largitas
2503 4404 2651 4457 Patri
2680 4402 2972 4456 Maximino
3000 4401 3203 4454 indulta
3249 4417 3441 4470 pagunt
3483 4400 3652 4451 Aure-

2072 4499 2362 4552 lianensem
2389 4510 2524 4564 pene
2553 4503 2719 4547 totum
2751 4508 2779 4546 a
2809 4491 2965 4545 fatuis
2990 4491 3229 4560 periculo
3257 4489 3525 4543 liberavit.

2140 4590 2194 4642 4.
2235 4587 2494 4641 Mirabilis
2521 4585 2679 4638 Pater
2704 4599 2799 4653 per
2823 4582 3001 4636 omnia
3022 4623 3035 4646 ,
3069 4582 3152 4635 cui
3186 4581 3438 4635 collatum
3465 4580 3652 4632 divino

2074 4684 2143 4737 sit
2192 4694 2411 4734 munere
2444 4677 2575 4731 tales
2607 4676 2807 4730 habere
2839 4673 3131 4741 discipulos
3154 4714 3167 4736 ,
3213 4672 3451 4739 talesque
3489 4672 3651 4723 lnlltl-

2079 4771 2392 4830 stros.Natn
2410 4771 2524 4835 eius
2555 4778 2756 4822 sancta:
2789 4765 3050 4821 clientclaa
3083 4781 3186 4818 non
3220 4764 3391 4818 solum
3429 4763 3481 4816 hi
3514 4763 3650 4825 duo,

2002 4836 2050 4894 θ
2076 4867 2166 4920 sed
2200 4873 2253 4917 ct
2281 4863 2368 4915 alii
2405 4861 2556 4914 multi
2587 4860 2758 4913 sancti
2793 4859 3140 4912 adhmrebant
3172 4857 3270 4910 viri
3302 4857 3500 4909 mundo
3526 4856 3652 4908 olim

2077 4951 2498 5024 exspectabiles,
2528 4950 2620 5003 sed
2659 4965 2800 5003 nunc
2826 4949 3019 5001 merito
3043 4947 3255 5000 virtutis
3286 4948 3494 5000 cunctis
3535 4946 3655 4998 imi-

2081 5046 2290 5099 tabiles.
2324 5043 2401 5095 Ex
2434 5037 2548 5106 ejus
2578 5053 2810 5107 namque
2849 5037 3133 5106 disciplina
3173 5037 3225 5089 hi
3259 5038 3519 5089 virtutum
3549 5036 3652 5087 cui.

2080 5137 2222 5190 mine
2254 5133 2452 5195 erecti;
2486 5130 2701 5200 plurimi
2735 5144 2923 5184 eorum
2957 5128 3391 5183 anachoreticam
3419 5125 3658 5194 expetie-

2081 5238 2208 5282 runt
2239 5228 2402 5280 vitam
2423 5265 2438 5288 ,
2474 5231 2528 5277 et
2567 5223 2619 5276 in
2656 5235 2719 5274 ea
2764 5230 3080 5276 constanter
3107 5216 3470 5289 philosophati
3499 5224 3620 5268 stmt
3647 5231 3662 5272 ;

2078 5330 2137 5373 ut
2162 5334 2265 5371 non
2290 5317 2460 5372 solum
2486 5326 2806 5367 communes
2832 5313 3085 5365 humanae
3115 5307 3468 5364 habitationis
3493 5304 3666 5368 sedes,

2081 5412 2174 5461 sed
2202 5411 2411 5461 deserta
2439 5417 2491 5461 et
2518 5405 2659 5459 invia
2689 5412 2747 5458 et
2777 5394 3041 5461 inaqusa
3075 5401 3206 5457 rivis
3237 5417 3351 5457 sua:
3379 5395 3672 5457 beatitudi-
