4494 5520
843 428 948 484 799

1896 430 2184 485 LETALDI
2224 427 2650 483 MICIACENSiS
2700 430 3004 485 MONACIII

3983 433 4087 489 800

847 548 899 600 iu
932 543 1283 607 Viatoria,et
1320 543 1657 599 Dulchardus
1697 544 1905 599 vicinus
1952 544 2408 605 Bituricensilms;
2443 545 2697 615 Altaque
2754 558 2874 615 post
2939 547 3228 616 gloriosum
3293 542 3522 615 piissimi
3582 540 3761 598 Patris
3809 543 4083 600 Maximini

845 634 977 688 silva
1012 632 1177 688 etiam
1211 647 1331 701 quae
1366 632 1679 703 Longiuqua
1721 634 1937 699 dicitur,
1975 649 2134 702 quam
2175 634 2233 686 B.
2278 633 2412 687 Leo-

843 724 1047 778 nardus
1081 723 1454 793 spiritualibus
1492 724 1606 778 suis
1640 724 1910 777 exercitiis
1948 732 2003 777 et
2040 725 2281 793 corporis
2316 725 2412 778 ho-

844 811 1006 880 spitio
1041 818 1095 865 et
1129 809 1397 865 celebrem
1431 811 1663 864 reddidit
1695 818 1748 865 ct
1779 811 2152 880 propinquam.
2188 810 2318 864 Nam
2350 811 2407 863 Β.

845 901 1243 956 Launomarum
1272 910 1327 956 et
1358 901 1416 955 S.
1445 900 1720 955 Lifardum
1748 916 1810 954 ex
1843 902 1942 956 hac
1973 902 2136 971 ipsius
2166 900 2412 956 ﬂoruisse

845 993 1128 1064 disciplina
1155 995 1282 1049 nulli
1310 995 1685 1064 ambigendum
1715 1002 1815 1047 csl.

915 1083 968 1137 5.
1028 1083 1309 1153 Siquidem
1361 1096 1487 1138 ante
1531 1083 1747 1138 Patrem
1796 1085 2142 1139 Maximinum
2192 1086 2411 1155 ejusque

844 1174 1169 1227 avunculum
1208 1174 1519 1244 Euspicinm
1567 1189 1723 1227 nemo
1760 1186 1969 1244 patrum
2024 1175 2138 1243 ejus
2181 1178 2412 1231 auctori-

847 1264 975 1318 tatis
1006 1265 1058 1317 in
1091 1265 1189 1319 hac
1219 1264 1495 1333 provincia
1526 1264 1721 1334 legitur
1752 1265 2022 1319 habitasse
2044 1307 2056 1330 ,
2089 1266 2176 1335 qui
2215 1275 2292 1319 tot
2333 1268 2413 1320 in-

845 1353 1027 1423 signes
1064 1354 1355 1408 sanctitate
1395 1354 1541 1406 viros
1587 1353 1846 1423 excn‘plis
1897 1370 2004 1408 sum
2056 1354 2412 1410 institutionis

845 1441 1173 1496 informarit.
1217 1442 1369 1509 Quod
1408 1444 1552 1496 cnim
1600 1443 1943 1496 beatissimus
1983 1442 2144 1495 Pater
2186 1443 2413 1497 Benedi-

842 1538 965 1584 ctus
990 1531 1395 1586 dilectissimum
1427 1547 1580 1585 suum
1611 1531 1924 1600 discipulum
1955 1530 2001 1583 M
2044 1548 2195 1585 urum
2225 1544 2409 1602 rogatu

840 1619 1228 1677 Berthecranni
1274 1622 1691 1678 Cenomanensis
1735 1623 1967 1691 episcopi
2011 1624 2109 1677 bas
2149 1625 2413 1692 iu'partcs

842 1713 1072 1778 direxit,
1099 1714 1446 1783 subsequenti
1477 1722 1717 1783 tempore
1739 1713 1937 1767 factum
1968 1724 2068 1767 est.
2092 1715 2207 1779 Quo
2233 1724 2410 1768 autent

843 1810 1086 1871 tempore
1128 1803 1551 1873 gloriosissimus
1592 1803 1752 1857 Pater
1784 1804 2105 1857 Maximinus
2136 1804 2409 1868 ﬂoruerit,

841 1893 1003 1957 satis,
1035 1900 1093 1945 ut
1124 1907 1267 1957 reor,
1299 1893 1603 1946 intimatum
1632 1902 1730 1947 est.
1758 1893 1925 1947 Porro
1955 1894 2142 1947 beatus
2173 1894 2407 1956 Maurus,

838 1978 1234 2035 Brunuechildc
1273 1996 1395 2035 cum
1430 1981 1712 2051 nepotibus
1746 1982 2118 2036 Thcodeberto
2150 1993 2203 2037 et
2233 1982 2409 2037 Theo-

838 2070 1053 2135 derico,
1107 2070 1232 2125 ﬁliis
1289 2070 1612 2135 Ilildeherti,
1673 2072 2137 2141 Burgundionibus
2194 2074 2411 2142 imperi«

839 2166 1019 2222 tante,
1048 2157 1250 2213 Gallias
1293 2161 1568 2230 ingressus
1598 2169 1697 2213 est.
1731 2160 1828 2214 llic
1857 2170 2035 2214 autem
2073 2162 2414 2217 Hildebertus

838 2246 979 2300 filius
1008 2246 1107 2301 fuit
1135 2247 1387 2319 Sigiberti
1410 2289 1424 2311 ,
1453 2250 1541 2317 qui
1570 2249 1635 2301 de
1663 2250 1937 2318 Hispaniis
1967 2260 2243 2303 evocatam
2276 2252 2412 2305 Bru-

836 2335 1137 2390 ncchildem
1180 2337 1330 2390 duxit
1370 2352 1629 2401 uxorem,
1673 2346 1726 2390 et
1765 2338 1999 2406 suscepit
2044 2353 2110 2392 ex
2153 2354 2212 2393 ea
2248 2340 2412 2393 ﬁlium

834 2425 1210 2479 Ilildehertum
1262 2426 1554 2497 sedemque
1596 2427 1751 2482 Metis
1791 2429 2011 2492 habuit,
2056 2445 2175 2499 quae
2216 2430 2415 2483 Medio-

836 2515 1124 2568 matricum
1175 2516 1364 2569 civitas
1406 2527 1508 2571 est.
1560 2517 1728 2571 Porro
1776 2517 2077 2587 Sigibertus
2130 2519 2270 2574 ﬁlius
2316 2520 2416 2574 fuit

835 2602 1174 2667 Chlolharii,
1234 2606 1324 2674 qui
1382 2604 1728 2660 Chlotharius
1803 2609 1915 2677 regi
1983 2608 2290 2663 Chlodoveo
2350 2611 2416 2663 de

836 2691 1154 2747 Chrothilde
1202 2692 1344 2747 ﬁlius
1395 2703 1553 2749 natus
1597 2703 1697 2748 est.
1748 2696 1920 2763 Igitur
1977 2705 2127 2750 tanto
2178 2706 2416 2765 tempore

836 2782 1093 2849 praecedit
1135 2797 1360 2851 magnus
1392 2782 1555 2835 Pater
1580 2783 1901 2836 Maximinus
1945 2786 2231 2838 adventum
2273 2788 2415 2839 beati

836 2872 1009 2925 Mauri
1048 2873 1099 2925 in
1136 2872 1351 2937 Galliis,
1385 2881 1586 2941 quanto
1614 2888 1836 2942 regnum
1864 2872 2153 2926 Chlodovei
2192 2874 2417 2927 senioris

837 2964 1094 3033 prmccdit
1125 2979 1349 3033 regnum
1376 2972 1729 3033 pronepotum
1760 2977 1977 3016 suorum
2017 2962 2334 3016 Theoderici
2365 2970 2419 3015 et

839 3054 1221 3107 Theodeberti.
1269 3054 1404 3107 Nam
1457 3053 1524 3106 ab
1562 3053 1751 3106 ultimo
1782 3067 1923 3106 anno
1970 3051 2282 3115 Chlodovei,
2327 3052 2417 3120 qui

840 3145 1047 3213 primus
1085 3152 1167 3197 est
1190 3143 1471 3207 Chlotarii,
1502 3157 1672 3211 usque
1694 3142 1759 3195 ad
1794 3143 2023 3210 primum
2057 3157 2277 3195 annum.
2308 3142 2417 3194 IIil-

841 3202 1045 3286 deberti
1079 3231 1258 3285 Patris
1290 3232 1515 3285 istorum
1554 3202 1879 3299 colligunlur
1902 3230 2025 3282 anni
2078 3230 2416 3299 septuaginta
2446 3202 2487 3263 ε

841 3322 1078 3390 quinque
1118 3321 1234 3391 (8):
1269 3320 1359 3389 qui
1412 3319 1752 3373 Hildebertus
1795 3320 1847 3371 in
1880 3319 2142 3387 superiori
2190 3318 2418 3373 Francia

842 3430 1100 3483 regnans,
1146 3415 1199 3467 in
1245 3429 1413 3483 regno
1442 3413 1783 3468 Gunthranni
1824 3414 2001 3482 patrui
2034 3414 2138 3477 sui,
2167 3414 2257 3481 qui
2286 3411 2416 3466 Bur-

841 3505 1538 3577 gundionibusimperarat,
1568 3513 1797 3557 matrem
1845 3502 2254 3556 Bruneehildem
2297 3518 2419 3557 cum

843 3596 1129 3664 nepotibus
1155 3595 1267 3649 suis
1297 3594 1548 3649 videlicet
1574 3592 1698 3647 ﬁliis
1728 3593 2207 3661 supranominatis,
2239 3592 2419 3648 Theo-

844 3685 1072 3739 deberto
1099 3684 1305 3739 scilicet
1341 3693 1397 3738 et
1428 3682 1782 3745 Theoderico,
1814 3692 2155 3752 regnaturam
2203 3683 2418 3736 direxit.

843 3774 940 3830 His
982 3776 1162 3843 itaque
1207 3774 1645 3844 imperitantibus
1674 3772 1732 3825 B.
1769 3772 1983 3827 Maurus
2026 3787 2146 3826 cum
2192 3780 2422 3840 quatuor

843 3866 1103 3921 fratribus
1146 3874 1202 3920 ct
1254 3864 1532 3919 Arderado
1561 3872 1614 3918 et
1656 3862 1970 3917 Flodecario
2004 3862 2191 3933 legatis
2223 3860 2422 3916 Gallias

844 3956 1160 4025 ingreditur.
1197 3953 1303 4010 Sed
1332 3955 1396 4009 de
1417 3954 1520 4032 bis
1548 3954 1830 4008 hactenus.

1467 4046 1693 4101 CAPUT
1734 4045 1796 4099 ll.

1024 4140 1099 4195 De
1128 4141 1193 4194 B.
1227 4141 1376 4194 Avito
1402 4149 1449 4193 et
1480 4140 1706 4191 transitu
1735 4138 1902 4191 sancti
1939 4136 2239 4190 Maximini.

915 4233 969 4287 6.
998 4232 1166 4300 Igitur
1185 4231 1244 4285 B.
1282 4230 1473 4284 Avitus
1501 4230 1713 4283 vivente
1740 4229 1913 4282 adhuc
1938 4236 2090 4295 patre
2115 4226 2229 4294 ejus
2261 4226 2421 4296 spiri-

845 4323 997 4388 tuali,
1023 4330 1211 4377 sancto
1229 4322 1479 4375 videlicet
1504 4320 1794 4374 Maximino
1808 4321 1999 4388 primo,
2027 4320 2078 4372 in
2096 4324 2423 4373 monasterio

845 4411 1113 4466 interdum
1130 4419 1367 4465 semotus
1378 4409 1598 4474 mansit,
1616 4424 1679 4462 ac
1693 4408 1884 4463 deinde
1899 4418 2129 4478 quatuor
2145 4406 2256 4461 fere
2271 4422 2299 4460 a
2318 4424 2425 4460 mo-

846 4502 1082 4555 nasterio
1115 4500 1350 4554 millibus
1382 4500 1434 4554 in
1468 4500 1583 4554 loco
1605 4501 1695 4569 qui
1727 4500 1968 4553 Maceria:
1996 4499 2315 4569 (Maiziéres)
2339 4500 2421 4554 di-

2446 1886 2483 1943 Ε

2515 638 2799 691 transitum
2843 638 2903 693 Β.
2934 637 3120 691 Avitus
3158 638 3224 690 ab
3267 637 3433 690 eremi
3466 634 3650 704 quiete
3702 633 3996 699 divellitur,
4027 646 4085 690 et

2514 726 2565 777 in
2596 721 2713 789 ejus
2737 723 2851 777 loco
2884 740 2911 776 a
2948 723 3208 777 fratribus
3230 723 3579 791 subrogatur;
3614 720 3705 789 qui
3739 729 3793 773 et
3817 721 3927 789 ipse
3956 722 4083 776 reli-

2513 811 2669 880 gione
2690 812 2974 877 mirabilis,
3020 813 3096 882 pii
3142 812 3319 867 Patris
3360 812 3584 882 vestigia
3626 809 4086 867 indeclinabiliter

2512 912 2830 971 prosecutus
2864 912 2965 956 est.

2583 992 2636 1043 7.
2668 992 2745 1045 Eo
2774 1000 2952 1047 autem
2974 1001 3215 1063 tempore
3237 992 3578 1048 Cblotharius
3604 1001 3661 1047 et
3685 990 4084 1056 Chlodomlrus,

2515 1081 2608 1135 ﬁlii
2655 1082 2965 1149 Chlodovei,
3002 1083 3368 1154 Burgundiam
3401 1092 3617 1149 petunt,
3669 1083 3984 1139 Gotmarum
4031 1088 4088 1135 et

2515 1173 2914 1243 Sigismundum
2958 1189 3109 1245 reges
3152 1175 3290 1230 ﬁlios
3318 1174 3671 1230 Gundebaudi
3719 1174 3874 1229 caesis
3900 1186 4085 1229 eorum

2512 1265 2838 1319 exercitibus
2870 1264 2924 1318 in
2975 1264 3150 1335 fugam
3195 1272 3431 1319 vertunt.
3467 1264 3847 1334 Sigismundus
3899 1277 3993 1317 rex
4018 1259 4087 1315 ad

2513 1362 2725 1407 sanctos
2740 1362 3002 1423 martyres
3030 1355 3378 1424 Agaunenses
3405 1352 3741 1424 confugiens,
3771 1352 3842 1406 ibi
3874 1349 4103 1405 a.Ch|o-‘

2512 1443 2722 1499 domiro
2750 1459 2871 1498 cum
2902 1459 3070 1500 uxore
3108 1453 3162 1500 et
3193 1445 3315 1499 ﬁliis
3343 1452 3552 1513 captus,
3586 1453 3749 1512 atque
3789 1442 3857 1496 ad
3900 1441 4088 1496 civita—

2515 1543 2620 1588 tem
2656 1534 3098 1589 Aurelianensem
3128 1534 3421 1605 perductus
3468 1542 3569 1589 est.
3603 1532 3753 1600 Quod
3786 1532 3845 1586 Β.
3896 1530 4088 1584 Avitus

2514 1625 2757 1688 audiens,
2803 1626 2868 1679 de
2910 1625 3239 1681 monasterio
3277 1624 3343 1678 ad
3376 1626 3563 1678 urbem
3611 1623 3759 1679 venit
3802 1631 4090 1693 rogaturus

2512 1730 2609 1783 pro
2640 1713 2983 1784 Sigismundo
3014 1730 3157 1786 rege,
3202 1713 3355 1781 cujus
3400 1728 3593 1782 preces
3627 1712 3901 1766 frustrata:
3943 1719 4086 1771 sunt,

2514 1806 2640 1873 quia
2668 1805 2990 1861 Chlothildis
3020 1806 3204 1875 regina
3227 1804 3557 1861 Chlodomiri
3586 1812 3758 1857 mater
3784 1801 4086 1872 Sigismun-

2514 1896 2639 1949 dum
2692 1898 2899 1959 oderat,
2950 1896 3094 1966 quod
3138 1896 3298 1951 Pater
3349 1897 3467 1967 ejus
3497 1905 3553 1950 et
3590 1902 3767 1949 mater
3808 1908 3839 1946 a
3876 1892 4090 1948 Gundeo

2512 1986 2688 2041 baudo
2728 1988 3059 2057 Sigismundi
3091 1996 3245 2058 patre
3290 1986 3601 2055 interempti
3649 1984 3843 2041 forent.
3875 1982 3986 2038 Hac
4026 1986 4090 2037 de

2513 2093 2674 2132 causa
2726 2077 3102 2147 Sigisntundus
3152 2094 3246 2132 rex
3280 2085 3335 2131 et
3380 2085 3587 2147 martyr
3630 2084 3853 2131 necatus
3894 2083 3997 2139 est,
4038 2083 4091 2127 et

2516 2181 2635 2218 cum
2667 2182 2834 2221 uxore
2865 2176 2918 2220 et
2962 2166 3087 2221 ﬁliis
3130 2167 3183 2220 in
3226 2176 3444 2235 puteum
3485 2166 3710 2219 obrutus
3750 2172 3853 2220 est.
3888 2163 4087 2218 Verum

2514 2253 2892 2308 Chlodomirus
2923 2270 3027 2308 non
3060 2270 3230 2323 usque
3274 2256 3408 2309 adeo
3441 2255 3651 2308 laetatus
3678 2261 3780 2307 est.
3811 2252 3941 2313 Nam
3984 2253 4089 2306 ite-

2514 2360 2632 2397 rum
2664 2359 2786 2398 cmn
2820 2344 3074 2399 fratribus
3103 2354 3157 2399 et
3187 2346 3405 2413 copioso
3449 2344 3687 2398 exercitu
3723 2342 4086 2413 Burgundiam

2516 2434 2806 2499 ingressus,
2847 2434 2932 2487 die
2959 2449 3150 2503 pugnae
3178 2435 3320 2488 inter
3345 2434 3777 2489 confertissimos
3802 2435 3985 2488 hostes
4009 2433 4089 2485 vi-

2516 2522 2806 2574 vacissimo
2866 2522 3122 2576 devectus
3163 2536 3303 2590 equo
3353 2521 3552 2574 inultus
3601 2520 3871 2575 occubuit.
3923 2518 4091 2589 Cujus

2519 2611 2611 2663 ﬁlii
2645 2611 2771 2664 dum
2800 2626 2893 2679 spe
2930 2611 3142 2680 paterni
3173 2610 3323 2679 regni
3356 2609 3423 2663 ab
3458 2609 3578 2663 avia
3622 2608 3951 2669 nutriuntur,
3995 2620 4090 2661 eos

2519 2700 2711 2755 fratres
2754 2701 2995 2754 defuncti
3045 2702 3113 2755 ab
3162 2699 3280 2753 avia
3333 2697 3521 2752 fraude
3565 2696 3836 2751 adducunt
3866 2704 3923 2751 et
3973 2695 4091 2751 sine

2519 2805 2669 2843 mora
2699 2790 3071 2859 exstinguunt.

2589 2878 2641 2928 8.
2688 2877 2888 2929 Beatus
2920 2893 3081 2942 porro
3126 2878 3315 2928 Avitus
3342 2892 3464 2927 cum
3494 2890 3666 2942 pauco
3696 2883 3933 2941 tempore
3976 2890 4093 2931 mo-

2519 2962 2809 3016 nasteriale
2856 2962 3095 3030 regimen
3157 2963 3437 3026 tenuisset,
3481 2963 3547 3017 ad
3575 2961 3910 3017 dulcedinem
3957 2977 4095 3016 ana-

2520 3052 2808 3105 choreticze
2856 3051 2999 3114 vitae,
3038 3065 3199 3118 quam
3244 3049 3355 3117 jam
3404 3050 3797 3119 degustaverat,
3850 3065 4097 3105 remeare

2522 3142 2778 3210 disponit.
2829 3141 3027 3194 Beatus
3067 3140 3418 3194 nihilominus
3463 3139 3728 3195 Carilefus
3770 3139 3957 3194 eodem
4005 3138 4098 3193 ﬂa-

2520 3247 2683 3301 grans
2718 3231 2911 3284 ardore
2949 3230 3310 3285 Cenomanica
3343 3231 3554 3285 deserta
3600 3230 3777 3298 petiit,
3812 3238 3975 3297 atque
4016 3229 4099 3282 in-

2518 3320 2602 3373 fra
2634 3321 2796 3374 breve
2826 3329 3056 3388 tempus,
3082 3320 3267 3374 multis
3290 3320 3356 3373 ad
3398 3334 3521 3373 eum
3562 3316 3953 3373 conﬂuentibus
3993 3332 4095 3371 no-

2518 3408 2623 3461 bile
2654 3409 2959 3463 cmnobium
2994 3409 3047 3461 in
3079 3408 3197 3462 loco
3235 3407 3326 3475 qui
3368 3406 3629 3461 Aninsula
3658 3405 3848 3475 (Anille
3876 3405 3956 3474 ﬂ.)
3999 3420 4099 3459 no-

2520 3498 2758 3552 minatur
2793 3497 3101 3552 aediﬁcavit.
3129 3497 3298 3551 Porro
3334 3496 3397 3550 B.
3428 3496 3617 3551 Avitus
3644 3496 3697 3549 in
3726 3495 3857 3549 locis
3883 3494 4099 3548 Dunen-

2520 3588 2655 3642 sium
2716 3589 2786 3658 (le
2833 3588 3060 3657 Dunois)
3112 3596 3166 3643 et
3209 3587 3321 3657 ipse
3369 3585 3764 3661 multitudinem
3800 3598 4098 3655 aggregans

2520 3679 2907 3733 monachorum
2950 3677 3134 3733 multis
3181 3678 3362 3733 clarus
3407 3675 3700 3730 virtutibus
3745 3682 3799 3729 et
3825 3671 4097 3728 miraculis

2520 3767 2675 3836 longe
2706 3768 2917 3837 lateque
2940 3766 3170 3822 refulsit.

2592 3857 2645 3911 9.
2685 3856 2740 3910 In
2789 3857 2906 3910 loco
2947 3858 3110 3911 etiam
3156 3856 3463 3911 Miciacensi
3494 3855 3710 3925 quidam
3742 3852 3909 3907 frater
3933 3860 4089 3916 erat,

2522 3961 2681 4014 quem
2724 3944 2781 3999 S.
2824 3945 3015 3999 Avitus
3055 3946 3275 4014 speciali
3323 3945 3579 4014 diligebat
3618 3956 3842 3997 amore:
3890 3941 3981 4011 qui
4024 3942 4095 3996 ad

2523 4042 2825 4087 extremum
2876 4034 3099 4088 veniens
3153 4048 3272 4087 sese
3322 4034 3602 4088 visitantes
3654 4030 3848 4086 fratres
3897 4032 4102 4085 obnixe

2523 4121 2734 4191 ﬂagitat
2790 4138 2857 4176 ne
2896 4136 3107 4191 corpus
3164 4122 3281 4190 ejus
3328 4123 3479 4191 prius
3531 4122 3820 4191 sepulturas
3870 4121 4093 4174 daretur

2523 4228 2685 4283 quam
2738 4212 2797 4266 S.
2849 4213 3042 4266 Avitus
3085 4213 3381 4267 adveniens
3422 4227 3518 4266 sua
3559 4211 3805 4265 oratione
3843 4224 3961 4265 eum
3989 4208 4096 4262 Do-

2526 4305 2671 4356 mino
2713 4304 3135 4357 commendaret.
3182 4300 3402 4355 Missum
3446 4301 3631 4368 itaque
3674 4305 3892 4366 repente
3930 4305 4094 4350 estet

2525 4394 2682 4447 beato
2717 4393 2835 4445 viro
2872 4392 3208 4453 nuntiatum,
3236 4390 3327 4459 qui
3360 4389 3589 4443 festinus
3630 4386 3941 4441 accelerans
3988 4384 4093 4438 iter

2528 4484 2849 4550 intempesta
2882 4482 3059 4536 noctis
3092 4482 3226 4535 hora
3257 4478 3642 4534 monasterium
3673 4477 3947 4546 ingressus
3974 4481 4087 4538 est,

844 4590 1003 4652 citur,
1026 4588 1268 4644 cellulam
1299 4590 1397 4644 sibi
1428 4563 1727 4653 constituit,
1751 4590 1837 4643 ubi
1868 4563 2035 4658 usque
2066 4590 2222 4643 hodie
2244 4563 2423 4643 orato-
2455 4563 2500 4588 υ
2522 4574 2619 4643 l3"

2313 4599 2423 4643 ηιο-
2455 4563 2500 4588 ⁸¹
2522 4574 2744 4644 jamque
2775 4572 2943 4627 frater
2974 4572 3062 4626 ille
3090 4572 3303 4625 obierat
3324 4610 3338 4633 ,
3367 4578 3422 4625 et
3450 4582 3646 4637 corpus
3672 4565 3787 4634 ejus
3815 4566 3868 4620 in
3910 4563 4088 4619 medio

844 4676 983 4730 rium
1024 4677 1074 4730 in
1106 4678 1223 4747 ejus
1256 4678 1472 4732 nomine
1500 4685 1775 4745 permanet
1802 4685 2196 4730 consecratum.
2227 4677 2283 4730 Ia
2314 4692 2419 4745 quo

844 4762 962 4819 loco
991 4765 1115 4819 dum
1138 4766 1347 4835 spiritui
1378 4766 1649 4820 reluctans
1674 4765 1946 4834 subigeret
1974 4780 2196 4833 corpus,
2228 4766 2418 4819 beatus

845 4856 1006 4909 Pater
1064 4855 1389 4911 Maximinus
1445 4867 1565 4924 post
1619 4856 1932 4909 innumeras
1982 4870 2117 4923 quas
2176 4863 2419 4923 patrarat

846 4954 1034 5000 contra
1071 4946 1339 5001 diabolum
1379 4945 1490 4999 Deo
1520 4945 1753 4999 donante
1780 4944 2054 5007 victorias,
2091 4944 2277 5012 plenus
2300 4945 2413 4997 vir-

844 5035 1049 5088 tutibus
1072 5045 1125 5088 et
1152 5034 1439 5088 sanctitate
1464 5033 1566 5088 sibi
1609 5034 1816 5087 debitos
1843 5032 2097 5101 migravit
2133 5032 2198 5085 ad
2229 5032 2412 5086 cmlos.

847 5125 1098 5193 Sepultus
1127 5134 1209 5179 est
1253 5139 1383 5179 vero
1421 5140 1450 5178 a
1482 5123 1773 5179 venerabili
1802 5122 2033 5175 Eusebio
2074 5120 2323 5188 episcopo
2365 5128 2419 5173 et

845 5213 1104 5270 fratribus
1153 5214 1208 5269 in
1256 5223 1438 5269 monte
1486 5214 1889 5281 transligerino,
1924 5212 1976 5265 in
2018 5226 2124 5280 quo
2168 5210 2281 5279 ipse
2322 5225 2418 5278 per

847 5304 1055 5359 Domini
1071 5306 1323 5360 virtutem
1339 5319 1537 5358 saevum
1560 5300 2229 5357 exstinxeratdracouem:
2254 5312 2417 5367 super

844 5393 995 5461 cujus
1042 5395 1352 5451 venerabile
1400 5409 1596 5463 corpus
1645 5392 1861 5463 quidam
1903 5398 2204 5459 praepotens
2256 5389 2417 5442 homo

1332 5485 1398 5512 λι.
1430 5484 1715 5512 ΑΛηξΙηΙΛΜ
1748 5482 1845 5512 οἶιιῖ
1878 5479 2139 5512 «additam
2193 5475 2419 5512 m.liﬂ.m-

2526 4666 2759 4734 positum
2814 4662 2954 4716 tristi
3006 4661 3349 4715 maerentium
3394 4658 3568 4713 oﬂicio
3610 4655 3945 4711 servabatur.
3999 4652 4091 4708 Vir

2526 4748 2719 4808 autem
2739 4751 2948 4805 Domini
2977 4750 3261 4806 ecclesiam
3290 4750 3563 4819 ingressus
3588 4759 3775 4801 omnes
3803 4757 3941 4813 pene
3965 4742 4090 4796 dor-

2523 4843 2756 4897 mientes
2782 4842 3019 4911 reperit,
3046 4849 3101 4896 et
3131 4856 3189 4895 se
3218 4838 3527 4910 pavimento
3555 4844 3808 4891 oraturus
3833 4831 4083 4903 proiecit,

2522 4934 2664 5003 quod
2710 4934 2876 4985 multo
2917 4932 3088 4985 imbre
3132 4930 3491 4999 lacrymarum
3520 4925 3848 4996 perfundens
3877 4922 4080 4978 diutius

2522 5022 2755 5076 orationi
2798 5020 3060 5075 incubuit.
3103 5020 3309 5073 Dehinc
3346 5030 3573 5088 surgens
3611 5015 3917 5083 feretroque
3954 5027 4084 5067 con-

2514 5110 2736 5179 junctus
2788 5109 3009 5163 fratrem
3056 5109 3205 5162 illum
3256 5122 3362 5161 non
3418 5105 3609 5177 grandi
3660 5117 3908 5159 sermone
3952 5117 4087 5158 voce

2520 5202 2774 5264 vocavit,
2808 5201 2897 5269 qui
2929 5200 3080 5268 quasi
3123 5199 3315 5253 leviter
3358 5198 3634 5252 dormiens
3675 5196 3822 5250 illico
3863 5208 4087 5263 respon-

2524 5293 2634 5356 dit,
2666 5301 2719 5347 et
2759 5293 3034 5362 surrigens
3072 5305 3130 5345 se
3159 5292 3213 5345 in
3242 5289 3440 5343 feretro
3467 5287 3686 5343 resedit.
3719 5286 3796 5341 Ex
3827 5284 4087 5339 confabu-

2519 5384 2746 5439 lantium
2818 5397 3093 5447 murmure
3145 5382 3340 5436 fratres
3393 5379 3613 5434 excitati
3666 5378 3849 5433 vident
3900 5376 4080 5431 vivum

2520 5487 2678 5510 natam
2712 5473 2994 5508 carvnlmnt
3024 5482 3291 5506 ΜΛιιΙηιιηι
3357 5478 3407 5504 οι
3440 5470 3611 5504 multa
3637 5466 3849 5504 nllnnili
3881 5480 4083 5502 navnra
