4494 5520
355 417 452 472 BOI
1243 401 1438 455 LlBEll
1483 399 1566 452 [lli
1608 391 1974 448 λῑιιιλεῐιλδ
2015 391 2130 444 ΞΛ)

1823 391 1974 446 ΕΗΒ
2015 391 2255 444 ΞᾹΧΩΤΙ
2296 391 2624 445 MAXlMlNI.
3492 392 3594 444 802

360 522 449 590 qui
507 515 839 588 postmodum
890 520 1047 564 tanta:
1095 511 1168 562 rei
1220 511 1367 562 testis
1409 507 1666 576 _'plurimis
1732 503 1932 556 advixit
1960 502 2006 558 Α
2037 501 2315 555 ecclesiam
2355 503 2583 570 propriis
2613 500 2950 555 facultatibus
2991 503 3213 565 dotavit',
3253 512 3516 571 quatenus
3541 513 3594 558 et

362 609 539 662 annis.
583 606 776 659 Beatus
816 617 976 670 porro
1018 601 1236 661 Avitus,
1281 600 1544 651 humanas
1573 594 1780 662 fugiens
1812 592 1924 643 lau-
2025 594 2253 646 clericos
2283 593 2372 660 qui
2422 591 2530 644 Deo
2572 591 2838 645 servirent
2898 593 3138 652 haberet,
3188 601 3242 645 et
3287 592 3517 647 luccrna’:
3542 604 3597 648 ct

364 702 457 756 des
477 741 490 763 ,
526 712 712 752 rursus
743 694 809 748 ad
840 694 994 747 sedes
1024 699 1220 759 optata:
1250 689 1474 743 secessit
1498 686 1711 755 quietis.
2028 684 2116 736 alii
2141 691 2500 749 congruentes
2521 692 2743 735 ornatus
2776 683 2822 736 ei
2848 698 2952 735 non
2977 684 3241 736 deessent.

976 778 1200 835 CAPUT
1241 778 1322 830 ΙΙΙ.
2101 774 2186 828 12.
2219 775 2459 842 Cumque
2491 774 2601 826 haec
2627 773 2806 826 multis
2839 775 3160 827 mansissent
3188 774 3458 836 aetatibus,
3493 787 3601 827 cm—

801 871 878 924 De
915 880 1092 922 sancto
1137 867 1496 920 Tlteodemiro.
2027 866 2105 935 pit
2145 865 2360 918 devotio
2407 864 2742 918 Miciacensis
2773 864 3001 918 cmnubii
3028 873 3079 917 et
3115 864 3351 916 studium
3411 880 3599 917 mona-

438 966 523 1019 lO.
548 964 686 1018 Sane
709 962 831 1030 quia
855 961 1048 1013 fratres
1079 958 1425 1011 Miciacenses
1445 957 1561 1010 sine
1581 963 1789 1024 pastore
1811 966 1927 1006 esse
2030 956 2181 1011 sticze
2207 956 2327 1009 vita:
2356 954 2584 1008 amolliri
2613 965 2666 1008 et
2695 955 2872 1008 s;ecu|i
2907 955 3253 1008 dilectoribus
3286 955 3479 1021 partim
3511 970 3602 1008 cu-

367 1069 472 1107 non
519 1060 787 1122 poterant,
830 1049 999 1101 virum
1042 1046 1248 1100 Domini
1297 1045 1706 1098 Theodetnirum
1755 1043 1927 1094 omnis
2032 1048 2274 1116 pitlitate,
2305 1061 2423 1114 qua:
2455 1055 2627 1098 mater
2657 1055 2738 1098 cst
2783 1045 3022 1098 omnium
3069 1044 3356 1104 malorum,
3408 1044 3601 1112 partim

369 1142 710 1210 congregatio
753 1140 852 1193 sibi
897 1138 1046 1206 eligit
1089 1145 1467 1205 pastoremque
1510 1133 1789 1202 ρτωροιιίι-
1833 1129 1929 1183 Hic
2034 1138 2340 1190 incursione
2368 1136 2737 1201 hostica,qu:c
2763 1148 2826 1186 ex
2852 1133 3167 1200 Aquitanica
3205 1133 3606 1200 impugnatinne

376 1242 555 1286 autem
601 1229 984 1283 Theodemirus
1024 1231 1175 1280 bona:
1216 1224 1493 1292 gravitatis
1534 1231 1586 1275 et
1627 1222 1766 1274 inter
1809 1235 1931 1273 suos
2035 1228 2224 1281 crebro
2255 1226 2532 1296 obtingere
2561 1226 2783 1279 εοιρικη,
2819 1224 2918 1277 per
2955 1225 3090 1277 idem
3125 1224 3266 1276 enim
3295 1232 3502 1289 ιεηιριιε
3529 1223 3608 1274 in-

373 1337 578 1389 Illagniﬁ
637 1320 949 1373 revereﬂlike
994 1329 1142 1379 eral.
1189 1317 1352 1370 θιίδιῐι
1398 1322 1688 1381 antequam
1729 1321 1930 1365 8300143
2035 1329 2118 1372 ter
2145 1319 2350 1386 Pippini
2379 1319 2602 1370 duceset
2637 1315 2956 1367 \V'aifarittm
3006 1315 3394 1382 Aquitanorum
3429 1328 3607 1378 regem

373 1408 802 1463 conversationis
827 1407 1100 1459 schemate
1131 1413 1387 1457 uteretur.
1423 1403 1541 1455 Fuit
1574 1403 1718 1456 enim
1761 1401 1932 1468 primo
2038 1410 2218 1479 gravis
2249 1417 2302 1460 ei
2331 1408 2594 1459 diuturna
2623 1403 2947 1457 connicmio
3002 1402 3386 1469 rempubncam
3438 1401 3606 1453 pra..-

371 1508 570 1551 sanetae
605 1496 790 1550 Crucis
829 1496 1114 1548 canonicus
1135 1533 1148 1557 ,
1177 1503 1262 1556 et,
1290 1502 1345 1546 ut
1387 1493 1627 1560 plerique
1657 1499 1936 1544 autumant
2039 1515 2146 1554 con

1835 1499 1936 1542 ’³1η
2039 1515 2222 1554 corum
2262 1512 2366 1549 non
2413 1496 2623 1548 modico
2671 1492 2972 1562 proﬂigavit
3026 1492 3241 1552 damno,
3288 1489 3610 1555 tandemque

371 1589 532 1641 etiam
561 1587 814 1639 decanus.
852 1585 920 1638 Ut
946 1594 1121 1637 autem
1153 1584 1448 1637 monachus
1485 1583 1636 1636 ﬁeret
1674 1597 1737 1635 ea
1773 1596 1936 1633 causa
2040 1606 2141 1658 apu

1841 1596 1936 1633 “Si!
2040 1589 2180 1658 apud
2207 1588 2510 1640 Toarcense
2541 1585 2820 1652 (Tltouars,
2855 1583 2994 1651 apud
3049 1582 3341 1645 Pictones),
3375 1589 3609 1632 castrum

372 1677 661 1745 plurimum
693 1676 956 1744 prestitit,
989 1676 1111 1744 quia
1144 1676 1268 1728 dum
1302 1677 1525 1728 haberet
1550 1688 1788 1728 sororem
1822 1687 1938 1742 quae
2041 1685 2199 1746 capto
2227 1674 2493 1728 Waifario
2525 1688 2731 1727 summa
2768 1687 2944 1724 rerum
2969 1673 3034 1723 ad
3079 1670 3360 1738 Pippinum
3387 1681 3612 1721 conces-

373 1766 726 1834 caligantibus
746 1765 914 1818 oculis
938 1765 1053 1818 luce
1075 1765 1404 1833 privabatur,
1432 1765 1544 1819 haec
1570 1774 1758 1818 sancto
1778 1772 1830 1817 et
1854 1778 1940 1817 ve-
2045 1769 2133 1822 sit.
2161 1767 2254 1820 His
2290 1766 2401 1819 lere
2425 1765 2774 1832 temporibus,
2832 1772 2887 1814 ut
2917 1762 3024 1814 orsi
3062 1775 3293 1818 eramus,
3347 1761 3494 1811 locus
3521 1775 3612 1810 stt-

375 1855 605 1908 nerabili
637 1854 783 1908 Patri
817 1855 1104 1908 Maximino
1148 1855 1324 1908 oblata
1353 1864 1405 1908 et
1448 1870 1543 1923 per
1575 1853 1784 1907 Domini
1816 1868 1938 1922 grav
1970 1837 2012 1894 Β
2042 1858 2316 1927 pradictus
2339 1856 2595 1923 praedicto
2618 1854 2776 1907 modo
2803 1853 2997 1906 nobilis
3023 1852 3158 1904 adeo
3179 1860 3259 1904 est
3285 1851 3612 1911 anuullatus,

379 1943 510 1996 ti'tm
549 1945 664 1997 sine
695 1960 843 1998 mora
873 1944 1167 1997 illuminata
1213 1955 1313 1998 est.
1343 1944 1584 2010 Quantus
1618 1952 1795 1996 autem
1852 1944 1938 1997 hic
2042 1958 2098 2002 ut
2129 1947 2380 2002 ncmoibi
2419 1954 2598 2014 posset
2647 1957 2864 1997 manere
2904 1942 3313 2000 monachorum.
3341 1940 3430 1992 sed
3463 1939 3615 1990 habi-

377 2033 461 2085 vir
491 2032 702 2086 Domini
743 2033 1128 2088 Theodemirus
1158 2036 1208 2086 in
1244 2045 1430 2088 sancta
1465 2035 1716 2103 religione
1755 2034 1940 2100 fuerit,
2044 2038 2216 2092 tacula
2248 2050 2432 2090 eorum
2462 2044 2554 2088 aut
2608 2041 2788 2087 essent
2829 2031 3124 2084 diversoria
3165 2029 3526 2090 saecularium,
3565 2035 3618 2078 et

380 2123 501 2177 ﬁnis
529 2124 808 2188 edocet,iu
837 2139 942 2192 quo
968 2125 1142 2177 omnis
1169 2125 1285 2177 laus
1331 2139 1520 2177 secure
1547 2126 1777 2178 canitur.
1809 2124 1940 2178 Nam
2044 2128 2364 2182 feminarum
2391 2165 2406 2190 ,
2457 2133 2550 2177 aut
2589 2122 2797 2178 stabula
2835 2135 3098 2190 equorum
3137 2127 3190 2172 ct
3224 2119 3500 2187 pastiones
3532 2131 3618 2169 ca-

378 2217 502 2269 dum
544 2217 594 2269 in
645 2217 902 2270 extremis
963 2228 1169 2285 ageret,
1217 2216 1407 2269 beatus
1452 2215 1717 2276 Lifardus,
1769 2217 1943 2283 quiin
2045 2234 2190 2271 num.

379 2303 497 2355 vico
529 2303 870 2372 Magdunensi
928 2303 1225 2356 solitariam
1259 2303 1478 2372 gerebat
1506 2303 1689 2366 vitam,
1727 2303 1776 2355 in
1803 2317 1945 2355 som-
2120 2306 2205 2358 l5.
2235 2304 2586 2372 Temporibus
2618 2305 2779 2371 igitur
2809 2304 2944 2356 divae
2986 2301 3258 2354 memoriae
3285 2299 3460 2353 Caroli
3507 2300 3618 2349 Au-

381 2389 465 2442 nis
493 2398 575 2442 est
604 2389 908 2442 admonitus
939 2400 997 2443 ut
1019 2391 1338 2458 quantocius
1362 2390 1592 2452 veniret,
1635 2399 1688 2442 et
1739 2391 1942 2443 exitum
2047 2399 2186 2467 gusti
2218 2399 2593 2466 (cognomento
2617 2396 2813 2463 Magni)
2845 2395 3158 2460 disponente
3183 2406 3357 2443 rerutn
3383 2390 3620 2440 omnium

384 2480 592 2534 abbatis
617 2478 956 2534 Theodemiri
983 2481 1205 2534 Domino
1234 2481 1652 2534 commendaret.
1679 2479 1776 2544 Qui
1806 2482 1946 2534 illico
2049 2491 2159 2542 non

1846 2482 1946 2534 lico
2049 2490 2272 2542 Domino
2302 2489 2548 2541 eumdem
2589 2488 2760 2540 locum
2797 2485 3036 2553 pristinae
3071 2484 3292 2535 reddere
3326 2480 3619 2540 nobilitati;

383 2588 608 2641 surgens
642 2574 743 2626 ίιθν
770 2575 1015 2642 arripuit.
1047 2575 1137 2628 sed
1161 2584 1446 2644 antequam
1464 2576 1529 2628 3d
1563 2576 1946 2627 monasterium
2050 2578 2374 2631 Theodull'us
2408 2578 2770 2630 nobilissimus
2793 2585 2846 2628 et
2875 2574 3112 2627 moribus
3139 2581 3191 2623 et
3229 2585 3442 2638 genere,
3473 2585 3626 2621 aecr-

382 2661 703 2728 perveniret,
735 2663 1028 2717 elevatisin
1062 2665 1254 2718 cmlum
1278 2665 1445 2719 oculis
1469 2666 1602 2718 vidit
1650 2667 1700 2717 in
1733 2665 1945 2717 sublimi
2053 2670 2279 2736 rimique
2330 2667 2528 2736 ingenii
2587 2665 2989 2718 Aurelianensis
3043 2661 3293 2714 Ecclesia:
3348 2662 3626 2726 episcopus

383 2749 578 2803 CIIOI‘OS
617 2751 927 2820 angelorum
969 2753 1205 2806 anilmm
1238 2753 1396 2822 hujus
1427 2754 1598 2806 8811C“
1628 2754 1728 2806 V'iri
1761 2753 1812 2804 in
1840 2767 1948 2806 003‘
2052 2766 2391 2833 subrogatur.
2419 2760 2515 2813 llic
2549 2761 2727 2827 itaque
2755 2758 2920 2810 multa
2951 2755 3211 2808 industria
3250 2765 3464 2806 certans
3495 2769 3628 2818 qua-

387 2840 466 2893 los
490 2843 817 2909 portantium
843 2852 1001 2911 atque
1034 2844 1324 2896 dicentium
1352 2862 1362 2895 :
1397 2843 1589 2896 Beatus
1620 2859 1766 2912 quem
1797 2843 1952 2911 elegi-
2054 2865 2162 2907 ιειιι

1850 2843 1952 2911 εθί·
2054 2865 2210 2907 tenus
2242 2852 2378 2905 idem
2403 2850 2552 2901 locus
2581 2852 2631 2900 iit
2662 2849 2937 2912 antiquum
2969 2852 3314 2897 revocaretur
3344 2843 3625 2902 honorem,

386 2934 452 2982 sti
477 2941 523 2982 et
554 2933 899 3000 assumpsislt’,
945 2934 1250 2985 inhabitabit
1282 2937 1335 2982 in
1366 2935 1514 2982 atriis
1549 2936 1672 2984 tuis.
1708 2933 1953 2983 Habebat
2053 2943 2159 2994 dun

1862 2934 1953 2983 bal
2053 2943 2178 2994 dum
2206 2942 2256 2992 in
2278 2937 2543 3005 contiguis
2570 2935 2875 3005 regionibus
2900 2935 3076 2988 minus
3106 2935 3324 2986 idoneos
3343 2932 3631 2984 invenisset

388 3028 566 3072 autem
599 3019 740 3072 idem
770 3017 1163 3073 Theodemirus
1188 3036 1252 3073 ex
1279 3035 1486 3085 sorore,
1515 3021 1580 3073 de
1612 3036 1712 3089 qua
1735 3020 1846 3087 jam
1878 3021 1948 3073 di-
2054 3032 2120 3084 ad
2151 3031 2163 3083 ί

1878 3021 1948 3073 ἀί·
2054 3032 2120 3084 ad
2151 3030 2202 3083 id
2233 3029 2570 3082 elliciendum
2607 3027 2922 3088 monachos,
2969 3040 3032 3077 ex
3077 3023 3423 3092 Septimanizn
3464 3025 3632 3089 parti-

391 3111 587 3172 ximus,
611 3119 858 3178 nepotem
901 3109 1116 3164 nomine
1147 3109 1516 3163 Maximinum.
1546 3109 1614 3163 Ut
1643 3120 1823 3164 autem
1873 3112 1950 3165 sic
1985 3174 2024 3189 Α
2057 3122 2156 3175 bus

1873 3112 1950 3165 Sic
1985 3174 2024 3189 Α
2057 3122 2156 3175 bus
2191 3119 2300 3189 (10)
2356 3118 2565 3179 ascivit,
2597 3116 2791 3182 quibus
2838 3124 2892 3167 et
2933 3114 3106 3168 locum
3155 3113 3321 3176 dedit,
3349 3121 3403 3165 et
3438 3125 3524 3163 res
3556 3109 3627 3162 illi

389 3209 695 3266 "ocal'eml‘.
742 3216 958 3254 causam
990 3201 1385 3266 CXiSlimamUS.
1437 3201 1520 3256 νθι
1565 3203 1686 3270 ψιῘο
1723 3204 1803 3255 νῖν
1861 3203 1952 3256 Dei
1981 3174 2026 3236 Ο
2059 3211 2174 3265 loco
2203 3211 2329 3264 olim
2362 3207 2650 3262 attributas
2678 3209 2742 3259 de
2796 3220 2892 3259 suo
2932 3205 3150 3271 insuper
3179 3203 3381 3257 addens
3419 3211 3632 3254 contra-

391 3287 712 3342 Maximinus
738 3304 860 3342 eum
889 3290 955 3342 de
983 3304 1138 3343 sacro
1162 3290 1307 3343 fonte
1339 3291 1656 3360 susceperit,
1683 3291 1764 3344 vel
1794 3293 1955 3345 etiam
2059 3302 2208 3356 didii,
2235 3299 2290 3352 In
2323 3314 2423 3367 qua
2465 3312 2522 3350 re
2549 3311 2651 3349 non
2682 3295 2930 3364 paenituit
2957 3309 3078 3347 cum
3113 3293 3238 3345 facti
3283 3293 3365 3345 sui
3398 3309 3409 3343 :
3437 3291 3632 3360 quippe

393 3389 567 3433 male?
601 3381 714 3448 eius
739 3395 921 3434 “more
952 3381 1119 3449 Patris
1173 3381 1310 3433 illius
1335 3395 1363 3432 ³
1394 3397 1500 3450 (1υο
1545 3380 1840 3434 illuminata
1876 3380 1955 3434 Γο-
2058 3391 2211 3460 cujus
2236 3389 2564 3458 temporibus
2593 3387 2644 3440 in
2677 3396 2881 3438 tantum
2929 3385 3044 3453 ejus
3077 3383 3174 3436 loci
3205 3382 3371 3451 gloria
3419 3382 3630 3441 enituit,

394 3476 497 3530 re"
530 3467 696 3522 ﬁlim"
721 3469 801 3523 δίο
827 3470 1102 3522 "omnia"?
1119 3468 1386 3522 maluerit
1421 3469 1570 3524 "unc
1599 3470 1777 3538 ίιθαιιε
1801 3469 1958 3523 beam
2059 3491 2118 3536 ut
2146 3481 2341 3535 veteris
2369 3477 2671 3548 ignominitc
2709 3476 2937 3529 dedecus
2967 3474 3220 3526 honestas
3251 3470 3636 3537 superveniens

391 3556 656 3610 avunculo
678 3557 790 3626 ejus
816 3557 1020 3624 sepulto
1042 3558 1124 3610 vir
1151 3558 1358 3611 Domini
1388 3557 1636 3611 Lifardus
1657 3567 1712 3611 et
1743 3557 1959 3611 Fratres
2060 3574 2162 3627 obu

1858 3567 1959 3611 “es
2060 3574 2406 3627 obumbraret
2427 3582 2481 3624 et
2508 3567 2905 3637 przeteritorutn
2933 3561 3207 3631 dispendia
3233 3560 3378 3612 lucra
3403 3573 3633 3626 sequen-

392 3644 642 3698 abbatem
667 3645 886 3715 eligunt,
921 3654 972 3699 et
996 3647 1048 3699 in
1101 3645 1553 3701 locodecedentis
1579 3647 1911 3701 substituunt
1946 3664 1957 3698 :
2063 3664 2134 3717 ιία

1862 3656 1911 3700 τη
1946 3664 1957 3698 ³
2063 3664 2134 3717 tia
2167 3667 2599 3730 compensarem.
2629 3654 2956 3711 Theodull'us
2988 3655 3148 3722 igitur
3188 3653 3472 3720 episcopus
3500 3649 3637 3701 inter

395 3734 485 3802 qui
517 3733 642 3788 dum
699 3735 934 3799 δάνίίίιν
977 3751 1118 3790 ουτω
1156 3738 1334 3807 gregis
1384 3738 1484 3792 Sibi
1521 3739 1791 3792 CommiSSi
1815 3780 1829 3802 ν
1879 3748 1963 3792 υῑ-
2063 3763 2254 3808 caetera
2278 3766 2496 3805 suorum
2525 3763 2747 3818 operum
2787 3745 3062 3800 basilicam
3093 3743 3211 3796 miri
3244 3742 3444 3809 operis,
3469 3741 3640 3792 instar

396 3832 524 3892 Ροῑθ
559 3824 898 3894 αῖδεῖῐὶίίηθω
939 3824 1159 3880 Palmm
1215 3836 1428 3882 δθευῑυε
1461 3868 1474 3892 ν
1509 3837 1726 3884 Strenue
1776 3829 1964 3901 invisi-
2066 3845 2312 3900 videlicet
2341 3842 2455 3910 ejus
2484 3856 2602 3909 quae
2633 3839 2800 3907 Aquis
2826 3846 2908 3891 est
2932 3837 3242 3898 constituta,
3274 3831 3558 3886 tedil‘tcavit
3589 3830 3640 3881 in

395 3911 545 4002 lavit.
583 4000 608 4002 _
2064 3934 2186 3988 villa
2217 3948 2335 4002 qua:
2365 3931 2560 3985 dicitur
2583 3927 2955 3983 Germiniacus
2983 3922 3308 3995 (Cermiguy,
3337 3921 3502 3990 prope
3528 3933 3639 3969 m0-

471 4000 750 4055 ΗοΡοΓΓο
781 4006 932 4056 locus
981 4018 1085 4072 quo
1128 4005 1423 4061 bealiSSimi
1471 4006 1648 4061 Ρδίτίε
1692 4008 1964 4064 Maximini
2068 4000 2363 4080 nasterium
2385 4021 2776 4087 Floriacense),
2808 4034 2912 4087 quo
2958 4018 3122 4072 etiam
3149 4015 3232 4068 his
3288 4013 3530 4067 versibus
3559 4011 3641 4064 sui

399 4103 595 4158 corpus
636 4090 932 4144 habebatur
969 4093 1266 4160 humatum,
1319 4112 1438 4150 cum
1507 4098 1691 4152 multis
1745 4100 1967 4168 polleret
2067 4118 2380 4173 memoriam
2409 4115 2681 4182 eleganter
2707 4109 2992 4179 expressit.

401 4182 658 4234 virtutum
681 4181 872 4251 signis,
903 4183 1159 4251 primzcvo
1188 4201 1284 4239 suo
1311 4195 1552 4257 tempore
1603 4205 1798 4261 magno
1827 4192 1967 4247 cele-
2192 4219 2309 4269 Hm
2342 4218 2388 4264 ίη
2413 4181 2598 4264 ᾕοηγοιιθ
2621 4213 2710 4262 De;
2733 4210 3033 4262 Τιιροσυιῑιις
3058 4206 3238 4268 templa
3263 4206 3446 4269 sacravi

400 4272 658 4326 brabatur
705 4273 927 4328 honore.
958 4273 1197 4344 Cumque
1257 4277 1406 4330 multi
1445 4279 1704 4334 beneﬁcia
1746 4282 1966 4350 petituri
2156 4344 2202 4352 ___
2250 4280 2366 4338 Quae
2390 4278 2504 4326 dum
2526 4277 2744 4337 quisquis
2777 4275 2893 4332 δαῖεν
2921 4284 3004 4320 οτο
3028 4278 3275 4319 memento
3303 4268 3400 4314 ωθί

399 4363 778 4427 convenirent,
813 4372 866 4417 et
915 4379 1012 4432 pro
1035 4374 1160 4419 voto
1203 4380 1288 4418 res
1315 4367 1558 4434 pluribus
1606 4369 1875 4433 cederent,
1909 4378 1968 4424 ut
2139 4373 2237 4427 llic
2269 4373 2448 4439 itaque
2484 4366 2805 4422 venerabilis
2851 4362 3101 4436 sacerdos
3157 4356 3496 4413 insimulatus
3520 4369 3647 4408 cou-

402 4455 622 4518 assolet,
671 4455 878 4509 novitas
920 4455 1140 4508 nimium
1173 4465 1322 4526 grata
1369 4457 1747 4513 beneﬁciorum
1805 4462 1968 4529 cmpit
1999 4520 2040 4529 _
2065 4461 2349 4528 iurationis
2397 4459 2536 4527 apud
2590 4470 2770 4525 regem
2819 4454 2884 4507 de
2926 4451 3236 4519 episcopatu
3286 4444 3547 4512 deiectus,
3594 4453 3649 4494 et

403 4544 662 4599 vilescere
685 4544 1004 4615 negligentia
1041 4520 1398 4615 posterorum.
1443 4547 1549 4602 Sed
1576 4549 1629 4603 in
1660 4520 1964 4620 episcopatu
1997 4520 2045 4579 Β
2065 4520 2259 4608 inultis
2286 4520 2473 4604 diebus
2519 4520 2774 4602 custodia:
2802 4542 3140 4608 mancipatus
3171 4545 3273 4601 est,
3307 4533 3646 4604 postmodum

405 4633 658 4688 Ecclesiae
686 4634 1087 4690 Aurelianensis
1109 4637 1428 4705 subrogatus
1461 4637 1889 4711 Sigobertus(9),
1916 4652 1969 4696 et
2076 4642 2304 4698 mirabili
2333 4653 2516 4694 rerum
2547 4634 2898 4691 conversione
2931 4639 2986 4684 et
3016 4630 3218 4683 crimen
3250 4623 3650 4694 promptissime

406 4741 600 4798 genere
621 4735 674 4781 et
718 4728 956 4782 moribus
982 4728 1345 4784 nobilissimus
1394 4730 1579 4784 videns
1627 4732 1767 4786 hunc
1794 4733 1968 4788 locum
2075 4736 2333 4801 abluil,et
2350 4733 2487 4802 regis
2508 4729 2734 4800 gratiam
2755 4714 3653 4784 consecutuscathedrampristina

406 4818 534 4872 olim
571 4816 1004 4873 ﬂorentissimum
1044 4835 1072 4872 a
1141 4820 1316 4888 prisca
1361 4821 1638 4875 nobilitate
1691 4824 1969 4889 defecisse,
2079 4825 2356 4897 dignitatis
2409 4837 2512 4876 non
2543 4821 2634 4874 diu
2665 4817 2908 4870 victurus
2937 4811 3159 4880 recepit.
3191 4807 3384 4862 Fertur
3429 4804 3571 4857 enim
3601 4803 3652 4853 vi

407 4911 686 4978 aegerrime
716 4911 852 4964 tulit.
893 4910 1129 4966 Consilio
1163 4912 1343 4980 itaque
1396 4912 1525 4966 cleri
1565 4913 1647 4967 vel
1693 4916 1871 4984 populi
1905 4917 1970 4970 ab
2079 4894 2272 4972 veneni
2298 4914 2472 4968 abhis
2493 4909 2792 4965 exstinctus
2815 4905 2904 4973 qui
2928 4903 3053 4956 dum
3078 4897 3374 4959 exsularet,
3407 4894 3656 4984 libertate

408 5001 597 5055 eodem
635 5001 753 5055 loco
796 5017 918 5056 ossa
967 5002 1138 5055 sancti
1166 5001 1574 5057 transferuntur
1609 5003 1885 5059 Maximini
1919 5007 1971 5061 in
2079 5006 2255 5075 p0titi,
2305 5005 2444 5059 bona
2492 5000 2609 5067 ejus
2641 4993 2923 5051 invadendi
2975 4991 3087 5060 jam
3120 4991 3416 5042 hauserant
3455 4979 3660 5049 cupidi-

410 5089 690 5144 ecclesiam
741 5106 901 5161 quam
949 5091 1089 5146 idem
1138 5093 1419 5161 episcopus
1473 5093 1528 5147 in
1565 5109 1693 5163 agro
1726 5096 1865 5165 juris
1894 5099 1977 5152 sui
2079 5106 2280 5151 tatem:
3421 5158 3432 5169 ,
3591 5156 3602 5167 ,

324 5177 336 5184 “
414 5188 809 5246 construxerat,
848 5195 965 5250 qua}
994 5181 1206 5249 quidem
1240 5191 1393 5237 extra
1444 5183 1630 5236 urbem
1676 5164 1796 5238 sed
1824 5202 1978 5242 muro
2157 5185 2240 5238 lit.
2269 5185 2331 5239 Ei
2367 5196 2529 5239 Jonas
2556 5177 2850 5235 succedens
2886 5171 3223 5226 habitatores
3250 5164 3360 5219 loci
3390 5164 3504 5250 eius
3533 5164 3671 5208 mire

410 5275 498 5322 est
518 5268 710 5333 vicina,
738 5270 1092 5340 contiguaque
1118 5271 1359 5326 ecclesia:
1384 5271 1442 5324 Β.
1476 5271 1665 5325 Aniani
1689 5288 1850 5342 quam
1882 5275 1980 5329 Mi-
2087 5276 2272 5339 coluit,
2332 5278 2507 5332 locum
2553 5269 2857 5329 adornavit,
2891 5262 3296 5324 ecclesiamque
3343 5249 3677 5346 ampliﬁcatis

416 5359 565 5415 ciaco
609 5361 768 5416 dedit.
819 5361 1150 5419 Venerabilis
1186 5375 1364 5419 autem
1410 5341 1982 5433 episeopusieamdem
2090 5368 2352 5425 fornicem
2400 5360 2715 5420 orientalem
2756 5355 3032 5411 laterculis
3074 5347 3351 5419 plumbeis
3394 5341 3682 5402 ἀπηθε-
