4494 5520
895 334 998 394 805

1899 334 2186 388 LETMJH
2223 334 2644 387 MICMCENSIS
2683 335 2980 389 MONACHI

4021 343 4122 400 80$

891 451 1026 502 sime
1063 448 1322 501 contexit.
1371 445 1575 500 Floruit
1627 455 1803 500 autem
1841 445 2003 498 Jonas
2035 462 2136 496 nou
2183 444 2352 496 solum
2401 446 2449 495 in
2484 453 2526 504 Α
2557 445 2700 495 mino
2723 443 3168 504 commendasset,
3194 443 3344 495 lctus
3369 442 3434 496 dc
3475 459 3700 513 corpore
3745 447 3924 498 exivit.
3963 448 4119 513 Quod

891 539 1137 590 Immanis
1160 539 1250 590 sed
1281 537 1398 590 etin
1419 537 1614 589 divinis
1639 538 1821 600 rebus,
1849 536 2000 604 cujus
2035 535 2154 588 ﬁdei
2187 535 2458 602 plenitudo

834 613 847 622 ”
889 629 1122 680 studium
1169 636 1221 680 et
1267 627 1494 679 eruditio
1545 626 1745 693 liquido
1800 633 1972 693 potest
2003 624 2175 692 colligi
2209 639 2272 675 ex
2321 624 2458 675 libro

889 733 1046 785 quem
1093 727 1279 771 contra
1313 717 1592 769 Clattdiutn
1638 715 2022 768 Taurinensem
2065 715 2371 782 episcopum
2404 722 2457 765 et

887 823 1081 862 novum
1097 808 1508 861 ltzcresiarcham
1522 807 1859 874 conscripsit,
1874 806 1962 874 qui
1981 805 2231 859 Claudius
2247 806 2461 872 dogma-

892 899 1088 952 tizahat
1107 898 1300 968 stigma
1334 898 1502 950 beata:
1532 906 1586 950 et
1615 896 1838 949 viviflcre
1862 895 2272 949 crucisminime
2301 908 2458 962 Opor-

889 996 1002 1040 terc
1035 987 1267 1039 adorari.
1301 985 1378 1047 Si,
1407 986 1674 1053 inquiens,
1701 999 1831 1036 crux
1859 985 2134 1046 adoratur,
2168 984 2457 1036 adorentur

885 1087 939 1130 et
963 1076 1148 1144 puella:
1175 1076 1428 1145 virgines,
1454 1076 1576 1145 quia
1594 1075 1743 1143 virgo
1767 1074 1972 1143 peperit
2000 1073 2304 1138 Christum;
2329 1075 2455 1126 ado-

887 1176 1075 1218 rentur
1101 1175 1152 1218 et
1181 1166 1462 1234 prtcsepia,
1491 1166 1615 1234 quia
1646 1181 1767 1218 mox
1791 1174 1946 1217 natus
1974 1164 2024 1216 in
2049 1167 2269 1233 praesepi
2300 1166 2456 1220 recli-

888 1264 1075 1318 natur;
1112 1256 1403 1309 adorentur
1434 1264 1486 1307 et
1513 1255 1667 1316 asini,
1699 1257 1823 1324 quia
1851 1255 2059 1307 asinum
2107 1259 2299 1308 sedens
2326 1255 2452 1309 Hie-

887 1349 1207 1417 rosolymam
1249 1350 1428 1411 venit;
1472 1357 1525 1402 et
1575 1349 1725 1418 plura
1769 1349 1991 1404 nefanda
2042 1354 2453 1404 commentando

885 1439 1212 1508 simplicitati
1237 1438 1554 1493 Christiana:
1593 1439 1711 1492 fidei
1744 1441 2048 1506 derogabat.
2077 1442 2272 1494 Contra
2301 1443 2454 1511 cujus

882 1547 1110 1584 vesmtos
1145 1545 1356 1584 errores
1375 1529 1539 1583 Jonas
1557 1531 1896 1593 venerabilis,
1925 1532 2013 1598 qui
2044 1541 2242 1585 sancta:
2265 1532 2452 1586 Crucis

882 1631 997 1673 erat
1025 1622 1326 1689 episcopus,
1383 1621 1650 1674 Ludovico
1681 1621 1998 1688 imperatore
2051 1620 2322 1692 flagitante
2354 1625 2451 1676 mi-

884 1710 1102 1762 rabilem
1127 1710 1290 1762 edidit
1321 1709 1516 1763 librum
1565 1725 1724 1777 quem
1773 1709 1838 1762 de
1879 1709 2106 1763 diversis
2162 1712 2448 1767 sententiis

883 1799 1102 1852 Patrum
1136 1799 1280 1851 velut
1330 1797 1608 1851 floseidum
1660 1798 1902 1867 depinxit
1948 1809 2182 1862 sertum;
2236 1809 2290 1852 et
2339 1811 2444 1852 tam
2482 1779 2521 1836 Β

881 1889 1070 1942 valida:
1119 1888 1354 1941 stultitia:
1383 1887 1589 1942 Claudii
1634 1887 1889 1951 obviavit,
1920 1897 1977 1941 ut
2011 1888 2260 1957 deinceps
2292 1904 2449 1943 nemo

882 1982 1130 2034 inventus
1168 1983 1236 2034 sit
1271 1982 1358 2050 qui
1395 1981 1638 2035 eamdem
1669 1981 1940 2035 vesaniam
1979 1983 2329 2038 resuscitarit.
2359 1983 2448 2036 Li-

879 2073 1048 2126 bellus
1079 2084 1256 2126 autem
1282 2074 1392 2142 ipse
1432 2088 1594 2142 penes
1621 2088 1716 2126 nos
1747 2074 1992 2133 habetur.
2025 2075 2114 2142 qui
2140 2075 2189 2127 in
2219 2076 2447 2143 quadam

878 2165 1038 2218 domo
1071 2167 1187 2234 igne
1223 2180 1442 2232 pervasa
1476 2165 1688 2217 incaute
1716 2162 2020 2225 derelictus,
2047 2173 2243 2232 etpost
2273 2166 2447 2233 ignem

878 2253 1085 2322 integer
1111 2256 1356 2307 inventus
1385 2263 1486 2307 cst.

949 2343 1178 2398 15.1mm
1209 2345 1369 2412 igitur
1397 2344 1448 2394 in
1495 2343 1804 2410 episcopatu
1858 2343 2034 2409 posito
2063 2342 2211 2395 multi
2242 2343 2448 2398 nobiles

877 2443 933 2486 et
959 2433 1155 2484 smeulo
1193 2432 1583 2499 cvspectabiles
1606 2431 1704 2484 viri
1755 2431 1969 2500 cingula
1993 2432 2321 2500 deponentes
2352 2435 2449 2486 tui-

877 2523 1007 2576 litim
1036 2533 1375 2590 veteremque
1406 2538 1525 2576 cum
1557 2522 1671 2574 suis
1722 2521 1931 2574 actibus
1961 2522 2228 2574 hominem
2277 2524 2447 2585 exuti,

875 2616 926 2670 in
957 2616 1140 2670 eodem
1166 2615 1280 2680 ipso
1316 2613 1431 2666 loco
1461 2613 1684 2665 Domino
1713 2627 1770 2665 se
1792 2613 2086 2681 mancipari
2114 2615 2442 2681 gaudebant.

875 2708 1112 2773 Quorum
1160 2715 1312 2772 pater
1369 2703 1490 2755 vita:
1539 2701 1863 2755 venerabilis
1910 2701 2185 2756 l-leriricus
2235 2707 2450 2759 nomine

871 2799 1070 2851 dudum
1104 2811 1290 2865 regmn
1319 2795 1702 2855 amicissimus,
1748 2809 1812 2848 eo
1842 2803 2022 2847 autem
2061 2804 2300 2863 tempore
2334 2811 2450 2849 mo-

872 2889 1061 2944 uastici
1097 2888 1304 2941 ordinis
1333 2894 1451 2940 erat
1476 2885 1651 2939 cultor
1693 2883 2161 2948 ferventissimus;
2207 2885 2294 2952 qui
2329 2901 2450 2938 cum

869 2982 1016 3036 omni
1043 2981 1236 3050 gaudio
1259 2979 1523 3047 spirituali
1551 2994 1672 3032 cum
1721 2977 2107 3046 supplementis
2145 2978 2266 3031 vita:
2293 2978 2452 3043 hujus

871 3071 1194 3126 necessariis
1223 3070 1545 3138 potirentur,
1593 3082 1755 3120 unum
1788 3075 1904 3120 erat
1948 3068 2088 3135 quod
2121 3068 2447 3120 maestitudi-

871 3178 991 3218 nem
1021 3177 1204 3214 cormn
1232 3161 1487 3213 cordibus
1515 3173 1616 3211 non
1653 3158 1914 3211 modicam
1941 3158 2227 3223 inferebat,
2261 3160 2444 3213 videli-

869 3263 957 3308 cet
981 3253 1120 3323 quod
1146 3265 1369 3318 corpore
1391 3248 1600 3318 patroni
1631 3248 1713 3300 sui
1740 3247 2011 3301 Maximini
2044 3248 2440 3302 fraudarentur.

869 3342 1140 3396 Ludovico
1194 3341 1372 3407 itaque
1423 3339 1718 3406 imperante
1770 3336 2045 3391 Heriricus
2098 3337 2268 3391 abbas
2322 3353 2441 3390 cum

869 3435 1124 3489 fratribus
1153 3432 1407 3501 palatium
1436 3429 1567 3497 petit
1591 3444 1786 3497 corpus
1808 3430 1947 3483 beati
1967 3428 2145 3483 Patris
2172 3428 2443 3482 Maximini

865 3523 1323 3593 evpostulaturus,
1378 3520 1665 3587 itidemque
1720 3519 1853 3572 alias
1890 3519 2153 3573 utilitates
2202 3518 2302 3572 loci
2339 3518 2443 3573 sibi

867 3613 1139 3667 commissi
1194 3627 1296 3665 non
1345 3609 1708 3678 neglecturus.
1763 3609 2062 3678 Imperator
2100 3623 2228 3661 vero
2257 3609 2445 3662 favens

866 3705 951 3758 his
990 3701 1352 3772 petitionibus,
1386 3709 1605 3752 evocato
1632 3697 1767 3753 .‘ona
1800 3699 2072 3767 episc0po,
2102 3699 2263 3767 jussit
2294 3698 2442 3752 reddi

867 3809 1081 3864 corpus,
1121 3793 1262 3862 quod
1291 3807 1411 3845 eum
1452 3805 1644 3859 magno
1684 3791 1880 3858 gaudio
1910 3804 1939 3841 a
1987 3789 2105 3842 loco
2134 3788 2441 3858 sepulcrali,

869 3886 920 3938 in
952 3884 1123 3952 quoid
1153 3881 1466 3951 Sigobertus
1508 3881 1790 3948 episcopus
1821 3882 1902 3947 (ut
1928 3880 2035 3947 jam
2070 3878 2323 3946 diximus)
2354 3879 2445 3932 des

865 3981 1119 4046 posuerat
1140 3972 1425 4031 elevatum,
1442 3979 1600 4037 atque
1632 3969 1694 4021 ad
1717 3969 2034 4020 Miciacense
2056 3967 2442 4020 monasterium

865 4081 988 4121 curn
1019 4063 1230 4117 ossibus
1258 4063 1484 4115 duorum
1527 4059 1642 4127 ejus
1685 4059 2070 4128 discipulorum
2099 4059 2441 4112 Tltcodemiri

867 4155 1072 4210 scilicet
1094 4163 1252 4220 atque
1272 4150 1566 4213 Maximini,
1592 4164 1817 4218 quorum
1842 4149 2090 4218 superius
2116 4150 2440 4203 mentionem

866 4246 1162 4315 posuimus,
1189 4241 1450 4309 perlatum
1482 4251 1582 4294 est.

936 4333 1022 4386 16.
1060 4331 1133 4384 De
1163 4329 1404 4383 lleririco
1436 4337 1616 4381 autem
1642 4328 1835 4382 abbate
1872 4325 2188 4389 venerabili,
2219 4327 2308 4394 qui
2359 4326 2440 4380 his

867 4421 1201 4490 temporibus
1234 4421 1313 4487 (ut
1341 4416 1549 4487 praefati
1595 4419 1799 4485 sumus)
1827 4417 1941 4471 loco
1970 4417 2276 4470 Miciacensi
2301 4432 2440 4485 pra:-

868 4521 1004 4573 eral,
1039 4509 1164 4564 illttd
1199 4508 1368 4561 fertur
1398 4506 1806 4574 mirabile,quia
1837 4521 1958 4560 cum
1989 4513 2278 4574 {egrotaret
2300 4505 2438 4574 apud

864 4602 1226 4658 Corbionense
1255 4597 1546 4668 (Corbion),
1580 4598 1966 4651 monasterium
1999 4598 2310 4651 infirmitate
2334 4612 2438 4666 qua

864 4701 917 4743 cl
946 4690 1101 4753 obiit,
1128 4689 1350 4742 fratrem
1401 4687 1499 4739 sibi
1528 4684 1847 4740 familiarius
1871 4687 2219 4741 inltmrentem
2244 4702 2436 4740 evoca-

863 4779 999 4832 verit
1021 4777 1260 4846 persicas
1291 4776 1390 4828 sibi
1421 4775 1655 4843 perquiri
1675 4774 1888 4843 jubens.
1940 4774 2090 4840 Quod
2122 4791 2240 4828 cum
2271 4773 2439 4829 frater

866 4867 1155 4920 miraretur
1185 4879 1304 4916 cum
1333 4871 1541 4930 tempus
1569 4862 1619 4914 id
1651 4863 1950 4915 inveniendi
1980 4877 2083 4915 non
2112 4871 2279 4926 esset,
2307 4864 2430 4931 quia

863 4957 979 5011 dies
1004 4955 1420 5024 Epiphaniormn
1452 4962 1605 5008 erant
1633 4970 1644 5005 :
1673 4952 1836 5016 Vade,
1888 4953 1980 5015 ait,
2021 4962 2142 5021 post
2193 4964 2433 5022 cryptam

869 5046 1202 5106 monasterii,
1234 5055 1287 5100 et
1332 5044 1473 5114 quod
1507 5045 1778 5097 inveneris
1826 5043 1993 5097 defer.
2043 5045 2231 5098 Frater
2254 5054 2432 5098 autem

865 5139 950 5194 ille
981 5154 1084 5191 non
1137 5152 1231 5206 spe
1284 5136 1587 5189 inveniendi
1640 5135 1730 5188 sed
1769 5135 2434 5206 importunitatejubentis

864 5229 1124 5288 devictus,
1149 5226 1213 5279 ad
1239 5224 1500 5292 designati
1536 5223 1635 5277 loci
1666 5225 1914 5277 arborem
1965 5227 2216 5288 accessit,
2249 5227 2298 5279 in
2327 5242 2428 5293 qua

867 5329 975 5372 tres
996 5318 1144 5372 mirae
1179 5315 1374 5386 speciei
1407 5314 1647 5383 persicas
1696 5314 1918 5376 invenit,
1953 5331 2180 5384 quarum
2230 5317 2433 5369 similes

863 5427 961 5465 suo
990 5420 1225 5480 tempore
1248 5408 1410 5462 arbor
1443 5407 1529 5460 illa
1569 5422 1842 5474 nunquam
1871 5407 2115 5460 ediderat
2150 5426 2161 5460 :
2197 5424 2333 5476 quas
2357 5423 2438 5461 cc-

863 5500 924 5520 I__
947 5501 978 5520 ε.
1081 5501 1158 5520 --.ι
1185 5501 1216 5520 9|
1240 5499 1584 5520 :._-_._..-...-
1611 5496 1906 5520 ........:..:.._..
1928 5499 2272 5520 -...-..:_...-_.:
2306 5501 2406 5520 η--

1358 5507 1584 5520 ..Δρ-..ΑΙ--Α
1611 5512 1906 5520 ηιιιι-Αιισιιιι-ιι-
1928 5507 2156 5520 -..ει-ιᾹ-ΑΙ

2474 3109 2517 3170 C

2560 551 2658 604 ego
2691 536 2923 588 veridica
2972 536 3242 588 seniorum
3273 535 3531 589 relatione
3572 552 3899 605 cognoscens
3927 554 4121 608 nequa-

2559 640 2718 691 quam
2777 624 2989 677 silentio
3030 638 3218 691 passus
3251 640 3366 677 sum
3399 625 3693 690 abscondi;
3742 627 3925 695 procul
3963 629 4122 684 dubio

2559 715 2802 778 credens,
2837 717 2960 782 quia
3015 715 3113 768 etsi
3157 727 3282 768 sunt
3314 719 3419 768 rari
3469 733 3609 770 nunc
3642 718 3896 772 miracula
3930 718 4123 772 facien-

2559 817 2658 866 tes,
2693 807 2842 859 multi
2871 817 3044 860 tamen
3077 807 3129 859 in
3168 819 3352 860 sancta
3399 817 3523 861 sunt
3571 808 3830 872 Ecclesia,
3856 813 3944 878 qui
4000 811 4120 864 vita:

2557 898 2750 950 merito
2811 885 3183 966 operatoribus
3248 897 3629 952 miraculorum
3691 899 3934 968 dispares
4015 913 4120 952 non

2556 996 2698 1039 sunt.

2627 1077 2709 1128 l7.
2755 1075 3022 1130 Ludovico
3048 1076 3290 1146 piissimo
3318 1081 3557 1145 Augusto
3603 1078 3686 1146 (ut
3723 1079 4010 1145 credimus)
4033 1047 4145 1134 re-k

2554 1184 2656 1237 gna
2701 1167 2941 1221 etnlestia
2989 1175 3206 1235 petente
3239 1168 3522 1236 imperium
3573 1169 3902 1224 Francorum
3957 1172 4122 1224 armis

2553 1256 2641 1307 ditt
2672 1256 2951 1325 qumsitum
2976 1265 3136 1325 atque
3169 1271 3198 1308 a
3229 1255 3422 1310 Carolo
3447 1257 3560 1325 ejus
3581 1269 3731 1326 patre
3755 1260 4121 1328 multipliciter

2553 1357 2923 1416 propagatum,
2953 1362 2981 1398 a
3016 1347 3178 1400 nobili
3207 1346 3348 1400 illius
3374 1350 3616 1415 corporis
3642 1364 3896 1418 compage
3941 1352 4119 1404 multis

2553 1437 2855 1490 nationibus
2884 1446 3066 1490 coacta
3114 1437 3374 1490 trifariam
3421 1439 3707 1504 dividitur,
3754 1441 4120 1510 lriarrhesque

2554 1525 2644 1577 filii
2674 1527 2948 1579 constituti
2978 1527 3029 1579 id
3054 1529 3341 1596 regendum
3372 1531 3687 1582 sortiuntur.
3727 1530 3894 1599 Major
3929 1534 4117 1586 borum

2551 1614 2838 1667 Lotltarius
2883 1615 3164 1669 Franciam
3209 1631 3331 1670 cum
3377 1617 3560 1681 Italia,
3606 1618 3904 1674 Lmlovicas
3949 1621 4119 1676 Saxo-

2551 1704 2690 1756 niam
2725 1719 3045 1772 omnemque
3081 1704 3424 1759 Germaniam
3446 1748 3460 1770 ,
3513 1709 3736 1762 Carolus
3771 1708 3960 1763 Juuior
3993 1711 4120 1763 Bur-

2551 1793 2800 1862 gundiam
2845 1809 2964 1846 cum
2997 1793 3284 1862 Aquitania
3326 1799 3583 1864 possedit.
3631 1797 3746 1862 Quo
3793 1798 3984 1853 Carolo
4013 1817 4118 1853 non

2551 1885 2828 1937 minimam
2873 1885 3020 1954 regni
3065 1895 3270 1954 partem
3303 1899 3570 1951 assecuto,
3600 1890 3720 1942 dum
3760 1889 3966 1944 fortuna
3995 1907 4120 1946 cum

2553 1975 2844 2030 infortunio
2881 1976 3130 2040 alternat,
3168 1979 3313 2047 regni
3365 1978 3479 2046 ejus
3505 1988 3675 2033 status
3703 1983 3875 2049 primo
3906 1984 4116 2050 quidem

2551 2063 2819 2118 intestinis
2846 2065 3104 2118 bellorum
3135 2065 3400 2129 cladibus,
3431 2070 3765 2134 postmodum
3793 2084 3919 2123 vero
3945 2080 4122 2124 exter-

2551 2155 2633 2207 nis
2679 2155 2996 2209 tumultibus
3023 2165 3277 2224 gravatus
3325 2157 3745 2228 proﬂigatosque
3790 2171 3892 2214 est.
3949 2164 4120 2216 Duces

2548 2244 2746 2297 ctenim
2775 2245 2866 2313 qui
2895 2245 3028 2298 fines
3056 2246 3266 2314 imperii
3294 2248 3428 2300 tueri
3465 2249 3783 2315 debuerant,
3809 2253 3932 2305 dum
3961 2256 4119 2307 rebus

2549 2337 2927 2390 communibus
2978 2338 3382 2408 privalajurgia
3442 2353 3795 2409 prmpouunt,
3845 2352 4004 2412 atque
4051 2346 4122 2398 ob

2549 2426 2602 2479 id
2643 2428 2906 2481 mortibus
2935 2437 2988 2482 et
3032 2430 3234 2496 rapinis
3263 2446 3381 2484 sese
3410 2431 3744 2486 insectantur
3768 2475 3782 2498 ,
3815 2434 3988 2488 locum
4021 2436 4118 2488 de-

2549 2516 2675 2570 dere
2703 2517 2968 2580 barbaris,
2997 2534 3102 2586 quo
3125 2519 3405 2586 imperium
3434 2523 3646 2590 regibus
3670 2523 3883 2592 inclytis
3903 2534 4117 2592 partmn

2548 2617 2602 2659 et
2636 2615 2714 2660 tot
2745 2609 2954 2662 smculis
2984 2609 3387 2664 formidolosum
3416 2614 3618 2682 rapinis
3644 2624 3696 2667 et
3731 2615 3990 2670 incendiis
4018 2617 4119 2684 ipsi

2550 2697 2988 2750 dehonestarent.
3013 2698 3154 2752 Inter
3177 2698 3520 2754 Lambertum
3544 2703 3685 2756 enim
3709 2715 3763 2757 et
3797 2704 4118 2761 Rainoldum

2551 2787 2642 2854 qui
2672 2787 2935 2842 Neustria:
2969 2790 3103 2844 fines
3128 2807 3313 2847 versus
3346 2794 3616 2849 Oceanum
3650 2799 3926 2866 regebant,
3960 2799 4116 2867 longa

2550 2879 2910 2938 concertatio,
2945 2890 3172 2945 utraque
3216 2883 3447 2947 perditio
3474 2888 3664 2952 patriae
3714 2888 3855 2943 latus
3891 2891 4116 2956 detexit,

2550 2977 2647 3029 per
2696 2965 2836 3031 quod
2884 2965 3065 3019 clades
3117 2983 3338 3036 regnum
3389 2969 3719 3027 Francormn
3768 2976 4117 3046 profligatum

2551 3053 2727 3121 primo
2759 3053 2959 3109 infecta
2989 3066 3091 3110 est.
3118 3058 3193 3111 Ac
3220 3060 3450 3126 primum
3481 3062 3560 3114 vis
3593 3062 3869 3120 Britonum
3894 3067 4115 3123 limitem

2551 3152 2906 3212 transgressa,
2929 3147 3204 3215 antiquam
3231 3148 3592 3206 Namneticam
3611 3151 4115 3228 (Nantes)Andega-

2551 3250 2871 3303 vensemque
2899 3237 3139 3307 (Angers)
3173 3240 3440 3305 regiones,
3479 3242 3791 3298 Meduanam
3815 3247 4115 3318 (Mayenne)

2547 3323 2763 3378 fluvium
2795 3342 2962 3394 usque
2987 3342 3096 3380 sure
3132 3331 3374 3384 barbara:
3398 3331 3635 3386 subdidit
3661 3335 3874 3390 ditioni.

2618 3413 2701 3466 l8.
2731 3413 2770 3465 E
2793 3415 3019 3485 vestigio
3043 3431 3172 3484 gens
3188 3416 3545 3473 Normannica
3568 3423 3755 3490 vagina
3783 3441 3891 3479 suae
3908 3427 4116 3482 habita-

2549 3502 2712 3555 tionis
2741 3519 2956 3572 egressa
2993 3520 3095 3558 non
3133 3522 3281 3562 more
3313 3510 3569 3578 piratico,
3609 3514 3702 3567 sed
3733 3514 3901 3570 libere
3939 3529 4115 3575 terras

2546 3594 2904 3660 pervadendo,
2937 3593 3062 3647 dum
3101 3612 3280 3677 nemo.
3298 3600 3502 3653 resistit
3527 3642 3541 3664 ,
3578 3617 3789 3658 omnem
3825 3622 3973 3661 oram
4003 3626 4116 3662 ma-

2549 3681 2782 3734 ritimam
2827 3683 3120 3748 incendiis,
3183 3687 3414 3753 rapinis,
3475 3692 3728 3760 omnique
3779 3697 4116 3753 crudelitatis

2546 3784 2740 3837 genere
2781 3773 3161 3829 miserabiliter
3199 3777 3448 3832 confecit.
3503 3782 3744 3852 Denique
3785 3787 3870 3841 die
3918 3790 4114 3842 nativi-

2546 3862 2675 3912 tatis
2699 3859 2755 3913 S.
2781 3861 3004 3916 Joannis
3026 3863 3278 3933 Baptistm
3307 3870 3492 3922 urbem
3527 3871 3894 3929 Namneticam
3921 3879 4113 3933 adorsa

2546 3962 2873 4012 concremat.
2923 3963 2976 4005 et
3029 3955 3377 4010 Gunbardum
3422 3959 3502 4027 (S.
3554 3960 3786 4033 Coltard)
3827 3969 4110 4035 przesulem

2547 4043 2718 4094 sacris
2764 4043 3048 4096 missarum
3105 4046 3382 4102 solemniis
3429 4051 3691 4106 intentmn
3745 4071 3906 4126 super
3957 4076 4110 4114 aram

2546 4130 2783 4185 Ferreoli
2814 4136 3067 4203 martyris
3097 4151 3216 4203 qum
3261 4148 3344 4193 est
3373 4141 3439 4194 ad
3478 4142 3662 4197 lzevatn
3693 4147 3824 4201 tedis
3855 4148 3912 4201 Β.
3967 4150 4110 4206 Petri

2546 4223 2770 4290 apostoli
2801 4227 2987 4278 matris
3012 4227 3253 4282 ecclesiae
3288 4230 3526 4298 ejusdem
3549 4235 3781 4291 civitatis
3803 4240 4109 4304 obtruncat,

2547 4316 2980 4387 baccltantesque
3029 4335 3122 4390 per
3149 4323 3401 4390 populum
3450 4325 3574 4378 nulli
3610 4330 3750 4382 :etali
3785 4334 4109 4397 parcendum

2547 4415 2754 4472 putant.
2786 4405 2900 4476 Ipsa
2931 4410 3062 4462 urbe
3095 4411 3310 4465 incensa
3348 4413 3507 4480 (anno
3546 4416 3670 4486 843)
3700 4434 3819 4473 eum
3851 4423 3994 4476 omni
4022 4439 4114 4476 su-

2543 4495 2799 4563 pellectili
2835 4499 3072 4554 civitatis
3106 4513 3158 4553 et
3193 4503 3378 4570 grandi
3411 4506 3740 4571 captivorum
3770 4511 4112 4565 multitudine

2543 4588 2594 4640 in
2650 4589 2874 4641 insulam
2908 4592 3196 4659 quamdam
3239 4597 3484 4648 ctenobio
3528 4596 3585 4650 S.
3633 4599 3892 4655 Florentii
3939 4606 4110 4658 conti-

2542 4693 2702 4746 gnum
2756 4689 3096 4733 revertuntur
3119 4722 3133 4744 ,
3169 4682 3348 4750 ibique
3395 4686 3806 4742 contubernium
3842 4701 4106 4758 statuunt,

2542 4771 2798 4839 quidquid
2861 4771 3054 4826 alicubi
3119 4773 3562 4841 depraedarentur
3614 4795 3678 4833 eo
3743 4781 4106 4838 conferentes.

2542 4862 2779 4916 Primum
2812 4863 3027 4930 quidem
3060 4864 3327 4932 imperitia
3359 4869 3634 4935 equitandi
3664 4870 3933 4941 longiores
3966 4886 4110 4928 veta-

2544 4953 2635 5005 bat
2666 4967 2962 5012 cxcursus;
2987 4955 3053 5006 ad
3087 4965 3417 5023 postremum
3462 4973 3590 5012 vero
3622 4976 3685 5014 eo
3713 4977 3809 5014 usu
3840 4967 4106 5019 exercita-

2544 5043 2704 5095 tiores
2737 5058 2841 5096 non
2880 5043 3049 5096 solum
3083 5061 3304 5113 quaeque
3335 5046 3579 5112 finitima,
3608 5052 3699 5103 sed
3723 5053 3908 5120 procul
3935 5056 4106 5122 posita

2541 5142 2936 5201 pervagantur,
2977 5135 3208 5188 cardibus
3241 5135 3520 5203 opplentes
3553 5140 3730 5191 omnia
3774 5143 3933 5211 (anno
3959 5143 4104 5214 855).

2542 5223 2738 5275 lterum
2804 5237 2933 5291 ergo
2999 5223 3227 5278 navibus
3307 5227 3613 5281 conscensis
3680 5226 3910 5285 Turonis
3986 5249 4110 5301 per-

2541 5315 2786 5378 vadunt,
2866 5329 3069 5383 perque
3135 5315 3343 5369 alveum
3418 5317 3625 5388 Ligeris
3695 5320 3762 5373 ad
3838 5337 4109 5378 monaste-

2541 5409 2675 5459 rium
2701 5405 2876 5459 Patris
2903 5405 3174 5460 Maximini
3209 5410 3522 5475 perveniunt
3555 5429 3566 5462 :
3595 5411 3735 5479 quod
3762 5427 3984 5466 vacuum
4009 5414 4106 5467 lto-

2816 5511 3056 5520 ..Α-ιΑ--,ι-.
