4494 5520
386 389 491 443 805

1380 388 1573 443 LIBER
1616 391 1699 445 Dli
1740 390 2108 444 MIIHCI'LIS
2146 393 2201 444 S.
2241 391 2572 445 MAXIMINI.

3520 392 3624 444 806

386 495 586 547 dormit
614 502 787 563 neque
809 493 1088 557 dormitat,
1122 494 1212 562 qui
1260 494 1494 549 custodit
1526 496 1706 556 Israel,
1741 495 1959 563 nequid-
1993 501 2037 557 Α
2071 496 2206 547 rium
2235 510 2402 563 usque
2432 496 2699 554 conducit,
2744 505 2797 547 et
2828 495 2879 548 in
2929 495 3291 561 expulsiuucm
3338 498 3516 551 ovium
3552 499 3630 552 lu-

386 598 545 650 quam
594 583 682 636 diu
737 582 1066 645 laborantes,
1118 596 1170 635 et
1214 585 1358 636 omni
1390 584 1579 637 effectu
1611 585 1826 638 malitiae
1866 600 1955 638 ca-

387 682 568 725 rcntes
634 671 948 725 confusione
1000 672 1239 739 adoperti
1311 672 1611 726 discedunt.
1685 672 1957 727 llactenus

386 776 545 828 porro
589 761 781 814 intueri
810 778 822 813 :
861 762 1037 822 datur,
1068 772 1264 829 quanta
1295 763 1563 832 vigilantia
1604 763 1761 817 Pater
1789 763 1957 817 Maxi-

388 852 564 905 minus
592 852 733 906 hunc
756 853 1052 905 servaverit
1083 853 1279 915 locum,
1307 869 1467 922 quem
1501 869 1529 906 a
1559 855 1645 909 die
1674 870 1783 908 suce
1824 870 1951 909 con-

386 940 605 994 ditionis
630 942 791 994 etiam
824 951 1061 1011 tempore
1106 942 1388 997 barbarico
1425 943 1635 1013 ignibus
1684 960 1956 1013 nunquam

387 1031 693 1101 permiserit
738 1032 945 1087 violari.
981 1033 1111 1086 Nam
1143 1049 1203 1087 ea
1249 1042 1563 1103 tempestate
1601 1037 1687 1089 vix
1742 1036 1955 1104 aliquod

387 1124 690 1176 emnohium
723 1126 887 1177 totius
913 1124 1192 1185 Neuslt'ite.
1220 1136 1274 1178 et
1303 1143 1495 1195 magna
1525 1142 1589 1181 ex
1620 1138 1772 1196 parte
1794 1129 1956 1197 Aqui-

388 1212 546 1266 tania:
572 1229 758 1265 manus
790 1215 1074 1282 impiorum
1103 1216 1294 1279 evasit,
1327 1232 1446 1269 cum
1486 1228 1540 1271 et
1571 1216 1627 1271 S.
1664 1217 1875 1271 Martini
1905 1230 1957 1272 et

388 1302 530 1357 heati
565 1301 744 1356 Patris
784 1303 1056 1358 Benedicti
1091 1306 1413 1359 monasteria
1437 1306 1504 1359 ab
1532 1307 1610 1360 eis
1635 1306 1960 1375 conflagrata

387 1394 513 1446 siut.
548 1391 652 1447 Sed
681 1410 838 1448 nemo
886 1403 1128 1448 autmnet
1150 1410 1234 1448 me
1268 1388 1318 1448 in
1343 1396 1602 1466 cujusque
1638 1398 1807 1451 sancti
1836 1414 1960 1468 sug-

386 1486 715 1554 gillatiouem
747 1486 844 1539 ista
868 1488 1117 1556 prosequi
1142 1504 1155 1549 ;
1183 1503 1367 1540 verum
1392 1489 1457 1541 ad
1483 1489 1958 1544 demonstrandum

386 1578 458 1646 pii
508 1577 663 1643 hujus
710 1576 885 1631 Patris
916 1576 1187 1640 allectum,
1234 1579 1324 1646 qui
1373 1580 1707 1647 prospiciens
1750 1579 1961 1634 futuros

386 1682 544 1721 casus
592 1676 643 1721 et
683 1677 922 1735 tempora
963 1682 1082 1736 qua:
1127 1682 1222 1721 sua
1269 1678 1394 1721 sunt
1439 1670 1793 1737 quterentium
1852 1684 1960 1723 non

385 1759 640 1813 sustinuit
691 1759 971 1812 :cdiculam
1026 1774 1177 1812 suam
1232 1760 1476 1823 amburi,
1531 1760 1817 1827 providens
1869 1768 1963 1813 aut

2059 600 2182 651 pum
2212 586 2397 638 Stcvire
2417 587 2578 653 cogit.
2613 585 2793 652 Itaque
2843 600 2964 636 cum
3022 583 3260 637 Wlmaro
3310 586 3507 654 quique
3533 604 3630 656 pu-

2060 676 2221 728 tiores
2242 675 2598 742 expelluntur,
2625 676 2860 743 quinque
2899 684 3106 728 tantum
3140 689 3459 743 personatus
3482 681 3632 733 viliu-

2058 764 2133 816 ris
2159 763 2415 817 fratribus
2440 765 2727 817 derelictis.
2758 764 2953 831 Sicque
2976 765 3263 820 Fredricus
3289 776 3411 821 voto
3434 771 3633 837 potitus

2059 868 2249 906 nutuen
2282 855 2493 908 abbatis
2522 856 2770 919 obtinuit,
2816 853 3046 907 oﬂieium
3089 857 3308 911 omnino
3337 859 3630 914 declinans.

2062 944 2163 999 Eos
2211 946 2407 999 etenim
2457 962 2592 1015 quos
2650 946 2777 999 inihi
2831 947 3120 1015 reliquerat
3168 947 3369 1003 ultima:
3433 950 3635 1005 habens

2060 1032 2344 1101 dejectioui
2376 1046 2433 1087 ut
2457 1035 2836 1104 stipendiarios
2863 1035 3017 1104 sigilu
3056 1035 3252 1095 alebat.
3307 1039 3516 1093 cwtcris
3541 1040 3637 1093 bo-

2061 1125 2142 1176 nis
2172 1126 2384 1193 penitus
2439 1127 2669 1179 ahrasis.
2725 1126 2825 1191 Qui
2878 1136 3080 1179 tantam
3114 1142 3240 1197 erga
3293 1143 3352 1182 se
3377 1128 3635 1183 duritiam

2060 1230 2166 1268 non
2199 1214 2430 1270 ferentes
2476 1217 2783 1285 episcopum
2829 1216 3049 1279 adeunt,
3101 1225 3156 1271 et
3196 1216 3468 1286 querelam
3524 1234 3638 1273 sum

2060 1304 2384 1359 calamitatis
2434 1322 2617 1359 coram
2672 1321 2737 1360 eo
2778 1308 3087 1375 deponunt;
3138 1324 3275 1377 quos
3304 1308 3389 1362 ille
3415 1309 3636 1363 omnino

2062 1394 2289 1461 sprevit,
2348 1403 2400 1447 et
2452 1411 2574 1448 cum
2629 1396 2831 1464 ingenti
2880 1398 3073 1467 injuria
3124 1413 3155 1451 a
3215 1408 3503 1466 conspectu
3536 1415 3636 1455 suo

2060 1482 2181 1550 cjici
2207 1482 2389 1550 jussit.
2426 1484 2527 1549 Qui
2582 1485 2879 1553 contempti
2932 1486 3314 1538 monasterium
3367 1496 3635 1555 repetunt,

2062 1577 2117 1621 et
2147 1568 2205 1621 Β.
2235 1568 2525 1623 Maximino
2567 1571 2889 1640 importunis
2930 1574 3207 1639 questibus
3269 1572 3497 1627 miseria:
3527 1590 3636 1628 sua:

2062 1659 2395 1728 ingeminant
2442 1676 2649 1722 casum,
2703 1672 2758 1715 et
2798 1664 2967 1716 sacris
2996 1663 3268 1717 cineribus
3318 1663 3638 1718 inhaerentes

2063 1747 2167 1801 diei
2200 1758 2411 1801 noctem
2434 1749 2772 1802 continuant.

384 1852 475 1905 vix
523 1861 612 1905 aut
657 1852 961 1907 nullatenus
997 1867 1116 1906 eam
1149 1852 1203 1907 in
1237 1862 1435 1908 statum
1466 1854 1755 1924 pristinum
1785 1853 1959 1909 refor-
1988 1835 2035 1893 Β
2131 1837 2159 1889 9

1863 1854 1959 1909 δν-
1988 1835 2035 1893 Β
2131 1837 2219 1891 20.
2253 1835 2418 1891 Nocte
2449 1838 2630 1907 itaque
2658 1839 2885 1907 quadam
2915 1839 3215 1909 quiescenti
3250 1841 3504 1909 episcOpo
3533 1842 3638 1894 duo

386 1948 592 1993 malum
625 1940 712 1993 iri.

456 2029 541 2084 l9.
575 2029 741 2099 lgitur
771 2029 905 2097 Agio
926 2030 1199 2101 episcopo,
1229 2030 1327 2085 sub
1357 2046 1463 2099 quo
1494 2032 1689 2087 civitas
1715 2032 1965 2087 Aurelia-

386 2120 570 2174 nensis
611 2120 782 2174 semel
825 2121 1080 2174 distracta
1121 2121 1358 2175 secundo
1404 2122 1623 2175 incensa
1664 2131 1770 2186 est,
1819 2124 1961 2178 diem

386 2212 636 2275 ubeunte,
662 2212 953 2265 Walterius
984 2212 1095 2279 (ll)
1126 2213 1386 2265 successit
1414 2212 1496 2264 vir
1522 2220 1794 2273 strenuus,
1820 2223 1872 2267 et
1895 2214 1962 2268 ad

387 2315 615 2369 quaeque
670 2299 990 2369 perferenda
1026 2298 1147 2352 forti
1192 2301 1374 2353 animo
1406 2310 1762 2370 praeparatus,
1794 2303 1883 2370 qui
1909 2310 1964 2355 et

387 2407 573 2447 muros
604 2392 753 2447 urbis
778 2391 1069 2455 exstruxit,
1103 2400 1157 2445 et
1188 2392 1334 2445 cives
1359 2399 1436 2444 tot
1465 2390 1710 2444 cladibus
1735 2392 1963 2445 miseros

388 2484 456 2537 ad
510 2483 863 2537 resistendum
904 2483 1150 2538 barbaris
1180 2482 1460 2537 animavit.
1494 2482 1589 2537 Cui
1640 2482 1962 2537 Trohannus

390 2570 672 2640 (Tranm’n)
729 2572 1026 2626 succedens
1074 2572 1205 2626 nihil
1253 2570 1439 2626 efﬁcax
1490 2572 1741 2635 ostendit,
1775 2588 1960 2625 verum

390 2662 591 2716 crudeli
617 2661 763 2717 exitu
787 2663 1017 2731 posteris
1045 2664 1127 2717 sui
1154 2664 1467 2717 memoriam
1494 2664 1796 2733 dereliquit.
1828 2663 1961 2718 Nam

393 2754 612 2808 levitate
660 2754 823 2808 animi
879 2754 1046 2808 multa
1100 2763 1288 2819 utens,
1354 2755 1582 2823 plurima
1640 2756 1962 2810 temulentus

392 2844 520 2897 dare
546 2843 627 2898 vel
662 2844 983 2913 promittere
1032 2843 1221 2897 solitus
1250 2854 1387 2908 erat,
1434 2860 1552 2913 quae
1590 2846 1716 2899 vino
1757 2847 1962 2915 digesto

392 2934 606 3001 penitus
637 2935 927 3003 ignoraret.
971 2933 1119 2985 lianc
1143 2934 1449 3000 auspicatus
1472 2935 1806 2986 occasionem
1835 2932 1963 2985 Freo

393 3024 573 3079 dricus
621 3023 837 3095 quidam
886 3022 1081 3078 nobilis
1128 3022 1356 3078 clericus
1404 3024 1665 3092 quosdam
1726 3025 1961 3093 episcopi

394 3115 732 3168 necessarios
779 3112 877 3165 sibi
939 3113 1129 3166 ascivit
1164 3120 1561 3182 cooperatores,
1598 3113 1963 3183 accedensque

393 3214 516 3274 post
559 3218 769 3259 cmnam
812 3202 879 3255 ad
925 3202 1233 3271 episcOpum
1281 3201 1599 3271 quibusdam
1642 3202 1887 3256 laudibus
1912 3214 1966 3257 et

397 3296 702 3350 urbanitate
722 3292 918 3361 el0quii
940 3292 1055 3360 ejus
1078 3293 1313 3345 animum
1337 3292 1436 3345 sibi
1466 3291 1753 3345 conciliare
1780 3293 1963 3361 C(Bpil,

396 3384 710 3454 perlatoque
736 3383 860 3435 vino
892 3382 1031 3435 inter
1051 3382 1338 3435 bibendum
1369 3382 1433 3435 de
1461 3382 1577 3435 loco
1608 3383 1664 3436 S.
1691 3381 1965 3436 Maximini

398 3483 576 3527 motus
602 3481 684 3526 est
704 3486 905 3525 sermo.
929 3469 1156 3535 Quidam
1199 3471 1340 3523 enim
1367 3470 1621 3525 Wmarus
1648 3472 1967 3537 monachus,

398 3565 493 3617 sed
519 3571 573 3616 et
600 3563 711 3631 ipse
735 3561 1033 3615 secundum
1065 3561 1243 3615 saeculi
1276 3562 1587 3630 dignitatem
1616 3562 1795 3617 clarus
1818 3579 1969 3617 eum-

399 3652 521 3706 dem
567 3650 743 3704 locum
801 3650 1085 3713 ambierat,
1118 3658 1172 3703 et
1200 3649 1267 3703 ad
1326 3649 1498 3717 ipsum
1549 3650 1865 3705 Fredricuzn
1912 3666 1972 3705 se

400 3741 684 3813 conferens
732 3738 980 3794 elfectum
1048 3738 1298 3793 desiderii
1351 3739 1785 3807 prrestolahatur.
1865 3738 1972 3793 Sed

400 3832 622 3886 consilio
666 3831 939 3885 Ermentei
980 3829 1163 3884 fratris
1193 3832 1296 3893 sui,
1339 3829 1623 3884 Fredricus
1656 3831 1704 3883 id
1737 3831 1971 3884 studium

400 3935 563 3974 causa
588 3919 835 3973 videlicet
878 3917 1101 3971 Wlmari
1125 3918 1520 3987 derelinquens,
1552 3928 1611 3971 ut
1639 3919 1739 3973 sibi
1775 3934 1975 3972 consu-

404 4011 539 4065 leret
576 4024 859 4080 aggressus
907 4016 1024 4072 est,
1063 4008 1373 4076 habensque
1408 4008 1702 4062 familiares
1738 4009 1975 4078 episcolii

403 4100 643 4155 fautores
666 4114 788 4153 eum
819 4099 950 4152 hora
974 4112 1076 4166 qua
1101 4096 1213 4165 jam
1243 4098 1443 4151 dictum
1474 4105 1578 4160 est,
1610 4098 1765 4162 adiit,
1796 4106 1851 4152 et
1880 4097 1972 4150 da-

408 4192 607 4246 tionem
655 4189 892 4261 prtedicti
945 4187 1046 4242 loci
1085 4187 1237 4256 quasi
1295 4187 1664 4257 imaginariam
1708 4187 1808 4241 sibi
1858 4187 1975 4242 fieri

405 4280 652 4336 extorsit.
705 4278 783 4333 Ne
812 4277 951 4333 forte
1002 4278 1165 4331 etiam
1213 4276 1497 4345 episcopus
1533 4276 1849 4345 ptenitentia
1881 4277 1977 4330 du-

407 4384 527 4429 ctus
576 4370 630 4426 id
679 4384 876 4441 negare
928 4377 1315 4439 praesumeret,
1371 4367 1619 4421 baculum
1667 4366 1784 4435 ejus
1835 4366 1978 4421 furto

2066 1926 2335 1982 terribiles
2363 1928 2621 1982 assistunt
2650 1929 2772 1992 viri,
2803 1930 2989 1982 habitu
3028 1930 3297 1997 prteclari,
3329 1932 3525 1984 canitie
3554 1948 3638 1983 rc-

2064 2017 2308 2073 verendi:
2332 2034 2470 2073 unus
2494 2019 2780 2087 episcopali
2812 2020 3105 2083 schemate,
3134 2020 3269 2073 alter
3297 2020 3464 2074 abbas
3494 2022 3639 2075 vide-

2066 2109 2241 2172 batur,
2272 2110 2362 2178 qui
2392 2109 2543 2178 quasi
2569 2111 2829 2163 rationem
2881 2125 3001 2163 cum
3048 2126 3112 2164 eo
3148 2126 3346 2178 ponere
3379 2113 3637 2166 videban—

2067 2210 2172 2262 tur,
2222 2215 2320 2253 cur
2347 2201 2393 2254 is
2436 2201 2675 2268 neglecta
2721 2202 3021 2254 animarqu
3053 2203 3224 2255 salute
3282 2206 3484 2257 sanctis
3512 2204 3642 2258 locis

2066 2289 2311 2357 indignas
2361 2298 2697 2357 praeponeret
2747 2304 3028 2357 personas,
3070 2291 3160 2358 qui
3205 2290 3429 2345 luxuria:
3471 2302 3522 2345 ct
3552 2309 3639 2344 vo-

2067 2377 2253 2446 luptati
2282 2394 2499 2447 operam
2532 2380 2740 2440 darent,
2765 2386 2820 2431 et
2866 2394 2995 2433 oves
3038 2380 3342 2434 Dominicas
3372 2384 3642 2438 morsibus

2066 2469 2308 2536 luporum
2350 2469 2627 2523 laniandos
2655 2470 2938 2540 elTugando
2979 2475 3379 2527 contraderent.
3410 2476 3541 2529 Cum
3574 2478 3643 2531 ad

2068 2558 2179 2610 lucc
2230 2558 2514 2627 episc0pus
2568 2560 2799 2613 reticens
2856 2559 2989 2613 nihil
3049 2562 3373 2629 respondere
3418 2563 3637 2629 valeret,

2065 2648 2451 2718 aggrediuntur
2478 2664 2598 2703 eum
2629 2648 2831 2719 ﬂagris.
2863 2661 2918 2705 et
2970 2653 3361 2708 obscenissime
3383 2657 3642 2711 derelicto

2065 2743 2379 2796 abscedunt.
2412 2741 2577 2811 Cujus
2616 2742 2940 2796 clamoribus
2972 2742 3157 2797 famuli
3190 2746 3412 2801 excitati
3439 2748 3639 2801 clamo-

2067 2836 2140 2887 ris
2168 2850 2360 2887 causas
2386 2834 2684 2900 inquirunt,
2723 2835 2919 2901 visque
2971 2832 3041 2886 ab
3084 2848 3151 2888 eo
3178 2834 3519 2905 aliquatenus
3546 2852 3641 2891 co-

2067 2938 2330 2989 gnoscere
2358 2931 2649 2991 potuerunt
2678 2939 2691 2973 :
2732 2923 2825 2975 sed
2884 2932 3089 2976 tantum
3129 2924 3271 2978 inter
3296 2926 3560 2995 singultus
3588 2938 3645 2980 et

2068 3012 2211 3065 anxii
2247 3010 2498 3064 tremoris
2519 3010 2763 3063 nutantia
2813 3012 2975 3065 verba
3004 3011 3282 3065 Evurtium
3312 3021 3367 3067 et
3398 3013 3645 3067 Maximi-

2068 3119 2194 3157 num
2226 3101 2567 3163 inclamabal,
2600 3110 2656 3155 et
2683 3101 2977 3155 monachos
3025 3102 3224 3156 diutius
3253 3102 3642 3173 iugemiuabat.

2069 3192 2143 3246 llli
2175 3191 2530 3261 intelligentes
2559 3192 2800 3245 ascensis
2825 3192 2979 3260 equis
3032 3194 3423 3247 monasterium
3452 3196 3642 3249 eadem

2070 3284 2198 3336 hora
2232 3282 2617 3337 cuncitocursu
2641 3290 2932 3349 expetunt;
2966 3282 3058 3336 sed
3082 3292 3373 3351 antequam
3393 3285 3643 3340 monachi

2068 3378 2507 3444 peraccederent,
2561 3372 2843 3443 episcomis
2878 3389 3041 3429 carne
3083 3376 3290 3430 solutus
3317 3385 3419 3431 est.
3458 3376 3564 3430 Sed
3590 3387 3645 3430 et

2070 3466 2182 3534 ipse
2206 3464 2489 3519 Fredricus
2520 3479 2624 3517 non
2670 3464 2720 3516 in
2754 3463 2969 3534 longum
3022 3464 3231 3519 laetatus
3277 3475 3389 3519 est:
3438 3482 3561 3519 nam
3590 3476 3647 3520 et

2071 3556 2183 3624 ipse
2214 3554 2541 3607 validissimo
2580 3563 2827 3621 arreptus
2873 3554 3229 3619 incommodo,
3262 3555 3327 3610 de
3366 3568 3431 3609 eo
3463 3555 3515 3608 iu
3540 3569 3649 3624 quo

2071 3644 2453 3709 incumbebat,
2502 3646 2750 3699 exsilibat
2792 3654 2963 3699 stratu
3029 3644 3086 3700 S.
3132 3645 3481 3700 Maximinum
3538 3662 3643 3701 non

2072 3736 2343 3791 sustinens
2364 3737 2717 3791 insistentem.
2754 3737 2807 3790 ln
2835 3737 2919 3791 his
2944 3752 3072 3808 ergo
3110 3737 3316 3791 clamor
3336 3738 3436 3791 bus
3459 3738 3649 3792 immao

2074 3838 2191 3881 tura
2230 3836 2534 3896 praeventus
2583 3835 2755 3881 morte
2781 3842 2902 3882 cum
2943 3827 3229 3882 multorum
3269 3828 3455 3884 dolore
3485 3829 3647 3899 spiri-

2076 3926 2182 3971 tum
2210 3916 2498 3971 exhalavit.

2693 4006 2921 4064 CAPUT
2959 4007 3047 4061 IV.

2271 4099 2347 4151 De
2380 4096 2593 4150 Letaldo
2623 4098 2809 4151 abbate
2829 4108 2876 4151 et
2904 4100 3017 4167 ejus
3043 4099 3448 4152 successoribus.

2142 4186 2233 4240 21.
2266 4186 2359 4241 His
2385 4188 2560 4255 itaque
2587 4188 2765 4240 taliter
2780 4187 3395 4257 multatis,defuitquieo
3409 4196 3651 4259 tempore

2076 4287 2260 4332 contra
2276 4276 2364 4345 jus
2391 4279 2773 4331 monasterium
2799 4278 2971 4331 locum
2999 4278 3367 4347 supradictutn
3383 4280 3653 4344 ambiret;

2078 4368 2168 4421 sed
2186 4367 2385 4421 reversi
2410 4368 2608 4436 quique
2622 4384 2653 4421 a
2669 4368 3025 4436 dispersione,
3039 4384 3143 4437 qua
3158 4369 3386 4439 dispersi
3413 4370 3655 4432 fuerant,

408 4470 710 4534 asportant,
756 4471 813 4515 et
854 4460 1159 4515 donationis
1195 4460 1426 4513 iudicem
1469 4458 1522 4511 in
1552 4458 1848 4512 crastinum
1892 4472 1979 4512 re-
2006 4497 2055 4555 Β
2083 4460 2258 4513 locum
2298 4459 2581 4527 recipiunt,
2618 4458 2874 4528 profanos
2926 4468 2982 4512 et
3019 4461 3341 4515 temerarios
3371 4460 3655 4514 invasam

409 4562 648 4610 servant.
673 4552 858 4608 Altero
884 4562 1063 4605 autem
1092 4550 1178 4604 die
1215 4547 1556 4617 consurgenti
1586 4550 1838 4616 episcopo
1864 4545 1977 4600 olli-

409 4631 744 4701 ciosissimus
789 4642 941 4695 adest
992 4639 1280 4694 Fredricus
1318 4653 1415 4708 pro
1449 4638 1657 4692 collatis
1682 4647 1862 4709 grates
1897 4653 1979 4693 re-

410 4734 687 4805 pendens,
736 4731 968 4800 donique
1017 4738 1207 4785 testem
1256 4727 1506 4782 baculum
1562 4734 1978 4795 repraesentans.

412 4824 680 4882 Confusus
731 4823 1043 4892 episeOpus,
1092 4829 1147 4875 et
1190 4817 1317 4888 quid
1368 4816 1555 4871 fecerit
1600 4817 1836 4885 ignarus,
1886 4818 1980 4871 sed

410 4919 761 4975 factiosorum
809 4912 1162 4968 unanimitate
1204 4908 1515 4973 convictus,
1560 4907 1744 4961 volens
1795 4906 1982 4963 nolens

414 5025 594 5069 tamen
622 5006 909 5065 consentit.
942 5004 1007 5057 Et
1045 5002 1168 5072 quia
1200 5000 1273 5055 rei
1312 4997 1591 5051 familiaris
1636 5011 1757 5050 eum
1800 4996 1979 5067 inopia

416 5110 752 5176 perurgeret,
800 5095 993 5165 dapsili
1035 5094 1282 5149 convivio
1315 5091 1546 5145 donatus
1572 5088 1724 5142 lirma
1749 5088 1860 5156 jatn
1888 5107 1984 5148 au-

415 5194 668 5251 ctoritate
721 5186 979 5244 Fredrico
1026 5192 1206 5252 optata
1254 5179 1544 5236 consensit.
1591 5176 1708 5243 Quo
1758 5178 1823 5231 ad
1870 5180 1985 5241 Μο-

415 5281 713 5341 nasterium
784 5274 1029 5329 veniente
1082 5273 1351 5328 Wlmarus
1422 5281 1545 5323 cum
1599 5266 1815 5336 reliquis
1874 5270 1988 5334 Ira.

1274 5358 1523 5398 nlnndunl
1558 5396 1565 5397 κ
1639 5366 1691 5398 οι

415 5375 587 5398 .-ειμι
642 5368 816 5398 ..Αἶα-ιιι
897 5363 1201 5398 mnnaclurii
1274 5362 1523 5398 plaudunt
1558 5396 1565 5397 κ
1639 5366 1691 5398 οι
1758 5362 1959 5398 Vulsin—

2082 4549 2574 4619 proculexpellunt,
2604 4560 2764 4619 atque
2790 4566 2822 4605 e
2852 4551 2966 4605 suis
3006 4567 3172 4606 unum
3202 4552 3405 4622 eligunt
3439 4553 3656 4608 nomine

2082 4641 2361 4695 Letaldum
2389 4641 2563 4694 virum
2590 4641 2849 4705 nobilem,
2874 4650 2929 4695 et
2951 4644 3248 4696 secundum
3274 4643 3327 4696 id
3358 4651 3569 4711 tempus
3598 4642 3658 4696 in

2085 4730 2268 4785 multis
2294 4730 2567 4793 solertem,
2597 4730 2949 4799 abbatemque
2988 4734 3342 4787 constituunt.
3374 4733 3450 4787 Eo
3474 4741 3657 4786 autem

2086 4829 2328 4890 tempore
2360 4822 2446 4874 vix
2492 4819 2654 4889 aliqui
2699 4820 3090 4877 monachorum
3130 4822 3359 4878 inveniri
3406 4831 3660 4893 poterant

2086 4911 2178 4979 qui
2201 4910 2495 4965 secundum
2526 4911 2823 4980 regularem
2872 4912 3115 4966 viverent
3151 4914 3507 4968 sanctionem.
3538 4913 3661 4967 Flo-

2088 5001 2197 5056 ruit
2244 5010 2427 5056 autem
2484 5014 2550 5054 eo
2599 5010 2836 5070 tempore
2886 5003 3003 5058 Udo
3061 5003 3280 5059 omnino
3335 5001 3665 5058 venerabilis

2089 5089 2256 5145 abbas
2300 5106 2396 5158 per
2420 5105 2581 5159 quem
2617 5092 2750 5145 ordo
2780 5092 3112 5147 monasticus
3137 5091 3376 5147 rediviva
3413 5093 3532 5151 vice
3579 5106 3671 5145 rc.-

2092 5195 2317 5250 surgere
2339 5190 2548 5249 coeptus
2571 5189 2672 5235 est.
2702 5180 2825 5235 Fuit
2852 5181 2997 5235 enim
3024 5183 3110 5236 vir
3143 5180 3384 5237 moribus
3418 5179 3669 5250 egregius

2097 5280 2148 5328 et
2171 5272 2315 5326 omni
2363 5271 2621 5341 sapientia
2653 5273 2968 5336 adornatus,
3014 5272 3105 5343 qui
3130 5271 3466 5340 etplurimos
3503 5269 3673 5325 edidit

2101 5363 2259 5398 ΙῖΙιιιιιο
2314 5365 2368 5398 ἓν.
2398 5362 2590 5398 nullum
2620 5364 2872 5398 ειιιδῖιωῖο
2912 5373 2962 5398 nl
2993 5362 3120 5398 ιιηηῖ
3150 5362 3361 5398 ηιιηῖδῖα
3405 5362 3676 5398 οἶνρηιοηι
