4494 5520
867 462 966 516 807

1891 452 2184 507 LETALDI
2230 448 2654 503 MlClACENSIS
2691 448 2991 503 MONACIII

4007 451 4117 507 808

933 568 1023 622 2‘2.
1075 566 1217 619 Sane
1266 572 1386 632 post
1429 560 1776 614 Trohannum
1823 559 1997 611 Berno
2040 557 2318 617 successit,
2347 553 2436 623 qui
2469 558 2511 611 Α
2544 561 2648 605 tem
2676 553 2901 607 fratrmn
2932 555 3019 623 qui
3052 555 3177 607 inibi
3218 564 3607 616 remanserant,
3659 571 3755 623 per
3805 557 4104 611 ministrun-

866 656 1103 711 moriens
1151 651 1406 707 Anselmo
1449 648 1560 718 (12)
1607 647 1979 717 pontificatum
2037 646 2277 713 reliquit,
2332 659 2439 711 quo

864 746 1157 802 decedente
1182 739 1548 796 Theodericus
1578 738 1662 791 vir
1709 736 2004 790 industrius
2039 735 2319 797 successit,
2346 734 2436 801 qui

863 845 918 888 et
947 846 1173 902 corpore
1198 828 1615 883 venustissimus
1638 827 1858 895 juventa
1885 826 2085 890 alacer,
2111 826 2263 877 vivax
2300 825 2437 889 inge-

867 924 979 988 nio,
1024 930 1078 976 et
1106 920 1348 975 moribus
1377 916 1478 972 fuit
1498 918 1697 972 suavis.
1725 915 1962 985 Contigit
1994 924 2171 969 autem
2203 916 2438 967 obeunte

866 1011 1087 1067 Lctaldo
1122 1011 1316 1065 abbate
1354 1008 1528 1061 locum
1576 1006 1753 1061 Patris
1805 1006 2080 1059 Maximini
2108 1006 2159 1058 in
2199 1004 2435 1073 episcopi

866 1100 1184 1155 Theoderici
1217 1098 1515 1153 dominium
1564 1096 1838 1150 devenire.
1886 1094 2054 1160 Quem
2102 1095 2281 1149 loemn
2320 1109 2437 1163 spe-

863 1192 987 1247 ciali
1019 1192 1205 1246 dilexit
1246 1204 1452 1253 amore,
1478 1195 1531 1242 et
1555 1188 1657 1241 nisi
1686 1187 1826 1241 heu!
1860 1187 1992 1255 proh
2040 1184 2219 1239 dolor!
2249 1185 2439 1238 imma-

868 1294 988 1340 tura
1041 1293 1216 1339 morte
1266 1271 1569 1352 praeventus
1624 1280 1786 1342 foret,
1835 1277 2159 1332 omnimodis
2213 1292 2334 1330 eum
2383 1277 2436 1329 in

865 1386 1063 1431 statum
1112 1374 1353 1443 pristina:
1385 1370 1661 1439 dignitatis
1709 1368 2083 1423 revocavisset.
2118 1366 2216 1421 Vix
2238 1366 2436 1420 etenim

865 1475 1095 1533 quatuor
1122 1463 1277 1517 annis
1309 1462 1619 1532 pontificatu
1647 1459 1866 1528 potitus,
1892 1457 2071 1512 sedem
2099 1456 2438 1525 episcopatus

864 1553 1208 1608 Ertnenthteo
1257 1550 1561 1618 dereliquit.
1603 1548 2044 1603 Proeurationem
2074 1561 2203 1600 vero
2257 1545 2437 1599 Micia-

866 1644 1046 1698 censis
1088 1641 1191 1695 loci
1242 1639 1458 1709 quidam
1488 1638 1798 1693 Rothardus
1829 1636 2261 1701 administrabat,
2296 1637 2437 1690 inter

865 1733 1024 1799 quem
1048 1738 1101 1784 et
1120 1728 1465 1783 Benedictum
1486 1727 1721 1797 episc0pi
1751 1725 2070 1779 Ermenthaai
2095 1725 2435 1794 praepositum

865 1824 931 1877 de
958 1822 1074 1875 loco
1101 1822 1287 1875 eodem
1330 1819 1614 1874 altercatio
1654 1817 1871 1887 grandis
1899 1827 2084 1873 exorta
2106 1857 2119 1880 ,
2149 1818 2253 1871 isto
2283 1819 2435 1871 inva-

864 1916 993 1970 dere
1038 1916 1303 1984 cupiente,
1336 1913 1506 1967 altero
1538 1912 1852 1976 resistente,
1890 1910 2135 1964 eumdem
2163 1910 2338 1963 locum
2369 1909 2435 1962 ad
2469 1886 2511 1945 Β

864 2005 1107 2058 ultimam
1147 2018 1315 2071 usque
1354 2002 1707 2071 dejectionem
1735 2000 2044 2070 prostravit.
2073 1997 2206 2053 Cum
2236 1996 2435 2051 etenim

865 2094 1113 2148 homines
1135 2093 1236 2148 loci
1259 2092 1591 2147 sreculariter
1612 2092 1869 2153 viverent,
1896 2089 2236 2142 insimulandi
2261 2088 2436 2142 locum

862 2181 1154 2237 Benedicto
1193 2182 1475 2235 dederunt.
1530 2178 1728 2233 Verum
1756 2178 2133 2232 Ermenthazus
2158 2178 2439 2246 episcopus

864 2272 1181 2326 immodicus
1207 2270 1368 2323 animi
1402 2276 1456 2323 et
1488 2270 1713 2322 nimium
1742 2283 1806 2322 eo
1838 2277 2076 2335 tempore
2112 2266 2294 2320 srcculi
2325 2268 2439 2318 fau-

866 2372 969 2425 tor,
1027 2361 1458 2416 insimulaliones
1504 2366 1695 2412 contra
1724 2357 1922 2410 fratres
1971 2356 2180 2409 habitas
2211 2355 2440 2409 libenter

864 2450 1121 2514 audiens,
1154 2465 1340 2503 eorum
1370 2447 1742 2502 contentiones
1770 2444 2155 2508 dissimulavit,
2186 2453 2241 2496 et
2266 2451 2441 2497 certa-

865 2542 1028 2595 niinis
1061 2555 1246 2594 eorum
1279 2539 1504 2593 callidus
1525 2536 1913 2607 contemplator
1935 2534 2163 2590 accessit
2191 2549 2437 2597 securus,

867 2630 991 2697 quia
1022 2630 1178 2697 hujus
1223 2628 1604 2682 controversia?
1651 2627 1751 2680 sibi
1804 2632 2176 2679 concresceret
2206 2622 2436 2677 lucrum.

868 2720 982 2784 Qua
1007 2720 1071 2772 de
1104 2735 1160 2772 re
1188 2728 1364 2770 actum
1393 2728 1475 2772 cst
1500 2728 1557 2770 ut
1589 2716 1895 2770 Rothardus
1917 2731 2022 2769 non
2047 2717 2319 2769 sustinens
2350 2715 2441 2769 Be-

868 2808 1065 2862 nedicti
1090 2807 1387 2860 calumnias
1415 2806 1651 2867 cederet,
1680 2815 1734 2859 et
1759 2807 2166 2874 quihuseuuque
2192 2805 2440 2873 pretiosis

867 2898 1029 2953 rebus
1081 2896 1283 2949 coactis
1334 2895 1399 2947 ad
1450 2894 1698 2948 abbatem
1753 2895 2041 2962 quemdam
2087 2895 2206 2962 pagi
2244 2894 2440 2948 Bituri-

866 2986 1046 3040 censis
1094 2983 1308 3037 nomine
1348 2982 1705 3035 Raimundum
1750 2997 1808 3034 se
1851 2980 2145 3043 conferret,
2184 2982 2436 3035 damnum

866 3075 1159 3129 maximum
1210 3072 1327 3127 loco
1382 3073 1467 3126 isti
1519 3072 1679 3126 rebus
1727 3071 1922 3124 ablatis
1970 3072 2279 3134 conferens,
2326 3080 2438 3124 tmn

867 3165 1101 3220 maxime
1125 3162 1266 3231 quod
1314 3172 1579 3231 prmcepta
1628 3175 1809 3230 regum
1839 3161 2179 3229 antiquormn
2213 3176 2331 3229 qum
2375 3162 2440 3213 de

870 3256 1033 3310 rebus
1074 3252 1311 3321 ejusdem
1345 3252 1446 3307 loci
1494 3252 1747 3306 munifica
1780 3261 1833 3307 et
1860 3253 2247 3324 pretiosissima
2275 3253 2439 3307 habe-

867 3346 1084 3408 bantur,
1120 3361 1301 3400 secum
1328 3346 1646 3413 asportavit.

938 3431 1027 3491 23.
1076 3437 1247 3491 Porro
1287 3436 1606 3491 Benedictus
1652 3451 1717 3489 eo
1749 3435 2031 3491 recedente
2079 3436 2230 3504 quasi
2263 3436 2314 3489 in
2351 3436 2443 3490 de-

868 3531 1097 3584 solatmn
1143 3529 1316 3584 locum
1353 3544 1470 3584 sese
1510 3529 1728 3594 inl‘ndit,‘
1753 3539 1805 3583 et
1836 3530 2073 3583 habenas
2099 3544 2210 3585 sua:
2237 3530 2444 3597 cupidi-

871 3621 994 3676 tatis
1045 3620 1198 3690 longe
1241 3621 1454 3690 lateque
1501 3620 1771 3688 porrexit,
1806 3629 1859 3674 et
1901 3634 2023 3674 cum
2064 3619 2207 3673 omni
2243 3620 2441 3673 familia

870 3711 1041 3764 eidem
1071 3726 1130 3765 se
1162 3712 1281 3764 loco
1306 3711 1555 3780 ingerens
1577 3720 1764 3779 suapte
1791 3710 1971 3763 vivere
2000 3712 2185 3780 coepit.
2216 3709 2346 3763 Nam
2388 3711 2441 3764 in

870 3802 1119 3856 domibus
1172 3802 1398 3857 fratrum
1445 3803 1654 3857 stabula
1681 3803 1959 3858 constituit
2000 3817 2283 3871 equorum,
2320 3802 2445 3854 hinc

873 3895 1026 3948 sedes
1060 3894 1413 3962 accipitrum,
1443 3895 1566 3948 hinc
1596 3896 1870 3962 pastiones
1904 3909 2093 3948 camnu
2116 3934 2130 3957 ,
2164 3894 2290 3946 hinc
2321 3908 2443 3946 eum

871 3994 1021 4037 scuto
1049 3995 1101 4037 et
1130 3984 1331 4054 virgula
1371 3984 1620 4038 ludebant
1665 3984 1911 4051 juvenes,
1956 3986 2081 4037 hinc
2117 3994 2307 4052 argnto
2350 4000 2445 4052 pc-

872 4077 1015 4129 ctine
1039 4076 1402 4144 personabant
1433 4077 1706 4140 textrices,
1735 4076 1861 4129 hinc
1886 4088 2184 4129 conventus
2222 4078 2445 4129 saecula-

873 4168 1030 4231 rium,
1077 4167 1200 4220 hinc
1230 4167 1442 4221 domina
1494 4169 1687 4237 pepulo
1716 4169 2097 4237 disprocedens
2128 4169 2324 4236 stipata
2355 4183 2447 4219 cu-

872 4257 986 4309 neis
1011 4256 1478 4325 pedissequarum.
1529 4258 1658 4323 Quis
1726 4258 2112 4312 monachorum
2164 4258 2305 4310 inter
2336 4258 2447 4311 lucc

871 4347 1110 4399 viveret?
1159 4348 1280 4415 quis
1329 4349 1427 4401 hoc
1462 4348 1876 4417 ignominiosum
1922 4349 2154 4401 dedecus
2183 4348 2447 4400 sustinere

871 4439 1111 4493 valeret?
1144 4438 1462 4493 Benedictus
1489 4438 1691 4492 interea
1723 4453 1887 4507 super
1910 4438 2130 4507 Ligerili
2160 4436 2229 4506 (Ie
2252 4435 2446 4503 Loiret)

2538 644 2811 696 Benedicti
2840 645 2994 711 panis
3019 645 3247 697 dabatur
3271 645 3495 713 exiguus
3524 657 3576 699 et
3627 648 3854 715 pugillns
3888 646 4107 717 legumi-

2540 736 2643 797 nis,
2672 749 2794 787 raro
2823 735 3023 799 viuum,
3057 744 3109 789 et
3141 737 3353 803 quando
3377 737 3428 789 id
3450 736 3677 789 dabatur
3702 752 3805 790 non
3835 737 4106 791 luxuriosi

2538 823 2766 876 dabatur
2814 839 3080 878 mensura.
3134 823 3273 878 Nihil
3312 826 3455 879 enim
3492 825 3786 879 oflieiorum
3834 828 4106 880 monachis

2538 913 2951 980 promittebatur
2973 954 2987 977 ,
3013 915 3104 967 sed
3136 930 3361 983 qumque
3405 915 3609 982 agenda
3648 914 3822 969 forent
3867 915 4110 968 ministeo

2538 1006 2698 1059 riales
2720 1005 2991 1060 Benedicti
3025 1008 3203 1060 omnia
3230 1007 3608 1075 procurabant.

2609 1096 2699 1149 24.
2733 1097 2809 1150 Eo
2832 1106 3010 1150 autem
3065 1107 3302 1165 tempore
3328 1097 3549 1151 florebat
3574 1099 3700 1151 inibi
3729 1098 3812 1150 vir
3835 1095 4110 1151 venerabi-

2539 1186 2604 1240 lis
2628 1185 3001 1241 Gandcbertus
3048 1189 3264 1241 nomine
3293 1188 3606 1242 sacerdotali
3659 1188 3873 1257 quidem
3903 1184 4112 1257 pneful-

2539 1294 2671 1348 gens
2694 1280 2988 1343 schemate,
3012 1280 3191 1333 clarus
3224 1294 3435 1349 genere,
3474 1282 3567 1333 sed
3594 1277 3793 1333 clarior
3821 1278 4113 1347 spirituali-

2539 1371 2639 1423 bus
2664 1380 2781 1424 erat
2808 1371 2965 1425 rebus
2992 1388 3006 1435 ;
3041 1372 3377 1439 habebatque
3431 1370 3652 1423 fratrem
3677 1372 3909 1440 junioris
3938 1372 4112 1424 adhuc

2538 1462 2714 1515 mtatis
2738 1462 3052 1517 Bernerium
3082 1464 3314 1525 nomine,
3344 1462 3433 1529 qui
3465 1471 3518 1515 et
3542 1462 3653 1531 ipse
3672 1462 4009 1529 postmodum
4035 1463 4115 1513 vir

2537 1551 2784 1619 egregius
2812 1550 2984 1605 factus
3015 1560 3117 1615 est,
3148 1552 3237 1619 qni
3269 1552 3539 1604 communi
3574 1552 3790 1603 utilitati
3819 1550 3948 1603 nihil
3981 1564 4114 1619 pne-

2540 1641 2842 1709 ponendum
2885 1640 3169 1708 aliquando
3216 1641 3531 1708 putavisset.
3588 1637 3651 1692 lli
3699 1655 3825 1708 ergo
3854 1654 3973 1691 cum
4002 1638 4113 1706 qui-

2539 1730 2763 1783 busdam
2808 1729 2929 1782 aliis
2979 1729 3118 1783 hanc
3176 1730 3425 1782 miseram
3467 1728 3777 1781 servitutem
3841 1735 4112 1796 gementes

2544 1820 2670 1873 inibi
2698 1821 3020 1874 residebant.
3047 1821 3215 1873 Porro
3244 1836 3305 1874 ea
3340 1829 3658 1888 tempestate
3707 1819 3923 1887 quidam
3953 1832 4113 1871 vene—

2541 1912 2725 1966 rabilis
2750 1913 3033 1981 episcopus
3060 1912 3274 1964 nomine
3294 1910 3615 1965 Benedictus
3664 1925 3692 1962 a
3724 1909 3995 1962 Britannis
4022 1911 4111 1961 ad-

2540 2002 2781 2064 veniens,
2817 2000 2991 2053 locum
3034 2000 3176 2052 hunc
3204 1999 3269 2052 de
3298 2013 3403 2067 quo
3435 1997 3588 2051 nobis
3634 2011 3814 2051 sermo
3840 2005 3941 2059 est,
3974 1996 4113 2049 datis

2542 2093 2761 2161 triginta
2817 2092 3156 2145 denariorum
3208 2090 3358 2143 libris
3384 2091 3451 2143 ab
3481 2089 3730 2157 episcOpo
3786 2089 3937 2142 emit.
3991 2088 4114 2140 Fuit

2541 2194 2718 2236 autem
2749 2182 2887 2235 idem
2921 2190 3141 2234 sanctus
3181 2181 3463 2247 episcopus
3502 2180 3645 2231 onmi
3684 2179 3854 2247 gratia
3892 2180 4115 2230 adorna—

2544 2281 2626 2325 tus
2650 2284 2844 2340 genere
2894 2269 3276 2333 nobilissimus,
3326 2276 3528 2320 statura
3580 2282 3855 2334 procerus,
3887 2282 4113 2334 corpore

2541 2363 2705 2423 sicco,
2730 2361 2978 2413 omnilms
3018 2358 3236 2427 spiritus
3254 2357 3406 2411 bonis
3449 2356 3708 2420 intentus,
3744 2364 3851 2408 tum
3878 2358 4109 2408 maxime

2540 2451 2771 2504 orationi
2798 2451 3062 2511 assizluus,
3089 2450 3335 2518 synaxim
3382 2448 3693 2501 Davidicam
3743 2456 3873 2516 quot
3922 2448 4110 2500 diebus

2540 2540 2869 2609 persolvens,
2902 2548 3011 2592 tmn
3059 2538 3250 2592 deinde
3288 2537 3480 2591 stando
3521 2536 3866 2605 Evangelium
3916 2550 4110 2588 secun-

2540 2632 2665 2684 dum
2693 2629 2951 2683 Joannem
2998 2631 3185 2683 ordine
3228 2637 3539 2682 memoriter
3592 2630 3848 2681 recitaus.
3886 2627 3979 2681 llic
4009 2628 4109 2681 ha—

2541 2723 2655 2776 buit
2686 2720 3005 2774 avunculum
3039 2720 3252 2773 nomine
3278 2718 3643 2781 Gradilonem,
3669 2718 3735 2770 de
3759 2732 3865 2786 quo
3894 2717 4111 2784 dignam

2542 2813 2823 2870 historiam
2848 2815 2912 2866 ad
2945 2826 3040 2865 nos
3066 2826 3232 2879 usque
3269 2810 3529 2879 perlatam
3562 2824 3665 2862 non
3710 2808 3802 2861 abs
3839 2823 3895 2860 re
3934 2809 4111 2859 credi-

2542 2920 2661 2957 mus
2692 2917 2980 2971 parumper
3008 2916 3289 2969 suspenso.
3312 2901 3576 2954 sermonis
3630 2898 3883 2968 propositi
3924 2898 4114 2951 ordine

2540 2994 2665 3046 huic
2690 2994 2838 3060 Operi
2871 2992 3230 3044 inserendam.

2610 3082 2699 3136 25.
2733 3083 2867 3136 Cum
2916 3082 3058 3134 enim
3088 3082 3173 3134 hie
3202 3080 3602 3149 potentissimus
3647 3078 3923 3133 Britonum
3951 3078 4113 3139 foret,

2546 3171 2748 3225 relictis
2774 3170 2953 3225 saeculi
2986 3170 3194 3238 pompis
3225 3169 3291 3222 ad
3323 3168 3706 3223 monasterium
3734 3168 3820 3222 cui
3846 3167 3968 3221 l-leri
3998 3169 4111 3236 (l5)

2545 3260 2715 3315 insula
2742 3275 2934 3314 nomen
2967 3268 3069 3323 est,
3097 3258 3267 3328 gratia
3298 3258 3724 3313 conversationis
3750 3257 3916 3311 venit.
3946 3258 4111 3311 Cum-

2542 3371 2647 3422 que
2672 3354 2860 3407 devole
2888 3362 3167 3420 susceptus
3197 3360 3358 3416 esset,
3390 3360 3442 3405 et
3488 3351 3601 3420 ipse
3622 3351 3966 3405 devotissime
3987 3365 4118 3404 con-

2541 3453 2864 3504 versarctnr,
2898 3443 2967 3497 ob
2996 3443 3237 3512 corporis
3264 3442 3687 3496 imbecillitatem
3711 3449 3914 3495 semote
3932 3441 4118 3510 jussus

2542 3547 2622 3590 est
2646 3538 2907 3589 habitare.
2959 3535 3125 3590 Porro
3175 3534 3333 3588 amici
3385 3532 3501 3600 ejus
3538 3533 3629 3602 qui
3672 3531 3797 3586 olim
3842 3530 4119 3584 insmculo

2542 3646 2663 3683 cum
2691 3628 3012 3692 dilexerant,
3068 3625 3232 3679 multa
3289 3636 3510 3680 munera
3555 3624 3602 3678 ei
3656 3622 3960 3682 mittebant,
3998 3637 4119 3690 qua:

2551 3720 2668 3789 ipse
2698 3719 2955 3771 fratribus
2983 3717 3396 3789 inmonasterio
3424 3714 3613 3784 positis
3654 3713 3875 3784 pulchre
3903 3712 4122 3778 dispen-

2545 3810 2712 3864 sanda
2740 3809 2982 3862 curabat.
3012 3805 3230 3860 Fratres
3256 3816 3433 3859 autem
3466 3814 3714 3875 putantes
3757 3818 3878 3857 eum
3923 3801 4121 3855 multas

2547 3903 2745 3957 habere
2801 3901 3083 3969 pecunias,
3134 3908 3190 3952 nt
3241 3899 3400 3951 citius
3454 3906 3645 3950 cuncta
3705 3897 3807 3950 sibi
3863 3895 4121 3948 relicturo

2546 3992 2736 4063 grandi
2786 3991 3044 4059 parebant
3078 3989 3371 4056 obsequio,
3431 3986 3563 4039 Iiihil
3615 3984 3956 4038 necessitatis
4012 3979 4119 4036 non

2547 4084 2917 4153 siipplehatur,
2938 4082 3028 4135 sed
3065 4090 3257 4135 cuncta
3287 4080 3349 4131 ad
3397 4088 3576 4132 votum
3608 4086 3802 4146 praesto
3830 4084 4006 4130 erant.
4049 4075 4123 4129 At

2548 4192 2678 4233 vero
2701 4191 2765 4229 eo
2797 4176 2997 4228 diutius
3025 4182 3222 4241 prieter
3264 4185 3411 4239 spem
3459 4171 3670 4222 vivente
3694 4208 3709 4232 ,
3756 4177 3810 4221 et
3862 4166 4124 4221 missione

2548 4269 2892 4337 pecuniarum
2924 4264 3224 4325 deficiente,
3272 4277 3378 4315 una
3419 4276 3632 4329 quoque
3681 4259 3911 4311 deﬁcere
3956 4257 4125 4326 etrapit

2552 4358 2775 4410 fratrum
2808 4353 3087 4415 sedulitas,
3118 4363 3171 4405 et
3202 4353 3486 4420 frigescere
3508 4350 3671 4418 C(Bpil
3712 4349 3799 4401 illa
3832 4349 4123 4417 pecuniosa

2552 4445 2807 4500 charitas.
2849 4443 3001 4508 Quod
3052 4441 3139 4494 ille
3198 4440 3285 4493 ubi
3336 4438 3754 4501 animadvertit,
3817 4436 4123 4505 lmjnsmodi

871 4529 1104 4584 fluminis
1140 4546 1291 4584 oram
1322 4532 1538 4584 domum
1587 4531 1885 4593 constituit,
1939 4546 2100 4598 quam
2142 4544 2323 4583 casam
2358 4528 2445 4580 Mi-
2480 4545 2522 4601 ι)
2551 4544 2851 4589 ροιιιηιοηιο
2881 4534 3138 4585 adversus
3168 4529 3409 4583 crudeles
3439 4543 3566 4581 usus
3611 4536 3710 4581 est.
3756 4527 3990 4580 Evocate
4022 4524 4124 4578 sibi

876 4619 1094 4673 randem
1126 4620 1356 4683 vocavit,
1389 4629 1445 4672 ut
1492 4634 1589 4673 nec
1641 4619 1740 4687 ipsi
1772 4619 1977 4673 reditus
2017 4620 2245 4688 piscium
2279 4618 2447 4672 libere

873 4711 1133 4765 fratribus
1165 4711 1517 4764 deservireut.
1549 4710 1615 4763 Et
1650 4710 1772 4778 quia
1798 4711 2083 4779 episcopus
2113 4720 2307 4765 cuncta
2331 4710 2445 4777 ejus

873 4802 1095 4857 consilio
1121 4799 1425 4869 peragebat,
1459 4800 1547 4853 dat
1578 4802 1624 4852 ei
1658 4799 1856 4852 invisus
1874 4798 1983 4852 Deo
2012 4800 2312 4863 consilium,
2340 4814 2447 4869 quo

872 4893 1071 4963 praedia
1100 4904 1293 4959 resque
1330 4891 1487 4944 beato
1534 4889 1680 4943 Patri
1735 4889 2024 4943 Maximino
2068 4906 2097 4942 a
2130 4892 2346 4959 regibus
2368 4891 2447 4945 vel

876 4982 1037 5035 etiam
1068 4979 1475 5049 quihuseuuque
1520 4977 1764 5033 fidelibus
1807 4994 1903 5047 pro
1958 4980 2195 5033 remedio
2244 4980 2448 5032 anima-

876 5087 994 5124 rmn
1054 5085 1271 5124 suarum
1327 5069 1518 5122 collata
1576 5068 1836 5122 militibus
1883 5068 1995 5122 suis
2034 5070 2327 5137 partiretur
2353 5084 2451 5138 pro

875 5160 1047 5216 libito.
1090 5160 1243 5226 Quod
1272 5167 1328 5213 et
1364 5158 1561 5211 factum
1605 5168 1708 5222 est,
1738 5158 2051 5226 primusque
2078 5160 2191 5226 ipse
2224 5173 2449 5227 qumque

876 5257 1081 5326 potiora
1126 5268 1475 5324 prmsumens,
1518 5253 1881 5317 Litimiacum,
1904 5268 2063 5321 quem
2095 5269 2190 5306 rex
2221 5251 2450 5306 Chlodo-

873 5364 1005 5403 veus
1031 5347 1176 5401 Patri
1207 5346 1496 5400 Maximino
1518 5344 1831 5408 indulserat,
1849 5359 1969 5397 cum
2003 5344 2211 5397 cunctis
2234 5344 2299 5397 ad
2328 5359 2447 5397 eum

874 5437 1283 5468 -ΑηηῗηῖΑ-ηίῗιιηο
1309 5436 1407 5468 (ﬁla:
1437 5435 1667 5468 νῖιυῖἶηαί
1688 5452 1700 5463 ·
1732 5435 1928 5468 ΑΔΒῖΙ-ιη
1970 5450 2065 5468 nam
2103 5435 2333 5468 νηιίηιιηο
2367 5452 2422 5468 οη

2553 4625 2869 4678 familiarius
2901 4623 3197 4675 inhrerente
3230 4620 3433 4682 fratre;
3475 4619 3635 4685 jussit
3661 4634 3879 4671 arenam
3914 4632 3993 4670 set
4008 4625 4125 4667 reto

2550 4718 2649 4771 sibi
2673 4713 2868 4767 deferri
2895 4722 2948 4764 et
2971 4712 3209 4780 glareas:
3240 4710 3435 4777 quibus
3457 4708 3632 4760 allatis
3661 4708 3765 4761 duo
3792 4706 3986 4760 scrinia
4003 4720 4126 4773 qua:

2550 4808 2744 4873 lectulo
2772 4806 2886 4875 ejus
2919 4805 3243 4874 praestabant
3273 4800 3577 4869 complevit,
3607 4807 3662 4852 et
3692 4798 3845 4865 quasi
3880 4796 3969 4865 qui
4000 4811 4125 4867 pre-

2554 4903 2690 4955 tiosa
2719 4898 3034 4960 condiderit,
3070 4896 3238 4949 firmis
3264 4894 3506 4947 clavibus
3546 4890 3832 4960 diligenter
3870 4887 4120 4941 munivit.

2551 4992 2679 5045 Post
2705 4991 2817 5044 haec
2846 4999 3067 5042 evocato
3092 4987 3287 5040 abbate
3313 5000 3410 5037 cur
3440 4990 3518 5037 tot
3543 4982 3728 5035 diebus
3750 4980 3832 5035 sui
3856 4978 4124 5032 visitatio-

2556 5097 2677 5135 nem
2736 5076 3069 5148 neglexerit,
3128 5077 3370 5130 modeste
3420 5073 3702 5143 perquirit.
3746 5071 3878 5125 Cum
3926 5068 4123 5122 abbate

2556 5174 2748 5225 fratres
2780 5171 3140 5228 intraverant,
3171 5167 3260 5235 qui
3310 5165 3499 5219 eadem
3531 5164 3728 5218 scrinia
3780 5169 3839 5218 ut
3870 5161 4124 5216 sederent

2553 5262 2783 5315 audituri
2812 5275 2932 5328 qme
2960 5259 3269 5313 dicerentur
3308 5264 3496 5323 aptare
3536 5253 3835 5315 molientes,
3882 5251 3968 5304 vix
4016 5249 4120 5302 ali-

2552 5358 2817 5420 quatenus
2844 5360 3058 5401 movere
3096 5352 3406 5415 potuerunt.
3440 5342 3591 5396 Unde
3633 5340 3848 5396 solliciti
3896 5339 4034 5408 apud
4062 5352 4123 5392 se

2556 5440 2837 5468 uann-ulno
2891 5437 3107 5468 οιιΙι-υιιυι
3146 5437 3349 5468 ρηῖηοηρ
3406 5442 3681 5468 nmnar-nnl
3735 5442 3865 5468 λιιιη-
3910 5436 4117 5468 Iﬂn'lllll
