4494 5520
381 373 490 432 809

1326 370 1526 426 LIBER
1569 369 1654 425 DE
1693 369 2066 427 MIRACULIS
2102 369 2160 424 S.
2200 369 2532 426 MAXIMINI.

3522 378 3630 437 810

384 507 506 547 eum
539 487 714 546 studio
758 493 814 542 et
852 500 983 542 cura
1029 485 1280 540 alendum
1319 496 1632 555 procurant,
1681 486 1771 552 qui
1812 486 1950 538 infra
1982 489 2028 546 Α
2057 494 2158 545 est,
2208 499 2334 537 suos
2371 485 2565 538 exinde
2602 499 2723 537 cum
2771 485 2932 540 rebus
2976 487 3156 542 emisit
3186 489 3298 542 solo
3327 488 3474 546 lsaae
3509 503 3632 562 post

383 583 547 638 breve
603 589 812 650 tempus
863 578 1116 633 collectus
1170 578 1238 632 ad
1296 578 1578 631 Dominum
1642 575 1786 631 felici
1847 575 1953 630 fine

381 671 602 743 quievit.

454 761 542 817 26.
579 761 709 816 Post
756 759 909 828 cujus
954 759 1160 816 obitum
1188 761 1390 830 quique
1429 761 1544 830 ejus
1587 761 1793 815 creduli
1841 758 1955 829 pel-

382 851 585 917 luntur,
612 851 800 908 cellula
829 851 1118 916 clauditur,
1149 851 1351 920 absque
1395 851 1546 906 clave
1581 851 1779 905 scrinia
1813 865 1954 904 rese-

379 953 606 1008 rantur,
674 942 935 998 reconditi
988 941 1227 996 thesauri
1281 942 1662 1011 reperiuntur,
1697 941 1955 994 immensa

378 1036 588 1093 scilicet
624 1035 793 1090 moles
820 1050 998 1089 arena
1027 1035 1163 1090 bene
1195 1034 1405 1089 illorum
1437 1049 1739 1104 congruens
1780 1034 1956 1086 avari-

380 1129 491 1195 tia,
534 1128 624 1199 qui
659 1128 761 1182 rati
795 1129 861 1182 ab
909 1125 1025 1194 ejus
1069 1127 1322 1181 ministro
1351 1125 1592 1180 sublatos
1625 1127 1908 1179 thesauros
1939 1165 1952 1188 ,

381 1221 776 1292 apprehensum
807 1235 927 1275 eum
972 1219 1201 1274 diversis
1238 1219 1556 1273 excruciant
1605 1218 1802 1272 modis.
1856 1217 1953 1271 Cui

381 1311 641 1380 dejeranti
671 1329 793 1368 cum
832 1313 977 1368 nulla
1024 1312 1374 1369 adhiberetur
1400 1311 1574 1365 ﬁdes:
1615 1309 1802 1364 Ducite
1850 1323 1954 1374 me,

381 1405 478 1471 ait,
510 1405 579 1460 ad
607 1407 809 1462 domini
842 1406 946 1462 mei
973 1405 1302 1476 sepulcrum,
1350 1413 1404 1458 et
1434 1405 1601 1474 ipsius
1654 1404 1958 1472 requiratur

382 1499 769 1556 testimonium.
801 1499 901 1566 Qui
933 1514 1054 1553 cum
1083 1499 1430 1560 assentirent,
1456 1506 1722 1552 venerunt
1745 1497 1959 1564 utrique

380 1591 446 1645 ad
472 1600 896 1652 monumentum,
922 1591 1240 1660 clevataque
1270 1591 1516 1644 minister
1537 1591 1654 1658 ejus
1677 1605 1806 1642 voce
1835 1605 1956 1642 eum

379 1680 502 1736 ﬂetu
531 1697 546 1736 :
581 1682 697 1745 Eia,
738 1683 929 1752 inquit,
961 1683 1175 1746 domne,
1209 1697 1344 1750 quos
1369 1682 1649 1734 thesauros
1679 1681 1959 1749 reliqueris

379 1770 596 1836 edieito,
620 1781 675 1824 et
704 1772 748 1826 si
774 1771 933 1840 justa
953 1782 1077 1825 sunt
1103 1787 1272 1842 pana
1313 1787 1448 1840 quas
1483 1772 1657 1840 patior
1687 1772 1953 1824 intimato.

2014 625 2038 653 ο
2057 573 2172 642 ejus
2198 575 2404 628 obitum
2429 563 2756 630 remanente.

2126 667 2214 721 28.
2257 666 2440 735 Itaque
2491 678 2608 737 post
2652 668 2862 722 obitum
2913 667 3079 725 Jacob
3125 673 3385 744 episcopi,
3437 674 3634 731 oblatis

2057 758 2233 812 denuo
2254 759 2440 827 viginti
2486 758 2636 812 libris
2667 759 2916 816 Alberlus
2945 770 2999 815 et
3026 763 3320 820 Azenerius
3349 767 3630 822 Annonem

2058 848 2418 903 venerabilem
2441 849 2756 904 Gemmetici
2789 850 3096 924 (Jumiéges)
3125 838 3353 910 catiobii
3380 859 3632 913 abbatem

2059 955 2214 994 suum
2245 940 2492 995 videlicet
2524 941 2746 995 fratrem
2777 954 3025 1005 evocant,
3053 956 3106 999 et
3130 945 3355 1014 jubente
3385 951 3638 1020 episcopo

2059 1029 2402 1084 Ermentha-o
2434 1030 2573 1085 idem
2597 1033 2681 1085 vir
2703 1035 3043 1088 venerandus
3069 1035 3242 1091 locum
3267 1040 3636 1107 supradictunt

2060 1118 2125 1171 ad
2172 1123 2458 1190 regendum
2508 1123 2730 1177 sortitus
2777 1133 2876 1178 est.
2919 1124 3083 1192 Cujus
3117 1131 3444 1197 temporibus
3482 1132 3637 1200 quasi

2060 1210 2280 1277 quidam
2318 1213 2587 1266 redivivus
2632 1230 2772 1283 ager
2802 1233 2831 1268 a
2873 1215 3028 1286 longa
3072 1220 3388 1287 agritudine
3436 1237 3639 1276 conva-

2061 1294 2468 1365 lescens,'idem
2501 1303 2646 1359 locus
2676 1321 2704 1358 a
2744 1305 3058 1372 dejectionis
3085 1323 3194 1364 sua
3222 1311 3424 1365 vilitate
3457 1328 3638 1368 resur-

2061 1408 2187 1462 gere
2216 1409 2497 1464 aggressus
2526 1407 2628 1450 est.
2661 1397 2764 1450 Per
2795 1397 2936 1453 hunc
2976 1401 3116 1453 enim
3145 1403 3502 1458 venerabilem
3540 1405 3644 1462 Pa-

2063 1492 2197 1538 trem
2229 1486 2492 1555 regularis
2520 1489 2651 1541 ordo
2689 1489 2889 1542 nostris
2929 1489 3119 1544 diebus
3149 1492 3274 1547 huic
3318 1493 3435 1549 loco
3464 1496 3644 1564 primo

2062 1575 2304 1632 invectus
2337 1580 2436 1632 sub
2482 1594 2546 1633 eo
2583 1579 2977 1636 ferventissime
3009 1584 3196 1652 viguit,
3243 1597 3296 1639 et
3327 1588 3369 1641 si
3400 1588 3450 1641 in
3480 1591 3642 1646 rebus

2064 1670 2277 1724 adesset
2308 1684 2610 1740 paupertas,
2651 1674 2824 1728 virtus
2853 1684 3032 1730 tamen
3063 1679 3344 1733 charitatis
3378 1690 3432 1735 et
3469 1683 3646 1753 hospi-

2064 1762 2289 1818 talitatis
2320 1780 2437 1818 eam
2477 1775 2768 1836 contegens
2816 1767 3048 1832 celabat,
3085 1780 3139 1824 et
3183 1771 3420 1827 liberalis
3453 1774 3646 1830 obum-

377 1859 475 1916 Cui
509 1834 590 1916 dei
623 1834 826 1916 tumujo
871 1834 1116 1916 mortuus.
1166 1834 1441 1931 respondit
1469 1834 1854 1916 z-Innocculcm
1909 1871 1959 1916 lc
1987 1834 2034 1894 Β
2063 1855 2254 1908 brabal
2309 1856 2581 1912 honestas.
2633 1834 2818 1913 'i‘oties
2868 1860 3009 1913 enim
3056 1862 3290 1917 vidimus
3339 1864 3644 1934 hospitibus

377 1951 595 2020 quidem
622 1961 676 2006 et
710 1952 826 2008 sine
853 1969 1016 2008 causa
1048 1951 1310 2021 afﬂigunt,
1341 1954 1433 2006 sed
1485 1952 1618 2006 tales
1662 1953 1961 2020 eleetnosy-

379 2044 517 2098 uarii
560 2044 754 2098 talibus
778 2046 1046 2099 thesauris
1073 2045 1295 2097 omnino
1323 2044 1466 2113 digni
1499 2052 1644 2096 sunt.
1688 2044 1840 2109 Quod
1883 2044 1958 2097 illi

377 2133 660 2188 audientes
687 2134 841 2188 valde
867 2134 1197 2189 consternati
1227 2141 1374 2194 sunt,
1413 2147 1510 2185 nec
1535 2133 1602 2185 ab
1633 2146 1698 2185 eo
1726 2132 1952 2186 ulterius

386 2223 681 2294 quidquam
728 2234 911 2295 petere
959 2233 1435 2294 prasumpserunt.
1483 2223 1587 2277 Sed
1639 2222 1963 2276 Benedictus

378 2316 666 2387 episcopus
679 2333 849 2387 pauco
868 2315 1154 2370 admodum
1177 2325 1419 2384 tempore
1442 2315 1493 2368 in
1512 2315 1628 2370 loco
1655 2314 1961 2368 Miciacensi

379 2418 750 2473 conversatus,
797 2424 986 2463 rursus
1021 2407 1251 2478 patriam
1302 2406 1527 2461 visitans
1573 2406 1626 2460 in
1667 2407 1962 2461 Britanniis

378 2513 630 2555 reversus
661 2509 763 2556 est.

448 2591 537 2647 27.
591 2593 950 2664 Consequenti
1004 2603 1245 2662 tempore
1299 2591 1465 2648 Jacob
1527 2593 1744 2662 quidam
1793 2593 1962 2647 abbas

383 2688 831 2741 transmaritanus
890 2687 942 2741 in
999 2687 1213 2756 patria,
1265 2701 1388 2740 cum
1433 2687 1483 2739 in
1539 2702 1677 2756 pago
1723 2685 1962 2740 Bilurico

379 2775 450 2845 (le
470 2776 654 2847 Berry)
676 2789 1110 2841 conversaretur,
1138 2779 1278 2832 fama
1310 2788 1588 2848 permotus
1618 2779 1684 2832 ad
1711 2782 1959 2832 eumdem

377 2863 556 2921 locum
600 2867 972 2923 Miciacensem
1019 2868 1228 2922 scilicet
1269 2870 1454 2931 venit,
1503 2879 1557 2921 et
1603 2869 1792 2922 videns
1839 2883 1958 2922 eum

381 2974 652 3013 amomum
701 2967 758 3012 ut
805 2970 926 3023 est,
972 2958 1111 3012 facta
1150 2973 1269 3011 cum
1321 2958 1572 3027 episcopo
1620 2958 1960 3012 Ermenthao

381 3050 659 3120 sexaginta
702 3049 961 3102 librarum
991 3049 1352 3104 conventione
1384 3089 1398 3113 ,
1453 3049 1646 3116 hisque
1692 3050 1959 3117 porrectis

379 3139 557 3195 locum
586 3141 833 3195 eumdem
866 3139 1098 3208 parietes
1127 3154 1327 3193 vacuos
1359 3139 1565 3193 scilicet
1596 3139 1816 3192 sortitus
1852 3148 1956 3193 est.

381 3230 591 3287 Mortuo
611 3241 791 3286 autem
807 3230 1050 3293 Cunano,
1071 3230 1131 3286 S.
1154 3231 1304 3284 Pauli
1326 3229 1664 3298 (Leonensis)
1688 3230 1956 3300 episcopo,

381 3320 584 3377 Alanus
617 3337 797 3377 comes
821 3323 998 3376 sciens
1019 3319 1186 3376 Jaeob
1225 3320 1422 3375 multas
1445 3321 1645 3374 habere
1676 3322 1958 3389 pecunias,

380 3426 502 3468 cum
521 3412 574 3466 in
594 3411 905 3468 decedentis
931 3411 1048 3466 loco
1071 3411 1351 3466 constituit
1373 3411 1462 3480 qui
1487 3411 1954 3466 consecrationem

381 3501 629 3573 indeptus
693 3503 875 3557 sedem
929 3502 1014 3557 cui
1066 3512 1415 3557 consecratus
1453 3501 1628 3557 fuerat
1687 3519 1960 3572 nunquam

382 3594 598 3665 (supple
639 3595 826 3664 adiit),
850 3595 944 3650 sed
979 3595 1032 3648 in
1057 3594 1173 3650 loco
1201 3593 1506 3650 Miciacensi
1545 3610 1714 3664 usque
1743 3595 1808 3648 ad
1838 3595 1963 3649 vita

383 3685 673 3740 terminum
703 3685 1088 3754 perseveravit.
1129 3684 1327 3738 Verum
1349 3699 1412 3738 eo
1439 3685 1568 3738 inibi
1597 3685 1822 3755 degente
1843 3697 1962 3740 orta

383 3783 468 3830 est
489 3774 859 3830 controversia
900 3775 1041 3829 inter
1076 3788 1222 3836 suos,
1253 3789 1388 3842 quos
1421 3773 1510 3826 illo
1565 3775 1616 3826 in
1669 3774 1782 3828 loce
1836 3791 1961 3829 con-

387 3865 638 3929 duxerat,
662 3874 712 3918 et
745 3865 886 3920 inter
905 3879 1000 3920 eos
1026 3864 1116 3932 qui
1148 3873 1271 3916 ante
1301 3878 1423 3917 eum
1469 3864 1597 3918 inibi
1637 3864 1964 3919 habitavisse

397 3957 735 4012 videbantur.
787 3957 902 4011 Non
952 3957 1093 4010 enim
1127 3955 1228 4010 sibi
1258 3955 1680 4020 conveniebant,
1729 3967 1783 4010 et
1809 3959 1963 4026 quasi

385 4054 523 4100 testa
567 4054 622 4100 et
650 4060 723 4099 as
753 4045 967 4100 misceri
997 4043 1216 4100 omnino
1244 4043 1556 4112 nequibant.
1592 4044 1740 4100 Unde
1769 4047 1965 4101 accidit

383 4149 445 4193 ut
479 4137 809 4208 Tartulphus
837 4137 1073 4206 episcopi
1106 4136 1271 4191 Jacob
1313 4137 1609 4191 monachus
1643 4139 1961 4207 quibusdam

384 4230 763 4286 occasionibus
817 4231 1150 4300 interceptus
1207 4229 1516 4284 auctoribus
1568 4230 1854 4286 Latnberto
1909 4241 1964 4286 et

383 4322 653 4378 Adelardo
684 4323 1018 4392 gravissimis
1042 4321 1352 4382 verberibus
1382 4321 1520 4375 foret
1556 4321 1778 4375 affectus
1809 4340 1820 4374 :
1846 4323 1960 4392 ipse

386 4427 600 4483 quoque
626 4413 909 4482 episcopus
948 4412 1255 4481 injuriatus,
1300 4421 1352 4465 et
1383 4411 1500 4480 plus
1543 4412 1756 4479 pavoris
1798 4427 1958 4481 quam

383 4503 608 4574 periculi
639 4519 850 4574 passus,
880 4503 1083 4558 clavem
1126 4511 1342 4557 coactus
1385 4502 1450 4557 de
1499 4502 1620 4556 sinu
1668 4502 1958 4572 proferret,

384 4595 488 4650 sub
534 4609 640 4665 qua
684 4595 802 4665 ejus
852 4608 1079 4663 quaque
1133 4592 1521 4662 pretiosissima
1579 4593 1953 4647 servabantur.

384 4684 626 4756 Cumque
672 4684 824 4740 Isaac
868 4693 923 4740 et
962 4682 1206 4754 Egroalis
1250 4680 1302 4736 id
1335 4681 1678 4737 Ermenthao
1707 4683 1957 4753 episcopo

383 4775 814 4842 nuntiavissent,
876 4775 1230 4830 vehementer
1285 4772 1372 4828 ille
1422 4783 1754 4838 commotus,
1814 4775 1962 4830 misit

386 4870 635 4928 Velinum
665 4870 928 4926 decanum
962 4868 1136 4922 virum
1164 4867 1437 4937 egregium
1467 4882 1588 4922 cum
1616 4867 1800 4921 multis
1840 4867 1963 4924 aliis

384 4963 655 5021 nobilibus
682 4961 774 5032 qui
813 4970 1062 5017 auctores
1091 4959 1306 5015 malitia
1334 4960 1729 5029 perquirerent,
1775 4959 1962 5015 inven-

388 5064 580 5127 tosque
636 5052 824 5126 procul
883 5052 1237 5123 expellerent,
1299 5051 1550 5121 episcopo
1599 5063 1780 5106 autem
1834 5067 1958 5106 cum

385 5145 530 5202 omni
572 5147 777 5202 honore
817 5158 914 5200 sua
957 5143 1325 5198 restituerent.
1360 5141 1465 5195 Sed
1497 5155 1602 5194 non
1632 5140 1800 5195 multo
1840 5151 1962 5210 post

386 5246 628 5308 tempore
673 5233 841 5290 Jacob
888 5232 1169 5304 episc0pus
1212 5245 1542 5302 cognoscens
1600 5241 1807 5302 tempus
1851 5249 1962 5289 sua

383 5327 738 5401 depositionis
782 5324 1085 5390 imminere,
1117 5333 1170 5378 et
1199 5323 1356 5378 nimis
1400 5322 1563 5379 illata:
1608 5340 1818 5378 memor
1843 5341 1961 5380 ma-

383 5418 532 5483 litia,
557 5417 843 5473 lhesauros
869 5429 992 5470 suos
1019 5427 1073 5471 et
1101 5424 1413 5470 ornamenta
1446 5412 1677 5480 insignia
1719 5431 1816 5484 per
1838 5433 1963 5471 suos

2063 1944 2287 2015 largiter
2314 1949 2436 2001 vina
2463 1950 2760 2018 pr0pinari,
2793 1951 2946 2006 nobis
2978 1954 3228 2008 omnibus
3253 1971 3390 2022 aqua
3423 1967 3650 2012 conten-

2067 2036 2166 2099 tis,
2215 2048 2268 2090 et
2320 2047 2497 2090 tamen
2549 2055 2609 2093 ea
2664 2041 2776 2094 fieri
2831 2043 3041 2097 cautela
3093 2054 3148 2097 ut
3208 2056 3499 2114 prasentes
3550 2049 3652 2117 ipsi

2065 2125 2302 2194 hospites
2330 2129 2430 2181 hoc
2455 2130 2674 2183 omnino
2699 2133 2993 2197 nescirent,
3026 2135 3118 2187 sed
3143 2151 3330 2191 onmes
3357 2147 3414 2191 ut
3442 2153 3498 2192 se
3525 2140 3651 2194 vino

2065 2216 2332 2272 deli-butos
2358 2222 2716 2276 astimarent.
2766 2224 3003 2279 Diversis
3044 2234 3222 2280 autem
3255 2228 3430 2283 modis
3463 2230 3653 2286 aderat

2065 2306 2156 2360 Dei
2186 2310 2380 2376 gratia,
2414 2326 2534 2379 qua
2564 2314 2872 2368 necessitati
2904 2328 3276 2382 concurreret,
3307 2329 3361 2373 et
3405 2320 3646 2392 inepiam

2065 2409 2172 2453 tam
2205 2405 2520 2458 verecunda
2544 2405 2821 2460 charitatis
2843 2407 3102 2464 solamine
3129 2412 3210 2464 sui
3243 2412 3478 2484 suffragii
3511 2417 3644 2471 sub-

2063 2490 2288 2558 levaret,
2334 2495 2425 2548 sed
2475 2506 2530 2550 et
2584 2513 2680 2565 per
2724 2499 3102 2554 miraculorum
3152 2503 3649 2572 frequentissimam

2063 2585 2274 2652 copiam
2306 2598 2582 2656 respectus
2622 2590 2702 2642 sui
2742 2591 3142 2648 demonstraret
3173 2598 3538 2663 prasentiam.
3573 2599 3650 2654 De

2066 2678 2262 2746 quibus
2292 2696 2459 2749 pauca
2494 2698 2636 2736 nunc
2665 2685 3033 2756 perstringere
3071 2689 3351 2756 cupientes
3379 2691 3520 2746 nulla
3549 2709 3647 2749 nos

2062 2781 2376 2825 narraturos
2423 2770 2656 2826 fatemur
2697 2789 2814 2842 qua
2862 2786 2951 2828 aut
3000 2777 3098 2846 ipsi
3167 2796 3270 2834 non
3313 2782 3650 2851 viderimus,

2062 2869 2155 2912 aut
2217 2862 2285 2912 ab
2351 2861 2434 2915 his
2487 2864 2578 2930 qui
2643 2864 2874 2918 viderint
2935 2867 3017 2920 vel
3084 2868 3294 2924 sincere
3359 2873 3651 2931 didicerint

2061 2955 2452 3020 acceperimus.
2506 2955 2640 3009 Hinc
2689 2958 2854 3024 igitur
2902 2959 3080 3014 soluto
3137 2964 3365 3018 rudente
3415 2969 3649 3025 carbasa

2061 3051 2262 3096 nostra
2312 3046 2640 3100 narrationis
2693 3058 2882 3103 sancto
2937 3053 3325 3109 committimus
3385 3055 3650 3128 Spiritui,

2064 3140 2125 3184 ut
2181 3133 2245 3187 de
2300 3133 2590 3192 Maximino
2640 3154 2738 3193 suo
2804 3141 3065 3198 locuturis
3118 3147 3199 3200 sui
3261 3149 3488 3218 gratiam
3555 3153 3641 3207 in-

2065 3222 2255 3368 Ifundat
2309 3228 2488 3295 roris,
2535 3238 2696 3301 atque
2739 3233 2806 3288 ad
2842 3235 3130 3292 stationem
3176 3241 3344 3309 optati
3381 3243 3647 3312 perducat

2087 3315 2285 3368 itloris.

2087 3315 2285 3372 ittoris.

2687 3412 2912 3471 CAPUT
2952 3419 3018 3473 ν.

2135 3497 2211 3550 De
2242 3499 2442 3554 duobus
2468 3501 2716 3570 fratribus
2745 3507 3051 3562 mirabiliter
3085 3527 3115 3563 a
3140 3524 3301 3566 morte
3329 3514 3561 3571 solvatis.

2135 3589 2222 3643 29.
2248 3590 2378 3645 Cum
2403 3594 2579 3648 acrior
2599 3595 2755 3651 solito
2779 3598 3049 3668 ingrueret
3072 3600 3265 3668 hiems,
3293 3605 3558 3661 intantum
3583 3617 3645 3663 ut

2064 3676 2222 3749 Liger
2249 3680 2439 3736 fluvius
2463 3683 2633 3752 glacie
2661 3686 2956 3743 obduratus
3010 3690 3201 3760 rigenti
3246 3693 3404 3748 dorso
3464 3706 3646 3750 trans-

2066 3769 2198 3824 itum
2229 3788 2333 3826 non
2365 3773 2534 3828 solum
2585 3775 2880 3842 hominum,
2912 3780 3002 3834 sed
3048 3782 3381 3837 diversorum
3427 3801 3642 3856 quoque

2067 3872 2344 3932 pateretur
2374 3867 2738 3921 vehiculorum
2765 3887 2778 3933 ;
2820 3871 2924 3924 duo
2955 3872 3054 3925 viri
3082 3876 3323 3944 germani
3374 3877 3574 3933 fratres
3605 3895 3634 3933 a

2067 3953 2246 4006 villula
2280 3957 2448 4009 sancti
2474 3956 2708 4013 Marcelli
2733 3977 2852 4029 qua
2880 3961 3016 4014 ultra
3044 3961 3276 4032 Ligeriut
3307 3976 3390 4020 est
3434 3971 3638 4038 egressi

2067 4052 2214 4107 sunt,
2265 4046 2452 4099 urbem
2497 4057 2681 4115 petere
2733 4050 2995 4117 volentes,
3034 4052 3212 4107 ferens
3259 4056 3440 4111 caules
3482 4058 3642 4125 alter,

2066 4134 2202 4188 alter
2239 4145 2463 4192 onustus
2512 4143 2773 4194 stramine
2822 4143 3068 4211 aptandis
3111 4149 3365 4203 carnibus
3390 4152 3639 4218 quasito.

2064 4224 2114 4278 Is
2142 4227 2322 4297 itaque
2367 4243 2528 4298 super
2571 4231 2817 4285 duratam
2852 4233 3089 4290 fluminis
3120 4236 3310 4292 faciem
3353 4249 3641 4298 transeun-

2068 4318 2231 4383 tibus,
2255 4336 2374 4374 cum
2396 4323 2506 4391 jam
2531 4340 2674 4392 pene
2693 4325 2747 4379 in
2777 4327 2952 4381 medio
2977 4327 3214 4385 ﬂuminis
3241 4334 3636 4402 constitissent,

2067 4421 2286 4478 repente
2312 4412 2482 4481 glacie
2509 4412 2768 4469 dissoluta
2815 4419 3058 4485 quadam
3097 4422 3251 4488 quasi
3300 4423 3477 4478 tabula
3514 4441 3637 4482 eum

2068 4500 2171 4554 illis
2195 4503 2376 4556 evulsa
2403 4513 2506 4567 est,
2531 4521 2650 4573 qua
2671 4505 2957 4563 subsidens
2986 4518 3040 4563 et
3068 4511 3117 4564 vi
3149 4509 3385 4568 fluminis
3413 4515 3642 4585 impulsa

2069 4606 2373 4663 resurgens,
2407 4593 2700 4664 leviterque
2746 4611 2853 4652 uno
2891 4599 2973 4652 sui
3019 4601 3195 4670 capite
3246 4603 3438 4660 adacto
3480 4621 3645 4677 super

2065 4684 2270 4754 reliqua
2314 4685 2500 4755 glaeiei
2547 4687 2818 4744 soliditate
2870 4704 3237 4762 consurgens,
3307 4694 3361 4750 in
3422 4698 3640 4753 modum

2066 4777 2273 4848 sagitta
2299 4777 2649 4833 velocissima
2676 4780 2934 4848 decurrit,
2961 4799 3059 4838 nee
3083 4786 3232 4854 prius
3253 4788 3454 4842 restitit
3477 4789 3649 4846 donec

2070 4873 2234 4922 lotam
2261 4867 2515 4922 evaderet
2538 4868 2765 4938 glaciem
2796 4880 2850 4925 et
2869 4872 3047 4928 obviis
3077 4875 3381 4945 gurgitibus
3429 4877 3642 4947 excipe-

2069 4967 2238 5013 retur.
2269 4957 2326 5012 ln
2352 4957 2527 5013 medio
2560 4957 2719 5015 ﬂuvio
2756 4977 2863 5032 quo
2892 4971 3004 5020 tota
3050 4964 3132 5018 vis
3157 4963 3394 5022 fluminis
3438 4967 3646 5023 incum-

2064 5046 2246 5112 bebat,
2299 5047 2446 5101 rivus
2489 5063 2595 5103 non
2648 5050 2873 5105 multum
2921 5054 3142 5123 grandis
3187 5057 3510 5120 videbatur,
3542 5073 3651 5127 quo

2067 5137 2244 5192 tabula
2278 5137 2365 5192 illa
2394 5140 2716 5209 perveniens
2767 5150 3059 5200 trementes
3090 5154 3145 5200 et
3187 5163 3325 5218 pene
3369 5148 3654 5205 exanimes

2067 5229 2146 5285 sic
2174 5230 2316 5286 ferre
2358 5231 2542 5302 εοξρίι,
2578 5240 2806 5303 utraque
2836 5234 2954 5303 ripa
3001 5236 3160 5306 plena
3213 5238 3657 5307 vociferantium,

2068 5321 2161 5375 sed
2193 5323 2476 5378 consilium
2506 5338 2770 5393 nusquam
2801 5325 3010 5381 aderat.
3048 5325 3188 5382 Nam
3225 5331 3307 5386 ire
3353 5344 3458 5383 non
3500 5341 3662 5398 pote-

2069 5421 2175 5477 rat,
2207 5420 2260 5466 et
2296 5415 2421 5468 dum
2444 5414 2674 5484 quisque
2702 5415 2912 5482 metuit,
2944 5418 3150 5474 intrare
3178 5436 3345 5477 nemo
3367 5433 3665 5488 prasmne-
