4494 5520
841 434 940 492 8η

1901 432 2078 488 LETA
2091 434 2195 488 LDl
2237 432 2664 490 MICIACENSIS
2701 436 3009 494 MONACHI

3977 440 4087 497 812

834 548 1021 605 -Patris
1049 544 1321 601 Maximini
1364 543 1675 614 suﬂragium
1699 544 1923 614 supplici
1958 561 2091 599 voce
2142 546 2410 613 impetrat.
2438 550 2488 609 Α
2516 549 2691 618 opiam
2715 551 2848 605 ﬁeri,
2874 553 2927 605 1d
2955 550 3110 605 ofﬁcii
3133 551 3197 606 ad
3224 553 3507 622 quemdam
3536 551 3792 607 famulum
3814 553 4094 610 Alvaldum

839 638 1057 694 lllicoet
1083 639 1197 692 sine
1229 653 1398 702 mora,
1426 638 1593 690 divisa
1642 651 1736 704 per
1780 637 2012 689 medium
2061 637 2238 690 tabula
2288 652 2410 691 eum

838 733 929 803 qui
982 731 1308 785 clamaverat
1358 745 1547 784 sanum
1586 738 1749 798 atque
1793 730 2114 785 incolumem
2155 730 2220 784 ad
2264 730 2412 784 littus

838 822 1046 888 defert;
1079 825 1170 894 qui
1217 825 1280 879 ad
1327 825 1708 878 monasterium
1744 840 2035 879 accurrens
2066 836 2190 881 ante
2242 827 2412 881 altare

835 917 1217 987 prosternitur,
1250 925 1305 970 et
1340 917 1603 970 immenso
1632 914 1758 970 ﬂetu
1795 918 1860 972 de
1889 932 1945 971 se
1990 919 2193 988 gratias
2222 934 2411 989 repen-

836 1009 971 1063 dens
1016 1024 1111 1078 pro
1153 1009 1319 1062 fratre
1357 1008 1585 1063 sollicite
1616 1009 1978 1077 precabatur:
2024 1011 2096 1064 De
2144 1013 2244 1066 hac
2273 1052 2288 1076 ,
2331 1012 2411 1065 in-

836 1101 1049 1170 quiens,
1078 1110 1285 1163 sancte,
1334 1110 1420 1153 tua
1456 1101 1670 1154 basilica
1706 1116 1807 1154 non
1846 1117 2056 1165 exeam,
2104 1102 2273 1157 donec
2304 1101 2411 1155 fra-

834 1197 971 1243 trem
1002 1204 1176 1243 meum
1211 1190 1336 1243 mihi
1368 1190 1687 1245 incolumem
1718 1202 2089 1260 repraesentes.
2117 1192 2216 1259 Qui
2238 1194 2406 1247 etiam

834 1278 952 1348 ipse
979 1282 1101 1333 dum
1131 1290 1316 1334 contra
1346 1279 1629 1334 ecclesiam
1680 1282 1818 1335 beati
1865 1282 2093 1336 Andreae
2141 1283 2406 1351 apostoli,

833 1385 951 1439 qua:
977 1381 1059 1426 est
1087 1372 1138 1426 in
1178 1374 1298 1425 villa
1332 1373 1639 1438 Ostellensi,
1665 1375 2031 1443 pervenisset,
2083 1376 2251 1430 sancti
2285 1392 2411 1445 apo-

832 1461 952 1513 stoli
1003 1461 1293 1531 implorans
1342 1463 1620 1526 auxilium,
1670 1465 1851 1517 statim
1904 1465 1969 1518 ad
2015 1465 2165 1519 littus
2194 1475 2248 1519 et
2295 1466 2408 1534 ipse

831 1550 1084 1605 devectus
1109 1561 1213 1614 est,
1239 1552 1568 1622 fratremque
1602 1565 1848 1623 repetens
1899 1571 2020 1608 eum
2055 1571 2171 1609 sese
2220 1555 2405 1625 lugen-

830 1648 939 1695 tem
968 1643 1195 1712 reperit;
1226 1644 1314 1712 qui
1346 1645 1531 1699 videns
1559 1644 1803 1707 fratrem,
1832 1644 1961 1700 ﬂere
1990 1647 2220 1715 amplius
2243 1646 2408 1715 coepit

826 1745 939 1799 pne
959 1732 1168 1801 gaudio,
1197 1743 1250 1788 et
1278 1734 1329 1787 in
1364 1736 1666 1804 amplexum
1718 1752 1879 1791 ruens
1924 1736 2259 1790 liberationis
2291 1753 2403 1789 mo-

826 1820 953 1875 dum
986 1826 1297 1892 perquirere
1324 1827 1504 1894 cmpit.
1534 1827 1771 1896 Denique
1797 1829 2134 1896 postmodum
2159 1828 2402 1897 plurimis

2517 643 2733 696 nomine
2773 645 3040 712 pertinuere
3085 646 3384 710 videbatur,
3414 661 3572 715 quem
3615 646 3865 701 cellarius
3902 664 4095 703 conve-

2517 731 2671 784 niens
2697 731 2830 786 dure
2860 733 3121 803 increpat,
3161 749 3257 788 cur
3286 734 3483 793 .relirto
3516 750 3613 789 suo
3643 734 3817 790 ofﬁcio
3853 735 3975 789 huic
4001 750 4095 790 ne-

2515 822 2755 876 cessitati
2784 839 2886 878 non
2909 833 3177 879 occurrat.
3194 824 3263 879 At
3289 825 3376 880 ille
3401 826 3807 895 importunitate
3828 826 4091 890 devictus,

2515 911 2724 967 duobus
2753 929 2933 969 secum
2971 916 3197 985 sumptis
3225 916 3414 981 asinis,
3440 916 3737 970 naviculam
3784 917 4097 972 conscendit

2514 1005 2661 1061 solus
2690 1023 2823 1075 pene
2858 1019 3107 1063 cunctam
3149 1010 3338 1063 insula:
3382 1010 3723 1080 superficiem
3759 1010 4095 1081 contegenti-

2513 1095 2614 1150 bus
2654 1098 2827 1165 aquis,
2874 1109 3033 1154 vento
3069 1109 3246 1154 autem
3284 1099 3447 1155 ﬂante
3472 1117 3500 1155 e
3521 1101 3811 1156 contrario.
3842 1099 3975 1155 Cum
4006 1099 4097 1156 ille

2514 1188 2569 1242 in
2597 1200 2814 1244 ventum
2846 1194 3029 1247 conari
3058 1209 3159 1247 non
3191 1201 3392 1265 posset,
3418 1194 3471 1248 in
3508 1195 3741 1249 medium
3773 1192 3945 1264 pelagi
3971 1207 4095 1248 cum

2514 1282 2682 1336 asinis
2723 1285 2836 1337 suis
2881 1285 3162 1340 devolutus
3190 1296 3292 1349 est,
3338 1302 3446 1356 quo
3472 1294 3527 1342 et
3559 1284 3896 1357 profunditas
3922 1284 4095 1354 rapidi

2462 1432 2474 1447 .
2511 1372 2749 1430 ﬂuminis
2772 1386 2826 1431 et
2866 1379 3007 1431 venti
3054 1379 3352 1433 adversitas
3396 1378 3529 1433 nihil
3568 1379 3617 1434 ei
3660 1376 4097 1433 commendandae

2512 1464 2701 1521 salutis
2755 1468 2893 1521 ultra
2939 1470 3296 1539 relinqueret,
3345 1469 3646 1540 ﬂuctusque
3694 1467 3937 1523 cumulos
3990 1468 4091 1522 mi-

2511 1573 2675 1612 naces
2724 1560 2934 1631 erigens
2982 1562 3160 1615 navim
3204 1562 3470 1631 operiret,
3526 1571 3584 1615 ut
3639 1576 3741 1615 non
3790 1568 3898 1613 tam
3940 1559 4093 1613 navis

2511 1648 2655 1703 inter
2676 1652 2865 1714 undas,
2887 1667 3043 1719 quam
3068 1653 3223 1706 undae
3248 1653 3588 1707 internavem
3612 1653 3946 1705 viderentur.
3962 1650 4095 1704 Cum

2510 1755 2637 1810 ergo
2696 1759 2867 1811 neque
2898 1754 3057 1798 conto
3100 1760 3272 1813 neque
3315 1760 3462 1798 remo
3494 1743 3692 1812 aliquid
3722 1741 3911 1797 conari
3952 1740 4098 1795 valeo

2510 1844 2612 1895 ret,
2645 1837 2859 1904 puppim
2888 1838 3099 1901 insedit,
3131 1846 3184 1891 et
3214 1837 3433 1891 vocibus
3463 1836 3583 1891 altis
3615 1836 3874 1890 auxilium
3912 1839 4094 1905 magni

826 1910 1148 1967 advixerunt
1212 1916 1562 1984 temporibus,
1609 1927 1663 1971 et
1708 1919 1993 1986 quotannis
2035 1918 2412 1971 liberatoribus
2446 1904 2487 1963 Β
2515 1922 2694 1978 Patris
2724 1925 2998 1979 Maximini
3032 1926 3319 1995 implorare
3348 1927 3530 1995 cmpit.
3576 1925 3723 1979 Illico
3752 1934 3915 1981 vento
3943 1904 4096 1995 quie—

823 2002 938 2057 suis
964 2004 1154 2059 debita).
1181 2007 1458 2062 servitutis
1485 2008 1805 2077 obsequium
1850 2009 2193 2064 devotissime
2221 2023 2407 2078 prosc-

823 2093 937 2147 cuti
964 2103 1110 2149 sunt.

1456 2191 1683 2247 CAPUT
1722 2192 1809 2247 Vl.

912 2281 990 2336 De
1015 2282 1261 2351 prazdone
1288 2298 1504 2353 pervasa
1535 2301 1565 2335 a
1589 2284 1825 2337 dwmone
1862 2292 1908 2336 et
1936 2293 2048 2352 post
2073 2283 2314 2336 liberato.

891 2373 984 2429 30.
1007 2373 1258 2428 Fulconis
1304 2374 1573 2443 quondam
1612 2375 1873 2429 satellites
1901 2375 2059 2444 hujus
2088 2374 2268 2428 Patris
2305 2374 2406 2428 vil-

819 2467 926 2523 lam
953 2483 1072 2537 qua:
1098 2466 1314 2522 Bezillis
1338 2467 1538 2521 dicitur
1567 2467 1901 2521 intraverant
1926 2476 1979 2520 et
2014 2467 2065 2520 in
2092 2466 2404 2521 colonorum

819 2559 1253 2630 inquietudinem
1288 2559 1455 2612 multa
1488 2560 1696 2613 insania
1740 2561 2150 2631 grassabantur.
2185 2559 2404 2613 Missum

820 2659 1046 2721 repente
1073 2659 1156 2705 est
1178 2659 1232 2705 et
1258 2651 1517 2705 fratribus
1548 2652 1853 2706 nuntiatum
1882 2671 1895 2706 :
1924 2653 2015 2723 qui
2046 2668 2166 2707 cum
2193 2662 2407 2707 sanct0~

818 2760 940 2798 rum
988 2745 1304 2815 pignoribus
1340 2746 1603 2814 quosdam
1634 2760 1664 2799 c
1708 2746 1821 2801 suis
1867 2747 2285 2801 transmiserunt
2313 2760 2403 2800 ro-

818 2845 1061 2905 gaturos,
1098 2845 1156 2888 ut
1186 2837 1253 2889 ab
1283 2838 1383 2891 hac
1416 2838 1667 2892 molestia
1700 2854 1757 2893 se
1791 2849 2098 2909 temperare
2124 2840 2401 2893 deberent.

816 2926 916 2983 Cui
958 2927 1261 2983 ministerio
1298 2929 1513 2998 praefuit
1556 2931 1886 2986 venerabilis
1930 2932 2148 2985 Simeon
2186 2933 2404 2985 nomine

817 3034 850 3074 a
888 3019 1026 3075 laico
1062 3020 1281 3089 quidem
1327 3030 1661 3087 tonsuratus,
1693 3023 1789 3077 sed
1832 3025 2112 3077 modestia:
2142 3031 2197 3077 et
2222 3023 2403 3093 gravi-

816 3111 945 3165 tatis
975 3112 1218 3166 moribus
1246 3128 1352 3167 non
1379 3113 1827 3183 improbabilibus
1857 3115 2169 3168 adornatus.
2198 3114 2245 3167 ls
2274 3128 2403 3184 ergo

817 3218 941 3257 cum
968 3204 1295 3257 venerandis
1320 3213 1631 3259 sanctorum
1661 3206 1938 3259 memoriis
1965 3206 2215 3275 appensis
2241 3206 2399 3270 collo,

2515 2024 2716 2079 scente,
2752 2019 2871 2071 navi
2905 2027 3080 2072 tamen
3115 2018 3368 2072 fluctibus
3396 2018 3609 2087 oppleta
3642 2017 3894 2072 invisibili
3930 2032 4095 2072 manu

2512 2106 2822 2175 perductus,
2866 2118 3079 2176 portum
3113 2109 3352 2179 Marogili
3409 2109 3675 2179 (Mareau)
3731 2108 3962 2179 appulit,
4004 2124 4093 2164 sc-

2508 2211 2635 2250 cum
2672 2196 2783 2265 ipse
2810 2198 3156 2252 vehementer
3184 2200 3458 2253 admirans
3483 2199 3716 2269 qualiter
3745 2201 3975 2254 evadere
4001 2215 4097 2269 po-

2511 2288 2694 2341 tuerit.
2760 2286 2965 2342 Dehinc
3017 2289 3083 2343 ad
3139 2289 3528 2344 monasterium
3580 2304 3701 2343 cum
3758 2288 3926 2343 asinis
3979 2287 4095 2342 suis

2511 2392 2809 2445 regressus,
2841 2379 3117 2448 ereptione
3161 2382 3245 2435 sui
3286 2380 3546 2451 gaudium
3587 2394 3843 2450 magnum
3878 2378 4097 2434 cunctis

2509 2466 2639 2523 fecit
2665 2468 2947 2524 fratribus.

3104 2562 3330 2617 CAPUT
3368 2562 3502 2618 Vlll.

2614 2652 2693 2707 De
2720 2669 2889 2708 merso
2918 2653 3010 2708 diu
3034 2654 3243 2723 jacente
3273 2656 3326 2707 in
3354 2656 3602 2724 ﬂumine,
3638 2672 3730 2711 nec
3760 2665 3984 2711 mortuo.

2580 2746 2670 2800 '52.
2714 2747 2975 2801 Viviauus
3023 2746 3167 2802 beati
3217 2748 3431 2801 Martini
3480 2752 3775 2803 canonicus
3815 2749 3937 2804 huic
3972 2748 4093 2803 loco

2508 2838 2781 2907 quondam
2826 2838 3285 2893 familiarissimus
3328 2839 3467 2893 fuit:
3511 2840 3601 2909 qui
3633 2854 3817 2894 secum
3850 2840 4086 2909 quodam

2510 2938 2753 2996 tempore
2782 2945 2847 2984 eo
2879 2931 3153 2985 divertens
3174 2970 3189 2994 ,
3231 2929 3488 2984 conduxit
3518 2932 3807 3000 quemdam
3842 2946 3952 2985 suae
3982 2929 4091 2983 fra-

2507 3021 2779 3074 ternitatis
2808 3022 3126 3075 canonicum
3157 3022 3375 3075 nomine
3400 3022 3837 3087 Constantinum,
3866 3023 3956 3091 qui
3984 3021 4093 3075 ala-

2506 3111 2673 3165 criter
2703 3127 2731 3163 a
2764 3109 3023 3164 fratribus
3051 3113 3320 3181 suscepti,
3361 3112 3525 3167 biduo
3555 3128 3677 3167 cum
3707 3113 3854 3166 omni
3883 3112 4088 3167 ofﬁcio-

2509 3203 2669 3256 sitate
2718 3202 2920 3256 detenti
2971 3212 3115 3257 sunt.
3174 3203 3251 3257 Eo
3299 3214 3479 3259 autem
3533 3205 3620 3260 die
3666 3221 3773 3275 quo
3821 3206 4090 3260 reversuri

817 3295 942 3351 dum
972 3296 1314 3361 curticulam,
1346 3313 1453 3366 qua
1502 3299 1672 3352 coacti
1709 3298 1991 3367 praedones
2053 3313 2174 3352 sese
2212 3297 2401 3352 defen-
2433 3282 2477 3346 C
2508 3296 2855 3360 videbantur,
2897 3297 3114 3362 quidam
3151 3296 3362 3367 collegii
3398 3313 3583 3352 eorum
3616 3297 3938 3368 juvenculus
3975 3312 4090 3352 me-

816 3402 941 3441 sare
986 3388 1270 3457 parabant,
1320 3389 1523 3442 intrare
1570 3388 1765 3453 vellet,
1812 3404 1949 3442 unus
1992 3403 2178 3443 eorum
2229 3388 2403 3458 lapide

816 3485 1036 3546 arrepto
1084 3477 1449 3532 irreverenter
1492 3478 1849 3532 reverendum
1896 3479 2045 3533 nisus
2090 3487 2173 3533 est
2210 3494 2405 3548 percu-

816 3574 937 3623 tere
970 3567 1165 3622 virum.
1211 3567 1315 3623 Sed
1343 3583 1464 3623 cum
1490 3568 1722 3637 lapidem
1750 3568 1991 3633 dimittit,
2026 3570 2140 3639 ipse
2168 3584 2403 3640 quoque,

818 3661 1109 3717 retroactis
1136 3661 1190 3715 vi
1216 3661 1397 3715 divina
1421 3660 1660 3716 brachiis
1684 3669 1737 3717 et
1763 3663 2034 3727 cruribus,
2058 3679 2177 3718 cum
2204 3665 2405 3735 ingenti

817 3755 1001 3826 rugitu
1057 3753 1124 3807 ad
1176 3762 1376 3810 terram
1431 3755 1640 3809 corruit
1696 3764 1750 3809 et
1794 3771 1954 3811 voces
2008 3756 2405 3813 diversissimas

815 3844 978 3899 edere
1012 3843 1197 3913 coapit.
1242 3843 1397 3911 Quod
1436 3846 1616 3900 caeteri
1653 3845 2011 3915 praevidentes
2056 3848 2252 3917 ingenii
2297 3858 2406 3903 ter-

815 3952 943 3993 rore
969 3936 1200 4007 perculsi
1246 3948 1391 4003 sunt,
1429 3952 1616 3993 omnes
1644 3938 1848 4006 pariter
1873 3946 2029 3992 terrm
2054 3949 2405 4009 prosternun-

816 4038 906 4084 tur
944 4029 1155 4085 veniam
1198 4044 1297 4099 pro
1340 4030 1630 4084 commisso
1676 4028 1996 4101 flagitantes,
2043 4032 2200 4085 simul
2245 4034 2406 4086 etiam

816 4119 999 4175 omnia
1038 4120 1244 4188 direpta
1287 4120 1601 4186 restituunt,
1650 4128 1705 4175 et
1754 4134 1812 4174 se
1859 4121 2122 4175 maturius
2168 4122 2408 4176 exituros

815 4211 1159 4281 profitentur,
1198 4212 1610 4281 supplicantque
1652 4228 1751 4282 pro
1797 4228 2048 4283 compare
2088 4222 2147 4268 ut
2191 4213 2407 4268 liberari

818 4310 1120 4357 mereretur
1144 4302 1208 4357 ab
1247 4302 1349 4355 hac
1373 4302 1666 4357 daemonica
1700 4302 2066 4358 infestatione.
2098 4303 2269 4358 Porro
2294 4303 2407 4358 fra-

820 4401 931 4451 tres
959 4396 1097 4451 hona
1119 4411 1218 4465 pro
1238 4395 1396 4451 malis
1424 4396 1777 4466 rependentes
1804 4411 1929 4450 mox
1952 4412 2072 4451 eum
2099 4398 2408 4451 exorcizata

817 4486 1163 4557 contigerunt
1216 4502 1391 4557 aqua,
1441 4496 1711 4557 caputque
1768 4496 1937 4542 totum
1990 4487 2406 4559 perfundentes,

816 4592 1015 4649 corpus
1043 4576 1185 4634 illico
1229 4579 1392 4649 pedes
1426 4586 1482 4634 et
1510 4593 1700 4632 manus
1731 4594 1830 4633 suo
1855 4588 2175 4649 reparantur
2213 4578 2406 4634 ofﬁcio.

2509 3388 2646 3443 ridie
2683 3388 3084 3457 quiescentibus
3121 3387 3378 3444 fratribus
3407 3389 3518 3459 (14)
3550 3405 3672 3444 cum
3716 3405 3843 3444 arcu
3886 3398 3943 3443 et
3980 3390 4089 3459 spi-

2508 3480 2644 3534 culis
2683 3480 2975 3534 claustrum
3022 3480 3296 3550 ingressus
3336 3487 3462 3545 est,
3512 3489 3566 3534 et
3614 3495 3732 3535 cum
3768 3480 4090 3549 quibusdam

2509 3568 2769 3623 sodalium
2795 3570 2963 3623 multo
2986 3569 3212 3637 strepitu
3242 3568 3518 3640 multaque
3544 3569 3763 3625 levitate
3789 3570 3874 3640 agi
3901 3570 4084 3640 etrapit,

2508 3678 2652 3717 nunc
2683 3662 2883 3730 spicula
2914 3662 3214 3733 dirigendo,
3247 3678 3390 3716 nunc
3417 3650 3582 3717 cursu
3620 3674 3674 3717 et
3710 3662 3948 3718 clamore
3980 3661 4091 3716 fra—

2512 3763 2620 3808 tres
2649 3754 3017 3822 inquietando.
3052 3753 3296 3823 Cumque
3324 3762 3382 3807 ut
3418 3768 3446 3807 a
3488 3762 3636 3807 tanta
3674 3753 3901 3807 stultitia
3935 3752 4090 3821 quie-

2510 3860 2663 3899 scere
2694 3844 2913 3899 deberet
2943 3846 3352 3910 admoneretur,
3383 3860 3489 3899 non
3522 3845 3830 3914 acquievit;
3872 3860 3971 3915 pro
4004 3860 4092 3898 re-

2509 3936 2753 3991 verentia
2783 3946 2963 3990 autem
2995 3951 3181 3990 eorum
3215 3938 3305 4006 qui
3339 3953 3461 3991 eum
3495 3939 3869 4002 adduxerunt,
3913 3952 4090 4007 mqua-

2509 4029 2730 4083 nimiter
2774 4029 2880 4083 hoc
2929 4029 3144 4082 interim
3184 4028 3383 4082 fratres
3421 4029 3779 4099 pertulerunt.
3832 4028 3935 4083 Sed
3966 4044 4087 4083 cum

2510 4136 2575 4175 eo
2604 4120 2689 4173 die
2721 4135 2749 4172 a
2784 4119 3110 4173 monasterio
3144 4120 3403 4184 exissent,
3438 4120 3756 4174 temerarius
3786 4118 3872 4173 ille
3898 4133 4088 4173 navem

2510 4211 2823 4265 conscendit
2851 4221 3040 4265 contra
3068 4210 3351 4264 ecclesiam
3375 4210 3435 4264 Β.
3462 4210 3671 4276 Hilarii,
3701 4227 3807 4280 quo
3833 4209 4085 4281 profundi

2511 4313 2794 4358 currentes
2816 4302 3034 4372 Ligeriti
3059 4302 3295 4356 fluminis
3324 4302 3611 4371 aliquando
3638 4303 3832 4357 vadum
3865 4309 4087 4371 negant.

2511 4394 2751 4464 Cumque
2784 4396 2835 4448 in
2867 4395 3042 4449 medio
3074 4394 3235 4449 fluvio
3273 4396 3640 4465 pervenisset,
3681 4406 3899 4451 contum
3930 4410 4090 4465 quem

2515 4486 2729 4540 tenebat
2763 4486 2813 4538 in
2846 4500 3039 4554 aquam
3074 4485 3292 4539 mittens
3324 4485 3568 4550 incaute,
3603 4485 3842 4540 cadendo
3872 4495 4093 4540 secutus

2514 4589 2616 4643 est,
2645 4577 2822 4647 ibique
2850 4577 2916 4631 ab
2940 4577 3071 4630 hora
3095 4592 3231 4630 nona
3256 4592 3426 4647 usque
3447 4578 3512 4631 ad
3538 4578 3707 4647 ipsam
3720 4592 3856 4648 pene
3878 4587 4091 4632 noctem

818 4672 889 4728 Et
927 4672 1042 4742 ipse
1069 4687 1295 4743 surgens
1337 4671 1622 4727 incolumis
1652 4672 1839 4743 grandi
1870 4686 2001 4727 voce
2032 4673 2201 4727 Deum
2238 4673 2405 4728 bene-
2436 4641 2487 4701 Β
2504 4666 2911 4736 jacens,multis
2927 4666 3528 4737 euminvestigantibus,
3548 4667 3775 4722 inveniri
3808 4668 4090 4738 nequivit:

818 4766 1001 4820 dicere
1031 4772 1088 4820 et
1111 4764 1371 4819 famulum
1399 4765 1515 4835 ejus
1538 4763 1885 4818 Maximinum
1916 4764 2264 4835 magnificare
2292 4779 2407 4820 coe-

816 4856 917 4928 pit,
956 4856 1211 4926 ociusque
1241 4855 1367 4911 inde
1402 4855 1628 4925 digressi
1673 4854 1745 4909 nil
1779 4854 2096 4910 temeritatis
2135 4855 2189 4909 in
2219 4856 2407 4911 eadem

818 4948 1002 5003 villula
1029 4947 1251 5003 alterius
1288 4946 1487 5003 addere
1512 4954 1990 5016 prazsumpserunt.

1427 5036 1655 5093 CAPUT
1692 5036 1801 5093 Vll.

998 5130 1077 5186 De
1114 5130 1300 5202 auriga
1341 5130 1476 5184 inter
1503 5130 1695 5199 ﬂuctus
1732 5137 1934 5182 servato
1966 5144 2227 5199 prospere.

893 5222 983 5278 51.
1019 5222 1178 5293 Liger
1211 5221 1405 5277 ﬂuvius
1433 5221 1559 5276 huic
1587 5219 1914 5275 monasterio
1940 5219 2225 5289 contiguus
2252 5233 2405 5276 emo-

822 5316 1051 5374 lumenti
1076 5330 1314 5386 persaepe
1342 5322 1445 5378 est,
1472 5313 1635 5368 etiam
1666 5326 2047 5380 nonnunquam
2074 5310 2401 5365 detrimenti.

824 5410 961 5469 Nam
986 5427 1127 5474 stepe
1155 5412 1281 5467 dum
1316 5417 1489 5465 metas
1529 5407 1664 5463 alvei
1693 5407 1775 5462 sui
1820 5407 1959 5461 hanc
1996 5420 2131 5474 pene
2172 5404 2408 5473 contegit

2514 4760 2685 4814 donec
2714 4759 2779 4813 de
2806 4773 2870 4812 eo
2902 4758 3335 4828 deSperantibus,
3379 4759 3587 4814 umbris
3619 4758 3730 4828 jam
3771 4760 4092 4816 incumben-

2511 4852 2676 4914 tibus,
2726 4850 2943 4919 quidam
2967 4850 3203 4920 piscator
3240 4851 3441 4906 Barbas
3487 4851 3720 4917 nomine,
3780 4868 3919 4908 unco
3966 4869 4091 4909 eum

2514 4942 2765 5006 attraxit,
2798 4943 3030 5011 navique
3062 4942 3370 5012 impositum
3402 4943 3469 4997 ad
3501 4942 3649 4997 littus
3679 4943 3913 4998 devexit.
3948 4943 4092 4999 Nihil

2518 5034 2575 5090 in
2606 5049 2671 5089 eo
2700 5034 2917 5103 spiritus
2956 5033 3144 5087 sentiri
3178 5042 3416 5102 poterat,
3457 5042 3705 5087 mortuus
3740 5034 3807 5089 ab
3841 5034 4093 5089 omnibus

2517 5126 2818 5181 dicebatur.
2854 5125 3018 5179 Dolor
3048 5127 3258 5195 ingens,
3282 5126 3623 5196 maximeque
3648 5126 3969 5181 clericorum
3998 5127 4092 5196 qui

2515 5237 2638 5276 eum
2680 5219 3051 5283 adduxerant,
3108 5218 3265 5275 fletus
3319 5220 3676 5275 intolerabilis
3721 5228 3969 5291 coegerat
4016 5219 4090 5274 ibi

2514 5315 2777 5385 plurimos
2824 5314 3051 5368 diversa:
3086 5313 3263 5368 aetatis
3300 5312 3459 5368 simul
3508 5326 3562 5368 et
3608 5314 3951 5370 conditionis.
4008 5312 4091 5367 Ad

2517 5406 2802 5461 ecclesiam
2839 5405 3019 5473 itaque
3048 5405 3273 5473 contigit
3303 5404 3637 5473 deportatus,
3686 5420 3887 5474 perque
3928 5404 4092 5473 pedes
