4494 5520
415 452 520 515 815

1437 447 1640 503 LIBER
1680 446 1768 501 DE
1808 442 2179 500 MIRACULIS
2219 444 2277 498 S.
2321 442 2657 497 MAXIMINI.

3560 442 3665 496 8H

418 571 617 635 fuerit,
651 572 739 627 vel
769 572 1003 640 qualiter
1029 586 1127 642 per
1155 580 1235 626 tot
1264 572 1517 625 horarum
1551 576 1818 622 momenta
1851 566 1993 619 inter
2020 568 2069 626 Α
2097 566 2370 619 dimovere
2402 564 2601 616 valeret
2622 602 2635 624 ,
2684 560 2992 629 cursimque
3017 560 3080 615 ad
3108 560 3323 615 domum
3351 576 3431 615 Stll
3462 561 3666 615 domini

416 665 590 720 undas
618 665 801 719 vivere
830 667 1066 735 poluerit
1090 684 1101 717 :
1128 665 1233 719 Pro
1263 663 1585 725 temeritate,
1614 661 1805 731 inquit,
1830 674 1990 729 quam

422 765 610 810 sancto
644 754 760 810 loco
798 756 986 819 intuli,
1037 755 1194 808 morti
1226 755 1441 823 quidem
1472 752 1771 806 destinatus
1802 765 1949 803 cram
1978 789 1992 814 ,

415 848 509 904 sed
538 864 634 918 per
656 848 1014 903 interventum
1048 848 1226 917 magni
1261 846 1437 901 Patris
1466 845 1739 899 Maximini
1770 844 1839 898 ab
1867 843 1994 914 ipsis

414 941 613 995 Averni
666 939 913 996 faucibus
946 951 1230 997 revocatus
1268 951 1323 995 et
1361 942 1483 994 vita:
1516 940 1794 994 restitutus
1841 953 1993 1003 sum,

414 1030 776 1100 clementique
807 1032 965 1087 modo
1000 1032 1084 1085 cui
1125 1030 1378 1099 injuriam
1415 1029 1600 1094 intuli,
1651 1029 1765 1098 ipse
1809 1036 1996 1082 auctor

413 1122 583 1176 veniae
612 1130 669 1176 et
698 1122 886 1176 salutis
916 1121 1035 1176 fuit.
1074 1121 1240 1177 Facto
1275 1136 1453 1185 mane,
1494 1119 1721 1188 nudipes
1770 1125 1825 1171 et
1870 1133 1994 1172 cum

415 1210 582 1265 multa
608 1212 909 1267 humilitate
930 1212 1320 1267 monasterium
1344 1210 1587 1281 expetiit,
1614 1222 1778 1278 seque
1803 1223 1997 1279 magno

415 1300 564 1356 Patri
603 1312 792 1357 nostro
826 1304 1175 1368 contradens,
1208 1303 1598 1373 indulgentiam
1636 1316 1746 1356 sua:
1782 1301 1999 1356 temeri-

417 1392 544 1446 tatis
566 1393 861 1462 deposcere
887 1404 941 1448 et
964 1395 1229 1449 maximas
1254 1410 1352 1465 pro
1378 1395 1484 1448 vita
1512 1394 1807 1462 gratiarum
1832 1392 2001 1446 aetio-

415 1496 511 1537 nes
540 1482 844 1552 dependere
871 1485 1056 1555 cmpit,
1084 1485 1175 1553 qui
1207 1493 1368 1538 tanta:
1396 1484 1474 1538 rei
1506 1482 1661 1541 testis
1683 1482 1737 1537 in
1764 1482 1866 1537 hac
1889 1482 2000 1536 vita

416 1570 679 1640 plurimos
705 1575 1049 1643 postmodum
1079 1574 1259 1642 exegit
1286 1588 1478 1629 annos.

1046 1665 1274 1721 CAPUT
1311 1664 1399 1719 IX.

417 1755 497 1813 De
525 1757 712 1812 clerico
738 1758 885 1826 lapso
916 1758 979 1810 ab
1007 1757 1236 1810 ecclesia:
1274 1767 1423 1817 tecto,
1453 1764 1784 1825 permanente
1815 1754 1999 1808 illmso.

486 1848 578 1904 33.
611 1848 948 1904 Venerabilis
980 1851 1137 1901 Anno
1168 1848 1336 1901 abbas
1366 1847 1450 1900 cui
1498 1846 1551 1899 in
1587 1846 1862 1900 memoriis
1888 1844 2005 1913 pio-

2095 668 2369 715 reversus,
2398 668 2519 706 cum
2551 652 2751 721 ingenti
2783 648 2979 718 cjulatn
3007 652 3133 719 quid
3188 660 3463 720 pateretur
3487 661 3667 705 osten-

2096 745 2192 800 dit.
2250 744 2339 798 llle
2384 755 2579 814 putans
2624 742 2820 811 frigore
2859 758 3050 796 manus
3096 741 3211 809 ejus
3263 744 3489 812 riguisse
3521 744 3667 811 (nam

2094 838 2389 891 vehemens
2420 847 2545 890 tunc
2575 836 2749 889 hiems
2787 834 3084 905 ingruerat)
3123 850 3260 903 aqua
3300 833 3534 887 calclieri
3572 833 3671 887 im-

2096 938 2277 1000 perat,
2317 928 2660 998 rigentesque
2696 943 2758 981 ea
2796 928 3123 981 contrectari
3162 942 3371 980 manus.
3426 926 3518 980 llic
3554 940 3672 981 am-

2097 1022 2239 1091 plius
2268 1020 2516 1089 ejulando
2546 1036 2603 1075 se
2636 1020 2878 1089 torqueri
2913 1020 3184 1073 inclamat.
3219 1018 3387 1074 Porro
3425 1020 3675 1075 dominus

2097 1113 2215 1183 ejus
2244 1128 2449 1167 memor
2475 1112 2596 1168 festi
2634 1111 2806 1167 factus
2841 1110 3103 1165 intellexit
3139 1127 3356 1166 causam
3391 1112 3678 1166 detinentis

2098 1221 2222 1261 cum
2251 1206 2562 1270 anxietatis,
2588 1215 2645 1260 et
2672 1221 2795 1260 mox
2823 1220 2944 1259 eum
2972 1207 3037 1257 ad
3068 1206 3453 1259 monasterium
3484 1205 3682 1260 direxit

2099 1296 2330 1353 indicem
2361 1299 2441 1353 sui
2473 1308 2653 1353 reatus
2680 1314 2789 1369 prae
2818 1298 3064 1351 manibus
3092 1307 3410 1368 gestantem.

2170 1390 2260 1444 35.
2290 1389 2448 1444 Missa
2472 1391 2765 1444 cauebatur
2788 1389 3088 1452 Dominica,
3128 1404 3300 1459 eoque
3322 1398 3539 1443 ventum
3566 1398 3685 1445 erat

2100 1496 2209 1553 quo
2236 1484 2422 1553 Agnus
2451 1482 2543 1537 Dei
2572 1484 2661 1551 qui
2696 1497 2792 1551 pro
2821 1481 2974 1536 nobis
3003 1491 3087 1535 est
3116 1481 3423 1535 immolatus
3452 1492 3505 1535 ct
3535 1480 3685 1535 invo-

2102 1584 2259 1631 catur
2289 1583 2343 1629 et
2374 1575 2626 1639 sumitur,
2661 1589 2780 1628 cum
2815 1574 2903 1627 ille
2934 1574 3101 1627 multo
3132 1572 3367 1627 clamore
3399 1572 3684 1627 ecclesiam

2106 1667 2383 1737 ingressus
2422 1677 2546 1721 ante
2584 1667 2753 1721 altare
2792 1666 3063 1736 projectus
3093 1674 3193 1721 est.
3254 1665 3544 1734 Primoque
3590 1681 3687 1733 pu-

2107 1768 2277 1813 tatum
2308 1770 2391 1814 est
2429 1777 2550 1816 eum
2583 1776 2613 1815 a
2642 1761 2885 1815 daemone
2914 1759 3138 1830 agitari;
3179 1758 3373 1813 deinde
3402 1774 3528 1812 vero
3556 1774 3689 1827 qua-

2109 1851 2231 1906 dam
2280 1853 2624 1908 simulatione
2670 1854 2773 1907 hoc
2818 1869 2941 1907 eum
2985 1852 3208 1906 finxisse
3248 1850 3686 1919 suspicabantur.

417 1955 539 1996 rum
597 1942 828 1995 maxima
871 1942 1049 2009 portio
1103 1948 1206 2004 est,
1264 1940 1474 2009 signum
1520 1939 1707 1993 usibus
1766 1937 2006 1992 ecclesia!
2038 1930 2082 1989 Β
2110 1941 2263 1999 Unde
2306 1953 2360 1998 ct
2403 1945 2722 2000 accedentes
2754 1942 3030 1998 tentabant
3066 1958 3259 1996 manus
3292 1941 3407 2008 ejus
3436 1939 3690 2003 evellere,

417 2034 707 2103 praeparari
736 2042 993 2103 jusserat,
1025 2032 1166 2102 quod
1198 2032 1489 2086 secundum
1516 2030 1869 2100 quorumdam
1902 2044 2010 2083 mo-

418 2138 534 2179 rem
579 2125 908 2193 baptizatum
937 2135 993 2178 et
1038 2138 1199 2193 super
1229 2131 1427 2177 tectum
1458 2122 1700 2176 ecclesia:
1741 2121 2009 2175 elevatum

402 2223 522 2311 ‘est.
555 2214 794 2284 Cumque
825 2216 879 2270 bi
922 2216 1013 2285 qui
1043 2216 1368 2279 extulerant,
1411 2231 1508 2287 per
1537 2224 1735 2270 tectum
1768 2214 2012 2269 ecclesiae

420 2308 855 2373 deambularent,
896 2312 1115 2380 quidam
1165 2312 1393 2366 clericus
1447 2311 1716 2366 incautius
1760 2310 2012 2380 gradiens

408 2397 529 2463 ,(cui
553 2414 747 2454 nomen
780 2398 1124 2455 Flodonieius
1156 2403 1330 2456 adhuc
1370 2402 1474 2473 est)
1506 2418 1609 2457 non
1650 2402 1881 2457 attendit
1931 2401 2011 2455 Ia-

422 2502 590 2557 quear
613 2489 783 2543 clavis
809 2488 1025 2544 alIixum
1059 2491 1357 2561 leviterque
1408 2506 1747 2561 suspensum,
1797 2492 1889 2547 sed
1916 2490 2010 2545 fir-

419 2595 566 2635 mam
599 2582 917 2639 nanciscens
947 2582 1025 2655 [id
1078 2594 1173 2649 est,
1207 2584 1423 2656 putans]
1458 2586 1765 2651 materiam,
1795 2600 1918 2639 mox
1954 2592 2015 2638 ut

401 2650 610 2743 'pedem
640 2674 797 2744 quasi
828 2650 1055 2731 liberum
1079 2650 1279 2746 posuit,
1306 2650 1447 2733 illico
1476 2694 1599 2733 cum
1629 2678 1817 2749 grandi
1857 2678 2011 2733 ruina

421 2764 705 2819 devolutus
724 2775 854 2821 est:
890 2778 945 2822 et
982 2768 1158 2837 primo
1184 2770 1400 2839 quidem
1443 2770 1607 2840 capiti
1639 2770 1884 2824 crucifixi
1925 2770 2010 2825 cui

421 2852 649 2911 interius
676 2857 855 2912 stabat
888 2857 1233 2926 Maximinus,
1268 2861 1513 2927 illiditur,
1540 2862 1693 2932 cujus
1739 2862 1880 2916 illico
1917 2877 2010 2917 co-

419 2956 613 3002 mnam
655 2946 1047 3017 brachiumque
1094 2950 1394 3020 confregit,
1428 2961 1551 3020 post
1597 2967 1759 3021 super
1787 2952 2011 3006 cancelli

421 3036 679 3108 parietes,
726 3036 851 3093 inde
905 3053 1070 3108 super
1121 3042 1318 3109 gradus
1367 3041 1605 3112 ligneos,
1646 3043 1713 3096 ad
1763 3042 2012 3098 ultimum

421 3144 588 3200 super
616 3129 982 3200 pavimentum
1013 3142 1315 3201 prostratus
1344 3144 1444 3189 est.
1486 3134 1592 3189 Sed
1622 3136 1708 3189 hic
1731 3136 1823 3190 tali
1854 3137 2015 3191 devo-
2041 3143 2048 3153 '

423 3218 569 3275 lutus
610 3222 766 3277 ruina
812 3237 909 3292 per
956 3224 1319 3278 interventum
1365 3224 1545 3279 Patris
1597 3224 1873 3280 Maximini
1910 3226 2011 3280 sibi

425 3312 656 3369 donatus
696 3315 855 3370 hodie
887 3316 1048 3383 vivit,
1081 3331 1205 3371 cum
1257 3315 1369 3372 fere
1416 3318 1633 3373 triointa
1684 3328 1741 3374 et
1784 3318 2016 3389 amplius

426 3404 555 3473 anni
580 3414 708 3461 sunt
735 3422 842 3477 quo
877 3407 979 3462 hoc
1012 3416 1293 3477 peractum
1324 3417 1427 3463 est.

1065 3498 1390 3568 CAPUT}.

644 3597 723 3645 De
750 3607 809 3645 eo
837 3608 989 3659 cujus
1016 3607 1205 3646 manus
1234 3592 1497 3646 Itmserunt
1525 3591 1769 3662 fossorio.

500 3682 590 3739 54.
630 3684 885 3754 Ejusdem
915 3684 989 3754 pii
1017 3685 1231 3741 abbatis
1260 3685 1503 3741 Annonis
1528 3685 1861 3755 temporibus
1896 3701 2018 3741 cum

429 3776 607 3832 adhuc
642 3774 935 3831 infantulus
957 3792 1132 3832 essem
1162 3777 1179 3847 (
1188 3792 1361 3847 neque
1382 3777 1526 3831 enim
1557 3777 1760 3843 audita,
1785 3780 1879 3832 sed
1901 3792 2020 3847 quae

429 3865 540 3919 vidi
568 3862 887 3921 narraturus
911 3866 1075 3936 sum),
1107 3866 1331 3936 contigit
1360 3866 1502 3936 quod
1534 3868 1654 3922 dico
1680 3866 2017 3922 miraculum.

430 3958 752 4015 Benedictus
772 3960 990 4029 quidam
1027 3958 1308 4014 dicebatur
1334 3975 1439 4014 non
1473 3960 1876 4015 contemnenda:
1901 3960 2020 4029 opis

432 4049 685 4117 colonus,
717 4050 809 4121 qui
836 4050 890 4104 in
935 4049 1061 4104 villa
1109 4051 1265 4106 nobis
1298 4051 1572 4121 contigua,
1600 4050 1689 4105 cui
1718 4048 2023 4119 Godgiacus

432 4157 630 4197 nomen
657 4152 773 4208 est,
803 4142 1102 4196 habitabat.
1136 4141 1233 4197 Hic
1256 4142 1318 4196 ad
1343 4142 1645 4197 fodiendam
1678 4142 1780 4197 sibi
1811 4151 2021 4211 partem

436 4233 552 4304 agri
593 4234 881 4303 quemdam
927 4235 1289 4289 adventicium
1323 4236 1568 4290 mercede
1605 4236 1883 4291 conduxit.
1914 4236 2021 4289 lm-

435 4323 677 4379 minebat
712 4333 893 4379 autem
924 4324 1083 4392 hujus
1127 4324 1305 4380 Patris
1344 4326 1461 4379 dies
1494 4325 1721 4381 festivus
1757 4327 1848 4396 qui
1890 4342 2022 4381 xvm

436 4411 662 4471 Kalend.
684 4413 926 4470 Januarii
948 4416 1064 4486 ejus
1086 4417 1314 4471 transitu
1338 4417 1560 4487 insignis
1582 4418 1831 4472 habetur.
1856 4417 2024 4472 Porro

437 4507 529 4566 ille
564 4510 657 4580 qui
688 4508 975 4565 colendum
1001 4517 1315 4579 susceperat
1344 4524 1531 4580 agrum
1564 4509 1696 4563 tanti
1724 4508 1849 4563 festi
1876 4510 2025 4579 igna-

438 4615 561 4667 rus,
602 4608 787 4672 utpote
838 4602 1095 4667 novitius,
1143 4603 1410 4657 desiderio
1456 4602 1792 4658 accelerandi
1846 4604 2024 4673 operis

443 4708 703 4751 accensus
734 4694 822 4748 die
872 4692 1065 4749 festivo
1121 4694 1464 4751 illucescente
1516 4693 1829 4761 fossorium,
1884 4696 2028 4766 quod

442 4786 654 4842 bessam
704 4785 926 4859 [Gallice
976 4786 1149 4859 bac/ie]
1189 4788 1377 4843 dicunt
1412 4789 1595 4855 sumit,
1622 4796 1679 4844 et
1708 4797 2029 4858 nperaturus

445 4889 691 4946 campum
714 4876 863 4945 petit.
892 4875 1161 4947 Operante
1182 4892 1269 4943 eo,
1303 4892 1405 4933 vox
1435 4877 1616 4934 subito
1641 4880 1709 4934 ad
1735 4895 1859 4935 eum
1886 4879 2028 4935 facta

446 4977 561 5032 est,
602 4982 719 5037 quae
747 4969 951 5023 diceret
982 4987 995 5023 :
1028 4969 1268 5026 Teduine
1293 4970 1395 5042 (sic
1438 4973 1583 5027 enim
1615 4973 1662 5028 is
1689 4974 2027 5046 vocabatur),

448 5072 615 5126 quare
641 5059 741 5136 h'oc
772 5060 919 5131 agis?
945 5060 1187 5132 Cumque
1211 5061 1299 5117 ille
1323 5062 1427 5118 huc
1456 5073 1509 5118 et
1538 5063 1665 5119 illuc
1693 5064 1867 5119 versis
1894 5080 2027 5121 ocu-

448 5148 515 5205 lis
564 5154 833 5206 neminem
886 5153 1143 5220 vidisset,
1206 5155 1357 5224 operi
1420 5163 1599 5226 empto
1649 5156 1874 5224 institit,
1934 5154 2030 5213 sed

452 5240 797 5298 nihilominus
862 5246 1049 5300 eadem
1115 5260 1219 5300 vox
1270 5246 1473 5302 eisdem
1521 5247 1735 5314 verbis,
1790 5264 1890 5305 cur
1928 5251 2032 5305 hoc

448 5346 819 5404 praesumeret,
842 5340 1179 5411 perquisivit.
1215 5338 1287 5394 At
1312 5340 1399 5395 ille
1423 5340 1719 5410 respiciens
1742 5352 1797 5399 et
1826 5345 2031 5401 nullum

452 5428 665 5466 nvnninn
691 5430 879 5466 νῖΑΩηα
936 5432 1119 5466 (ηοστιιῖ
1157 5448 1400 5466 annon-nm
1438 5447 1545 5466 nlln
1572 5447 1795 5466 numnun-
1831 5439 2007 5466 nmkin

2051 4640 2106 4702 D

2111 2039 2205 2093 sed
2253 2037 2397 2092 nulla
2445 2038 2497 2091 id
2546 2038 2751 2091 ratione
2798 2033 3009 2091 clliccrc
3046 2044 3351 2105 potuerunt.
3407 2033 3693 2087 Decretum

2113 2132 2276 2203 igitur
2305 2146 2334 2184 a
2365 2130 2668 2185 senioribus
2700 2129 2962 2198 processit
2990 2142 3088 2197 pro
3118 2141 3182 2180 co
3213 2125 3429 2179 litanias
3460 2124 3596 2188 ﬁeri,
3634 2132 3694 2176 ut

2112 2223 2201 2292 qui
2231 2239 2351 2278 eum
2384 2222 2620 2291 potentia
2650 2221 2920 2285 vinxerat,
2952 2219 3236 2274 clementia
3269 2219 3477 2272 solvere
3509 2218 3697 2287 digna-

2112 2322 2281 2367 retur.
2321 2311 2420 2365 Ubi
2455 2326 2582 2365 vero
2612 2311 2678 2365 ad
2706 2311 3012 2364 convivium
3041 2319 3260 2364 ventum
3288 2319 3390 2374 est,
3415 2309 3697 2364 constituti

2112 2411 2239 2457 sunt
2276 2402 2367 2471 qui
2403 2401 2451 2455 ei
2484 2402 2633 2455 cibos
2662 2400 2713 2454 in
2746 2401 2973 2455 ecclesia
3010 2400 3315 2465 deferrent,
3363 2411 3414 2455 et
3458 2401 3537 2455 ori
3580 2399 3701 2470 ejus

2114 2492 2472 2563 imponerent.
2508 2492 2637 2547 Post
2660 2507 2859 2546 mensae
2885 2501 3063 2546 autem
3092 2492 3441 2546 refectionem
3473 2490 3704 2546 accessit

2114 2585 2181 2639 ad
2224 2600 2349 2639 eum
2392 2585 2609 2654 quidam
2651 2583 2822 2637 frater
2847 2582 3007 2637 Wido
3056 2584 3275 2637 nomine
3324 2583 3453 2637 olim
3508 2582 3704 2640 sacculo

2112 2674 2530 2745 exspectabilis,
2575 2682 2630 2728 et
2661 2673 2928 2743 perquirit
2966 2672 3032 2726 ab
3061 2687 3127 2727 eo
3155 2671 3309 2741 cujus
3336 2681 3481 2727 esset
3518 2673 3708 2728 condi-

2112 2774 2299 2828 tionis.
2358 2772 2475 2839 Quo
2525 2771 2883 2841 respondente
2932 2784 2990 2825 se
3037 2768 3264 2823 liberum
3316 2784 3478 2825 esse:
3532 2768 3707 2840 Surge

2113 2880 2265 2936 ergo,
2288 2863 2383 2929 ait,
2403 2871 2459 2917 et
2484 2862 2749 2916 accedens
2778 2860 2844 2915 ad
2876 2860 3046 2915 altare
3078 2870 3270 2931 sponte
3299 2860 3528 2930 tcipsum
3555 2860 3706 2915 Patri

2114 2966 2305 3012 nostro
2336 2954 2624 3018 contrade,
2664 2962 2718 3007 et
2754 2953 2899 3008 illico
2931 2952 3271 3008 liberaberis.
3326 2952 3442 3020 Quo
3472 2968 3706 3009 consen-

2116 3051 2284 3106 tiente
2315 3050 2407 3103 dat
2435 3048 2483 3103 ei
2516 3063 2736 3101 manum
2770 3058 2829 3101 ut
2865 3057 3133 3119 surgeret.
3186 3046 3498 3104 Conductus
3526 3049 3708 3120 itaque

2117 3141 2186 3196 ad
2216 3140 2421 3204 altare,
2471 3140 2597 3210 quia
2650 3139 2903 3194 manibus
2955 3139 3252 3209 nequibat,
3306 3155 3440 3195 voce
3476 3140 3708 3211 supplici

2116 3233 2353 3302 seipsum
2380 3231 2708 3285 contradens
2732 3229 2843 3283 ait:
2875 3228 2933 3284 S.
2963 3228 3394 3294 Maximine,mei
3426 3230 3705 3297 miserere,

2120 3332 2176 3379 et
2205 3338 2291 3377 me
2331 3322 2415 3376 his
2444 3320 2672 3375 vinculis
2709 3319 3015 3375 absolutum
3055 3320 3361 3390 ubicunque
3403 3321 3553 3377 fuero
3590 3336 3709 3377 ser-

2118 3428 2245 3467 vum
2278 3420 2425 3466 tuum
2456 3426 2577 3466 esse
2609 3426 2896 3481 cognosce.
2951 3409 3102 3477 Quod
3133 3411 3320 3465 dicens
3350 3411 3497 3466 velut
3525 3411 3710 3469 fortis-

2119 3504 2256 3558 sime
2287 3504 2427 3558 ictus
2458 3501 2679 3581 fuisset,
2721 3509 3021 3556 retrorsum
3052 3501 3279 3566 cecidit,
3324 3512 3379 3556 et
3416 3501 3706 3559 fossorium

2120 3593 2277 3665 longe
2327 3595 2381 3648 in
2432 3593 2657 3649 alteram
2707 3601 2917 3663 partem
2966 3590 3224 3646 desiliens
3273 3592 3477 3662 ingenti
3528 3595 3708 3649 sonitu

2120 3687 2320 3743 multos
2354 3686 2615 3741 admirari
2651 3684 2819 3749 fecit;
2871 3682 3071 3739 fratres
3107 3699 3322 3754 quoque
3360 3696 3710 3741 accurrentcs

2122 3792 2245 3833 cum
2275 3778 2481 3849 ingenti
2500 3776 2674 3847 jubilo
2698 3776 2964 3845 correptis
2994 3776 3162 3846 signis
3189 3774 3476 3829 Dominum
3504 3777 3714 3847 magni.

2123 3868 2288 3924 ﬁcare
2317 3878 2601 3940 coeperunt
2627 3883 2790 3937 super
2820 3867 3071 3921 omnibus
3102 3868 3397 3922 virtutibus
3453 3882 3566 3923 suis
3594 3870 3713 3939 qui-

2123 3955 2226 4017 bus
2256 3970 2478 4016 sanctos
2508 3976 2635 4015 suos
2666 3958 2972 4030 glorificare
3004 3973 3109 4013 non
3141 3958 3377 4023 desistit,
3407 3974 3542 4028 quos
3574 3961 3713 4030 apud

2125 4070 2183 4109 se
2211 4069 2339 4108 vere
2368 4053 2554 4106 vivere
2585 4051 2951 4115 demonstrat,
2983 4050 3108 4103 dum
3142 4049 3281 4119 apud
3312 4063 3499 4103 eorum
3529 4051 3715 4104 exani-

2125 4152 2302 4201 matos
2331 4144 2547 4198 cineres
2575 4142 2884 4213 superbiam
2915 4140 3213 4195 viventium
3253 4148 3362 4194 tam
3400 4140 3625 4210 pulchre
3660 4150 3716 4196 ct

2120 4235 2401 4308 eleganter
2424 4234 2742 4303 triumphat.
2766 4232 3077 4287 Fossorium
3098 4247 3228 4287 vero
3252 4232 3380 4286 illud
3405 4234 3471 4286 ad
3493 4233 3717 4303 laquear

2126 4327 2370 4382 ecclesiae
2396 4326 2483 4379 diu
2512 4326 2787 4395 pependit,
2819 4333 2874 4378 et
2904 4325 3065 4379 homo
3091 4324 3180 4378 ille
3204 4325 3497 4394 quotannis
3522 4326 3715 4395 capitis

2127 4419 2210 4473 sui
2258 4433 2481 4473 censum
2526 4417 2614 4473 die
2657 4431 2837 4471 annuo
2878 4432 3043 4487 super
3070 4416 3243 4471 altare
3282 4417 3367 4473 sui
3412 4417 3717 4476 liberatoris

2127 4508 2405 4579 persolvit.

2743 4602 2972 4661 CAPUT
3009 4602 3099 4660 XI.

2286 4695 2367 4750 De
2396 4696 2648 4764 fratribus
2677 4697 2871 4751 territis
2899 4707 2949 4751 et
2978 4699 3293 4753 mirabiliter
3319 4700 3555 4757 solvatis.

2201 4787 2292 4843 36.
2335 4787 2441 4844 Sed
2486 4790 2613 4859 quia
2660 4790 2782 4859 pius
2827 4788 2990 4844 Pater
3026 4791 3317 4861 aliquando
3357 4794 3524 4848 lilium
3563 4794 3720 4854 donis

2134 4881 2369 4948 mulcet,
2413 4897 2801 4954 nonnunquam
2833 4898 2929 4953 per
2958 4886 3267 4940 severitatis
3294 4887 3721 4946 animadversio-

2134 4991 2257 5031 nem
2292 4985 2527 5042 coercet,
2560 4986 2615 5031 et
2643 4977 2909 5032 interdum
2941 4992 3203 5048 prospera
3232 4982 3360 5035 dum
3390 4982 3722 5038 securiorem

2136 5069 2370 5125 reddunt
2402 5069 2678 5133 animum,
2722 5068 2963 5123 deterius
3002 5079 3283 5137 sternunt,
3330 5073 3557 5128 adversa
3591 5089 3723 5128 vero

2136 5159 2583 5232 circumspectius
2622 5174 2779 5230 agere
2818 5174 3089 5231 quemque
3120 5172 3498 5228 commonent;
3538 5166 3729 5220 remis-

2140 5255 2312 5311 siores
2360 5270 2459 5311 nos
2507 5252 2689 5307 forsan
2739 5252 2956 5306 divinus
3004 5256 3291 5333 attendens
3344 5254 3531 5311 oculus
3582 5264 3735 5311 tanto

2140 5346 2314 5406 factos
2335 5343 2617 5409 miraculo,
2633 5345 2985 5414 consequenti
3012 5355 3254 5415 tempore
3278 5346 3477 5418 placuit
3497 5347 3735 5414 quodam

2144 5448 2345 5466 .Α““Α-Α
2391 5437 2685 5466 ζ-ΓΛυΙιιηῖΛ
2750 5451 2855 5466 ηηη
3262 5442 3474 5466 ηιιξ-ΙΑΙἉ
3519 5442 3695 5466 οΑσ-κῖιξ
