4494 5520
832 312 935 373 815

1919 314 2213 371 LETALDI
2250 310 2684 371 MlClACENSIS
2724 309 3029 369 MONACHI

832 425 1082 479 timorem
1112 424 1399 492 incutiunt,
1426 425 1569 481 venti
1619 424 1719 480 sibi
1770 425 1902 480 dura
1934 426 2229 481 certamina
2255 441 2409 480 man-
2437 432 2487 491 Α
2514 437 2637 479 eum
2675 422 2761 478 die
2805 421 3092 476 Bernerius
3135 417 3374 474 decauite
3417 416 3800 473 administrans
3838 414 4092 482 cilicium,

831 517 979 571 dant.
1009 519 1295 574 Exsilimus
1321 521 1526 585 stratis,
1556 521 1797 590 coginmr
1825 521 1875 574 in
1906 520 2213 586 ecclesiam,
2244 520 2412 575 multo

828 624 1027 677 pavore
1052 610 1264 664 attoniti
1294 611 1527 681 psalmos
1543 611 1812 666 nescimus
1834 609 1919 683 [[2,
1939 612 2232 666 cecinimus
2259 610 2411 683 et]li-

832 701 1022 756 tanias.
1042 703 1207 757 Sacer
1227 716 1414 757 cereus
1433 702 1810 772 exstinguitur,
1827 713 1880 757 et
1898 718 2125 772 quassus
2139 703 2216 757 sui
2234 702 2412 758 medio

828 791 977 861 quasi
1010 792 1196 846 nolens
1240 807 1558 847 succurrere
1608 793 1675 847 ad
1732 802 1933 849 terram
1974 792 2261 848 delabitur.
2295 793 2410 859 Qua

827 881 1034 935 visione
1075 883 1275 936 crescit
1325 898 1511 953 pavor,
1560 883 1791 939 formido
1846 892 2104 955 augetur,
2160 894 2410 954 correpta

827 974 980 1042 signa
1014 973 1437 1042 interrumpente
1485 984 1693 1030 terrore
1741 975 2011 1043 laxantur,
2060 992 2160 1032 nec
2210 976 2409 1046 aliquid

828 1064 967 1118 inter
1000 1065 1237 1134 trepidos
1272 1065 1541 1118 invenitur
1562 1065 1761 1120 solatii.
1787 1066 2012 1134 Quidam
2035 1067 2411 1123 Waldefredus

823 1155 1069 1218 aedituus,
1104 1171 1206 1210 non
1233 1156 1447 1225 quidem
1479 1158 1793 1223 monachus,
1821 1160 1913 1214 sed
1943 1175 1972 1214 a
2003 1161 2139 1216 laico
2166 1169 2411 1216 tonsura-

824 1254 930 1310 tus,
959 1248 1166 1301 creteris
1198 1248 1549 1313 constantior,
1576 1249 1700 1303 dum
1751 1259 1906 1305 extra
1952 1251 2239 1307 ecclesiam
2268 1260 2408 1318 stat,

820 1337 1043 1391 veniens
1068 1338 1275 1391 eminus
1302 1338 1369 1391 ab
1384 1339 1647 1407 Aquilone
1667 1340 1904 1409 jaculum
1937 1341 2150 1411 igneum
2179 1352 2235 1395 ut
2256 1343 2407 1409 vidit,

821 1426 875 1481 id
906 1430 1150 1482 attonitis
1180 1439 1236 1483 et
1285 1430 1454 1483 multo
1508 1443 1712 1486 terrore
1761 1434 2086 1502 compressis
2120 1434 2406 1488 nuntiavit.

818 1518 1057 1575 Necdum
1100 1522 1260 1575 verba
1309 1522 1668 1590 compleverat
1710 1538 1831 1577 cum
1877 1540 2004 1579 eecc
2031 1540 2129 1594 per
2176 1526 2405 1579 mediam

819 1608 1092 1663 turrisculi
1127 1608 1429 1664 columnam
1462 1611 1660 1663 fulmen
1695 1612 1986 1666 demissum
2018 1612 2409 1682 ecelesiamque

817 1697 1121 1767 ingressum
1180 1715 1339 1767 super
1396 1716 1493 1779 nos
1543 1702 1704 1754 rotari
1756 1702 1956 1771 cmpit,
1997 1702 2307 1773 lapidesque
2353 1712 2407 1758 et

2512 512 2597 568 vir
2620 514 2760 567 inter
2788 512 3081 582 praecipuos
3107 509 3371 580 egregius,
3416 508 3581 563 vitam
3630 506 3951 562 laudabilem
3974 507 4094 564 lau-

2512 603 2674 659 dabili
2726 602 2833 658 fine
2878 601 3257 672 compleverat.
3301 599 3396 655 His
3434 614 3564 670 ergo
3600 598 3748 653 velut
3781 598 3985 655 duobus
4016 598 4099 653 luo

2509 693 2744 748 minibus
2780 691 2980 746 viduali
3011 691 3064 745 in
3096 705 3289 761 magna
3335 704 3465 744 cura
3493 697 3547 745 et
3574 688 3928 745 sollicitudine
3974 687 4099 745 reli-

2511 784 2603 855 qui
2630 784 2828 840 fratres
2854 794 2979 839 sunt
3002 783 3263 839 derelicti.
3306 783 3477 839 Porro
3498 782 3873 839 Ermenthzeus
3894 783 4099 855 episcoc

2510 892 2612 948 pus
2642 878 2745 932 hoc
2769 885 3044 947 comperto
3066 877 3443 933 maestissimus
3462 877 3726 943 redditur,
3749 887 4099 948 asumptoque

2510 970 2655 1026 clero
2683 978 2738 1024 et
2763 969 3170 1040 quibuscunque
3197 971 3487 1036 nobilibus,
3519 984 3615 1026 uec
3653 985 3762 1026 non
3798 969 4096 1025 reverenda

2510 1060 2744 1116 Ricardo
2771 1061 2827 1115 S.
2862 1060 3139 1116 Benedicti
3179 1060 3392 1127 abbate,
3426 1062 3492 1115 ad
3520 1061 3907 1116 monasterium
3952 1059 4100 1115 venit

2509 1150 2709 1207 fratres
2763 1152 3155 1217 consolaturus,
3206 1160 3260 1207 et
3308 1151 3480 1207 sancti
3522 1150 3621 1206 viri
3671 1149 3880 1206 funeris
3924 1148 4095 1205 ofﬁcia

2510 1253 2815 1299 curaturus.
2857 1243 3211 1314 Sepelivimus
3236 1258 3366 1312 ergo
3395 1257 3519 1298 eum
3565 1243 3619 1297 in
3654 1243 3794 1298 atrio
3841 1242 4099 1299 exteriori

2511 1334 2653 1404 quod
2679 1334 2895 1403 respicit
2920 1334 2984 1388 ad
3006 1333 3324 1403 Aquilonem
3347 1334 3505 1403 juxta
3539 1332 3679 1388 latus
3703 1332 3961 1388 Sutltardi
3996 1332 4097 1387 viri

2510 1426 2819 1491 clarissimi,
2859 1426 2949 1494 qui
2980 1425 3154 1479 locum
3199 1426 3342 1480 hunc
3367 1439 3501 1496 pure
3530 1424 3716 1480 dilexit
3741 1435 3797 1481 et
3832 1425 4099 1480 habitato-

2511 1532 2599 1573 res
2625 1516 2741 1586 ejus
2770 1518 2905 1572 miro
2929 1517 3093 1573 coluit
3117 1516 3333 1572 all‘eetu.

2580 1615 2669 1671 '59.
2710 1614 2839 1669 Post
2867 1630 3036 1670 annos
3074 1630 3203 1669 vero
3240 1613 3523 1669 duodecim
3554 1611 3908 1682 depositionis
3936 1627 4100 1667 vene-

2509 1704 2665 1760 randi
2695 1704 2957 1768 Annouis,
2986 1704 3117 1757 illud
3144 1704 3340 1757 atrium
3368 1702 3455 1757 ubi
3479 1702 3728 1758 conditus
3756 1714 3861 1767 est,
3895 1702 4097 1756 veteri-

818 1796 1078 1841 cazmenta
1124 1774 1410 1856 parietumv
1446 1789 1791 1843 bnllicntibus
1851 1806 2104 1861 spargere
2149 1793 2399 1848 ﬂammis.
2434 1774 2480 1832 Β
2507 1797 2608 1851 bus
2643 1796 2940 1851 deturbatis
2982 1793 3364 1859 fundamentis,
3390 1794 3705 1864 amplificari
3734 1803 3787 1848 et
3822 1794 4097 1849 decentius

818 1875 1012 1933 Stabat
1043 1879 1336 1935 Ewrardus
1378 1881 1618 1950 priorum
1661 1898 1797 1938 unus
1844 1900 2001 1953 quem
2037 1884 2169 1939 levis
2198 1886 2404 1940 scintil-

813 1969 921 2024 lula
963 1986 1085 2025 mox
1111 1982 1168 2027 ut
1192 1973 1400 2042 attigit,
1427 1975 1576 2042 quasi
1603 1984 1871 2028 mortuum
1909 1984 2066 2029 terrm
2090 1978 2399 2044 prostravit.

813 2060 899 2115 Ab
918 2064 1156 2117 oratorio
1185 2074 1384 2118 sancta:
1424 2064 1605 2119 Mariae
1634 2064 1957 2135 Maynardus
1980 2068 2069 2136 qui
2093 2067 2400 2123 Fossatensi

813 2149 1187 2222 (Saint-Maur
1227 2154 1316 2207 des
1352 2151 1574 2219 Fossés,
1628 2156 1785 2209 dimc.
1836 2156 2034 2226 Paris.)
2071 2159 2402 2212 monasterio

808 2250 997 2312 postea
1024 2241 1257 2313 praefuit,
1283 2244 1513 2308 redibat,
1543 2259 1705 2313 quem
1731 2246 1918 2300 eadem
1952 2247 2239 2301 scintillula
2281 2264 2401 2318 per-

811 2333 1024 2387 cutiens
1047 2333 1426 2388 calceamentis
1454 2333 1609 2403 longe
1631 2336 1886 2390 discussis
1908 2337 2053 2391 velut
2074 2354 2399 2409 exsanguem

808 2424 1120 2494 pavimento
1149 2424 1361 2493 dejecit.
1392 2425 1525 2481 Tota
1571 2425 1739 2482 facies
1785 2427 2024 2482 ecclesiae
2063 2428 2207 2482 velut
2235 2430 2400 2484 cliba-

808 2529 914 2568 nus
940 2514 1153 2580 ardens,
1186 2515 1317 2569 nihil
1342 2524 1536 2585 prazter
1563 2517 1738 2587 ignem
1771 2516 1908 2571 oculi
1936 2517 2297 2587 aspiciebant;
2334 2519 2400 2573 de

805 2603 1117 2675 jacentibus
1161 2620 1320 2659 nemo
1359 2605 1649 2670 sollicitus,
1680 2621 1832 2660 suam
1883 2607 2109 2676 quisque
2154 2607 2399 2676 opperie-

811 2704 974 2759 batur
997 2714 1248 2759 mortem.
1276 2704 1375 2758 Diu
1413 2705 1596 2773 igitur,
1624 2703 1959 2771 multumque
1995 2718 2158 2771 super
2183 2718 2282 2756 nos
2312 2702 2399 2757 ille

811 2796 1005 2865 globus
1032 2796 1295 2850 oberrans
1322 2835 1338 2860 ,
1387 2796 1602 2848 tandem
1637 2796 1821 2850 subter
1864 2794 2168 2862 analogium
2214 2794 2397 2861 lapsus

810 2894 915 2941 est.
944 2885 1261 2939 Putavimus
1300 2885 1496 2940 coelum
1544 2886 1597 2940 in
1650 2899 1886 2955 praeceps
1933 2885 2138 2949 ruisse,
2169 2892 2222 2937 et
2248 2884 2399 2937 debi-

810 2986 1049 3032 sccntem
1079 2978 1242 3033 chaos
1271 2987 1469 3031 terram
1516 2978 1753 3047 petiisse,
1786 2977 2027 3046 nihilque
2057 2976 2401 3055 sapientiori-

806 3070 910 3125 bus
940 3070 1084 3125 aliud
1118 3071 1312 3135 inerat,
1344 3070 1449 3125 nisi
1480 3070 1593 3125 dies
1620 3069 1831 3125 Domini
1863 3069 2002 3123 sicut
2032 3068 2117 3122 fur
2147 3068 2200 3121 in
2238 3076 2396 3123 nocte

2507 1885 2687 1941 efferri
2712 1896 2949 1955 emptum
2974 1893 3074 1939 est.
3118 1883 3250 1939 Cum
3282 1892 3463 1938 autem
3494 1898 3592 1952 pro
3608 1881 3873 1951 jaciendis
3896 1882 4087 1938 funda-

2506 1980 2704 2033 mentis
2736 1977 2971 2031 tumulus
2994 1976 3134 2031 beati
3157 1975 3385 2041 abbatis,
3409 1977 3501 2045 qui
3524 1975 3732 2047 ligneus
3753 1984 3861 2041 est,
3887 1991 3916 2028 a
3938 1985 4094 2046 parte

2504 2070 2698 2140 capitis
2721 2078 2902 2140 egesta
2927 2069 3089 2122 humo
3110 2066 3340 2121 nudatus
3360 2066 3720 2135 apparuisset,
3743 2066 4094 2132 accessimus,

2504 2172 2559 2216 et
2594 2161 2895 2229 aperientes
2925 2158 3271 2227 contemplati
3322 2172 3509 2212 sumus
3537 2156 3687 2212 illum
3736 2157 4089 2212 reverendum

2505 2266 2730 2322 corpore
2780 2260 2833 2305 et
2877 2250 3115 2304 vestibus
3160 2249 3239 2304 ita
3294 2248 3565 2304 inteorum
3607 2263 3671 2304 ac
3708 2249 3754 2304 si
3793 2263 3858 2305 eo
3894 2249 3983 2304 die
4018 2248 4117 2303 ibi'

2504 2345 2709 2413 positus
2749 2342 2954 2397 fuisset.
4106 2362 4113 2431 "

2572 2435 2661 2488 40.
2705 2434 2810 2489 Sed
2849 2443 2907 2487 ut
2955 2434 3021 2488 ad
3064 2447 3125 2488 ea
3167 2435 3453 2489 redeamus
3495 2448 3617 2503 qum
3644 2430 3786 2487 facta
3812 2440 3969 2497 sunt,
4009 2446 4098 2488 se-

2504 2526 2650 2596 pulto
2679 2526 2966 2581 venerabili
2992 2526 3188 2581 abbate
3213 2565 3227 2592 ,
3256 2541 3379 2582 cum
3414 2525 3563 2581 locus
3587 2525 3705 2582 sine
3731 2533 3947 2594 pastore
3974 2538 4096 2580 esse

2502 2633 2607 2671 non
2624 2624 2824 2686 posset,
2840 2615 3009 2680 lsaae,
3034 2616 3185 2686 cujus
3211 2616 3458 2685 superius
3487 2616 3812 2670 mentionem
3839 2614 4087 2681 fecimus,

2503 2709 2738 2764 dccanus
2766 2718 2847 2763 est
2869 2710 3062 2763 iterum
3094 2708 3393 2763 institutus.
3434 2707 3536 2763 Per
3566 2708 3707 2762 idem
3754 2715 3966 2777 tempus
3992 2707 4095 2761 Er-

2501 2800 2800 2856 menthaeus
2842 2799 3121 2869 episcopus
3148 2799 3297 2867 gravi
3325 2806 3575 2867 arreptus
3614 2798 3957 2851 incommodo
3990 2798 4085 2853 de-

2500 2892 2706 2961 sperari
2732 2890 2895 2960 coepit
2919 2907 2930 2943 :
2958 2904 3187 2958 cumque
3214 2889 3437 2943 minime
3467 2888 3886 2953 convalesceret,
3920 2888 4095 2957 prima

2496 2984 2821 3057 jejuniorum
2854 2982 3183 3037 bebdomada
3219 2981 3287 3036 ad
3332 2981 3719 3036 monasterium
3751 2980 4087 3051 deportatus,

2500 3085 2553 3130 et
2580 3073 2895 3130 monachico
2929 3073 3205 3128 schemate
3238 3072 3469 3127 vestitus
3497 3080 3601 3137 est,
3631 3085 3865 3141 moxque
3890 3086 4094 3127 conva-

806 3161 882 3216 ita
907 3160 1105 3215 veniet.
1137 3160 1492 3215 lntolerabilis
1513 3161 1832 3217 subsecutus
1860 3160 2002 3215 fetor
2032 3160 2241 3214 animos
2281 3170 2400 3213 tre-
2426 3148 2472 3211 C
2503 3165 2713 3221 lescens
2740 3164 2792 3219 in
2824 3154 3151 3218 monasterio
3178 3162 3401 3232 degebat
3426 3178 3442 3228 ;
3491 3170 3715 3231 eratque
3755 3164 4094 3218 conversatio

806 3251 1070 3305 mentium
1112 3251 1405 3306 crudeliter
1456 3251 1753 3306 saueiabat.
1824 3250 2094 3318 chcimus
2152 3248 2396 3317 iacentes

806 3358 945 3416 quos
986 3353 1229 3399 mortuos
1284 3342 1608 3413 putabamus
1660 3342 1827 3398 multo
1877 3342 2117 3396 atrocius
2167 3340 2395 3396 fetentes

803 3438 986 3509 porcis
1028 3436 1241 3492 naviter
1273 3435 1543 3502 ustulatis,
1579 3451 1848 3506 sensuque
1896 3441 2142 3503 reparato
2171 3430 2393 3501 eosjam

806 3528 992 3604 lugere
1035 3529 1320 3598 coepimus,
1373 3528 1466 3583 sed
1505 3527 1560 3581 in
1614 3526 1720 3582 illis
1772 3542 1880 3581 non
1931 3534 2047 3581 erat
2083 3540 2183 3579 vox
2221 3538 2396 3591 neque

807 3640 1023 3689 sensus,
1051 3624 1298 3693 datisque
1324 3622 1638 3677 custodibus
1669 3622 1895 3691 hymnos
1934 3619 2043 3672 orsi
2068 3632 2253 3672 sumus
2280 3633 2394 3670 ma—

808 3718 1031 3771 tutinos.
1062 3714 1216 3769 Mane
1246 3723 1425 3769 autem
1473 3712 1615 3768 facto
1639 3728 1761 3766 cum
1806 3709 1918 3779 jam
1962 3709 2035 3763 illi
2078 3708 2394 3778 vegetatiori

806 3822 972 3863 sensu
1013 3806 1279 3877 vigerent,
1332 3803 1630 3859 denudalos
1684 3802 2045 3865 rimabamur,
2107 3807 2160 3853 et
2214 3799 2267 3853 in
2317 3797 2392 3851 E-

805 3900 1023 3955 wrardo
1051 3898 1267 3967 quidem
1288 3905 1370 3953 est
1393 3896 1533 3951 linea
1562 3904 1718 3950 extra
1740 3892 1956 3963 quidem
1986 3891 2160 3961 nigra,
2194 3891 2287 3945 sed
2317 3890 2396 3943 iu-

806 3992 977 4047 terius
1000 3991 1155 4061 ignea
1184 4006 1214 4045 a
1244 3990 1445 4046 vertice
1475 3988 1668 4058 capitis
1696 4001 1867 4056 usque
1891 3985 1957 4039 ad
1982 3984 2218 4054 plantam
2241 3982 2393 4053 pedis

805 4085 1111 4140 rectissime
1140 4092 1409 4154 porrecta.
1434 4080 1757 4151 Maynardus
1786 4092 1947 4149 porro
1976 4090 2135 4132 cruce
2166 4075 2389 4143 insigni-

807 4186 897 4231 tus
920 4178 1071 4232 estin
1100 4177 1290 4232 dextra
1319 4173 1559 4243 scapula,
1607 4187 1726 4243 quae
1770 4172 1838 4226 ad
1880 4184 2188 4224 mensuram
2226 4167 2389 4238 palmi

804 4270 979 4325 virilis
1028 4284 1220 4323 manus
1270 4267 1507 4336 undique
1556 4264 1748 4320 diffusa
1773 4303 1789 4329 ,
1829 4262 1921 4317 sed
1952 4260 2303 4316 nihilominus
2337 4269 2393 4313 et

806 4362 924 4430 ipsa
976 4360 1213 4416 exterius
1243 4358 1460 4429 quidem
1513 4356 1686 4425 picea,
1742 4353 1969 4409 interius
2012 4352 2207 4408 ardens
2250 4359 2387 4405 erat.

806 4450 1133 4522 Maynardus
1181 4451 1236 4505 in
1289 4449 1438 4505 brevi
1495 4446 1711 4517 quidem
1762 4444 2066 4508 convaluit,
2100 4443 2390 4499 Ewrardus

2501 3256 2614 3325 ejus
2642 3258 2859 3312 omnino
2890 3264 3060 3326 grata,
3104 3253 3238 3309 nulli
3281 3269 3518 3323 unquam
3564 3269 3815 3311 onerosa.
3868 3254 4093 3312 Fratres

2497 3363 2627 3403 vero
2655 3348 2779 3403 dum
2803 3361 2927 3401 eum
2956 3346 3157 3401 habere
3194 3354 3469 3416 pastorem
3498 3352 3882 3415 prteoptarent,
3913 3346 4091 3416 primo

2498 3439 2713 3507 quidem
2744 3437 2953 3502 annuit,
2978 3438 3071 3494 sed
3101 3446 3223 3508 post
3246 3437 3517 3494 voluntate
3555 3445 3763 3493 mutata
3801 3438 4091 3508 quemdam

2496 3529 2939 3596 Hermenaldum,
2981 3529 3039 3585 S.
3066 3529 3341 3585 Benedicti
3369 3524 3713 3595 mo'nachum,
3750 3538 3810 3584 ut
3835 3528 4095 3585 fratribus

2494 3622 2794 3694 praeﬁceret
2844 3631 3092 3692 satagere
3135 3622 3321 3691 coepit.
3380 3620 3498 3675 Jam
3546 3628 3724 3675 autem
3765 3619 4087 3692 subrogatus

2496 3726 2615 3772 erat
2662 3718 2715 3771 in
2765 3717 3075 3785 episcopatu
3104 3714 3355 3769 Ernulfus
3387 3713 3495 3786 (15)
3524 3729 3693 3784 nepos
3722 3711 3839 3782 ejus
3866 3713 3949 3768 vir
3974 3712 4091 3783 glo-

2496 3808 2672 3863 riosus
2697 3816 2753 3862 et
2778 3808 2917 3861 inter
2939 3806 3343 3861 strenuissimos
3369 3806 3572 3875 primus
3596 3821 3613 3859 :
3638 3805 3730 3875 qui
3752 3820 3873 3861 cum
3889 3803 4090 3874 jucun-

2496 3901 2748 3957 dissimus
2778 3907 2831 3953 et
2862 3898 3111 3953 amabilis
3145 3906 3311 3963 esset,
3350 3897 3415 3951 ad
3444 3911 3566 3951 eum
3609 3896 3808 3952 fratres
3858 3912 3916 3952 se
3961 3910 4089 3951 con-

2495 3991 2731 4046 tulerunt
2762 3999 3009 4060 rogantes
3039 4004 3105 4043 ne
3149 3986 3539 4043 Hermenaldus
3559 3987 3635 4041 eis
3659 3994 4085 4057 prmponeretur.

2494 4082 2595 4149 Qui
2622 4098 2743 4137 cum
2770 4081 3222 4152 impetravissent,
3252 4090 3307 4135 et
3332 4094 3398 4134 ex
3434 4079 3537 4134 hac
3566 4094 3627 4134 re
3648 4079 3930 4148 episcopus
3982 4078 4083 4132 Er-

2492 4174 2792 4227 menthaaus
2824 4174 2998 4228 vietus
3032 4181 3195 4237 esset,
3228 4186 3295 4226 ex
3322 4172 3423 4226 hoc
3450 4180 3630 4227 tamen
3661 4171 3805 4226 vinci
3846 4170 4089 4241 nequivit

2492 4276 2552 4318 ut
2576 4264 2768 4334 aliquis
2794 4273 3035 4319 nostrum
3064 4265 3230 4319 abbas
3258 4272 3555 4318 crearetur.
3596 4261 3729 4317 Erat
3758 4275 3823 4316 eo
3846 4269 4084 4330 tempore

2493 4353 2546 4408 in
2574 4352 2689 4409 loco
2722 4353 2777 4407 S.
2820 4352 3093 4408 Benedicti
3135 4353 3372 4410 dccanus
3398 4353 3615 4409 nomine
3654 4351 3978 4418 Amalricus,
4004 4351 4087 4407 vir

2494 4442 2721 4512 simplex
2751 4453 2804 4498 et
2846 4443 2968 4498 boni
3016 4443 3310 4499 testimonii
3345 4452 3399 4499 et
3428 4442 3720 4499 secundum
3765 4441 3946 4498 seculi
3996 4442 4081 4497 di-

808 4544 1051 4602 diuscule
1101 4544 1373 4600 deeubans
1423 4538 1618 4596 melior
1666 4552 1725 4594 se
1764 4536 2105 4606 postmodum
2153 4534 2243 4591 diu
2293 4535 2387 4589 ad-
2416 4522 2470 4584 D
2496 4537 2751 4607 gnitatem
2781 4535 2979 4603 clarus,
3004 4552 3163 4606 quem
3189 4545 3469 4593 evocatum
3493 4550 3619 4591 cum
3664 4534 3816 4591 locus
3857 4548 3999 4589 anno
4028 4542 4085 4590 et

803 4637 963 4694 vixit.

1392 4722 1618 4781 CAPUT
1688 4720 1802 4776 XII.

1188 4818 1267 4873 De
1321 4817 1463 4873 obitu
1512 4815 1712 4870 abbatis
1761 4811 2013 4865 Armenia.

876 4910 965 4967 58.
1006 4909 1173 4981 Igitur
1208 4908 1311 4979 pia:
1337 4905 1725 4963 recordationis
1753 4901 1908 4957 Anno
1942 4900 2108 4955 abbas
2132 4913 2253 4954 cum
2280 4897 2395 4955 fere

807 5002 1028 5073 triginta
1070 5013 1239 5054 annos
1268 4998 1410 5054 idem
1438 4994 1823 5051 monasterium
1850 4992 1937 5061 pic
1961 4990 2391 5061 gubernavisset,

807 5089 1231 5162 Epiphaniorum
1281 5086 1454 5158 prima
1498 5085 1585 5141 die
1613 5098 1733 5139 cum
1765 5081 1947 5138 dolore
1975 5096 2112 5152 pene
2143 5080 2397 5136 intolera-

807 5182 902 5239 bili
934 5182 1173 5238 omnium
1202 5179 1549 5250 superstitum
1579 5176 1760 5233 carnis
1792 5189 1956 5231 onere
1985 5174 2246 5244 spoliatus
2271 5181 2352 5245 est
2378 5190 2391 5227 :

808 5273 902 5345 qui
926 5288 1026 5329 nos
1054 5287 1149 5327 sua
1179 5271 1267 5342 pia
1294 5271 1556 5327 charitate
1585 5269 1869 5325 destitutos
1914 5267 2082 5322 altero
2128 5264 2401 5320 nihilomi-

807 5379 911 5423 nus
951 5363 1152 5421 damno
1184 5361 1560 5419 mmstissimos
1602 5358 1902 5429 dereliquit.
1943 5354 2075 5410 Nam
2106 5370 2247 5411 nono
2279 5363 2403 5410 ante

2496 4627 2682 4682 diebus
2703 4635 2823 4681 octo
2852 4634 3069 4696 pastore
3088 4634 3352 4691 vacasset,
3383 4624 3630 4681 abbatem
3665 4623 4079 4680 constituerunt.

2496 4716 2665 4772 Porro
2694 4716 3065 4773 Ermenthzcus
3095 4732 3216 4773 cum
3250 4716 3467 4772 biennio
3502 4723 3559 4771 et
3598 4728 3783 4770 mense
3828 4728 3935 4769 uno
3978 4713 4083 4769 hoc

2495 4806 2692 4863 inloco
2716 4806 2961 4873 vixisset,
2991 4808 3077 4863 die
3103 4807 3327 4863 Kalend.
3368 4805 3638 4878 Aprilium
3684 4807 3752 4862 ad
3791 4806 3980 4873 vitam,
4019 4812 4084 4861 ut

2498 4899 2789 4965 credimus,
2826 4901 3206 4968 sempiternam
3243 4898 3445 4972 [supple
3470 4899 3768 4974 migravit].

2573 4988 2663 5043 41.
2701 4987 2982 5045 Gloriosus
3029 5004 3159 5044 sane
3213 4990 3329 5059 ejus
3377 5004 3660 5046 successor
3702 5001 3761 5045 ut
3801 5005 3862 5047 se
3908 4988 4081 5046 solum

2500 5082 2656 5148 vidit,
2688 5081 2830 5137 illico
2856 5097 3097 5139 amorem
3124 5099 3283 5153 quem
3312 5098 3439 5155 erga
3466 5083 3644 5140 locum
3675 5083 3927 5150 habebat,
3960 5099 4078 5140 ma-

2502 5176 2794 5232 nifestavit.
2821 5177 2964 5233 Inter
2992 5189 3190 5234 caetera
3221 5180 3365 5235 enim
3396 5180 3661 5236 bonorum
3689 5195 3909 5237 suorum
3937 5194 4081 5235 emo-

2506 5268 2764 5332 lumenta,
2812 5270 3051 5325 omnium
3095 5270 3445 5327 ecclesiarum
3492 5282 3795 5328 nostrarum
3841 5271 4079 5327 redditus

2510 5360 2601 5430 qui
2639 5360 2706 5414 ad
2734 5374 2855 5416 eum
2900 5360 3174 5431 pertinere
3218 5362 3538 5417 videbantur
3576 5360 3867 5426 relaxavit,
3911 5368 3966 5415 et
4010 5373 4080 5415 ne
