4494 5520
392 351 511 414 8H-

1441 353 1642 412 ΗΒΕΙί
1674 350 1761 406 DE
1799 348 2164 405 MIRACL'LIS
2200 348 2256 404 S.
2301 349 2632 407 .'II.\XI.\II.VI.

3553 360 3655 417 818

393 467 646 539 deinceps
668 467 737 524 ab
760 466 870 524 ullo
891 467 1140 540 episcopo
1167 469 1540 541 acciperentur
1568 470 1769 540 scripto
1795 478 1849 525 et
1873 484 1970 524 au-
1999 472 2052 534 Α
2077 469 2352 526 Maximini
2395 487 2524 528 voce
2562 472 2786 545 supplici
2831 474 2904 531 illi
2949 473 3235 547 implorant
3279 475 3555 541 auxilium,
3601 486 3658 534 et

391 563 642 618 ctoritate
663 562 901 632 synodali
925 563 1174 617 sancivit.
1200 563 1327 618 Post
1347 579 1474 618 vero
1499 562 1723 617 Romam
1747 577 1974 632 pergens

393 652 667 707 decretum
699 651 992 720 apostolica
1041 654 1362 708 auctoritate
1411 654 1614 707 editum
1653 663 1813 722 atque
1861 652 1972 707 for-

396 751 602 796 matum
641 752 824 796 nostra
871 740 1048 796 littera
1098 742 1151 796 in
1200 741 1410 807 charta,
1445 752 1500 797 et
1528 742 1768 798 Romana
1801 743 1852 796 in
1883 758 1972 811 pa-

390 847 550 903 pyro,
583 832 868 886 transcribi
899 830 1050 898 fecit,
1078 834 1529 903 revertensquein
1559 835 1761 890 scrinio
1790 844 1976 890 nostro

389 921 693 978 collocavit.
743 921 799 976 ln
826 937 933 992 quo
961 923 1179 979 decreto
1221 925 1445 988 addidit,
1501 933 1559 978 ut
1609 940 1882 994 nunquam
1910 926 1975 980 de

391 1012 574 1081 aliquo
604 1013 933 1068 monasterio
977 1014 1031 1068 in
1079 1014 1267 1069 eodem
1304 1017 1422 1070 sine
1449 1014 1677 1070 fratrum
1707 1031 1974 1071 consensu

390 1112 697 1168 crearetur;
751 1104 892 1173 quod
929 1104 1022 1175 qui
1069 1103 1248 1160 facere
1279 1105 1707 1176 pmsumpsisset
1755 1107 1976 1162 anathe-

388 1202 534 1248 mate
559 1193 904 1263 plecteretur.
945 1194 1060 1262 Qua
1105 1195 1172 1250 de
1197 1211 1254 1251 re
1281 1197 1493 1252 animos
1524 1197 1751 1252 fratrum
1779 1213 1844 1253 eo
1871 1198 1975 1254 sibi

388 1285 738 1350 conciliavit,
789 1295 847 1340 ut
893 1288 1037 1342 inter
1086 1298 1299 1344 caetera
1331 1291 1512 1344 munia
1562 1306 1781 1361 precum
1828 1292 1974 1346 omni

388 1377 725 1434 bebdomada
755 1377 1084 1434 sacri-ficium
1115 1379 1290 1437 laudis
1320 1383 1402 1437 bis
1427 1381 1756 1438 offerendum
1788 1400 1885 1454 pro
1911 1399 1976 1440 eo

389 1481 552 1544 atque
587 1475 1080 1545 praedecessoribus
1106 1478 1618 1548 successoribusque
1647 1479 1761 1534 suis
1789 1479 1976 1533 decer-

387 1578 567 1622 netur.
619 1567 723 1623 Sed
763 1569 828 1622 de
864 1569 949 1623 his
975 1570 1254 1624 hactenus.
1288 1570 1486 1626 Verum
1517 1572 1642 1640 quia
1697 1571 1764 1624 de
1793 1570 1972 1640 magni

387 1657 568 1714 Patris
598 1659 875 1714 Maximini
906 1661 1194 1716 virtutibus
1232 1677 1402 1730 pauca
1438 1663 1871 1731 perstrinximus,
1907 1661 1974 1714 ad

385 1766 449 1808 ea
475 1768 595 1824 qua:
624 1755 710 1810 his
738 1754 928 1809 diebus
956 1757 1058 1810 sub
1103 1755 1204 1812 hoc
1249 1758 1459 1812 scilicet
1505 1758 1700 1813 abbate
1727 1757 1970 1828 contige-

386 1855 514 1902 runt
542 1848 882 1903 accedamus.

979 1917 1206 1974 CAPUT
1243 1918 1378 1973 XIII.

528 2009 605 2064 De
639 2011 718 2065 his
745 2013 833 2080 qui
859 2012 952 2065 sub
982 2023 1120 2064 terra
1149 2011 1319 2063 obruti
1346 2020 1466 2064 sunt
1496 2027 1587 2065 nec
1612 2013 1826 2065 mortui.

455 2102 544 2156 ΔΞ.
588 2103 789 2156 Domus
828 2103 1102 2172 hospitum
1151 2111 1435 2156 corruerat
1464 2111 1518 2156 et
1545 2117 1663 2157 eam
1692 2112 1973 2159 exstruere

387 2205 761 2261 cmperamus;
817 2202 965 2246 trans
1004 2191 1236 2262 Ligerim
1267 2193 1679 2262 autem,argilla
1726 2195 1970 2263 qumdam

384 2282 677 2348 invenitur,
711 2284 776 2338 de
803 2299 907 2353 qua
933 2284 1180 2338 czementi
1208 2284 1323 2338 vice
1353 2283 1455 2337 levi
1488 2294 1699 2352 sumptu
1730 2285 1966 2352 parietes

382 2374 688 2444 eriguntur.
742 2375 822 2428 Ad
858 2375 998 2430 hanc
1025 2391 1154 2445 ergo
1203 2375 1510 2429 fodiendam
1553 2376 1790 2444 deputati
1844 2385 1971 2431 sunt

384 2465 620 2531 operarii
647 2480 660 2528 ;
694 2479 924 2534 cumque
954 2465 1008 2519 in
1036 2465 1258 2534 proclivi
1292 2467 1491 2520 montis
1520 2477 1673 2536 parte
1703 2467 1966 2533 foderent,

381 2565 440 2611 et
465 2556 776 2626 introgressi
814 2570 1012 2612 terram
1040 2568 1343 2626 cgererent,
1378 2574 1534 2614 mons
1565 2560 1852 2614 imminens
1883 2576 1972 2614 su-

382 2663 481 2719 per
519 2663 611 2704 eos
659 2650 874 2714 cecidit,
907 2660 960 2704 et
992 2651 1127 2704 duos
1157 2651 1378 2704 omnino
1404 2659 1717 2719 contegens,
1750 2651 1969 2704 tertium

385 2748 594 2794 tantum
623 2742 802 2810 capite
850 2755 1063 2810 quoque
1111 2740 1240 2794 foris
1280 2752 1573 2810 apparente
1604 2741 1802 2810 ingenti
1833 2740 1970 2794 mole

383 2833 722 2902 compressit.
756 2832 1058 2902 Exsanguis
1086 2831 1258 2886 factus
1289 2833 1584 2886 monachus
1607 2833 1695 2900 qui
1724 2845 1818 2884 eos
1843 2846 1972 2884 con-

385 2927 632 2989 duxerat,
667 2941 862 2980 nomen
895 2926 1074 2980 Patris
1102 2926 1379 2980 Maximini
1408 2928 1602 2980 crebro
1633 2926 1972 2994 ingeminans

385 3019 621 3073 advolat.
672 3017 776 3073 Sed
805 3019 927 3087 quis
968 3033 1061 3072 eos
1092 3019 1274 3072 vivere
1305 3017 1564 3088 putaret?
1613 3019 1864 3071 Attamen
1897 3015 1971 3070 illi

384 3110 531 3165 omni
565 3111 682 3165 nisu
714 3110 1056 3179 insurgentes
1101 3113 1348 3164 certatim
1384 3119 1584 3162 terram
1630 3115 1846 3171 eruunt,
1877 3107 1971 3160 sed

2077 578 2198 616 mox
2233 563 2279 618 is
2311 565 2400 634 qui
2431 566 2762 630 trahebatur,
2791 567 2931 622 unda
2957 567 3269 633 famulante,
3301 568 3538 623 adlittus
3569 568 3658 624 de-

2076 659 2277 714 vectus,
2328 660 2381 707 ct
2424 668 2453 706 a
2494 656 2723 724 quodam
2767 657 2856 725 qui
2901 672 3021 712 cum
3069 657 3310 712 navicula
3347 658 3656 726 festinabat,

2077 743 2360 802 incolumis
2398 749 2602 819 ejectus
2639 759 2740 804 est.

2669 862 2894 920 CAPUT
2943 865 3057 920 XV.

2393 955 2468 1012 De
2512 975 2736 1028 paupere
2770 960 2862 1013 sub
2899 977 3023 1029 rupe
3058 961 3340 1016 habitante.

2145 1068 2235 1123 44.
2278 1068 2409 1124 Erat
2434 1082 2611 1125 autem
2638 1072 2706 1125 ibi
2733 1087 2892 1142 rupes
2914 1074 3064 1128 valde
3087 1077 3351 1142 eminens,
3375 1091 3494 1145 qua:
3522 1076 3660 1133 facie

2077 1172 2330 1213 conversa
2359 1161 2423 1212 ad
2450 1161 2705 1215 Austrum
2733 1165 3063 1234 amplissimo
3087 1166 3309 1220 interius
3335 1169 3528 1235 gaudio
3561 1185 3657 1238 pa-

2078 1249 2243 1312 tebat,
2284 1252 2606 1320 dorsumque
2657 1257 2900 1324 prmbens
2953 1257 3230 1327 Aquiloni,
3287 1275 3458 1330 neque
3505 1260 3660 1315 facile

2076 1341 2364 1398 admittens
2399 1343 2754 1400 Subsolanum
2803 1349 2940 1402 infra
2976 1365 3033 1404 se
3078 1352 3364 1404 maximam
3408 1353 3662 1422 apricita-

2079 1446 2181 1490 tem
2211 1437 2511 1493 volentibus
2537 1443 2767 1510 experiri
2801 1444 3107 1498 exhibebat.
3149 1446 3266 1512 Quo
3287 1448 3504 1515 quidam
3527 1463 3660 1516 pau-

2076 1541 2170 1597 per
2203 1544 2322 1582 cum
2361 1547 2528 1585 uxore
2554 1542 2605 1586 et
2630 1548 2721 1586 sex
2755 1535 2991 1603 parvulis
3038 1537 3332 1591 adveniens
3377 1553 3497 1590 cum
3554 1554 3658 1592 non

2077 1619 2340 1674 inveniret
2377 1623 2686 1692 hospitium,
2733 1627 2831 1678 sub
2879 1627 3065 1680 eadem
3112 1643 3242 1697 rupe
3286 1644 3342 1681 se
3382 1645 3500 1682 cum
3548 1630 3661 1684 suis

2075 1717 2297 1786 recepit,
2329 1727 2378 1770 et
2411 1727 2574 1771 totam
2606 1719 2833 1773 hiemem
2869 1731 3182 1791 tempusque
3224 1722 3660 1795 Quadragesinm

2000 1827 2048 1886 Β
2078 1806 2146 1859 ibi
2180 1809 2402 1877 peregit.
2446 1810 2537 1863 Die
2574 1819 2752 1864 autem
2789 1821 2976 1866 sancto
3005 1812 3224 1868 Pascha:
3259 1831 3380 1870 cum
3410 1818 3660 1869 omnibus

2076 1898 2187 1951 suis
2221 1900 2286 1952 ad
2322 1900 2598 1954 basilicam
2632 1904 2794 1967 venit,
2839 1921 2956 1973 quae
2988 1905 3056 1958 ibi
3091 1916 3297 1960 sacrata
3343 1918 3426 1961 est
3472 1909 3521 1960 in
3571 1909 3664 1962 ho-

2074 2002 2205 2041 nore
2251 1987 2306 2042 S.
2355 1989 2652 2055 Maximini,
2685 1995 2824 2047 unde
2863 2005 2916 2048 ct
2948 1997 3237 2050 draconem
3271 1998 3662 2066 exstinguenda
3747 2055 3760 2064 ,

2074 2077 2275 2145 expulit
2300 2119 2314 2142 ,
2355 2091 2410 2133 et
2447 2082 2496 2134 in
2539 2097 2642 2151 qua
2689 2085 2848 2151 (sicut
2879 2100 3036 2154 supra
3071 2086 3272 2139 dictum
3304 2089 3407 2149 est)
3437 2089 3662 2156 quievit.

2073 2166 2313 2236 Cumque
2345 2185 2549 2239 pauper
2585 2172 2670 2226 ille
2696 2189 2815 2227 cum
2847 2175 3048 2229 familia
3098 2193 3259 2246 quam
3303 2181 3660 2244 conduxerat,

2072 2259 2406 2313 vivificorum
2473 2266 2850 2332 mysteriorum
2899 2271 3295 2338 perceptionem
3347 2271 3661 2336 sustineret,

2073 2351 2220 2419 rupis
2251 2351 2336 2405 illa
2363 2368 2480 2421 qua:
2506 2363 2578 2408 tot
2604 2357 2790 2410 diebus
2818 2373 2936 2411 eum
2965 2359 3194 2424 foverat,
3225 2362 3433 2420 cecidit.
3461 2371 3513 2415 et
3537 2377 3662 2416 cum

2073 2441 2272 2512 ingenti
2308 2444 2460 2496 ruina
2491 2445 2739 2499 devoluta
2776 2458 2876 2501 est.
2921 2450 2988 2501 At
3030 2465 3156 2503 vero
3198 2467 3404 2520 pauper
3449 2452 3664 2505 rediens

2073 2535 2160 2588 ubi
2198 2535 2430 2605 collapsa
2461 2539 2729 2604 quondam
2758 2541 2928 2593 amica
2957 2541 3190 2595 culmina
3236 2544 3389 2607 vidit,
3418 2544 3663 2612 omnipo-

2073 2626 2202 2679 tenti
2229 2627 2429 2696 gratias
2446 2627 2668 2682 Domino
2695 2631 2960 2698 referens,
2986 2633 3100 2700 ejus
3126 2633 3382 2688 famulum
3415 2634 3664 2690 Maximi.

2072 2732 2198 2769 num
2231 2717 2431 2786 ingenti
2459 2733 2586 2772 voce
2615 2722 2958 2790 magnificare
2999 2726 3176 2794 coepit,
3212 2725 3362 2792 cujus
3386 2726 3468 2793 pia
3500 2727 3666 2782 inter-

2073 2809 2247 2862 cessio
2286 2825 2344 2863 se
2385 2825 2615 2879 suosque
2655 2813 2722 2865 ab
2758 2815 3056 2869 imminenti
3094 2817 3346 2870 liberarat
3382 2817 3547 2871 exitio

2659 2945 2888 3001 CAPUT
2946 2948 3083 3002 XVI.

2072 3029 2149 3084 De
2187 3032 2336 3086 illata
2375 3036 2748 3114 consuetudine
2786 3054 2815 3089 (ι
2845 3035 3132 3114 Salomone
3174 3043 3451 3110 prwposito
3491 3055 3538 3097 et
3573 3062 3667 3114 per

2472 3104 2680 3158 Domini
2719 3109 2942 3176 gratiam
2981 3104 3251 3164 evacuate.

386 3211 533 3256 tanta
575 3201 713 3256 mole
742 3201 1011 3256 involutos
1040 3209 1280 3255 mortuos
1319 3201 1524 3254 dicunt.
1583 3200 1780 3253 Verum
1809 3198 1975 3251 multo
2002 3173 2048 3237 Ο
2151 3216 2241 3270 45,
2284 3216 2657 3273 scribentibus
2708 3222 2862 3276 nobis
2913 3225 3206 3279 secundum
3258 3229 3664 3296 possibilimmm

385 3291 571 3347 labore
606 3293 848 3361 impenso
871 3307 1006 3360 quos
1035 3291 1328 3346 exstinctos
1362 3290 1640 3360 putabant,
1673 3290 1824 3342 vivos
1849 3287 1978 3342 edu-

383 3393 530 3440 cunt.
572 3383 815 3454 Cumque
857 3385 909 3438 hi
941 3385 1032 3454 qui
1074 3385 1249 3439 educti
1293 3383 1505 3437 fuerant
1553 3383 1604 3435 in
1673 3380 1978 3451 gestatoriis

385 3484 823 3546 apportarentur,
866 3475 1033 3529 multo
1059 3490 1255 3544 pavore
1282 3473 1496 3528 attoniti
1525 3473 1650 3526 dum
1686 3471 1855 3526 nubes
1885 3486 1978 3525 vo-

384 3565 558 3621 lantes
582 3568 861 3630 viderunt,
892 3577 1127 3621 montem
1153 3567 1344 3620 iterum
1376 3579 1532 3620 ruere
1556 3573 1805 3634 putantes
1833 3562 1977 3618 dice-

384 3659 515 3714 bant
547 3677 572 3724 ε,
594 3657 707 3726 γε,
739 3675 817 3714 vae
844 3660 855 3712 !
889 3659 1084 3714 iterum
1115 3658 1426 3724 moriemur,
1464 3671 1589 3711 ecce
1615 3664 1850 3710 montem
1880 3671 1976 3708 ca-

385 3751 598 3804 dentem
641 3749 903 3804 videmus.
964 3749 1003 3803 li
1049 3749 1213 3818 igitur
1255 3763 1353 3817 per
1400 3747 1760 3802 interventum
1795 3744 1976 3799 Patris

384 3841 662 3897 Maximini
687 3857 754 3897 ne
784 3857 918 3912 opus
943 3857 1129 3896 eorum
1162 3850 1335 3896 morte
1359 3838 1678 3902 foedaretur,
1712 3847 1764 3891 et
1801 3839 1867 3890 ab
1896 3837 1976 3889 in-

389 3934 550 3990 teritu
591 3933 784 3990 salvati
823 3943 971 4001 sunt,
1007 3944 1062 3988 et
1100 3933 1406 3988 incolumes
1432 3931 1610 3986 adhuc
1644 3930 1696 3985 in
1720 3930 1834 3998 hac
1863 3928 1972 3982 vita

383 4027 709 4083 subsistunt.

964 4115 1191 4175 CAPUT
1242 4117 1383 4173 XIV.

773 4228 851 4286 De
885 4246 1018 4285 εωεο
1053 4230 1106 4282 in
1145 4245 1335 4298 aquam
1373 4245 1562 4285 merso.

451 4321 544 4380 45.
581 4321 687 4378 Pro
709 4323 977 4394 lapidibus
1006 4323 1071 4376 ad
1097 4321 1314 4376 domum
1364 4324 1727 4393 supradictam
1773 4340 1969 4383 conve-

379 4413 570 4470 hendis
623 4413 927 4470 Almaricus
983 4414 1322 4469 abbas.cum
1373 4417 1694 4486 quibusdam
1741 4417 1968 4475 fratrum

2081 3307 2334 3377 ingenioli
2364 3311 2535 3364 nostri
2569 3312 2633 3364 de
2661 3313 2948 3369 virtutibus
2976 3318 3453 3384 prmeellentissimi
3488 3323 3666 3380 Patris

2080 3403 2247 3455 nostri
2299 3402 2576 3457 Maximini
2626 3407 2885 3473 quosdam
2938 3411 3163 3481 contigit
3199 3418 3534 3471 venerandos
3562 3418 3660 3471 ad-

2077 3492 2244 3548 fuisse
2271 3535 2286 3559 ,
2336 3497 2530 3564 quibus
2566 3499 2870 3566 petentibus
2917 3516 3038 3555 cum
3087 3517 3149 3557 ea
3191 3520 3310 3574 quae
3337 3506 3479 3562 dicta
3506 3517 3666 3564 erant

2079 3587 2491 3649 revolveremus,
2526 3590 2691 3643 multa
2722 3593 2990 3652 omisisse,
3024 3609 3121 3648 nos
3149 3597 3342 3665 quibus
3368 3599 3466 3667 ipsi
3499 3600 3666 3654 inter-

2076 3675 2293 3732 fuerant
2312 3678 2544 3732 confessi
2572 3690 2712 3740 sunt,
2744 3683 3177 3754 revocabantque
3223 3697 3421 3743 nostra:
3453 3704 3661 3746 memo-

2077 3769 2171 3824 ria:
2203 3770 2344 3824 inter
2365 3770 2530 3824 multa
2559 3771 2660 3826 hoc
2685 3773 2825 3841 quod
2847 3774 3040 3830 dicturi
3092 3792 3277 3832 sumus
3315 3779 3656 3838 miraculum.

2145 3860 2233 3916 46.
2286 3861 2639 3932 Temporibus
2682 3864 2784 3934 piae
2833 3867 3108 3922 memoriae
3154 3869 3401 3925 Annoms
3449 3872 3663 3929 abbatis

2073 3961 2193 4008 erat
2245 3953 2462 4021 quidam
2513 3951 2751 4024 Hugonis
2804 3956 3031 4026 (nempe
3081 3957 3254 4030 Magni
3304 3961 3389 4016 vel
3439 3962 3660 4036 Capeti)

2074 4042 2228 4098 ducis
2255 4044 2540 4112 prtefectus
2570 4043 2824 4101 Salomon
2879 4050 3096 4106 nomine
3124 4091 3139 4116 ,
3188 4051 3272 4105 vir
3323 4053 3560 4109 insolens
3606 4064 3662 4110 et

2072 4136 2337 4192 coenobiis
2364 4147 2677 4192 sanctorum
2725 4139 3074 4196 vehementer
3101 4142 3352 4210 infestus,
3393 4147 3660 4217 praecipue

2072 4225 2248 4279 locu'm
2279 4226 2422 4281 hunc
2452 4227 2668 4297 speciali
2700 4229 3069 4285 insectabatur
3096 4233 3252 4299 odio,
3298 4235 3565 4290 intantum
3601 4245 3660 4292 ut

2073 4332 2289 4374 cursum
2321 4317 2528 4390 Ligeris
2573 4319 2809 4376 fluminis
2847 4337 2944 4392 per
2974 4332 3174 4379 terram
3205 4327 3287 4382 sui
3314 4326 3454 4396 juris
3485 4331 3655 4384 dedu-

2071 4421 2194 4464 cere
2226 4418 2479 4477 tentaret,
2511 4411 2565 4464 in
2593 4426 2699 4480 quo
2725 4411 2920 4467 multas
2948 4413 3148 4470 frustra
3177 4417 3483 4486 expendens
3513 4419 3653 4475 divi-

379 4523 539 4562 amne
580 4509 868 4564 commisso
903 4523 1066 4578 super
1091 4508 1240 4563 littus
1270 4509 1466 4574 stabat,
1498 4519 1552 4564 et
1579 4513 1856 4580 operarios
1880 4513 1964 4568 sui
1989 4524 2044 4584 ι)
2072 4500 2154 4554 ῑίίιε

1880 4513 1964 4568 sui
1989 4524 2044 4584 ι)
2072 4500 2196 4566 tias,
2224 4501 2290 4554 ad
2329 4499 2580 4555 effectum
2613 4511 2792 4556 tamen
2829 4503 2912 4557 sui
2950 4504 3206 4561 desiderii
3249 4522 3355 4561 non
3387 4511 3651 4577 pervenit.

376 4599 663 4669 praesentia
691 4599 868 4653 acrius
906 4598 1199 4654 animabat.
1240 4597 1373 4654 Cum
1413 4615 1539 4654 ecce
1579 4602 1796 4670 quidam
1833 4619 1966 4672 pau-

377 4705 476 4760 per
501 4691 700 4746 lumine
729 4691 1006 4747 oculorum
1051 4708 1266 4758 carens,
1303 4681 1770 4763 ductore'przevio
1809 4711 1960 4763 usus,

375 4782 531 4852 stipis
557 4783 800 4853 petendae
827 4783 998 4852 gratia
1032 4782 1397 4837 molendinum
1427 4784 1662 4854 petebat.
1699 4785 1830 4840 Erat
1865 4802 1963 4841 au-

375 4880 486 4928 tem
516 4890 544 4928 a
575 4874 752 4930 littore
778 4875 830 4929 in
861 4874 1225 4930 molendinum
1251 4874 1428 4929 tabula
1453 4875 1608 4946 longa
1635 4884 1689 4932 et
1709 4887 1960 4948 angusta,

373 4981 474 5036 per
499 4981 657 5036 quam
686 4975 1052 5024 commeantes
1082 4967 1230 5022 ibant
1249 4974 1302 5020 et
1324 4967 1750 5032 revertebantur,
1780 4970 1832 5023 in
1863 4986 1959 5026 cu-

368 5055 460 5127 jus
508 5059 680 5116 medio
726 5060 894 5115 orbus
933 5060 1022 5115 ille
1067 5060 1375 5124 deveniens,
1418 5062 1550 5131 pede
1578 5061 1745 5132 lapso,
1777 5072 1962 5134 utpote

373 5164 482 5206 non
525 5152 730 5218 videns,
772 5151 826 5206 in
871 5167 1064 5222 aquam
1106 5151 1320 5215 cecidit,
1350 5161 1406 5207 et
1434 5167 1602 5221 usque
1636 5154 1702 5208 ad
1732 5154 1957 5223 profun-

370 5239 498 5296 dum
531 5243 799 5317 delapsus,
845 5243 1145 5313 iterumque
1175 5257 1484 5313 resurgens,
1517 5245 1718 5315 rapidis
1743 5243 1961 5304 fluentis

370 5331 498 5388 ferri
539 5334 882 5395 velocissime
919 5337 1099 5407 coepit.
1141 5334 1295 5403 Quod
1342 5335 1457 5405 ejus
1505 5337 1698 5396 ductor
1744 5340 1958 5408 videns,

367 5430 680 5492 quantocius
729 5425 963 5484 clamare
999 5429 1180 5499 ccepit.
1220 5426 1461 5498 Cumque
1489 5433 1683 5501 sccpius
1711 5447 1962 5511 resurge—

2068 4598 2200 4654 Cum
2227 4610 2356 4665 ergo
2387 4595 2439 4649 id
2478 4609 2648 4665 genus
2692 4594 2914 4650 malitia:
2960 4595 3162 4653 frustra
3196 4601 3509 4655 tentavisset
3533 4641 3546 4665 ,
3598 4617 3657 4657 se

2067 4690 2249 4746 multis
2273 4689 2393 4744 aliis
2422 4688 2594 4744 modis
2626 4688 2754 4744 huic
2792 4688 2911 4745 loco
2958 4689 3171 4747 officere
3202 4702 3375 4762 parat.
3410 4692 3654 4764 Cumque

2065 4781 2264 4837 fratres
2293 4781 2569 4836 humiliter
2594 4781 2950 4852 persisterent
2998 4794 3050 4840 et
3080 4799 3270 4856 preces
3295 4801 3478 4842 eorum
3510 4789 3654 4858 apud

2065 4873 2366 4944 improbum
2416 4871 2621 4927 nullum
2671 4873 2938 4930 haberent
2982 4875 3269 4944 effectum,
3323 4880 3389 4932 ad
3439 4879 3661 4936 Domini-

2068 4965 2496 5023 misericordiam
2552 4979 2611 5020 se
2657 4966 3024 5023 contulerunt.
3073 4969 3424 5026 Venientibus
3473 4971 3654 5042 itaque

2066 5057 2183 5127 ejus
2212 5058 2535 5114 satellitibus
2581 5056 2746 5120 (sicut
2773 5058 2933 5129 vulgo
2964 5059 3184 5128 dicitur)
3225 5063 3418 5134 juvare
3465 5077 3656 5118 secun-

2067 5151 2193 5205 dum
2223 5148 2669 5206 consuetudinem
2701 5164 2878 5221 nuper
2906 5150 2976 5205 ab
3005 5151 3072 5206 iis
3109 5153 3248 5208 male
3274 5153 3498 5219 illatam,
3533 5169 3657 5210 cum

2067 5244 2269 5300 sanctis
2295 5243 2608 5315 pignoribus
2632 5242 2831 5300 fratres
2875 5255 3195 5312 occurrunt,
3227 5257 3283 5303 et
3321 5261 3419 5302 cur
3449 5255 3660 5306 tantum

2068 5332 2277 5390 facinus
2308 5341 2668 5405 praesumatur
2695 5333 2998 5405 inquirunt.
3048 5333 3157 5392 Sed
3185 5339 3260 5395 illi
3282 5337 3516 5408 superbo
3545 5339 3659 5407 spi-

2068 5427 2176 5483 ritu
2203 5437 2392 5485 contra
2419 5428 2655 5484 inermes
2695 5442 2843 5482 arma
2872 5429 3247 5500 arripuerunt,
3275 5442 3330 5490 et
3358 5431 3658 5500 plaustrum
