4494 5520
817 328 938 396 '819

1893 328 2186 386 LETALDI
2226 326 2655 382 MICIACENSIS
2694 327 3003 384 MONACHI

3975 340 4083 396 820

831 461 1081 514 conatur,
1113 460 1169 504 et
1209 449 1393 503 vinum
1442 462 1473 503 e
1520 447 1676 502 doliis
1704 454 1760 502 et
1802 445 2158 501 torcularibus
2203 450 2412 512 raptum
2440 442 2494 502 Α
2520 440 2616 493 riis
2644 441 2942 495 monachos
2975 456 3260 513 aggressus
3282 453 3402 512 est,
3448 456 3503 500 et
3541 448 3860 516 procacibus
3905 454 4087 510 verbis

835 542 983 613 (nam
1013 548 1224 610 tempus
1250 538 1532 594 vindemi:e
1559 537 1698 605 erat)
1738 537 1951 608 publico
1982 536 2196 591 cellario
2222 534 2409 590 confc—

835 636 1010 689 rebat.
1063 632 1181 687 Mox
1212 648 1370 695 unus,
1396 632 1484 701 qui
1521 629 1843 685 Fulcherius
1880 630 2178 693 dicebatur,
2228 646 2258 683 a
2304 629 2413 683 dae-

835 738 997 779 mone
1025 723 1334 793 corripitur,
1364 722 1546 777 caeteri
1576 722 1743 776 nimio
1771 720 1875 776 acti
1904 730 2110 776 terrore
2148 722 2201 775 in
2232 718 2414 789 fugam

835 826 1241 882 convertuntur,
1271 816 1433 871 boves
1463 817 1587 871 hinc
1617 816 1741 871 inde
1766 816 2029 870 cruentati
2061 816 2266 871 moveri
2297 815 2416 870 loco

835 927 944 966 non
969 920 1214 981 possunt,
1238 910 1407 965 donec
1436 909 1693 965 fratribus
1716 910 2097 966 accedentibus
2120 909 2415 980 plaustrum

836 1002 906 1057 ad
938 1003 1155 1057 domum
1212 1002 1395 1057 famuli
1446 1004 1537 1072 qui
1589 1002 1774 1058 Daniel
1817 1002 2095 1058 dicebatur
2138 1002 2417 1057 reductum

837 1102 940 1160 cst,
972 1094 1156 1164 sicque
1188 1094 1258 1148 illi
1288 1095 1429 1165 quod
1460 1095 1690 1165 pessime
1718 1095 2052 1150 abstulerant
2109 1095 2419 1149 restitutum

838 1196 941 1241 est.
969 1186 1067 1241 Die
1091 1196 1271 1241 autem
1302 1187 1472 1242 altero
1518 1188 1660 1242 idem
1707 1186 1959 1242 Salomon
1992 1204 2111 1243 cum
2140 1189 2284 1243 omni
2316 1188 2421 1242 hu-

840 1279 1070 1333 militate
1106 1279 1172 1333 ad
1202 1280 1592 1334 monasterium
1637 1280 1802 1345 venit,
1836 1281 2157 1351 veniamque
2197 1282 2423 1350 adeptus

840 1370 975 1423 nihil
1011 1369 1151 1423 ultra
1189 1371 1365 1425 simile
1412 1380 1679 1426 attentare
1724 1374 2082 1443 praesumpsit.
2138 1374 2334 1427 Verum
2369 1382 2423 1429 et

844 1462 958 1531 ipse
988 1461 1307 1518 Fulcherius
1335 1479 1440 1518 non
1472 1464 1627 1535 longo
1658 1474 1779 1533 post
1818 1474 2059 1535 tempore
2096 1466 2291 1520 ibidem
2323 1467 2421 1520 ad-

843 1553 1036 1607 ductus
1063 1569 1161 1625 per
1190 1556 1399 1610 Domini
1431 1557 1657 1627 gratiam
1706 1557 1951 1625 sosriitati
1998 1557 2236 1612 redditus
2282 1568 2366 1613 cst
2406 1573 2422 1614 :

841 1659 1071 1713 quorum
1100 1655 1278 1700 autem
1308 1662 1403 1701 cor
1433 1647 1684 1716 superbia
1715 1647 2006 1713 induravit,
2040 1649 2230 1702 horum
2259 1650 2422 1703 vitam

842 1752 991 1794 mors
1023 1739 1395 1793 crudelissima
1436 1742 1708 1795 horrendo
1733 1742 1883 1796 exitu
1918 1742 2249 1796 terminavit.

1419 1830 1646 1888 CAPUT
1688 1830 1846 1886 XVII.

913 1926 993 1979 De
1020 1942 1079 1980 eo
1108 1926 1196 1997 qui
1223 1925 1291 1979 ad
1320 1927 1612 1996 putandum
1656 1929 1859 1982 vineam
1905 1939 2112 1999 rogatus
2154 1939 2265 1982 arte
2302 1945 2356 1983 se

1280 1999 1292 2015 ‘
1501 2001 1787 2053 excusavit.

914 2090 1003 2144 47.
1046 2090 1280 2161 Tempus
1307 2091 1477 2145 viuere
1504 2093 1755 2161 putandae
1786 2092 2112 2153 advenerat,
2137 2100 2189 2146 et
2218 2092 2427 2148 abbatis

844 2183 1075 2251 imperio
1131 2182 1436 2252 complures
1486 2184 1765 2252 operarios
1825 2183 1995 2237 frater
2041 2184 2257 2238 nomine
2300 2182 2431 2239 llal-

843 2277 1028 2332 deisus
1052 2278 1119 2331 ad
1150 2278 1252 2332 hoc
1300 2293 1434 2348 opus
1474 2277 1841 2347 perquirebat.
1895 2277 2135 2347 Cumque
2170 2278 2430 2348 plurimos

845 2367 1174 2438 collegisset,
1205 2384 1305 2422 nec
1329 2368 1658 2422 sufﬁcienter
1682 2370 1879 2424 habere
1920 2369 2200 2433 crederet,
2234 2369 2299 2423 ad
2329 2370 2427 2423 do-

846 2473 994 2511 mum
1036 2459 1312 2529 cujusdam
1340 2459 1575 2512 Durandi
1601 2459 1912 2525 accedebat,
1955 2470 2013 2514 ut
2052 2476 2173 2514 eum
2203 2462 2269 2515 ad
2296 2476 2431 2529 Opus

846 2551 1035 2606 venire
1058 2562 1306 2622 rogaret;
1360 2566 1519 2620 quem
1565 2566 1703 2605 uxor
1744 2552 2038 2620 supradicti
2070 2553 2307 2607 Duraudi
2336 2568 2429 2607 vc-

849 2647 1088 2700 nieutem
1119 2646 1308 2699 videns
1335 2664 1347 2698 :
1382 2646 1459 2699 En
1483 2686 1497 2709 ,
1524 2645 1731 2715 inquit,
1774 2646 2003 2700 domnus
2032 2646 2314 2701 Ilaldeisus
2348 2662 2431 2702 ac-

849 2739 994 2792 cctlit
1021 2749 1078 2793 ut
1114 2752 1210 2791 vos
1237 2753 1358 2791 cum
1398 2737 1623 2805 reliquis
1663 2739 1728 2792 ad
1776 2739 1947 2792 vineae
1977 2740 2309 2808 putationem
2354 2740 2433 2793 ire

850 2829 1112 2884 debeatis.
1163 2828 1260 2883 Cui
1296 2829 1381 2882 ille
1411 2830 1729 2898 respondit:
1779 2829 1921 2897 Ego,
1965 2831 2166 2898 inquit,
2199 2847 2304 2884 non
2346 2846 2434 2884 va-

850 2921 1008 2986 dam;
1044 2920 1137 2974 sed
1165 2934 1231 2973 ne
1259 2919 1399 2973 forte
1423 2922 1654 2975 domnus
1691 2921 1795 2974 iste
1824 2921 2199 2985 contristetur,
2234 2921 2435 2975 incom-

851 3015 1174 3068 moditatcm
1202 3013 1409 3067 brachii
1439 3012 1724 3075 simulabo,
1765 3022 1818 3066 et
1840 3028 1938 3081 per
1966 3012 2068 3066 hoc
2096 3012 2435 3079 inculpabilis

2516 548 2711 587 nomen
2762 534 2892 587 tanti
2938 534 3115 589 Patris
3165 536 3540 607 blasphemarc
3592 556 3921 609 praesumens
3962 559 4085 599 cum

2517 625 2763 695 plurimis
2809 627 3075 682 sodalium
3120 628 3173 682 in
3206 629 3393 683 eodem
3446 640 3602 701 prato
3650 648 3817 702 equos
3871 650 4089 691 servare

2518 718 2769 772 instituit.
2797 716 2901 772 Sed
2926 719 3043 789 ejus
3066 721 3372 788 superbiam
3398 720 3602 789 judicia
3635 724 3812 778 divina
3838 726 4091 781 subsecu-

2518 818 2572 863 ta
2600 818 2741 863 sunt.
2781 808 2912 863 Nam
2941 811 3114 865 eidem
3152 812 3205 866 in
3234 812 3422 866 eodem
3448 822 3603 882 prato
3636 814 3690 868 in
3720 816 3905 870 eadem
3938 826 4095 873 nocte

2519 903 2814 972 quiescenti
2869 905 3183 959 terribiliter
3235 905 3295 959 Β.
3351 905 3673 963 Maximinus
3714 912 3997 979 apparuit,
4040 920 4097 967 et

2521 992 2765 1046 stultitiae
2796 1008 2919 1048 eum
2951 1010 3184 1064 arguens
3213 996 3403 1050 baculo
3432 998 3654 1053 incurvo
3692 1014 3850 1068 quem
3883 1011 4097 1070 gestare

2518 1082 2802 1137 videbatur
2830 1084 3099 1153 percussit
3136 1103 3148 1138 :
3187 1086 3277 1155 qui
3310 1102 3536 1159 surgens
3564 1089 3797 1143 clamare
3827 1106 3945 1145 sese
3979 1107 4096 1146 mo-

2521 1175 2751 1229 riturum
2778 1176 2965 1245 coepit,
2994 1186 3051 1232 et
3076 1180 3487 1235 accurrentibus
3518 1182 3678 1236 sociis
3701 1197 3729 1235 a
3759 1180 3822 1236 B.
3863 1182 4101 1239 Maximi-

2524 1282 2593 1321 uo
2616 1282 2675 1321 se
2722 1266 2991 1321 lethaliter
3043 1268 3207 1322 ictum
3254 1268 3506 1339 ejnlando
3551 1272 3825 1326 iudicavit.
3875 1271 4102 1343 Moxque

2523 1377 2694 1432 equos
2718 1362 2838 1431 ejici
2870 1372 2923 1418 et
2949 1380 3007 1419 se
3036 1366 3309 1435 exportari
3334 1364 3487 1433 jubet
3515 1387 3525 1420 :
3561 1369 3652 1422 sed
3701 1371 4101 1439 ingravescente

2526 1456 2775 1511 molestia
2823 1459 2964 1512 inter
2993 1475 3188 1513 manus
3229 1457 3567 1515 efferentium
3612 1463 3858 1532 spiritum
3888 1464 4103 1517 exhala-

2527 1548 2625 1602 vit.
2651 1548 2765 1615 Qua
2797 1551 2861 1603 de
2894 1566 2952 1605 re
2977 1560 3159 1605 tantus
3190 1560 3368 1606 terror
3392 1554 3568 1607 socios
3614 1554 3727 1621 ejus
3767 1554 3995 1617 invasit,
4047 1563 4106 1608 ut

2527 1656 2698 1709 usque
2725 1641 2778 1694 in
2807 1642 3125 1697 hodiernum
3156 1644 3296 1699 diem
3342 1659 3501 1699 nemo
3549 1646 3796 1700 inventus
3823 1647 4003 1715 sitqui
4033 1647 4106 1700 si-

2530 1732 2655 1787 mile
2671 1742 2938 1787 attentare
2965 1738 3389 1805 praesumpserit.
3417 1735 3521 1790 Ista
3550 1745 3673 1790 sunt
3702 1752 3819 1806 quae
3849 1752 3943 1791 nos
3972 1736 4106 1791 omi-

2452 1802 2502 1863 B
2528 1828 2663 1881 sisse
2688 1830 2982 1897 supradicti
3013 1831 3254 1884 seniores
3303 1828 3646 1893 fatebantur,
3675 1841 3731 1886 et
3780 1832 3881 1884 alia
3918 1845 4109 1900 quam-

2527 1918 2703 1990 plura,
2740 1935 2857 1987 qute
2886 1920 3153 1974 fastidium
3202 1921 3535 1977 declinantes
3566 1924 3837 1977 reticenda
3896 1922 4109 1992 putavi-

2528 2026 2669 2065 mus.
2699 2010 2849 2065 Nunc
2880 2026 3005 2066 vero
3037 2013 3102 2067 ad
3128 2028 3189 2067 ca
3218 2029 3337 2083 qum
3369 2015 3567 2069 nostris
3588 2013 3779 2070 diebus
3807 2014 3948 2069 facta
3977 2022 4102 2069 sunt

2528 2102 2871 2157 accedamus.

3108 2194 3334 2250 CAPUT
3373 2195 3517 2250 XIX.

3098 2285 3176 2339 De
3218 2288 3541 2341 ardentibus.

2601 2375 2686 2429 49.
2717 2374 2961 2430 Peccatis
2992 2376 3308 2447 populorum
3362 2378 3734 2449 ingruentibus
3760 2388 3815 2433 et
3847 2376 4112 2446 justitiam

2532 2462 2627 2517 Dei
2656 2466 3075 2532 provocantibus
3100 2467 3276 2520 medio
3297 2466 3409 2520 fere
3432 2482 3617 2521 mense
3648 2469 3886 2539 Augusto
3927 2468 4116 2536 ingens

2533 2557 2648 2612 lues
2671 2558 2922 2627 populum
2956 2557 3401 2613 Aureliancnsem
3428 2561 3710 2614 devaslare
3749 2560 3929 2630 cmpit.
3971 2558 4117 2613 Divi-

2534 2667 2605 2706 no
2634 2652 2831 2706 etenim
2878 2652 2997 2722 igne
3024 2654 3264 2707 membra
3309 2654 3571 2706 ardebant
3622 2654 3856 2707 humana
3886 2694 3900 2717 ,
3958 2652 4114 2722 cujus

2536 2742 2716 2795 ardori
2750 2741 2889 2795 nulla
2916 2753 3471 2811 poteratcoucurrerc
3489 2760 3579 2796 ars
3602 2744 3855 2796 humana.
3891 2741 4116 2797 Omnem

2536 2836 2698 2905 igitur
2728 2850 2942 2899 sexum,
2974 2850 3299 2903 omnemque
3329 2845 3541 2889 tetatem
3567 2875 3581 2899 ,
3617 2844 3671 2887 et
3721 2835 3992 2903 praecipue
4036 2833 4121 2887 in-

2537 2925 2753 2981 fantiles
2804 2938 2953 2981 artus
3005 2927 3089 2980 vis
3129 2928 3231 2981 ista
3266 2927 3646 2995 populabatur.
3697 2925 3833 2991 Quid
3882 2924 4120 2979 facerent

2538 3034 2673 3088 quos
2702 3026 2847 3071 tanta
2878 3018 3170 3072 necessitas
3196 3018 3553 3087 perurgeret?
3578 3016 3903 3070 Sanctorum
3932 3014 4121 3069 suifra-

853 3106 1105 3160 milllebo-
1141 3104 1419 3173 Simulque
1454 3104 1638 3159 diCCIIS
1670 3103 1950 3158 braCIliUm
1975 3103 2110 3158 COHO
2144 3103 2432 3171 appendil.
2463 3151 2512 3216 ε
2540 3113 2624 3182 gia
2650 3120 2926 3181 expetunt,
2956 3119 3010 3165 et
3035 3110 3325 3180 implorant
3347 3110 3585 3163 divinum
3616 3108 3808 3177 quibus
3830 3110 4120 3161 humanum

852 3209 906 3255 et
933 3199 1170 3253 venienti
1194 3200 1461 3253 monacho
1499 3198 1817 3268 rogantiquc
1849 3206 1907 3251 ut
1939 3197 2004 3251 ad
2045 3212 2179 3267 Opus
2220 3196 2439 3251 accede-

852 3302 957 3357 ret,
990 3308 1094 3346 non
1124 3308 1181 3347 sc
1219 3306 1378 3361 posse
1417 3292 1603 3346 venire
1630 3292 1925 3361 respondit.
1973 3289 2217 3359 Cumque
2252 3304 2439 3343 mona-

854 3388 988 3443 chus
1011 3385 1349 3456 persisteret,
1381 3384 1467 3439 ille
1487 3384 1648 3455 pallio
1673 3383 1872 3452 rejecto
1896 3384 2135 3453 pendens
2157 3383 2437 3438 brachium

854 3482 1133 3536 ostendit:
1172 3478 1274 3545 Eu,
1314 3479 1528 3541 domne,
1557 3479 1772 3541 dicens,
1799 3477 2032 3531 libenter
2063 3474 2291 3538 abirem,
2324 3474 2438 3539 sed,

855 3585 912 3631 ut
942 3577 1115 3641 vides,
1141 3576 1243 3629 hac
1274 3575 1339 3629 de
1369 3589 1531 3629 causa
1561 3572 1748 3626 venire
1788 3586 1892 3624 non
1937 3584 2174 3639 possum.
2200 3566 2442 3635 Cumque

856 3667 1158 3723 monachus
1186 3665 1238 3719 id
1271 3663 1588 3733 simpliciter
1610 3662 1837 3715 credens
1858 3659 2193 3720 recessisset,
2218 3664 2441 3727 repente

854 3761 1139 3816 brachium
1166 3758 1306 3812 illius
1335 3756 1423 3825 qui
1454 3754 1739 3817 fefellerat,
1772 3752 1883 3807 acri
1916 3751 2101 3805 dolore
2124 3750 2438 3813 corripitur,

857 3866 914 3910 et
941 3855 1211 3910 intantum
1242 3851 1495 3906 atteritur
1524 3857 1583 3904 ut
1612 3848 1678 3902 ad
1706 3846 1910 3916 aliquid
1949 3844 2285 3900 efficiendum
2330 3857 2444 3897 om-

856 3949 987 4003 nino
1018 3946 1221 4000 moveri
1249 3960 1355 3999 non
1379 3943 1603 3997 valeret.
1636 3941 1705 3993 At
1732 3939 1820 3993 ille
1847 3938 2153 4009 intelligens
2182 3950 2439 3991 causam:

857 4041 961 4105 En,
986 4039 1179 4108 inquit,
1204 4036 1415 4097 mulier,
1436 4035 1577 4105 quod
1604 4033 1835 4087 ludendo
1861 4032 2197 4093 dicebamus,
2219 4044 2304 4083 res
2330 4030 2444 4098 ipsa

857 4151 986 4190 vere
1015 4136 1193 4189 dicere
1213 4134 1327 4203 jam
1355 4130 1656 4199 compellit;
1687 4128 1759 4182 ita
1790 4128 1936 4182 enim
1957 4125 2238 4181 brachium
2263 4136 2444 4177 meum

856 4236 1142 4297 torquetur
1174 4238 1231 4280 ut
1257 4225 1479 4280 omnino
1502 4221 1709 4277 conteri
1744 4205 1873 4275 mihi
1906 4220 2173 4274 videatur.
2218 4215 2445 4270 Noctem

856 4320 1041 4388 itaque
1086 4319 1384 4371 iusecntam
1429 4313 1746 4383 pervigilem
1799 4312 2042 4374 ducens,
2091 4307 2235 4361 facto
2284 4320 2446 4361 mane

856 4422 1042 4467 votum
1076 4410 1223 4463 vovit
1247 4409 1472 4463 dicens:
1509 4404 1709 4459 Sancte
1737 4401 2049 4462 Maximine,
2072 4400 2139 4453 ab
2179 4398 2265 4452 his
2296 4394 2445 4449 dolo-

2543 3205 2730 3259 deerat
2768 3202 3049 3256 auxilium.
3082 3201 3322 3271 Cumque
3363 3216 3459 3270 per
3489 3200 3671 3254 omnia
3725 3213 3862 3268 pene
3910 3206 4128 3253 sancto-

2544 3314 2661 3353 rum
2691 3297 2805 3352 loca
2859 3296 3175 3350 catervatim
3208 3295 3261 3347 hi
3307 3294 3441 3347 tales
3467 3300 3791 3362 cogerentur
3814 3332 3828 3355 ,
3859 3290 4126 3361 praecipue

2542 3385 2682 3463 ap'ud
2711 3392 2852 3444 hunc
2880 3390 3025 3459 pium
3050 3388 3265 3441 Patrem
3296 3388 3376 3441 vis
3402 3387 3663 3440 immensa
3690 3383 4081 3454 congerebatur
4106 3400 4121 3448 ;

2544 3484 2810 3538 intantum
2837 3492 2893 3534 ιιι
2920 3479 3094 3535 ofﬁcia
3125 3479 3304 3532 divina
3330 3477 3528 3558 fratres
3559 3486 3870 3531 reverenter
3896 3516 3909 3536 ,
3948 3484 4005 3527 ut
4029 3474 4125 3527 de-

2544 3585 2670 3641 cet,
2722 3575 2949 3646 psallere
2998 3571 3363 3641 Omnipotenti
3418 3570 3721 3639 nequirent.
3793 3566 3924 3633 Quis
3980 3565 4125 3619 enim

2545 3667 2688 3722 ferre
2719 3667 2924 3721 valeret
2949 3674 3027 3718 tot
3059 3664 3292 3733 gemitus
3344 3660 3643 3716 horrendos
3668 3700 3682 3723 ,
3732 3657 3931 3712 fetores
3981 3657 4125 3711 into-

2544 3757 2795 3815 lerabilcs
2845 3756 3201 3809 humanorum
3254 3751 3487 3806 incendii
3540 3748 3944 3804 membrorum?
3974 3747 4128 3815 cujus

2545 3866 2699 3907 mens
2728 3859 2833 3903 tam
2860 3847 3035 3902 ferrea
3085 3861 3190 3900 nou
3222 3860 3287 3899 ex
3311 3843 3413 3897 hoc
3444 3842 3747 3897 molliretur
3793 3837 4123 3893 infortunio!

2545 3944 2771 4010 Insuper
2798 3954 2919 3993 cum
2961 3945 3106 3990 tanta
3132 3936 3326 3989 horum
3350 3931 3671 3989 conﬂuxerit
3706 3930 3991 3985 multitudo
4016 3929 4120 3982 mi-

2547 4047 2791 4091 serorum
2821 4071 2835 4096 ,
2888 4030 3009 4099 qua:
3065 4029 3108 4081 si
3156 4036 3265 4081 tota
3310 4027 3707 4080 coadunaretur
3758 4024 3810 4076 in
3861 4021 4127 4086 ecclesia,

2548 4130 2770 4183 chorum
2802 4123 3145 4195 psallentium
3179 4120 3473 4189 compleret
3502 4126 3557 4171 et
3583 4128 3821 4187 cryptas.
3865 4114 3974 4169 Hoc
4021 4125 4127 4168 Iam

2547 4221 2830 4277 molestum
2853 4215 3230 4298 quoguomodo
3254 4212 3452 4267 fratres
3483 4220 3724 4279 tempore
3767 4209 3869 4263 dici
3904 4206 4129 4263 suffere-

2546 4313 2709 4379 bant;
2751 4297 3069 4366 imminente
3118 4322 3249 4361 vero
3298 4306 3433 4360 hora
3472 4303 3646 4357 noctis
3677 4302 3743 4356 ab
3772 4300 4001 4355 ecclesia
4028 4297 4126 4353 e'x-

2546 4405 2687 4477 pulsi
2739 4404 2791 4458 in
2839 4402 3049 4471 porticu
3098 4396 3401 4468 Aquilonali
3455 4394 3683 4451 haerenti
3742 4393 3918 4448 eidem
3949 4435 3964 4459 ,
4028 4405 4131 4446 nec

859 4505 1011 4560 ribus
1032 4504 1176 4574 juste
1202 4502 1333 4555 mihi
1364 4499 1527 4553 illatis
1559 4496 1726 4550 libera
1757 4508 1871 4555 me,
1904 4500 1959 4547 et
1981 4490 2273 4561 quotannis
2298 4488 2439 4542 diem
2466 4512 2519 4572 Β
2547 4514 2653 4554 non
2684 4498 2738 4552 in
2766 4505 2918 4551 conc
2944 4493 3100 4548 factis
3126 4491 3227 4547 sibi
3259 4487 3590 4544 umbraculis
3618 4486 3933 4541 manebant,
3978 4484 4133 4574 ρῑιυ-

854 4611 1018 4650 unam
1052 4603 1142 4648 tuo
1170 4592 1412 4655 servitio,
1458 4589 1768 4655 ubicunque
1788 4585 1972 4654 jussus
1996 4581 2182 4649 fuero,
2231 4580 2439 4648 impen-

858 4689 1088 4745 dendam
1116 4686 1395 4757 promitto.
1420 4680 1539 4749 Quo
1560 4680 1723 4744 dicto,
1748 4678 1865 4732 sine
1892 4690 2038 4729 mora
2064 4672 2352 4735 convaluit,
2385 4678 2441 4727 et

856 4781 969 4839 voti
995 4787 1281 4836 exsecutor
1310 4788 1481 4846 usque
1510 4772 1670 4827 hodie
1696 4784 1862 4825 sanus
1888 4777 1941 4823 et
1968 4764 2256 4822 incolumis
2283 4763 2439 4821 vivit.

1428 4864 1657 4923 CAPUT
1697 4860 1881 4917 XVIII.

1184 4960 1262 5015 De
1300 4956 1565 5013 Adelardo
1603 4969 1849 5027 equorum
1886 4950 2119 5007 custode.

928 5057 1019 5113 48.
1062 5053 1289 5110 Roberti
1313 5052 1467 5107 ducis
1492 5063 1753 5119 equorum
1781 5046 2031 5102 custodes
2054 5053 2269 5115 pratum
2297 5039 2442 5111 quod

858 5147 1192 5205 monasterio
1239 5145 1482 5213 subjacet
1549 5142 1926 5205 intraverant,
1991 5147 2046 5193 et
2100 5133 2443 5191 multitudine

858 5259 1121 5315 equorum
1148 5239 1391 5296 immissa
1424 5236 1478 5292 id
1508 5235 1722 5306 depasci
1756 5232 2137 5289 moliebantur.
2177 5225 2446 5296 Praeposi-

859 5350 948 5393 tus
972 5337 1199 5391 fratrum
1246 5332 1512 5389 accedens
1559 5344 1627 5383 ne
1670 5328 1723 5383 id
1754 5328 1997 5382 facerent
2038 5336 2234 5395 rogare
2256 5319 2439 5391 coepit.

860 5429 925 5485 lli
959 5429 1050 5500 qui
1079 5426 1281 5483 saniori
1313 5440 1475 5481 sensu
1506 5421 1760 5494 vigebant
1788 5433 1887 5489 pro
1919 5416 2224 5473 reverentia
2264 5412 2442 5468 Patris

2492 4650 2516 4661 ,
2547 4591 2670 4648 culo
2708 4605 2841 4645 vero
2894 4588 3131 4642 instante
3176 4580 3493 4651 repetebant
3546 4577 3933 4633 monasterium
3981 4572 4134 4644 flagi-

2548 4691 2724 4737 tantes
2757 4680 2831 4750 pii
2858 4677 3034 4732 Patris
3062 4666 3337 4728 Maximini
3390 4671 3697 4725 interventu
3745 4667 4001 4722 auxilium
4030 4664 4131 4721 Dei

2547 4776 2633 4831 his
2654 4771 2876 4829 vocibus
2913 4789 2926 4824 :
2959 4768 3003 4825 Ο
3035 4763 3484 4837 praestantissime
3512 4761 3608 4816 Dei
3637 4761 3810 4815 amice
3838 4800 3853 4825 ,
3900 4758 3989 4830 qui
4039 4766 4133 4820 tua

2549 4866 2699 4936 larga
2743 4861 3005 4917 beneficia
3049 4857 3287 4929 ejusdem
3320 4853 3596 4909 Creatoris
3622 4853 3863 4907 omnium
3906 4864 4132 4905 munere

2548 4970 2891 5028 nequaquam
2941 4950 3285 5024 poscentibus
3332 4947 3566 5002 assuesti
3627 4945 3907 5010 inhibere,
3971 4958 4131 5014 Opem

2550 5048 2706 5105 nobis
2732 5047 2813 5101 fer
2841 5044 3094 5109 celerem,
3135 5057 3204 5096 ne
3224 5040 3466 5095 cruciatu
3498 5037 3778 5092 insistente
3807 5051 3938 5090 aura
3975 5035 4133 5089 nobis

2550 5140 2901 5199 subtrahatur
2948 5137 3107 5207 hujus
3147 5132 3385 5188 luminis.
3441 5131 3715 5200 Appareat
3758 5128 3913 5184 nobis
3952 5136 4133 5197 perte

2547 5233 2722 5288 virtus
2745 5229 2957 5293 divina,
3005 5226 3097 5297 qui
3128 5225 3196 5279 ad
3237 5233 3331 5278 tua
3357 5220 3699 5293 confugimus
3741 5219 3966 5283 merita,
4002 5232 4129 5288 spe-

2550 5333 2732 5380 rantes
2784 5332 2876 5377 tuo
2918 5320 3140 5375 obtentu
3170 5312 3665 5371 misericordissimi
3713 5310 3808 5366 Dei
3854 5308 4135 5379 indulgen-

2550 5421 2701 5476 tiam.
2734 5414 2859 5469 Haac
2886 5412 3128 5467 dicentes
3162 5422 3285 5463 cum
3314 5404 3498 5461 multis
3540 5402 3797 5475 lacrymis
3827 5409 3884 5457 et
3913 5399 4132 5473 planctu

3165 5516 3177 5520 -
3195 5518 3203 5520 -
3224 5501 3306 5520 _-I_
3323 5516 3378 5520 -_.
3394 5506 3407 5520 Δ
3447 5497 3737 5520 J------‘-—=
3765 5497 4127 5520 -Α-αἰικΑ-ισιιηι
