4494 5520
406 339 506 397 82!

1431 334 1631 392 LIBER
1671 334 1755 389 DE
1794 331 2165 388 MIRAClJLlS
2206 334 2263 389 S.
2306 336 2642 393 MAXIMINI.

3559 338 3668 396 822

406 453 768 507 intercessore
796 450 1110 517 Maximino,
1141 451 1443 523 suscipiens
1476 452 1717 507 omnium
1742 451 1987 505 membra
2016 454 2067 513 Α
2094 470 2197 523 que
2228 455 2387 510 tibias
2430 457 2589 511 simul
2630 473 2753 513 cum
2804 458 3027 528 pedibus
3071 458 3366 525 improbior
3417 464 3667 525 occupat.

408 543 665 613 dignatur
696 544 1050 615 restinguere.
1076 543 1279 599 Deinde
1308 544 1661 615 plurimorum
1688 558 1811 597 ossa
1843 540 1987 596 ferro

408 639 788 693 recidebantur
810 646 969 692 acuto
992 678 1007 702 ,
1040 652 1272 706 quorum
1304 650 1496 691 carnes
1530 634 1786 688 exederat
1827 632 1983 702 ignis.

408 729 772 797 Quorumdam
798 744 931 785 vero
964 729 1233 800 intantum
1263 728 1462 783 acriter
1502 725 1758 781 demolita
1794 734 1985 790 erant,

408 832 467 878 ut
497 824 753 879 dissoluta
780 825 897 895 ipsa
918 840 1014 881 sua
1038 832 1230 895 sponte
1257 823 1530 879 caderent.
1568 823 1712 890 Quot
1734 836 1865 875 vero
1891 836 1988 874 ex-

410 916 651 971 stiterint
679 932 928 982 numero,
951 932 1272 973 enumerare
1294 916 1603 987 singillatim
1628 913 1849 968 minime
1880 910 1991 967 suf-

410 1006 523 1063 ﬁcrt
565 1008 774 1078 lmgua,
808 1010 1107 1079 praesertim
1139 1024 1260 1064 cum
1288 1051 1303 1075 ,
1348 1018 1407 1063 ut
1440 1024 1602 1078 supra
1644 1006 1736 1060 fati
1769 1020 1989 1069 sumus,

411 1115 732 1156 numerosus
754 1100 1031 1168 amuxerit
1047 1101 1276 1173 populus
1307 1119 1319 1154 :
1350 1102 1477 1171 quin
1521 1101 1684 1154 etiam
1717 1114 1844 1169 pars
1878 1113 1993 1151 ma-

410 1188 554 1243 xima
585 1189 745 1260 hujus
776 1191 843 1245 ab
866 1193 968 1247 hac
1002 1192 1120 1246 luce
1146 1192 1419 1246 abstracta
1451 1191 1543 1255 sit,
1568 1206 1693 1245 mox
1722 1200 1779 1244 ut
1804 1203 1993 1243 conse-

410 1288 534 1333 cuta
552 1282 838 1337 sanitatem
866 1282 983 1336 fuit.
1015 1282 1255 1337 Tandem
1278 1284 1496 1355 dignum
1524 1284 1649 1338 duxi
1675 1282 1993 1336 nominatim

411 1368 477 1423 de
502 1370 585 1423 his
615 1371 854 1425 scribere
878 1372 968 1441 qui
1004 1372 1164 1441 longo
1195 1382 1316 1441 post
1360 1373 1685 1425 advixcrunt
1729 1379 1990 1439 tempore,

411 1476 519 1530 quo
546 1461 847 1532 legentibus
879 1465 1011 1519 ﬁdes
1041 1465 1253 1519 facilius
1279 1466 1616 1519 adhibeatur.

486 1553 575 1607 51.
614 1556 843 1619 Quidam
872 1558 1107 1611 rusticus
1133 1558 1350 1611 nomine
1380 1557 1714 1627 lngelbertus
1736 1571 1839 1609 una
1871 1572 1993 1609 eum

412 1641 523 1695 ﬁlio
544 1641 789 1697 Gilberto
822 1660 882 1700 ac
910 1645 1042 1711 ﬁlia,
1072 1646 1226 1713 cujus
1267 1662 1463 1700 nomen
1495 1646 1763 1709 excessit,
1813 1646 1995 1700 divino

412 1734 532 1805 igne
556 1739 765 1806 pervasi
796 1738 1061 1792 intantum
1084 1720 1291 1809 depasti
1306 1748 1447 1801 sunt,
1478 1746 1535 1792 ut
1554 1748 1708 1808 pater
1736 1740 1987 1791 dextrum

411 1830 600 1898 pedem
630 1831 918 1894 amitteret,
956 1831 1098 1885 ﬁlius
1130 1846 1258 1885 vero
1275 1846 1462 1886 coxam
1479 1830 1753 1884 sinistram
1782 1840 1836 1885 et
1867 1833 1994 1893 dexe
2020 1804 2070 1868 Β

415 1930 553 1976 tram
607 1940 775 1993 usque
819 1925 885 1977 ad
926 1940 1065 1994 genu
1091 1926 1297 1989 tibiam,
1330 1940 1483 1979 soror
1510 1934 1689 1977 autem
1719 1925 1995 1978 sinistram

412 2030 581 2083 usque
607 2017 673 2070 ad
701 2032 839 2087 genu
878 2017 1064 2071 tibiam
1099 2034 1111 2069 :
1143 2025 1197 2070 et
1227 2016 1327 2085 ipsi
1359 2017 1432 2069 ita
1480 2016 1785 2069 detruncati
1817 2016 1997 2069 divino

405 2103 611 2172 judicio
636 2107 843 2161 meritis
875 2106 1249 2176 gloriosissimi
1272 2105 1447 2159 Patris
1478 2105 1752 2159 Maximini
1779 2104 1994 2159 demum

412 2197 625 2251 liberati
659 2199 905 2267 pluribus
929 2200 1052 2254 inde
1078 2200 1399 2254 advixerunt
1429 2200 1605 2255 annis.

483 2288 572 2341 52.
612 2288 685 2342 Ea
714 2299 1028 2359 tempestate
1054 2291 1273 2359 quidam
1298 2291 1551 2361 parvulus
1597 2290 1815 2345 nomine
1857 2289 1997 2345 Con-

413 2384 684 2437 stantinus
711 2384 913 2439 habens
936 2394 1140 2439 cratem
1166 2385 1369 2439 sinistri
1402 2385 1552 2453 pedis
1581 2385 1648 2438 ab
1674 2385 1777 2438 hac
1799 2382 1998 2438 infesta

415 2471 722 2528 valetudine
771 2489 1089 2543 pervasam,
1146 2476 1433 2529 devehitur
1474 2475 1614 2528 ulnis
1656 2475 1836 2529 amita:
1886 2489 1998 2529 sua:

417 2546 831 2620 ilermentrudis
852 2568 1087 2621 nomine.
1107 2566 1207 2633 Qui
1237 2569 1361 2622 dum
1387 2567 1583 2621 ibidem
1611 2578 1854 2620 moratur
1874 2577 1998 2622 octo

416 2655 625 2721 diebus,
658 2673 833 2726 neque
864 2659 949 2712 die
974 2674 1037 2712 ac
1069 2669 1225 2712 nocte
1255 2658 1498 2712 molestia
1544 2658 1715 2712 morbi
1749 2674 1997 2713 somnum

419 2756 663 2815 caperet,
693 2748 900 2815 accepit
927 2748 1149 2817 praefata
1175 2748 1318 2801 illius
1350 2748 1511 2801 amita
1556 2765 1586 2802 a
1632 2750 1863 2819 quodam
1905 2748 1998 2803 Dei

418 2853 577 2894 servo
616 2856 933 2909 responsum
982 2851 1040 2894 ut
1080 2842 1307 2895 aedituos
1337 2851 1695 2909 exposceret,
1728 2851 1999 2910 quatenus

416 2933 659 2987 sinerent
708 2949 927 3003 puerum
980 2949 1138 2987 suum
1187 2949 1290 2987 una
1342 2932 1580 2987 noctium
1630 2932 1827 2987 cubare
1858 2933 1998 2985 intra

420 3026 738 3089 ecclesiam,
776 3026 918 3095 quod
964 3034 1017 3079 et
1045 3024 1245 3079 factum
1285 3034 1388 3079 est.
1428 3024 1494 3077 Et
1538 3039 1666 3078 ecce
1695 3023 1871 3077 noctis
1898 3022 1999 3076 sub

418 3117 633 3173 silentio
663 3117 806 3171 videt
854 3117 1045 3171 mulier
1072 3118 1284 3169 niveam
1319 3115 1623 3169 columbam
1668 3114 1876 3184 ingredi
1909 3128 1998 3167 ec-

418 3207 635 3262 clesiam
660 3216 714 3259 et
736 3206 801 3259 ad
834 3207 1134 3274 ingressum
1162 3204 1277 3272 ejus
1308 3214 1473 3258 totam
1505 3204 1655 3258 reddi
1688 3218 1996 3257 coruscam.

420 3296 551 3364 Qua:
581 3298 843 3351 accedens
864 3297 931 3350 ad
957 3297 1149 3361 altare,
1190 3297 1262 3350 ibi
1289 3296 1684 3364 aliquantisper
1731 3294 1998 3359 subsedit,

420 3406 554 3460 puer
580 3400 757 3444 autem
802 3406 927 3443 mox
975 3398 1256 3458 correptus
1291 3403 1481 3443 somno
1524 3387 1755 3442 ulterius
1799 3386 2000 3441 nullam

421 3481 723 3536 molestiam
768 3479 944 3535 morbi
974 3480 1173 3545 sensit,
1225 3492 1399 3547 neque
1439 3478 1563 3533 inde
1591 3476 1879 3547 vestigium
1924 3476 2004 3530 in-

422 3573 598 3630 cendii
631 3574 899 3644 apparuit.

488 3669 767 3723 53.-Alter
812 3668 1021 3722 exstitit
1058 3668 1334 3736 aequivoco
1385 3665 1605 3721 nomine
1630 3664 1890 3736 puerulus
1931 3664 2004 3721 si-

423 3760 536 3814 mili
580 3761 767 3813 morbo
792 3758 1129 3829 periclitans,
1160 3758 1252 3812 sed
1279 3772 1385 3811 non
1416 3758 1607 3813 eodem
1642 3759 1800 3813 modo
1826 3758 2002 3813 salva-

424 3862 531 3907 tus.
563 3850 830 3906 Judicium
855 3850 998 3904 enim
1029 3850 1249 3919 superni
1271 3850 1467 3920 judicis
1500 3850 1689 3919 nequit
1716 3851 2003 3920 quisquam

424 3944 735 3999 mortalium
757 3943 1239 4013 comprehendere.
1275 3942 1447 3997 Mater
1470 3944 1587 4011 ejus
1613 3941 1826 3997 Erfrida
1853 3943 2003 3998 dice-

424 4037 607 4098 batur,
642 4045 795 4105 pater
815 4044 996 4088 autem
1031 4032 1279 4101 ejusjam
1318 4034 1592 4088 hominem
1615 4045 1859 4088 exuerat.
1907 4034 2005 4089 llic

424 4127 608 4195 itaque
638 4141 772 4196 puer
796 4141 825 4179 a
862 4126 1098 4194 quodam
1145 4140 1279 4179 eane
1308 4139 1569 4194 pervasus
1610 4124 1838 4179 fortuitu
1884 4125 2003 4195 ejus

424 4217 615 4287 pedem
642 4217 929 4272 momordit
965 4217 1213 4272 dextrum
1239 4234 1252 4269 :
1284 4232 1389 4286 qua
1420 4218 1706 4271 occasione
1751 4218 2001 4273 incendio

425 4320 683 4382 perustus
713 4311 999 4365 adducitur
1026 4310 1290 4364 adlimina
1324 4308 1481 4377 hujus
1509 4308 1684 4364 Patris
1705 4311 1871 4364 nostri
1895 4309 2004 4364 Ma-

431 4403 621 4458 ximini
650 4403 878 4471 piissimi
919 4400 1184 4457 advocati.
1223 4399 1468 4469 Cumque
1512 4400 1583 4454 ibi
1612 4400 2004 4470 aliquantisper

2026 3159 2076 3225 C

2099 550 2346 620 Denique
2373 552 2541 620 gratia
2580 551 2937 621 obsequendze
2970 551 3218 604 sanitatis
3246 549 3420 618 primo
3450 548 3669 617 quidem

2092 660 2121 698 a
2153 660 2249 699 suo
2278 646 2521 714 genitore
2552 646 2705 714 cujus
2730 661 2879 698 meus
2910 655 3154 699 catenata
3184 643 3415 697 ﬁliorum
3449 639 3670 706 affectu,

2093 736 2236 804 quod
2267 736 2412 789 nullo
2438 736 2520 790 his
2549 736 2761 789 valebat
2785 736 3060 790 subveniri
3093 736 3366 804 praesidio,
3399 734 3672 788 ducuntur

2094 826 2161 880 ad
2189 826 2467 880 basilicam
2494 827 2733 880 ecclesia:
2760 828 2949 880 matris
2982 836 3182 881 sancta:
3215 826 3442 891 Crucis;
3476 825 3672 880 decur-

2095 932 2264 986 soque
2306 917 2377 971 ibi
2429 917 2704 985 aliquanto
2740 918 2999 987 temporis
3041 919 3215 988 spatio
3269 918 3470 971 nullam
3521 931 3670 971 asse-

2094 1021 2333 1081 quuntur
2356 1011 2605 1064 sanitatis
2636 1010 2919 1065 medelam.
2956 1010 3190 1081 Urgeutc
3230 1020 3407 1065 autem
3436 1007 3673 1063 necessi-

2101 1103 2284 1157 tudine
2314 1102 2544 1165 ardoris,
2568 1101 2692 1155 dum
2729 1102 3001 1169 piissimus
3033 1101 3242 1155 Domini
3277 1116 3438 1154 aures
3467 1096 3672 1154 interni

2098 1195 2333 1249 clamore
2362 1194 2560 1247 doloris
2582 1194 2838 1248 continuo
2864 1193 3098 1262 pulsant,
3125 1208 3154 1245 a
3180 1193 3413 1261 quodam
3437 1189 3676 1243 ﬁdelium

2097 1299 2253 1358 pater
2285 1288 2664 1357 prtedictorum
2715 1288 2922 1355 accepit
2946 1286 3267 1348 consilium,
3312 1284 3412 1337 hos
3461 1280 3674 1337 deferre

2100 1384 2421 1451 quantocius
2450 1380 2514 1433 ad
2540 1380 2723 1434 limina
2751 1379 2952 1434 Christi
2984 1377 3310 1431 confessoris
3358 1371 3677 1438 Maximini,

2101 1475 2225 1543 quia
2259 1475 2429 1527 virtus
2475 1473 2655 1527 divina
2703 1472 3023 1542 praestabilis
3071 1471 3222 1523 adest
3268 1469 3683 1537 quibuscuuque

2101 1565 2423 1620 mortalibus
2475 1566 2919 1619 incommoditate
2963 1578 3223 1632 corporea
3278 1560 3679 1621 laborantibus;

2100 1656 2191 1727 qui
2226 1672 2346 1709 mox
2372 1656 2778 1709 acceleratcnm
2802 1655 2983 1723 pueris
3018 1654 3139 1705 iter.
3164 1651 3469 1703 Adveniens
3496 1657 3680 1701 autem

2103 1750 2169 1801 ad
2202 1748 2478 1802 basilicam
2510 1747 2738 1816 piissimi
2762 1744 3111 1803 confessoris.
3152 1743 3400 1811 implorat
3429 1740 3683 1794 meritum

2103 1839 2266 1908 hujus
2297 1839 2535 1907 pra’dicli
2580 1838 2828 1908 patroni,
2879 1845 3145 1904 quatenus
3188 1832 3553 1887 subveniendo
3588 1844 3686 1885 ex-

2106 1932 2349 2001 stinguat
2383 1931 2623 1983 membra
2658 1944 2948 1997 puerorum
2973 1925 3216 1979 ardentia
3244 1942 3254 1976 :
3291 1924 3432 1992 quod
3460 1938 3562 1975 non
3595 1922 3686 1976 diu

2106 2025 2385 2079 retardare
2431 2022 2694 2075 divinitati
2731 2020 2969 2090 placuit,
3030 2033 3150 2086 quae
3195 2015 3444 2069 omnibus
3482 2014 3601 2067 loco
3630 2022 3686 2067 et

2105 2124 2351 2183 tempore
2375 2113 2637 2183 magnalia
2670 2112 2888 2180 proprio
2921 2110 3146 2178 imperio
3173 2106 3473 2160 distribuit.
3504 2104 3688 2159 Enim-

2104 2223 2235 2261 vero
2266 2207 2557 2260 transactis
2584 2206 2774 2257 diebus
2822 2203 3133 2270 aliquantis,
3180 2200 3466 2254 exstinctis
3504 2196 3686 2267 pueri-

2104 2298 2247 2352 libus
2276 2298 2536 2351 membris
2563 2298 2630 2349 ah
2664 2296 2786 2365 igne
2816 2295 3055 2364 depastis
3098 2292 3345 2362 sospitati
3376 2291 3688 2345 interventu

2106 2390 2281 2444 Patris
2309 2389 2491 2459 inclyti
2521 2388 2816 2443 redduntur
2843 2386 3138 2440 Maximini.

2173 2483 2263 2537 55.
2308 2482 2506 2535 Eadem
2542 2488 2858 2547 tempestate
2881 2493 3097 2547 quoque
3128 2478 3365 2531 instante
3390 2489 3544 2529 saera
3574 2470 3683 2526 Do-

2108 2576 2292 2631 miniei
2334 2574 2540 2629 Natalis
2573 2573 2773 2636 vigilia,
2804 2573 3020 2641 quidam
3064 2570 3225 2625 homo
3248 2570 3462 2623 nomine
3488 2566 3686 2620 Berne-

2106 2669 2220 2722 rius
2243 2667 2334 2735 qui
2364 2665 2577 2734 quidem
2610 2664 2784 2716 adhuc
2810 2670 3078 2730 superest,
3110 2661 3354 2714 excubiis
3407 2668 3570 2711 tantae
3598 2669 3690 2711 so-

2106 2759 2401 2813 lemnitatis
2443 2774 2562 2811 eum
2600 2757 2810 2809 caeteris
2841 2755 3099 2807 intererat
3125 2752 3387 2805 ﬁdelibus.
3406 2749 3693 2804 Excubans

2108 2849 2291 2918 itaque
2319 2848 2543 2902 solemni
2569 2847 2634 2900 de
2664 2862 2831 2909 more,
2865 2843 3254 2912 intempestivae
3268 2840 3545 2910 phrenesis
3559 2839 3690 2894 subc

2108 2938 2184 2991 ito
2211 2938 2397 2991 morbo
2428 2936 2689 3004 arripitur
2724 2977 2738 2999 ,
2770 2935 2909 3003 quod
2960 2933 3314 2987 immoderato
3357 2932 3692 2984 thermarum

2108 3039 2357 3084 caumate
2382 3027 2459 3099 [id
2496 3038 2593 3092 est,
2626 3025 2842 3097 ardore]
2876 3025 3015 3078 forte
3052 3024 3124 3077 illi
3156 3023 3463 3086 accederat,
3490 3020 3687 3091 quibus

2109 3121 2245 3174 tanti
2275 3120 2496 3173 luminis
2537 3120 2709 3189 gratia
2741 3118 2928 3171 eadem
2980 3117 3270 3171 subnecte
3315 3114 3529 3168 ablutus
3575 3111 3691 3166 fue-

2110 3224 2195 3269 rat
2226 3212 2358 3284 (16).
2402 3211 2534 3265 Nam
2560 3211 2854 3265 dissidente
2883 3210 3024 3264 inter
3073 3224 3129 3263 se
3162 3207 3410 3277 inznquali
3441 3206 3685 3260 elemen-

2108 3317 2287 3362 torum
2322 3304 2582 3372 temperie
2628 3305 2769 3368 (erat
2806 3302 2951 3355 enim
3004 3309 3130 3354 tunc
3169 3300 3393 3353 nimium
3419 3296 3681 3351 brumalis

2108 3397 2367 3466 temporis
2392 3395 2581 3465 frigus)
2616 3409 2832 3448 sensum
2879 3392 3061 3445 amisit
3104 3390 3346 3444 funditus
3370 3429 3385 3453 ,
3435 3398 3593 3456 atque
3630 3387 3686 3441 in

2106 3493 2222 3546 dies
2250 3498 2530 3545 crescente
2553 3488 2796 3557 corporis
2826 3485 3073 3539 molestia
3109 3484 3179 3538 ita
3234 3497 3490 3550 manceps
3521 3479 3691 3535 cilici-

2106 3589 2299 3647 ιδῃ-ιιι
2321 3579 2480 3633 nullis
2496 3577 2608 3647 jam
2642 3578 2810 3631 teneri
2844 3584 3024 3645 posset
3062 3573 3430 3642 ligamiuibus.
3479 3570 3688 3640 Agebat

2107 3674 2223 3742 ipse
2267 3671 2577 3726 teterrimus
2627 3668 2740 3722 oris
2790 3666 2995 3737 pallor,
3050 3664 3348 3733 sanguinea
3402 3659 3689 3717 oculorum

2107 3761 2352 3825 suﬁ‘usio,
2380 3760 2576 3813 misera
2606 3756 2976 3812 membrorum
3007 3753 3283 3815 distorsio,
3312 3751 3570 3820 frequens
3603 3758 3688 3803 to-

2108 3853 2215 3914 tius
2242 3838 2485 3920 corporis
2508 3850 2561 3903 in
2589 3862 2832 3917 praeceps
2860 3846 3035 3909 elisio,
3081 3841 3447 3914 lacrymabilis
3476 3857 3573 3910 per
3608 3848 3691 3896 to-

2111 3942 2218 3995 tius
2250 3954 2419 3994 sacrae
2449 3938 2581 3992 :edis
2604 3937 2846 3990 habitum
2876 3935 3095 4001 rotatio,
3122 3933 3290 4002 ipsius
3319 3931 3610 4001 pavimenti
3632 3937 3690 3987 et

2107 4046 2585 4103 supersparsorum
2621 4030 2923 4097 scirporum
2958 4026 3159 4082 elfrena
3187 4026 3419 4088 voratio,
3465 4024 3557 4095 qui
3584 4023 3687 4078 ho-

2111 4142 2235 4195 spes
2265 4127 2317 4180 in
2345 4124 2658 4179 Christiano
2693 4121 2992 4190 hospitaret
3038 4118 3358 4174 diversorio.
3391 4114 3546 4171 Unde
3576 4116 3694 4171 suis

2107 4218 2423 4275 custodibus
2468 4215 2648 4269 taliter
2700 4212 2942 4283 fatigatis
2982 4210 3096 4266 fere
3142 4209 3452 4279 quindecim
3481 4206 3687 4262 solibus

2108 4312 2249 4366 infra
2281 4308 2637 4364 oratoriolum
2667 4305 2727 4360 S.
2757 4304 2981 4359 Joannis
3020 4302 3273 4373 Baptistae
3311 4300 3579 4355 obseratis
3603 4296 3691 4367 ja-

2109 4405 2233 4458 nuis
2258 4403 2512 4457 truditur.
2538 4397 2738 4453 Verum
2772 4396 2901 4450 illud
2930 4404 3175 4449 nostrum
3198 4392 3472 4462 singulare
3500 4392 3684 4455 decus,

430 4495 767 4559 demoratur,
796 4496 1085 4549 sanitatem
1121 4494 1471 4563 consequitur
1500 4492 1888 4562 plenissimam,
1914 4494 2001 4563 qui
2034 4523 2084 4582 Ι)
2112 4496 2493 4553 sanctissimus
2516 4492 2766 4545 videlicet
2801 4488 2963 4543 Pater
2989 4487 3340 4548 Maximinus,
3383 4482 3689 4553 hujusmodi

428 4602 600 4656 usque
632 4586 791 4641 hodie
818 4585 1040 4641 servitio
1076 4585 1349 4640 detinetur
1378 4581 1609 4637 fratrum
1638 4590 1793 4638 utens
1825 4581 1997 4637 oﬁicio

426 4679 681 4749 pastoris.

498 4769 585 4824 54.
617 4769 758 4825 Sane
774 4770 857 4823 vir
884 4769 1102 4838 quidam
1124 4767 1449 4823 Laurentius
1469 4766 1715 4836 quamvis
1744 4766 1997 4832 rusticus,

432 4872 613 4917 tamen
668 4862 879 4917 liberali
911 4862 1164 4932 prosapia
1211 4870 1394 4925 ortus,
1428 4860 1676 4915 binorum
1718 4862 2003 4915 exstiterat

428 4965 581 5025 pater
605 4954 858 5010 ﬁliorum.
886 4953 1088 5009 Horum
1118 4954 1332 5024 quidem
1352 4953 1569 5007 nomina
1590 4952 2004 5008 fraterculorum

428 5047 779 5118 primogeniti
824 5045 1093 5115 Tedmari,
1142 5045 1373 5115 junioris
1404 5060 1532 5098 vero
1570 5043 1775 5100 Gilardi
1803 5046 2007 5100 vocita-

428 5141 647 5196 bantur.
706 5140 981 5211 Siquidem
1045 5139 1389 5199 incommoda
1436 5139 1685 5194 valetudo
1748 5140 2005 5209 przedicta

427 5230 649 5287 dextras
674 5232 902 5287 istorum
933 5230 1149 5292 invadit
1183 5245 1475 5301 puerorum
1509 5243 1686 5294 suras,
1718 5228 2009 5300 paulatim-

501 5367 614 5439 (Ιβ)
652 5363 1060 5439 Ηυῑυ-ξςθηγίίῃε
1112 5364 1403 5435 vestigium
1430 5372 1609 5439 exstat
1656 5364 1712 5439 in
1761 5362 2004 5439 Decretis

426 5430 743 5520 Ilaitfranci.‘
783 5430 953 5520 Υξῃιίξα
989 5430 1217 5520 ῖήοτιξα
1259 5430 1512 5520 apostoli,
1559 5434 1785 5520 inquit"
1817 5435 1862 5486 si
1893 5436 2006 5489 dies

2099 4599 2419 4660 languorem
2441 4584 2689 4638 assiduus
2705 4597 2799 4651 per.
2812 4579 3013 4635 Christi
3030 4579 3252 4650 gratiam
3274 4586 3495 4633 curator
3514 4585 3569 4632 et
3583 4590 3691 4632 me-

2103 4689 2274 4747 dicus,
2297 4678 2458 4735 celeri
2479 4692 2696 4732 suorum
2712 4674 2951 4728 antidoto
2969 4673 3280 4727 meritorum
3302 4678 3503 4741 pestem
3520 4669 3694 4726 laten-

2104 4783 2174 4834 tis
2196 4774 2398 4846 expulit
2417 4768 2638 4825 inimiei.
2658 4765 2767 4821 Nec
2784 4767 2873 4820 diu
2890 4764 3104 4819 diﬁ‘erre
3125 4778 3317 4833 passus
3340 4760 3460 4825 fuit,
3475 4776 3634 4831 quem
3658 4776 3691 4815 a

2111 4887 2169 4926 se
2192 4867 2487 4924 sanandum
2518 4861 2618 4916 sibi
2641 4864 2966 4927 exposuerat
2990 4855 3203 4911 devotio
3235 4853 3491 4910 ﬁdelium.
3510 4852 3694 4921 Itaque

2111 4960 2296 5033 paucis
2316 4957 2505 5012 diebus
2543 4950 2772 5007 evolutis
2804 4948 2978 5004 hostis
3004 4954 3257 5003 concreto
3293 4945 3405 4999 oris
3437 4942 3695 5012 sanguine

2110 5032 2415 5122 expellitur,
2447 5046 2706 5116 languens
2746 5058 2811 5097 ac
2841 5041 2884 5095 si
2916 5050 3165 5095 mortuus
3213 5052 3400 5093 coram
3438 5032 3697 5089 sacratis-

2111 5121 2248 5200 simo
2286 5139 2445 5196 altari
2490 5134 2780 5207 reperitur,
2831 5131 2983 5201 cujus
3038 5135 3091 5188 in
3137 5139 3360 5200 pectore
3406 5125 3495 5179 vix
3521 5121 3700 5177 vitalis

2110 5235 2260 5293 calor
2302 5228 2615 5305 palpitantis
2643 5226 2867 5295 spiritus
2891 5225 3142 5279 sentitur.
3180 5219 3308 5277 Mox
3353 5217 3532 5285 itaque
3560 5210 3702 5268 ulnis

2110 5371 2250 5425 idem
2283 5377 2471 5423 auctor
2502 5364 2573 5418 ibi
2601 5362 2930 5432 prazscribit.
2952 5355 3549 5432 ,Atmultoantiquior
3585 5350 3703 5422 ejus

2109 5442 2190 5520 rei
2216 5440 2418 5520 mentio
2438 5426 2676 5520 habet-ur
2714 5433 2783 5520 illi
2813 5431 3001 5520 regula
3046 5426 3701 5520 cujusdam‘ifa'tris-‘Sap‘:

3479 5493 3701 5520 -._...l.....
