4494 5520
832 420 941 482 823

1473 429 1768 488 LETALDI
1807 432 2191 498 MICIACENS.
2227 441 2482 499 MONAC.
2520 446 2606 500 DE
2648 448 3031 509 TRANSLAT.
3073 451 3129 509 S.
3171 451 3455 511 JUNIANI.

3978 459 4087 518 εει

826 537 1067 595 ﬁdelium
1104 552 1134 594 a
1161 541 1359 612 templo
1387 545 1683 604 subductus
1722 549 1775 603 in
1821 550 1983 605 imam
2031 554 2406 611 domunculam
2439 564 2484 620 Λ
2514 561 2594 615 vis
2644 566 3018 620 arescentibus
3062 567 3321 637 poplitum
3373 584 3438 622 ex
3472 582 3593 624 asse
3644 568 3918 625 incedendi
3951 572 4087 627 ami-

825 629 995 700 ipsius
1050 630 1294 686 ecclesia:
1351 636 1658 706 contiguam
1726 639 1972 694 tollitur:
2025 643 2208 713 sicque
2262 646 2402 702 intra

823 733 1029 790 paucos
1077 720 1192 776 dies
1248 722 1654 792 perfectissima:
1704 730 1922 783 sanitati
1977 733 2226 800 donatur,
2278 737 2408 807 vigi-

820 810 952 868 lanti
990 811 1220 869 fratrum
1248 829 1378 870 cura
1416 816 1471 872 in
1500 818 1751 875 omnibus
1793 822 2028 891 adjutus.
2080 825 2184 880 Per
2227 829 2406 884 omnia

817 902 1137 962 bonedictus
1178 904 1340 960 Deus.

975 994 1105 1063 ρυω
1144 1008 1450 1067 sequuntur,
1491 999 1709 1056 alterius
1741 1004 1980 1059 videntur
2011 1010 2261 1064 auctoris.

893 1085 981 1143 56.
1031 1085 1182 1142 Alter
1207 1088 1558 1147 nihilominus
1590 1092 1766 1162 (cujus
1810 1111 2004 1152 nomen
2053 1100 2274 1172 excidit)
2307 1101 2407 1156 ad-

820 1181 972 1235 venit
1001 1177 1202 1232 lumine
1231 1179 1510 1236 oculorum
1548 1183 1794 1253 privatus
1826 1185 1895 1240 ab
1926 1187 2044 1256 ipso
2069 1191 2406 1259 exceptionis

819 1279 998 1341 partu.
1030 1267 1365 1324 Pernoctans
1395 1271 1578 1340 itaque
1623 1281 1747 1328 ante
1795 1275 2221 1348 suffragatricem
2274 1283 2406 1337 tanti

820 1356 1036 1428 patroni
1095 1357 1357 1424 tumbam,
1416 1359 1750 1431 inexpertam
1802 1380 2120 1437 semperque
2167 1379 2406 1438 optatam

820 1449 1023 1504 meruit
1065 1459 1390 1518 extorquere
1440 1451 1912 1512 illuminationem.
1959 1459 2099 1530 Ergo
2141 1462 2264 1516 dum
2295 1473 2408 1518 sta-

818 1535 916 1591 bili
962 1537 1160 1592 mentis
1208 1538 1313 1593 fide
1346 1540 1401 1594 in
1446 1542 1817 1600 misericordis
1852 1547 2238 1606 intercessione
2278 1568 2407 1607 con-

819 1626 1044 1684 fessoris
1072 1629 1174 1684 sibi
1202 1629 1387 1700 largiri
1423 1633 1665 1700 confidit,
1703 1638 1845 1706 quod
1891 1649 2079 1694 natura
2125 1658 2227 1696 non
2273 1659 2404 1698 con-

822 1718 968 1784 tulit,
1013 1718 1350 1790 infestusque
1397 1725 1666 1779 continuze
1713 1727 2098 1797 inquietudinis
2142 1731 2406 1789 clamores

819 1810 970 1865 nullo
995 1812 1154 1865 modo
1203 1813 1498 1884 intercipit,
1547 1817 1832 1873 confestim
1889 1823 2117 1890 quodam
2162 1825 2401 1893 piissimi

2513 663 2658 708 serat
2701 655 2957 712 officium.
2989 656 3085 711 llic
3118 659 3297 728 itaque
3344 674 3438 728 per
3485 661 3773 716 multorum
3821 678 4084 719 annorum

2512 743 2776 796 curricula
2826 743 3053 799 fratrum
3109 746 3506 803 Miciacensium
3551 750 3770 805 solertia
3814 752 4086 823 frequenti

2510 833 2768 887 educatus
2817 834 3066 889 alimonia
3120 836 3314 893 fuerat.
3375 838 3569 894 Verum
3621 840 3709 897 ille
3754 843 4087 900 inexhausta
4147 902 4152 907 _

2509 921 2628 978 fons
2683 925 2898 992 pietatis
2950 927 3040 996 qui
3109 928 3331 998 puerilis
3404 931 3717 988 sinceritate
3766 933 4087 992 innocentia

2511 1013 2713 1084 absque
2754 1015 2913 1071 ullius
2965 1020 3348 1086 eonspersione
3395 1020 3649 1077 fermenti
3689 1025 3850 1079 corde
3895 1025 4089 1082 devoto

2510 1107 2752 1174 przecipit
2779 1110 3043 1174 exerceri,
3090 1110 3234 1165 illum
3281 1127 3384 1166 una
3417 1115 3655 1168 noctium
3690 1116 3966 1172 admoneri
3995 1131 4089 1174 vo-

2511 1193 2612 1248 luit
2645 1206 2703 1250 ut
2735 1196 2912 1252 Patris
2958 1199 3234 1256 Maximini
3284 1212 3564 1272 expeteret
3607 1219 3784 1273 opem,
3833 1207 3879 1261 si
3927 1207 4089 1264 totius

2511 1289 2755 1358 corporis
2801 1299 3014 1360 Optaret
3069 1296 3321 1364 consequi
3381 1295 3763 1350 valetudinem.
3821 1297 3919 1365 Qui
3991 1314 4087 1355 su-

2509 1391 2690 1445 perine
2717 1380 3064 1435 admonitioni
3098 1384 3368 1450 credulus,
3415 1400 3572 1440 ntane
3620 1385 3762 1442 facto
3791 1388 3969 1458 penita
3997 1404 4090 1445 ea

2509 1466 2688 1521 elesia:
2723 1469 3014 1536 subintrat,
3045 1483 3206 1541 atque
3259 1482 3383 1528 ante
3413 1488 3815 1532 sacrosanctum
3843 1488 4085 1547 prostra-

2511 1569 2598 1614 tus
2633 1563 2987 1630 mausoleum,
3017 1566 3322 1622 innocentis
3348 1568 3538 1623 affectu
3566 1571 3728 1625 animi
3755 1572 3838 1641 pia
3861 1573 4086 1642 piissimi

2510 1651 2814 1719 interpellat
2841 1655 3028 1708 merita
3059 1657 3405 1712 confessoris.
3433 1657 3540 1713 Nec
3584 1676 3756 1724 mora,
3789 1661 3968 1715 divina
4000 1662 4074 1716 di-

2509 1745 2690 1811 gnatio
2732 1743 2804 1796 illi
2845 1744 3035 1797 adfuit.
3091 1746 3347 1816 Exemplo
3376 1749 3638 1818 siquidem
3693 1765 3751 1804 se
3782 1751 4086 1821 subrigens,

2509 1848 2574 1887 ac
2624 1833 2988 1902 plenissimam
3037 1839 3198 1892 totius
3229 1841 3472 1908 corporis
3509 1851 3732 1912 captans
3777 1842 4084 1909 sanitatem,

821 1900 1067 1956 Rabboni
1102 1911 1246 1958 tactu
1278 1904 1344 1958 ab
1373 1906 1503 1975 ipsis
1541 1908 1816 1963 oculorum
1868 1912 2088 1968 orbibus
2129 1919 2404 1986 sanguinis
2434 1953 2482 2012 Β
2511 1942 2652 1980 anno
2711 1928 3003 1982 Dominica:
3060 1931 3451 1986 incarnationis
3506 1933 3794 1987 millesimo
3861 1933 4089 2002 quadra-

819 1993 971 2048 rivus
1018 1996 1214 2064 erupit,
1290 2011 1352 2050 ac
1407 1999 1660 2069 deinceps
1715 2006 2056 2072 postmodum
2113 2009 2212 2062 sub
2269 2012 2404 2066 tanti

816 2100 982 2140 manu
1015 2087 1224 2156 opificis
1275 2088 1614 2159 inexpertum
1668 2093 1834 2148 inscia
1886 2095 2022 2149 lueis
2063 2099 2401 2166 splendorem

818 2172 1019 2244 pupilla
1058 2175 1332 2241 extimuit,
1375 2193 1664 2249 rerumque
1700 2183 1961 2254 imagines
1992 2186 2242 2257 deinceps
2291 2205 2404 2243 em-

815 2265 1053 2322 blemate
1107 2268 1265 2322 simili
1318 2281 1535 2340 pectore
1583 2275 1782 2329 condit.
1860 2276 1904 2330 Ο
1968 2280 2204 2334 caelestis
2259 2285 2402 2352 regis

816 2357 1081 2426 potentia,
1148 2359 1356 2429 ingens,
1412 2363 1730 2432 incorporea
1778 2367 1829 2421 in
1876 2385 1972 2423 sua
2023 2381 2234 2437 natura,
2283 2390 2401 2443 qua:

818 2448 1131 2520 palpamine
1158 2453 1387 2522 spiritali
1423 2472 1450 2509 a
1480 2458 1690 2512 mortali
1723 2460 1888 2514 voluit
1927 2462 2240 2520 humanitus
2276 2482 2403 2522 scn-

817 2539 928 2606 tiri,
963 2541 1210 2596 innatum
1234 2543 1512 2613 glaucoma
1549 2548 1835 2616 destruxit,
1867 2553 2153 2609 obtunsum
2183 2558 2404 2616 verticis

819 2629 1102 2701 speculum
1146 2635 1359 2704 gemino
1398 2636 1603 2708 fulgore
1643 2642 1948 2711 complevit.

888 2721 977 2778 57.
1025 2703 1255 2790 Quidam
1285 2703 1550 2784 duodenis
1575 2747 1710 2801 puer
1736 2703 1954 2790 nomine
1985 2736 2242 2795 Erfredus
2277 2703 2405 2797 ner-

2512 2020 2716 2088 gesimo
2737 2022 2913 2094 primo
2954 2024 3109 2077 tertia
3150 2025 3317 2094 ipsius
3346 2026 3764 2080 resurrectionis
3791 2025 4089 2080 Salvatoris

2512 2112 2811 2176 Dominica,
2846 2113 2976 2166 hora
3009 2114 3112 2167 diei
3145 2116 3400 2179 secunda,
3449 2117 3637 2169 eadem
3677 2116 3949 2184 paschalis
3995 2130 4087 2170 so-

2510 2198 2804 2254 lcmnitatis
2847 2202 3038 2271 gaudia
3091 2204 3490 2260 restauratione
3542 2206 3622 2259 sui
3681 2206 3821 2260 haud
3879 2205 4087 2260 modica

2509 2289 2659 2340 auxit
2697 2289 2751 2342 in
2784 2289 2985 2343 lwtitia.
3030 2290 3097 2344 Et
3135 2293 3351 2360 quidem
3383 2303 3526 2364 apte,
3561 2294 3684 2347 dum
3727 2295 3851 2348 huic
3882 2309 3982 2347 vox
4007 2294 4092 2348 in-

2509 2390 2727 2433 sonaret
2752 2381 3065 2450 prophetica
3104 2399 3117 2434 :
3173 2381 3537 2437 Misericordia
3590 2383 3792 2438 Domini
3831 2383 3982 2454 plena
4012 2393 4087 2437 est

2503 2480 2689 2536 terra;
2721 2472 2843 2526 inde
2883 2473 3050 2541 ipsius
3082 2482 3246 2528 tanta:
3274 2475 3641 2530 miseratiOuis
3683 2478 3888 2531 viscera
3939 2476 4087 2530 clan-

2503 2577 2636 2635 gore
2686 2563 2965 2631 signorum
3030 2565 3206 2619 excita
3258 2565 3410 2635 plebs
3458 2580 3789 2621 concurrens
3847 2575 4089 2638 stuperet

2504 2669 2778 2711 universa.

835 2947 4084 2998 —-—___________________________

1308 3168 1924 3286 DE-LATIO
2015 3170 2709 3288 CORPORIS
2798 3173 2917 3287 S.
3009 3174 3578 3292 JUNIANI

1918 3390 1985 3446 IN
2019 3393 2352 3452 SYNODUM
2391 3393 2910 3452 KARROFENSEM

2096 3554 2362 3616 Circiter
2389 3573 2617 3617 annum
2661 3555 2801 3628 988,

1101 3716 1198 3824 Α
1273 3715 1743 3826 Letaldo
1814 3718 2350 3827 monacho
2420 3717 3098 3829 Miciaeei'tsi
3170 3663 3784 3868 descripta.

1780 3944 1956 4014 (Apud
1987 3945 2210 4012 llfabill.,
2236 3947 2362 4000 Acta
2405 3944 2599 4003 Smculi
2635 3947 2724 4016 ιν,
2760 3965 2884 4021 pag.
2921 3950 3069 4018 454.)

886 4276 940 4331 1.
968 4273 1195 4329 Domino
1226 4271 1371 4327 Patri
1398 4271 1778 4326 CONSTANTINO
1806 4280 1859 4325 et
1888 4269 2100 4324 cmteris
2139 4268 2396 4325 fratribus
2424 4276 2468 4338 ρ
2500 4285 2686 4326 eorum
2741 4272 3044 4330 interventu
3089 4284 3324 4346 patrum,
3359 4291 3492 4346 quos
3537 4276 3692 4333 nobis
3739 4277 3962 4350 largitus
3992 4288 4078 4342 est

814 4367 1080 4424 Nobiliaci
1098 4354 1328 4421 emno-bii
1354 4365 1519 4418 frater
1537 4363 1820 4418 LETALDUS
1836 4364 1885 4416 in
1905 4364 2130 4418 Domino
2146 4363 2396 4417 salutem.

883 4459 968 4515 Ad
982 4459 1336 4513 sublevandos
1361 4456 1540 4510 Tobiae
1557 4455 1772 4511 labores
1787 4455 2008 4526 angelus
2021 4454 2260 4524 Raphael
2276 4453 2402 4507 mis-

815 4565 909 4606 sus
935 4565 965 4604 a
998 4550 1245 4613 Domino,
1270 4556 1554 4617 postquam
1578 4563 1698 4600 eum
1718 4561 1825 4600 non
1858 4546 2030 4599 solum
2056 4546 2123 4599 ah
2148 4543 2402 4598 {erumnis

816 4641 961 4696 eruit
994 4655 1182 4695 verum
1209 4639 1373 4693 etiam
1404 4636 1682 4691 beneficiis
1711 4637 1906 4690 divina:
1928 4636 2144 4706 pietatis
2173 4634 2398 4702 adjuvit,

814 4746 1138 4790 reversurus
1165 4730 1230 4784 ad
1255 4745 1377 4785 eum
1402 4745 1432 4783 a
1459 4745 1567 4798 quo
1589 4730 1788 4783 missus
1811 4727 2006 4794 fuerat,
2027 4744 2055 4781 a
2081 4744 2188 4797 quo
2216 4729 2401 4784 exiens

816 4841 926 4881 non
955 4823 1305 4889 discesserat,
1355 4836 1448 4876 eos
1492 4836 1627 4891 quos
1657 4819 1904 4876 beneficii
1935 4820 2149 4890 superni
2178 4835 2402 4876 munere

815 4925 1088 4980 erexerat,
1116 4914 1408 4983 alloquitur
1435 4914 1659 4968 dicens:
1693 4911 1982 4966 Consi/ium
2019 4912 2151 4981 regis
2186 4913 2402 4966 abscon-

819 5010 944 5062 dere
969 5009 1159 5061 bonum
1180 5016 1273 5069 est,
1307 5023 1462 5071 opera
1492 5015 1667 5059 autent
1702 5003 1800 5058 Dei
1834 5003 2057 5057 revelare
2086 5014 2132 5056 et
2165 5004 2401 5072 conﬁteri

818 5098 1167 5166 honoriﬁcum
1227 5107 1299 5150 es!
1341 5096 1490 5165 (Tob.
1536 5103 1656 5167 xu).
1710 5095 2050 5165 Quapmpter
2088 5109 2186 5148 nos
2238 5111 2398 5165 Opera

815 5191 1016 5245 Christi
1055 5204 1173 5258 quae
1203 5205 1299 5258 per
1326 5189 1774 5261 gloriosissimum
1822 5187 2190 5241 confessorem
2241 5202 2397 5240 suum

812 5278 1102 5336 Junianum
1141 5279 1342 5334 nostris
1373 5279 1704 5349 temporibus
1732 5278 1946 5349 operari
1984 5278 2237 5348 dignatus
2291 5287 2398 5344 est,

814 5369 1061 5425 revelare
1087 5378 1142 5424 et
1165 5369 1412 5424 confiteri
1440 5369 1715 5432 convenit,
1745 5367 1811 5422 ad
1843 5367 2056 5422 laudem
2091 5377 2145 5422 et
2168 5368 2397 5439 gloriam

813 5462 1051 5506 nnminie
1102 5460 1238 5506 pius.
1268 5460 1332 5506 ml
1373 5462 1782 5506 malifimtimmm
1836 5461 2188 5506 nlulipntimrr
2227 5471 2285 5506 nt
2314 5479 2400 5506 on.

2505 4363 2910 4431 intercessores,
2962 4377 3016 4422 et
3064 4369 3128 4422 ad
3161 4370 3534 4440 corrigendam
3561 4369 3683 4424 vitae
3722 4379 3920 4426 nostra:
3953 4385 4081 4444 gra-

2502 4455 2720 4508 vitatem
2750 4457 3001 4526 proponit
3028 4457 3334 4513 imitabiles.

2573 4545 2626 4598 2.
2663 4547 3052 4617 Aggrediamur
3108 4549 3272 4619 igitur
3323 4550 3568 4618 promissi
3621 4551 3798 4620 operis
3855 4565 4074 4620 munus,

2504 4641 2930 4706 nostrisquidem
2953 4643 3018 4695 de
3040 4642 3242 4696 viribus
3267 4640 3442 4704 diffisi,
3470 4642 3561 4696 sed
3589 4641 3781 4697 divina:
3812 4642 4079 4714 largitati:

2502 4729 2702 4783 auxilio
2733 4729 2867 4792 fulti,
2905 4731 3046 4786 illius
3067 4731 3315 4786 videlicet
3341 4731 3430 4801 qui
3464 4733 3540 4785 ait
3569 4748 3582 4785 :
3615 4732 3770 4802 Aperi
3808 4749 3866 4787 os
3899 4744 4073 4804 tuum,

2501 4832 2546 4875 et
2587 4839 2678 4890 ego
2713 4821 2930 4891 implebo
2957 4821 3290 4895 illud(l’sal.
3338 4839 3519 4887 LxxXI,
3555 4823 3662 4895 ll).
3712 4823 3814 4881 Vos
3854 4838 4033 4884 autem

2504 4915 2784 4968 reverendi
2823 4913 3012 4970 Patres
3052 4926 3107 4970 et
3153 4917 3373 4983 fratres,
3406 4915 3590 4984 juvate
3635 4919 3903 4988 precibus,
3932 4921 4077 4992 quod

2501 5005 2825 5061 charitativo
2855 5007 3158 5076 injunxistis
3187 5010 3411 5078 imperio
3441 5027 3452 5063 :
3486 5025 3585 5064 nec
3606 5010 3890 5065 admodum
3922 5014 4076 5087 robii

2501 5106 2684 5150 nostra
2703 5098 2983 5166 displiceat
3011 5099 3306 5164 rusticitas,
3323 5101 3608 5156 dummodo
3629 5101 3737 5155 sola
3768 5111 3822 5156 et
3845 5102 4072 5173 integra,

2502 5197 2560 5241 nt
2585 5204 2614 5242 a
2647 5189 2796 5244 vobis
2825 5191 3017 5244 tradita
3067 5206 3169 5255 esr,
3219 5207 3396 5246 rerum
3430 5202 3701 5264 gestarum
3741 5193 4077 5264 complaceat

2502 5281 2719 5334 veritas.
2751 5280 2884 5335 Cum
2927 5284 3096 5336 exorti
3138 5294 3321 5339 essent
3348 5297 3658 5354 peccatores
3700 5287 3838 5342 sicut
3866 5287 4073 5356 fenum,

2501 5383 2553 5426 et
2581 5372 2742 5426 veluti
2776 5388 2964 5442 vepres
2993 5384 3046 5428 et
3073 5375 3242 5445 spinae
3282 5385 3548 5432 terrenam
3582 5376 3906 5435 suffocantes
3927 5394 4072 5436 mes-

2501 5481 2613 5506 cum
2666 5467 2734 5506 ita
2768 5467 2984 5506 mniiani
3017 5469 3216 5506 ηιιῖηηο
3246 5471 3577 5506 Ῐὶηιιιῖηἷηηηὶ
3623 5474 3960 5506 :Inunclnnnnl
3993 5475 4046 5506 u:
