4494 5520
395 441 500 502 825

1247 434 1547 494 JOANNES
1587 433 1677 488 xv
1717 431 1912 485 mm.
1955 461 2021 470 —
2057 430 2326 486 norma
2367 432 2746 494 lllSTORlCA.

3528 429 3636 492 826

398 556 516 611 lata
544 557 986 618 restituerentur;
1014 564 1066 609 et
1096 563 1290 609 caetera
1318 555 1456 608 mala
1503 569 1620 623 quae
1665 552 1963 622 speciosam
1995 553 2040 611 Λ
2069 565 2198 618 pore
2221 566 2388 620 usque
2422 568 2592 615 nunc,
2621 554 2928 621 quicunque
2973 550 3285 605 febricitans
3321 550 3638 614 accesserit,

399 655 597 702 sanctae
619 645 713 701 Dei
743 646 995 700 Ecclesia:
1035 646 1223 699 faciem
1273 645 1562 706 fmilabant,
1608 644 1706 698 sub
1747 644 1967 697 anathe-

399 737 560 794 matis
587 752 842 792 mucrone
885 736 1191 790 ferirentur.
1250 736 1356 789 lloc
1396 736 1558 804 igitur
1582 734 1868 788 concilium
1912 733 1964 786 in

399 827 646 884 coenobio
669 826 974 881 Karrofensi
1009 827 1125 896 cogi
1156 825 1254 878 fuit
1307 826 1654 889 destinatum,
1684 825 1966 892 factusque

398 928 481 975 est
503 919 573 974 ibi
602 919 817 989 grandis
854 935 918 974 ex
968 933 1103 988 pago
1149 917 1369 972 Pictavo
1417 926 1472 972 et
1525 916 1886 980 Lemovicino,
1915 926 1971 971 et

399 1008 763 1077 adiacentibus
802 1010 1109 1077 regionibus
1137 1010 1423 1063 multorum
1466 1025 1758 1065 concursus
1795 1025 1966 1079 popu-

399 1099 591 1156 lorum.
646 1101 777 1155 Nam
831 1110 884 1154 ct
918 1101 1081 1154 multa
1110 1116 1334 1170 corpora
1383 1111 1684 1155 sanctorum
1734 1100 1843 1170 (l8)
1896 1099 1968 1155 ibi

399 1194 561 1248 allata
591 1203 739 1259 sunt,
769 1210 996 1264 quorum
1048 1195 1330 1264 praesentia
1362 1203 1415 1246 et
1447 1194 1764 1264 religiositas
1815 1193 1971 1247 robo-

401 1295 635 1348 raretur,
691 1295 744 1340 et
799 1286 1154 1355 malignorum
1209 1286 1510 1356 procacitas
1571 1286 1967 1341 rctunderetur.

399 1376 541 1432 Sane
581 1379 706 1435 illud
747 1380 1032 1435 concilium
1079 1380 1274 1439 divina,
1311 1389 1365 1432 ut
1412 1380 1666 1444 creditur,
1700 1379 1974 1434 voluntate

398 1478 643 1524 coactum
675 1486 770 1540 per
791 1481 1101 1524 sanctorum
1143 1471 1481 1539 przcscntiam
1526 1470 1822 1539 frequentia
1855 1469 1973 1522 illu-

397 1570 637 1616 stravere
684 1561 956 1614 miracula.
991 1561 1057 1614 At
1084 1576 1208 1614 vero
1249 1562 1387 1614 inter
1435 1570 1629 1614 caetera
1664 1561 1771 1613 Deo
1813 1560 1971 1629 digna

399 1665 712 1710 sanctorum
767 1657 1012 1726 pignora,
1054 1656 1216 1707 etiam
1272 1655 1485 1723 gloriosi
1534 1654 1708 1707 Patris
1756 1651 1971 1706 Juniani

397 1749 604 1804 cxuvia:
625 1764 745 1804 cum
773 1749 984 1802 decenti
1018 1749 1220 1801 honore
1250 1747 1438 1800 delatm
1466 1755 1607 1799 sunt.

485 1843 538 1896 5.
612 1839 717 1895 Sed
790 1841 928 1894 inter
998 1839 1109 1893 hmo
1171 1838 1372 1908 agenda
1440 1852 1559 1890 cum
1631 1850 1658 1888 a
1729 1833 1974 1889 coenobio

397 1933 570 1989 sancti
636 1932 812 1987 Patris
877 1933 1030 1987 elate
1095 1940 1278 1984 essent
1345 1929 1612 1998 reliqui:e,
1670 1942 1772 1981 non
1838 1912 2048 1979 mul-B

399 2034 512 2080 tum
586 2024 740 2093 longe
809 2039 836 2077 a
909 2022 1234 2076 monasterio
1301 2021 1353 2074 hi
1429 2021 1515 2088 qui
1581 2019 1746 2072 sancti
1815 2018 1975 2071 vehe-

398 2116 529 2170 bant
578 2116 877 2175 sarcinam,
911 2114 1292 2172 consederunt,
1343 2120 1396 2164 et
1450 2126 1659 2163 sacrum
1713 2125 1850 2162 onus
1886 2109 1977 2162 de-

398 2216 711 2276 posuerunt.
764 2206 818 2258 ln
875 2220 939 2257 co
995 2204 1158 2273 igitur
1199 2203 1313 2256 loco
1360 2212 1479 2271 post
1519 2200 1974 2254 sanctissimarum

400 2297 749 2366 reliquiarum
783 2297 1115 2352 evectionem
1151 2294 1364 2347 devotio
1395 2293 1628 2346 fidelium
1657 2293 1832 2345 crucis
1860 2306 1981 2345 ere-

398 2390 480 2443 xit
511 2389 763 2442 vexillum
795 2389 862 2442 ob
891 2388 1204 2442 memoriam
1248 2396 1301 2440 et
1350 2387 1802 2449 recordationem,
1836 2383 1978 2452 quod

399 2481 471 2536 ibi
501 2481 671 2534 sancti
699 2479 874 2533 Patris
908 2479 1145 2546 reliquim
1173 2477 1502 2546 quievissent
1528 2494 1538 2528 :
1567 2485 1620 2529 ct
1655 2475 1721 2528 ab
1751 2490 1814 2528 eo
1846 2484 1980 2527 tem-

399 2622 520 2682 990,
551 2622 841 2676 secundum
881 2617 1171 2688 capitulum
1209 2615 1515 2668 decernitur
1536 2613 1791 2688 adversus
1835 2626 1971 2679 pra:-

401 2695 588 2753 dones,
631 2691 685 2744 ut
719 2685 1071 2743 duliium'non
1105 2687 1172 2740 sit
1208 2688 1270 2738 ad
1319 2702 1437 2738 cam
1490 2685 1676 2738 referri
1723 2689 1972 2752 oportere

401 2765 539 2818 hanc
568 2763 907 2815 delationem.

471 2835 583 2901 (18)
628 2835 698 2885 In:
728 2850 875 2885 more
907 2830 1046 2882 illius
1081 2826 1358 2901 temporis.
1390 2825 1478 2879 Sic
1518 2824 1772 2901 feretrum
1800 2820 1972 2901 sancti

400 2893 674 2959 Bercliarii
704 2903 915 2957 abbatis
959 2893 1242 2955 [)crveusis
1298 2898 1347 2948 in
1388 2896 1649 2949 svnudum
1699 2893 1976 2945 Aiereien-

1263 3060 1359 3070 ..νη-ο

2069 643 2316 699 invocato
2345 644 2542 699 Christi
2568 646 2779 698 nomine
2805 661 2899 715 per
2927 645 3372 698 interventioncm
3401 643 3638 714 ejusdem

2068 735 2243 790 Patris
2270 738 2550 806 pristinam
2592 739 2943 806 consequitur
2980 738 3286 791 sanitatem.
3335 735 3462 790 lude
3512 747 3642 804 ergo

2069 841 2190 880 cum
2219 827 2285 880 ad
2316 826 2549 880 villulam
2583 828 2668 881 cui
2710 825 2978 881 Ruﬂiacus
3013 843 3206 882 nomen
3255 836 3357 891 est,
3379 827 3642 879 accessis-

2068 930 2206 985 sent,
2241 922 2572 976 mansionem
2604 920 2734 976 inibi
2765 932 3123 990 acceperunt,
3150 931 3466 989 noctemque
3496 918 3640 974 illam

2070 1016 2122 1070 in
2157 1015 2246 1070 Dei
2283 1014 2526 1068 laudibus
2547 1022 2601 1068 et
2620 1013 2832 1084 hymnis
2861 1013 3170 1084 pervigilem
3201 1015 3475 1077 ducentes,
3501 1011 3642 1066 facto

2070 1121 2226 1161 mane
2256 1107 2355 1161 iter
2396 1107 2767 1174 arripuerunt;
2818 1106 2908 1159 sed
2956 1104 3304 1159 nihilominus
3353 1105 3403 1158 in
3453 1105 3642 1160 eodem

2070 1198 2186 1251 loco
2215 1213 2323 1267 quo
2357 1197 2678 1266 quieverant
2711 1195 2969 1264 reliquim,
3003 1194 3186 1250 ﬁdeles
3232 1194 3524 1249 Christiani
3579 1209 3644 1249 ex

2072 1288 2215 1342 lemo
2246 1289 2444 1342 vimine
2479 1288 2628 1356 quasi
2661 1288 2930 1356 quoddam
2989 1286 3166 1340 fecere
3223 1285 3541 1356 peribolum,
3587 1294 3648 1340 ut

2071 1379 2219 1434 locus
2248 1379 2360 1449 ipse
2391 1395 2497 1447 quo
2522 1393 2673 1432 sacra
2703 1378 2942 1431 membra
2974 1378 3148 1431 locata
3179 1375 3391 1429 fuerant
3435 1377 3503 1429 ab
3551 1391 3646 1430 ac-

2071 1487 2224 1526 cessu
2262 1471 2537 1525 hominum
2569 1480 2622 1523 ct
2651 1469 2959 1524 animalium
2993 1480 3140 1524 tutus
3172 1475 3494 1523 remaneret.
3521 1467 3650 1524 Post

2072 1563 2268 1618 inultos
2304 1563 2416 1616 dies
2457 1573 2639 1617 taurus
2671 1563 2816 1616 ferox
2848 1562 3077 1616 accessit
3106 1571 3160 1615 et
3184 1560 3441 1615 cornibus
3483 1570 3649 1630 atque

2071 1656 2234 1708 costis
2255 1653 2440 1708 eadem
2472 1667 2650 1721 sepem
2696 1649 3020 1706 ludibundus
3047 1650 3351 1713 concussit;
3385 1649 3478 1704 sed
3525 1663 3650 1703 mox

2073 1757 2132 1801 ut
2161 1763 2189 1800 a
2227 1761 2366 1816 saepe
2399 1746 2640 1810 recessit,
2670 1747 2875 1800 corruit
2909 1754 2961 1799 et
2991 1745 3308 1814 exspiravit.
3360 1743 3414 1797 In
3463 1744 3652 1798 eodem

2076 1857 2288 1910 quoque
2321 1841 2436 1896 loco
2476 1855 2538 1894 cx
2573 1841 2774 1910 ingenti
2829 1839 3000 1894 imbre
3045 1839 3235 1894 lacuna
3290 1847 3650 1904 succreverat,

2076 1947 2193 2001 qua:
2222 1941 2524 2001 susceptam
2557 1930 2864 1999 aliquandiu
2899 1930 3139 1984 retinens
3167 1943 3361 2000 aquam
3383 1970 3398 1994 ,
3424 1943 3520 1999 pro
3570 1942 3655 1982 re-

2085 2025 2319 2077 verentia
2350 2033 2657 2078 sanctorum
2684 2023 2963 2093 pignorum
2998 2021 3062 2075 ad
3110 2021 3432 2076 abluendam
3482 2021 3654 2092 pluri-

2084 2133 2200 2172 mos
2240 2117 2518 2180 invitabat,
2548 2118 2685 2171 inter
2726 2132 2860 2186 quos
2906 2115 3135 2170 accessit
3180 2114 3423 2185 qumdam
3465 2113 3657 2168 mulier

2082 2210 2428 2279 clephantino
2462 2209 2714 2263 laborans
2745 2208 2952 2271 inorbo,
2984 2224 3102 2278 qua:
3131 2223 3254 2263 cuin
3280 2223 3347 2262 ex
3378 2207 3564 2261 eadem
3599 2218 3658 2259 se

2084 2303 2303 2356 lavisset
2328 2317 2488 2370 aqua,
2517 2303 2757 2370 pristina:
2803 2301 3022 2357 sanitati
3078 2300 3326 2356 restituta
3375 2296 3657 2354 incolumis

2085 2394 2343 2448 remeavit
2370 2393 2434 2447 ad
2465 2393 2698 2464 pr0pria.

2080 2627 2191 2665 sem
2224 2611 2456 2665 delatum
2489 2619 2590 2673 est,
2627 2617 2891 2677 regnante
2918 2608 3174 2663 Rotberto
3206 2623 3359 2680 rege;
3384 2615 3438 2662 et
3475 2613 3660 2680 sancta

2079 2684 2237 2737 Fides
2267 2685 2405 2737 inter
2435 2683 2596 2736 multa
2620 2688 2926 2734 sanctorum
2960 2695 3207 2749 corpora,
3231 2678 3347 2748 qua:
3374 2678 3660 2732 secundum

2083 2770 2275 2805 morem
2324 2754 2600 2821 provinciw
2639 2751 2881 2818 feruntur
2909 2751 2977 2803 ad
3025 2749 3271 2816 concilia,
3299 2749 3660 2820 principatum

2086 2825 2321 2878 tenuisse
2354 2824 2568 2877 dicitur.

407 3075 3658 3144 πει-*αξ

799 3125 1305 3138 fw”—

1641 3278 1798 3321 AN’NO
1845 3275 2072 3318 DOMINI
2112 3271 2481 3315 DCCCCCXVI.

745 3478 1899 3697 JOANNES
2044 3475 2426 3686 XV
2585 3467 3338 3678 PAPA.

1397 3983 1900 4079 NOTITIA
1969 3976 2656 4071 HISTORICA.

1015 4211 1190 4286 (Apud
1213 4209 1383 4266 Mansi
1415 4189 1769 4263 Conciliorum
1797 4201 2120 4272 amplissima
2149 4199 2422 4266 Collectio,
2443 4207 2575 4253 tom.
2611 4195 2754 4262 XIX,
2789 4210 2914 4268 pag.
2953 4194 3069 4267 8‘2.)

483 4581 741 4644 Joannes,
783 4577 952 4647 patria
982 4575 1280 4647 Romanus,
1313 4585 1377 4624 ex

413 4638 563 4712 muni
597 4638 849 4719 sutTi'agio
878 4648 1114 4715 legitime
1147 4644 1350 4719 cli-ctus
1375 4638 1454 4719 est
1480 4655 1620 4718 anno
1652 4638 1851 4690 Christi

413 4741 599 4783 cessor
633 4713 820 4792 passus
869 4713 1259 4792 er5u_l,_sece_ssit
1308 4713 1356 4764 in

1416 4577 1567 4639 patre
1596 4566 1776 4621 Leone
1807 4575 1990 4639 postea
2022 4563 2367 4639 presbytero
2394 4564 2748 4639 natus,mpo_s_t_
2801 4554 3128 4636 crstinctum
3183 4562 3469 4620 tyrannum
3521 4563 3666 4639 corn-

1887 4635 1989 4690 985
2015 4621 2113 4687 sub
2143 4621 2306 4702 rc'gno
2332 4621 2784 4702 Ottonislll._l_lie
2828 4627 3020 4679 tiumre
3064 4640 3251 4702 eorum
3286 4639 3411 4702 ‘quu:
3457 4621 3656 4702 praede-

1388 4692 1659 4772 Tusciain,
1690 4725 1809 4761 cum
1841 4724 1866 4758 a
1894 4722 2030 4760 novo
2065 4692 2289 4775 lyr-almo
2319 4701 2628 4775 Crescentio
2665 4699 3022 4775 l‘g‘uincntano.
3049 4697 3136 4775 qui
3159 4693 3334 4775 ’titulo
3360 4692 3668 4770 consulatus

414 4762 1508 4853 hiddiiidiregiiilsancti’Aiigelimpos-sidere
1547 4762 1828 4847 aggressus
1860 4787 1960 4841 est,
1990 4762 2360 4853 infestaretur.
2382 4762 3105 4853 .fiuntque.legatiopes‘lad
3135 4764 3404 4853 "Ottoncm
3451 4762 3667 4853 mittere

840 4842 1064 4914 Romani
1091 4842 1363 4937 'mcm'ore‘s
1387 4842 1716 4937 eo'rum‘qua:
1745 4859 1962 4937 propter
1993 4847 2217 4937 ipjurias
2247 4842 2586 4913 pontificibus

2637 4833 2812 4892 illatas
2853 4838 2919 4888 ah
2967 4835 3252 4890 Ottonibus
3305 4833 3668 4887 anterioribus

454 4902 1713 4998 degatione
1735 4902 1980 4973 eumdem
2005 4902 2267 4998 Joqnneu'i
2301 4921 2635 4994 revocarunt,
2683 4911 2912 4989 dataque
2949 4906 3224 4998 (inllinompi
3250 4903 3563 4998 |securitate
3615 4902 3664 4953 iu

472 4992 618 5063 rbem
656 4992 834 5058 redire
869 4992 1149 5067 rogarunt.
1191 4997 1344 5067 Quod
1383 4996 1506 5046 dum
1547 4992 1766 5067 faceret.
1810 5004 1998 5067 onmes
2040 5005 2052 5067 ξ

417 5059 900 5135 dem—honorarunt
926 5059 1088 5139 seque
1127 5059 1592 5139 illi'subjecerunt.
1624 5060 1870 5139 Libentio
1905 5059 2054 5139 llainl

419 5130 630 5205 Féiiéém
655 5130 1080 5213 vicecpiscopum
1098 5141 1174 5213 ad
1201 5134 1612 5213 regenLAngliar
1639 5142 1693 5186 et
1722 5133 1912 5184 ducem
1946 5130 2040 5213 δυι

417 5204 747 5276 conciliaret.
783 5204 911 5268 A'eta
945 5204 1668 5281 pseudosyuodilii-mensis,
1690 5219 1792 5271 qua
1821 5211 2011 5281 Iainoto

417 5273 474 5346 et
491 5273 734 5343 amotum
765 5286 874 5338 sedi
907 5273 1014 5355 sua:
1053 5273 1259 5355 restitui
1297 5277 1522 5356 [ςΙὴ-ἰιυν
1553 5273 1859 5356 υνοςυιύχίι
1885 5273 1982 5340 (l).

2053 4986 2350 5038 idventanti
2385 4975 2759 5043 occurrerunt,
2790 4979 2890 5046 piis
2913 4976 3100 5032 «illiciis
3131 4985 3184 5028 et
3214 4975 3669 5046 obsequiis_cum-

2061 5058 2294 5127 nirgensi
2335 5056 2585 5127 episcopo
2618 5043 2835 5127 pallium
2869 5048 3155 5127 concessit.
3204 5046 3437 5127 Leonem
3464 5043 3670 5127 .Trevi-

2059 5113 2397 5180 tnuiunorurh
2453 5113 2742 5190 ablegavit,
2781 5133 2839 5177 ut
2892 5135 2984 5172 eos
3033 5119 3172 5190 inter
3237 5134 3293 5169 se
3329 5113 3673 5190 dissidentes

2046 5200 2320 5266 Arnulpho
2369 5185 2687 5266 Gel'lieriiis_
2714 5193 3038 5266 submgatns
3081 5187 3284 5266 fuerat,
3325 5185 3670 5266 improbavit,

2015 5270 2091 5321 Ad
2122 5259 2418 5324 CresCeutii
2446 5263 2809 5335 tyrannidem,
2832 5277 2951 5346 qua:
2981 5262 3032 5313 in
3063 5261 3176 5312 dies
3199 5259 3368 5325 magis
3395 5259 3676 5346 magisque
