4494 5520
857 440 962 499 897

2140 444 2423 501 JOANNIS
2455 444 2547 500 XV
2590 444 2789 533 ΡΑΡλβ

2113 646 4100 673 ’.ιι-*Μ

1591 808 2747 951 δθΔΝΝῙΒῘΧπ
2822 823 3365 936 ΡΔΡΕ

1379 1057 2191 1188 EPISTOLZE
2290 1061 2491 1184 ET
2591 1059 3562 1193 PBIVILEGIA.

873 1547 1218 1594 Ριιινιιεῦιωί
1249 1551 1349 1593 PRO
1379 1550 1717 1592 IIONASTERIO
1745 1550 1888 1591 CCI-3L1
1918 1550 2079 1592 Αωιει
2111 1550 2396 1593 TICINENSI.

1154 1630 1560 1701 Fragmentum.
1600 1661 1669 1669 —
1704 1629 1904 1701 (Anno
1937 1629 2058 1683 986.
2087 1631 2103 1698 )

841 1721 1035 1777 Omnes
1062 1723 1173 1792 ejus
1204 1722 1306 1776 loci
1329 1725 1677 1789 possessiones
1706 1722 1983 1789 confirmat
2005 1764 2017 1785 ,
2043 1731 2241 1789 petente
2269 1721 2423 1792 Petra

908 1791 1123 1855 abbate.
1153 1795 1299 1863 eique
1330 1795 1560 1846 concedit
1595 1810 1745 1845 usum
1778 1793 2075 1844 dulntatica'
2095 1835 2106 1856 ,
2152 1791 2424 1863 sandalio-

910 1881 1057 1927 rum,
1090 1865 1333 1931 pedulum
1364 1875 1409 1916 et
1443 1863 1895 1925 cltirotltecarunt,
1928 1879 1989 1915 ac
2026 1862 2329 1930 facultatem
2367 1863 2421 1915 in

905 1935 1089 1987 itinere
1114 1934 1378 2002 deferendi
1400 1932 1808 1986 tintinnabulum
1834 1936 1885 1984 in
1910 1932 2127 1999 capella.
2146 1943 2191 1985 et
2213 1933 2420 2000 quidem

917 2005 985 2057 ad
1012 2005 1258 2057 honorem
1287 2005 1456 2057 sancti
1494 2002 1636 2056 I’etri
1657 2045 1669 2064 ,
1704 2019 1899 2055 necnon
1930 2022 1945 2051 ε
1968 2003 2283 2055 sanctissimi
2313 2003 2421 2053 An-

903 2075 1127 2143 gustini,
1160 2077 1312 2143 cujus
1344 2075 1763 2143 sacratissimum
1786 2089 1972 2143 corpus
2002 2090 2051 2124 τη
2087 2072 2178 2125 illa
2200 2073 2419 2125 ecclesia

902 2140 1231 2198 reconditum
1252 2154 1346 2197 est.
1373 2144 1565 2196 Datum
1591 2160 1686 2196 vm
1719 2142 1843 2195 Kal.
1878 2140 2158 2195 Februarii
2187 2159 2277 2205 per
2302 2161 2419 2194 ma-

902 2232 999 2268 nus
1037 2213 1263 2268 Joannis
1302 2214 1526 2282 episcopi
1565 2213 1849 2281 Nepesini,
1885 2212 2108 2265 Joannis
2136 2228 2284 2281 papa:
2313 2211 2417 2266 XV

900 2302 1041 2338 anno
1069 2285 1239 2354 primo
1259 2325 1272 2347 ,
1307 2285 1590 2338 indictione
1623 2299 1731 2336 x1v.
1756 2304 1775 2335 ι

897 2372 1077 2448 [Apud
1105 2372 1305 2428 Mabill.
1343 2373 1533 2427 Annal.
1564 2372 1762 2427 Bened.
1799 2382 1929 2427 tom.
1957 2370 2048 2437 IV,
2077 2388 2199 2444 pag.
2229 2370 2343 2443 55.]

1008 2569 1353 2611 Ρηινιιεσιωί
1385 2569 1486 2608 PRO
1517 2568 1856 2609 MONASTEBIO
1887 2568 1936 2608 S.
1968 2569 2239 2608 MAXIMINI.

1418 2648 1437 2717 (
1462 2645 1631 2701 Anno.
1656 2644 1779 2701 987.
1805 2645 1824 2716 )

853 2737 1029 2814 [Apud
1055 2739 1347 2795 Hontheim
1369 2780 1382 2805 ,
1414 2739 1557 2793 Ilist.
1588 2739 1784 2794 Trevir.
1819 2738 2059 2809 diplom.,
2090 2754 2211 2811 pag.
2238 2738 2389 2813 326.]

2451 1446 2505 1504 Α
2531 1442 2726 1497 ibidem
2749 1442 2952 1511 absque
2977 1441 3134 1497 ullius
3159 1441 3585 1497 contradictione
3610 1439 3747 1496 liber
3767 1447 4106 1513 permaneat.

2525 1534 2607 1589 Ad
2661 1534 2935 1589 cumulum
2984 1550 3198 1606 quoque
3247 1534 3330 1590 vel
3385 1544 3733 1604 augmentum
3786 1535 4098 1589 monastica

2528 1626 2937 1696 tranquillitatis
2977 1627 3293 1695 adjicimus,
3336 1641 3403 1680 ne
3441 1628 3563 1695 quis
3602 1624 3887 1693 cujuslibet
3921 1624 4100 1695 digni-

2525 1720 2651 1772 tatis
2689 1733 2952 1788 persona,
2995 1717 3079 1772 vel
3109 1717 3305 1787 aliquis
3345 1732 3718 1772 successorum
3752 1726 3965 1770 tuorum
3996 1715 4105 1784 spi-

2530 1808 2637 1862 ritu
2672 1808 2910 1879 maligno
2941 1809 3227 1872 seductus,
3259 1809 3515 1878 quiddam
3546 1807 3629 1863 vel
3660 1807 3939 1862 minitnum
3972 1806 4096 1861 alie-

2525 1917 2657 1956 nare
2687 1910 3007 1971 przesumat,
3045 1910 3154 1955 tam
3210 1917 3278 1958 ex
3309 1902 3392 1957 his
3431 1918 3550 1970 quas
3580 1902 3738 1956 modo
3766 1901 4097 1957 monasterio

2527 2002 2616 2047 tuo
2643 1992 2834 2048 collata
2871 2000 3025 2057 sunt,
3065 2008 3227 2062 quam
3266 2008 3333 2048 ex
3390 1994 3474 2047 his
3513 2009 3634 2062 quae
3683 1993 3863 2048 caeteri
3917 1991 4103 2048 ﬁdeles

2527 2088 2579 2140 in
2613 2086 2726 2141 dies
2756 2084 3006 2139 collaturi
3039 2094 3185 2139 sunt.
3220 2084 3277 2139 Si
3325 2086 3447 2155 quis
3494 2096 3676 2140 autem
3699 2125 3714 2150 ,
3746 2084 3888 2154 quod
3921 2084 4102 2151 absit,

2521 2179 2729 2234 nefario
2754 2194 2887 2234 ausu
2917 2178 3323 2247 prmsumpserit
3349 2193 3411 2232 ea
3438 2193 3559 2247 qua:
3583 2177 3649 2231 ad
3681 2176 3965 2230 utilitatem
3987 2174 4102 2242 jam

2519 2271 2646 2326 dicti
2671 2269 2996 2325 venerabilis
3021 2268 3334 2322 monasterii
3375 2276 3577 2321 statuta
3622 2274 3780 2330 sunt,
3808 2263 4102 2333 infringere

2520 2369 2615 2415 aut
2645 2360 2700 2413 in
2743 2374 3011 2430 quoquam
3044 2358 3246 2413 violare
3273 2400 3287 2423 ,
3320 2358 3457 2413 sciat
3486 2372 3544 2412 se
3573 2356 3898 2412 auctoritate
3926 2356 4104 2410 omni-

2517 2453 2754 2523 potentis
2788 2452 2881 2506 Dei
2906 2492 2920 2518 ,
2943 2466 3040 2522 per
3069 2452 3518 2507 interventionem
3544 2450 3686 2504 beati
3714 2448 3857 2503 Petri
3886 2457 4100 2517 aposto-

2517 2544 2694 2599 lorum
2744 2544 3041 2616 principis,
3094 2544 3249 2614 cujus
3294 2543 3414 2597 vice
3458 2541 3754 2612 fungimur,
3802 2548 3856 2595 et
3901 2548 4101 2594 nostra:

2518 2637 2858 2691 auctoritatis
2896 2635 3205 2705 apostolica:
3242 2635 3704 2697 constitutionem,
3742 2641 3798 2687 et
3829 2630 4097 2702 suinaga-

2520 2745 2744 2784 neorum
2807 2730 3177 2799 episcoporum
3232 2728 3331 2799 (4),
3379 2725 3739 2781 anathematis
3766 2722 3981 2778 vinculo
4018 2722 4100 2777 in-

892 2831 1129 2890 Josaues
1155 2833 1472 2902 episcopus,
1504 2846 1695 2885 servus
1720 2846 2001 2885 servorum
2029 2831 2155 2895 Dei,
2186 2846 2408 2886 venera-
2442 2807 2490 2867 Β
2518 2819 2910 2876 extricabililel‘
2938 2817 3274 2874 imlodulllm-

822 2926 915 2983 bili
959 2926 1138 2981 abbati
1182 2924 1399 2978 amabili
1446 2924 1603 2978 nobis
1647 2924 1700 2977 in
1728 2923 1946 2979 Christo
1977 2922 2087 2977 ﬁlio
2117 2921 2283 2978 OGONI
2326 2923 2412 2978 be-

824 3017 1188 3075 nedictionem
1220 3016 1594 3086 apostolicam.

894 3109 1161 3166 Convenit
1186 3107 1485 3179 apostolico
1512 3105 1868 3162 moderamini
1896 3106 1981 3176 pia
2010 3106 2269 3177 religione
2292 3106 2409 3176 pol-

821 3204 1059 3263 lentibus
1094 3204 1357 3261 benevola
1402 3203 1779 3273 compassione
1814 3204 2141 3268 subvenire,
2182 3212 2237 3257 et
2287 3202 2414 3258 reli-

822 3299 977 3371 gioso
1008 3306 1137 3354 voto
1167 3313 1449 3354 assensum
1485 3297 1751 3366 impartiri
1778 3314 1791 3363 ;
1825 3312 1853 3350 a
1886 3312 2098 3352 summo
2124 3297 2269 3352 enim
2297 3296 2414 3367 epi-

823 3392 927 3445 ﬁee
958 3405 1058 3445 nos
1086 3404 1153 3444 ex
1186 3389 1289 3445 hoc
1326 3390 1607 3458 praemium
1645 3397 1969 3457 accepturos
2007 3403 2290 3458 speramus
2313 3428 2328 3454 ,
2366 3388 2412 3444 si

822 3483 1087 3540 ecclesias
1130 3482 1199 3537 ad
1246 3480 1611 3551 ejus-cultum
1658 3489 1992 3552 przeparatas
2032 3492 2219 3538 nostra
2257 3481 2412 3536 indu-

821 3572 960 3630 stria
992 3572 1048 3628 in
1081 3571 1280 3627 melius
1310 3579 1555 3627 statuere
1586 3570 1921 3626 laboramus.
1955 3572 2123 3640 Igitur
2153 3580 2258 3625 tua:
2288 3571 2412 3626 reli-

823 3667 975 3740 gioni
1019 3681 1303 3723 assensum
1355 3665 1696 3736 praebentes,
1746 3665 2074 3719 auctoritate
2131 3664 2412 3735 apostolici

820 3760 1081 3832 praecepti
1108 3758 1491 3824 decernimus,
1521 3766 1583 3811 ut
1607 3756 1955 3829 congregatio
1982 3756 2093 3813 Deo
2118 3766 2413 3828 sanctoque

819 3852 1117 3909 Maximino
1153 3852 1505 3915 deserviens,
1545 3850 1707 3906 sicuti
1746 3867 1775 3904 a
1816 3851 2141 3906 charissimo
2178 3851 2288 3906 ﬁlio
2315 3867 2410 3907 no-

819 3953 936 4001 stro
974 3960 1103 4016 rege
1141 3943 1373 4010 Ollone,
1404 3943 1727 4012 exterisque
1765 3942 2011 4015 regibus,
2056 3943 2142 4000 vel
2178 3944 2412 4015 impera-

816 4036 1026 4091 toribus
1050 4034 1417 4100 Francorum,
1448 4043 1539 4088 tuo
1568 4034 1821 4089 coenobio
1850 4049 2170 4090 concessum
2199 4044 2314 4098 est,
2347 4036 2410 4090 li-

819 4127 1005 4183 beram
1031 4126 1287 4195 deinceps
1310 4126 1544 4180 habeant
1568 4130 1889 4193 potestatem
1914 4124 2133 4179 creandi
2161 4126 2303 4179 inter
2324 4140 2405 4190 se,

813 4234 974 4289 quem
1008 4219 1304 4273 secundum
1344 4216 1509 4270 Deum
1552 4215 1657 4269 sibi
1686 4214 1983 4283 elegerint,
2013 4216 2283 4281 abbatem,
2304 4231 2401 4273 nec

812 4312 989 4382 aliqua
1014 4309 1267 4380 quaslibet
1287 4308 1565 4379 dignitatis
1586 4323 1816 4377 persona
1834 4307 1910 4378 t2)
1964 4308 2102 4363 infra
2128 4320 2399 4365 monaste-

810 4402 951 4456 rium
972 4441 986 4465 ,
1016 4401 1119 4455 nisi
1151 4416 1179 4453 a
1212 4409 1262 4454 te
1291 4399 1373 4453 vel
1406 4414 1434 4452 a
1464 4413 1782 4453 successore
1809 4409 1901 4454 tuo
1931 4401 2212 4465 invitatur,
2241 4402 2398 4471 quid-

808 4507 970 4563 quam
1010 4506 1109 4561 pro
1154 4507 1253 4546 suo
1289 4490 1442 4544 lihitu
1483 4491 1740 4544 ordinare
1776 4490 1859 4543 vel
1900 4506 2156 4546 exercere
2192 4508 2394 4561 praesu-

807 4592 938 4639 mat.
1000 4582 1373 4637 interdicimus
1404 4581 1568 4636 etiam
1622 4581 1916 4650 apostolico
1977 4592 2266 4651 prmcepto,
2321 4598 2391 4637 ne

803 4677 888 4732 cui
945 4690 1182 4744 unquam
1224 4673 1468 4728 ecclesiae
1510 4671 1593 4727 vel
1639 4672 1750 4727 sedi
1803 4672 1914 4743 (5),
1945 4675 2262 4733 concamhio
2309 4674 2392 4728 vel

804 4770 990 4839 aliquo
1029 4767 1249 4837 ingenio
1285 4767 1571 4832 subdatur,
1613 4766 1705 4819 sed
1749 4765 1840 4818 tali
1884 4765 2167 4831 libertate,
2199 4776 2251 4821 et
2292 4767 2395 4820 im-

802 4862 1097 4928 munitate,
1132 4860 1273 4914 sicut
1305 4859 1623 4914 Prumieuse
1654 4858 2042 4912 monasterium
2076 4869 2386 4927 eteteraque

802 4954 1005 5025 regalia
1034 4953 1150 5009 loca
1173 4993 1187 5018 ,
1218 4951 1478 5007 inoffense
1504 4959 1555 5005 et
1583 4949 1972 5021 perpetualiter
1996 4950 2204 5004 fruatur
2229 4967 2241 5014 ;
2275 4951 2387 5019 ipse

798 5062 929 5103 vero
965 5046 1114 5101 locus
1154 5044 1469 5100 monasterii
1510 5042 1819 5113 perenniter
1857 5041 1956 5094 sub
2008 5041 2387 5096 mundiburdio

798 5154 986 5211 regum
1022 5147 1078 5193 et
1120 5137 1541 5206 imperatorum,
1594 5132 1831 5187 ﬁliorum
1877 5140 2077 5186 saneta:
2129 5130 2387 5185 Retnanze

799 5231 1076 5297 ecclesias,
1105 5229 1405 5303 apostolico
1430 5234 1700 5297 praecepto
1746 5226 2002 5297 jubetuus
2040 5233 2099 5278 ut
2127 5233 2379 5290 maneat;

2592 2909 2870 2979 Scriptum
2904 2925 2999 2979 per
3030 2925 3222 2963 manus
3252 2907 3533 2977 Theophili
3570 2906 3747 2962 Latini
3780 2904 4015 2970 notarii,
4045 2912 4103 2960 et

2516 2999 2812 3069 regionarii
2836 3040 2849 3063 ,
2883 3009 3045 3067 atque
3085 2997 3355 3052 scriniarii
3398 2996 3456 3051 S.
3490 2996 3556 3049 Β.
3588 2996 3651 3050 Ε.
3686 2996 3737 3049 in
3780 3010 3966 3050 mense
4002 2992 4099 3048 εἰει-

2515 3088 2725 3152 nuario,
2760 3089 3054 3144 indictione
3106 3104 3193 3141 xv.
3236 3087 3380 3142 Bene
3417 3086 3615 3140 valete.
3659 3087 3851 3140 Datum
3886 3101 3939 3138 vt
3976 3084 4101 3139 ldus

2514 3181 2795 3246 Januarii,
2828 3197 2925 3251 per
2956 3196 3175 3235 manum
3205 3179 3432 3234 Joannis
3459 3178 3695 3248 episcopi
3728 3187 3776 3232 et
3810 3176 4099 3231 bibliothe-

2523 3276 2659 3331 carii
2701 3284 2903 3331 sancta:
2926 3274 3252 3344 apostolicae!
3275 3273 3449 3337 sedis,
3483 3287 3658 3336 anno,
3691 3271 3801 3325 Deo
3833 3267 4099 3339 propitio,

2514 3365 2870 3437 pontiﬁcatus
2894 3364 3097 3419 domini
3124 3362 3346 3417 Joannis
3371 3361 3564 3416 summi
3592 3358 3864 3430 pontiﬁcis
3888 3368 3943 3415 et
3969 3360 4089 3412 uni-

2513 3456 2737 3512 versalis
2760 3457 2997 3526 episcopi
3051 3454 3171 3520 XV,
3228 3456 3282 3509 in
3336 3453 3579 3509 sacrario
3633 3452 3873 3506 ecclesia:
3923 3450 4100 3505 sancti

2514 3546 2659 3602 Petri
2712 3545 3075 3616 apostolorum
3105 3544 3414 3616 principis,
3462 3557 3606 3597 anno
3633 3543 3868 3614 |_Domiui
3922 3541 4097 3598 nostri

2515 3636 2645 3693 Jesu
2671 3635 2876 3693 Chricti
2903 3635 3026 3692 987.

2657 3857 3001 3898 PRIVILEGIUM
3039 3855 3253 3896 JOANNIS
3289 3854 3433 3893 ΡΑΡᾹΞ
3474 3853 3543 3892 ιν
3577 3852 3677 3892 PRO
3707 3852 3955 3893 ECCLESIA

3136 3926 3475 3967 NOVIOHENSI.

3122 4025 3300 4095 (Anno
3344 4023 3492 4093 788.)

2587 4132 2903 4204 [Colliette_,‘
2938 4128 3219 4184 Mémoires
3255 4126 3739 4269 d115_¥iz]rittandois,
3798 4134 3927 4180 tom.
3976 4125 4015 4179 l.

3148 4213 3272 4268 pag.
3351 4212 3427 4249 Α.

3148 4213 3272 4268 pag.
3305 4212 3427 4251 OH.

2575 4317 2807 4372 Joannes
2851 4328 3155 4385 episcopus,
3208 4328 3399 4368 servus
3455 4327 3738 4367 servorum
3790 4311 3907 4377 Dei,
3939 4312 4093 4368 omni

2504 4409 2763 4464 Ecclesiae
2792 4405 3104 4462 Gallicanae.

2576 4499 2796 4554 Noverit
2845 4498 3085 4552 omnium
3137 4496 3375 4550 ﬁdelium
3430 4496 3691 4551 industria
3744 4496 3884 4565 quod
3941 4496 4089 4551 venit

2500 4601 2627 4646 ante
2663 4599 2904 4644 nostram
2934 4585 3275 4657 praesentiam
3309 4585 3780 4640 reverentissimus
3812 4582 4089 4640 confrater

2500 4694 2685 4739 noster
2713 4680 3107 4752 ,Lyndulphus,
3161 4677 3490 4732 venerabilis
3521 4678 3770 4732 videlicet
3796 4678 4084 4745 episcopus

2497 4774 2902 4835 Noviomorum,
2954 4768 3401 4832 Tornacensium,
3443 4776 3497 4821 et
3525 4766 3959 4829 Flandrensium,
3993 4767 4081 4821 cui

2495 4862 2766 4919 intimanti
2796 4861 2952 4916 nobis
2982 4860 3296 4914 sedentibus
3323 4860 3374 4913 in
3405 4860 3531 4914 sede
3553 4869 3755 4914 saneta:
3778 4857 4078 4913 Jerusalem

2496 4956 2802 5013 necessaria
2836 4954 2916 5009 sui
2961 4952 3241 5023 episeopii,
3274 4952 3449 5006 visum
3476 4952 3576 5006 fuit
3600 4952 3754 5007 nobis
3779 4951 4078 5020 apostolico

2495 5047 2887 5108 moderamine,
2933 5060 2995 5099 ae
3032 5043 3292 5097 benevola
3322 5045 3697 5114 compassione
3734 5058 4072 5107 succurrere,

2496 5137 2772 5207 alacrique
2807 5135 3093 5188 devotione
3126 5134 3390 5203 impertiri
3420 5149 3721 5190 assensum.
3754 5133 3902 5187 Tune
3929 5134 4072 5187 enim

2495 5228 2700 5283 lucrum
2728 5235 2781 5280 et
2824 5225 3163 5295 potissimum
3214 5220 3494 5296 praemium
3549 5226 3687 5295 apud
3735 5226 4069 5281 conditorem
