4494 5520
412 416 517 477 829

1617 412 1970 469 EI’ISTOLAZ
2008 412 2094 467 ET
2134 412 2544 469 PRIVILEGM.

3561 431 3664 485 830

412 535 529 589 sine
579 530 743 586 dubio
792 538 991 585 statum
1039 538 1319 601 perducta.
1348 529 1514 600 igitur
1545 527 1758 581 dilectio
1790 544 1979 596 supra-
2014 532 2148 588 Aut
2196 537 2427 595 quatuor
2472 531 2714 586 canonici
2768 548 2834 588 ex
2891 550 3017 605 lpSlS
3070 538 3371 609 sexaginta,
3423 543 3667 597 serviant

412 626 539 682 dicti
581 625 818 695 episcopi
846 623 1146 695 Lyndulphi
1176 623 1453 677 humiliter
1488 632 1542 675 ct
1600 620 1988 675 rationabiliter

412 717 701 788 postulavit
730 730 760 769 a
802 715 981 780 nobis,
1012 724 1281 784 quatenus
1330 729 1417 767 res
1458 723 1511 767 et
1562 713 1705 781 leges
1745 712 1824 766 sui
1872 711 1987 778 epi-

412 810 580 880 scopii
614 826 712 881 per
741 808 1003 879 privilegii
1036 810 1342 862 cautionem
1376 808 1708 862 sancircinus
1751 818 1806 861 et
1861 820 1988 859 con—

412 900 772 964 ﬁmiaremus,
804 898 969 954 veluti
1018 899 1233 968 quidem
1277 909 1476 954 statuta
1520 908 1644 952 sunt
1690 898 1988 967 antiquitus

411 1007 441 1045 a
466 992 682 1061 regibus
712 1000 767 1045 et
798 988 1156 1061 principibus,
1185 990 1493 1059 nostrisque
1533 988 1984 1042 antecessoribus.

410 1084 574 1153 Cujus
620 1084 795 1145 digna:
836 1082 1080 1154 petitioni
1125 1098 1412 1137 assensum
1445 1082 1767 1153 prmimnles,
1806 1090 1987 1133 aucto-

412 1179 572 1231 ritate
600 1178 741 1230 beati
772 1174 1139 1245 apostolorum
1188 1175 1468 1245 principis,
1522 1183 1575 1227 et
1624 1173 1793 1226 nostri
1825 1172 1990 1242 privi-

411 1264 533 1337 legii
564 1265 864 1321 assertione
895 1266 1168 1319 sancimus
1195 1274 1248 1319 et
1276 1266 1658 1318 conlirmamus
1704 1273 1762 1316 ut
1812 1262 1990 1316 nullus

410 1372 630 1421 comes,
683 1341 775 1409 aut
826 1364 1085 1410 extranea
1135 1370 1367 1425 persona
1422 1354 1620 1410 habeat
1666 1364 1987 1423 potestatem

410 1450 933 1519 comprehendendi,
986 1449 1067 1503 vel
1120 1450 1473 1519 distringendi
1524 1450 1787 1503 latronem
1850 1446 1989 1501 infra

409 1543 746 1612 procinctum
774 1542 1041 1609 Novionii,
1073 1543 1155 1595 vel
1183 1544 1235 1597 in
1264 1543 1404 1597 villis
1434 1542 1574 1595 illius
1604 1543 1705 1595 loci
1734 1542 1989 1611 episcopo

411 1634 673 1703 subjectis
700 1635 752 1687 ιιι
782 1634 1063 1703 procinctu
1112 1635 1411 1703 antiquitus
1459 1634 1750 1703 deputatis.
1796 1633 1990 1686 Decre-

408 1727 693 1795 vimusque
734 1737 791 1779 ut
824 1743 875 1780 ιιι
909 1726 1156 1781 Tornaco
1185 1727 1425 1791 civitate,
1458 1726 1637 1781 nullus
1668 1740 1870 1787 comes,
1906 1724 1989 1778 vel

408 1828 700 1873 extraneus
741 1818 939 1888 judex,
993 1835 1048 1873 se
1100 1820 1423 1873 intermittat
1467 1820 1530 1873 de
1585 1819 1855 1880 districto,
1897 1825 1990 1870 aut

2091 618 2329 684 quotidie
2350 622 2559 687 corpori
2578 622 2813 690 ejusdem
2834 624 3004 695 beata:
3019 626 3262 697 virginis,
3283 635 3332 684 in
3350 647 3667 701 quocunque

2089 703 2207 759 loco
2230 707 2372 761 illius
2396 710 2631 764 civitatis
2658 711 2911 779 jacuerit,
2942 725 2995 768 et
3028 717 3294 772 leloncuni
3327 720 3493 789 ipsius
3520 723 3667 777 urbis

2088 798 2288 865 passim
2330 815 2451 852 cum
2490 803 2636 855 omni
2677 804 3007 876 integritate,
3042 818 3094 862 et
3126 811 3386 880 quidquid
3415 814 3668 886 deinceps

2094 888 2225 956 ipsis
2271 893 2548 947 canonicis
2598 897 2909 950 contulerit.
2963 899 3262 955 Statuiinus
3291 917 3421 974 ergo
3457 904 3508 957 in
3540 904 3667 962 sede

2088 998 2291 1040 sancta:
2338 986 2664 1053 Jerusalem,
2714 992 2812 1044 sub
2858 991 3023 1045 divini
3065 993 3254 1063 judicii
3286 995 3665 1064 obtestatione,

2088 1085 2143 1129 et
2194 1078 2554 1133 anathematis
2615 1080 2963 1136 validissimis
3028 1085 3543 1153 interdictionibus,
3608 1096 3670 1145 ut

2092 1169 2265 1223 nullus
2288 1186 2521 1239 unquam
2555 1187 2763 1242 regum,
2794 1175 2970 1229 nullus
3001 1176 3129 1241 dux,
3158 1188 3250 1231 aut
3280 1182 3543 1245 marchio,
3575 1188 3669 1237 aut

2090 1276 2291 1325 comes,
2342 1280 2515 1331 neque
2574 1265 3037 1335 archiepiscOptis,
3083 1270 3165 1323 vel
3197 1270 3333 1324 nllus
3364 1274 3667 1343 episcopus,

2090 1355 2375 1424 nullusque
2402 1357 2679 1410 hominum
2708 1358 2759 1411 iu
2787 1359 3023 1426 quolibet
3070 1362 3257 1416 ordine
3286 1373 3340 1417 et
3368 1366 3670 1420 ministerio

2090 1447 2430 1508 constitutus,
2467 1448 2661 1500 audeat
2711 1450 3011 1502 molestiam
3055 1450 3300 1521 ingerere
3343 1453 3502 1507 rebus
3552 1454 3670 1524 ejus

2091 1538 2371 1605 episcopii,
2419 1539 2532 1591 sive
2560 1540 2624 1592 de
2650 1541 2924 1607 pl‘wdiclis
2966 1546 3307 1597 monasteriis
3352 1544 3433 1597 vel
3463 1546 3527 1598 de
3554 1562 3669 1599 oin-

2091 1630 2249 1683 nibus
2276 1647 2393 1700 qum
2440 1649 2598 1701 supra
2621 1635 2795 1701 posita
2843 1645 2991 1699 sunt,
3021 1652 3235 1705 quoquo
3265 1639 3425 1691 modo
3459 1640 3671 1695 auferre

2090 1731 2181 1774 aut
2216 1720 2450 1775 alienare
2482 1734 2770 1792 praesumat
2798 1740 2810 1789 ;
2842 1726 2933 1778 sed
2960 1743 3193 1796 semper,
3231 1738 3287 1781 ut
3317 1729 3518 1782 dictum
3566 1740 3668 1795 est,

2090 1813 2245 1867 ﬁrma
2268 1816 2589 1879 stabilitate,
2616 1818 2727 1871 lizcc
2756 1820 2934 1871 omnia
2985 1821 3349 1888 permaneudo
3369 1862 3382 1884 ,
3434 1823 3674 1876 decrevi-

408 1919 650 1974 moneta,
676 1910 757 1964 vel
790 1911 1084 1965 derivatico
1112 1912 1269 1965 unius
1298 1912 1488 1981 partis,
1521 1926 1619 1964 nec
1642 1911 1706 1964 dc
1741 1910 1981 1972 teloneo;
2015 1897 2061 1956 Β
2090 1921 2178 1958 mu

1898 1926 1981 1972 :o;
2015 1897 2061 1956 Β
2090 1921 2209 1959 mus
2240 1916 2397 1975 atque
2434 1909 2857 1977 ιιιύιιιιιιεηιιιιιδ.
2892 1911 2947 1963 Si
2998 1914 3118 1981 quis
3147 1928 3274 1967 vero
3316 1924 3673 1982 prccsumptor

405 2001 502 2056 sed
542 2002 683 2056 sicut
726 2010 987 2056 statutum
1019 2011 1157 2055 esta
1184 2003 1283 2073 pia:
1335 2004 1606 2057 memoriae
1656 2003 1987 2071 principibus

407 2094 487 2148 sic
528 2092 694 2147 ﬁxum
734 2103 788 2147 et
831 2094 1203 2147 inconvulsum
1234 2105 1569 2163 permaneat.
1606 2095 1867 2148 Similiter
1896 2092 1986 2161 ju-

408 2185 599 2240 bemus
646 2195 704 2239 ut
748 2185 924 2239 nullus
981 2186 1142 2239 homo
1175 2185 1339 2238 faciat
1373 2186 1547 2238 eidem
1588 2186 1859 2254 episcopo,
1900 2184 1983 2238 vel

406 2278 817 2332 successoribus
847 2275 985 2344 ejus,
1035 2276 1334 2330 molestiam
1367 2278 1431 2329 de
1464 2276 1692 2330 llileimo
1719 2293 1839 2329 cum
1872 2291 1987 2329 ma-

407 2375 490 2420 tre
531 2366 793 2432 Ecclesia,
838 2377 893 2420 et
930 2383 1051 2421 cum
1085 2367 1289 2437 capella
1322 2384 1441 2436 qua:
1470 2378 1553 2421 est
1586 2369 1639 2421 in
1671 2367 1888 2421 Mulius.
1923 2368 1989 2421 Et

406 2462 460 2515 in
494 2460 765 2526 Flandris,
802 2462 869 2515 de
895 2462 1126 2516 ecclesia
1167 2464 1337 2515 sancti
1388 2462 1779 2515 Salvatorisale
1806 2461 1984 2516 Gech-

404 2552 590 2617 becca,
620 2552 970 2621 Aldenburgi,
1011 2551 1280 2622 Latlinga,
1323 2550 1579 2617 Geslella,
1626 2551 1983 2621 Flesltengcni.

404 2645 693 2700 Abbatiam
723 2660 851 2699 vero
878 2645 1049 2698 sancti
1080 2645 1255 2714 litigii,
1284 2644 1507 2712 antiquo
1529 2644 1670 2712 jure,
1704 2644 1833 2696 viris
1866 2643 1987 2697 reli-

406 2738 573 2809 giosis
605 2737 801 2808 regula:
834 2739 975 2790 beati
1009 2736 1284 2791 Benedicti
1316 2735 1692 2791 insudantibus
1725 2736 1986 2804 prmordi-

405 2840 612 2895 natam,
652 2830 747 2882 sed
787 2838 973 2900 postea
1020 2829 1277 2882 instinctu
1324 2828 1591 2882 diabolico
1620 2828 1672 2881 in
1702 2828 1988 2881 canonico-

407 2937 528 2977 rum
575 2921 820 2975 ordinem
869 2920 1167 2982 redactam,
1198 2920 1502 2987 iterumque
1529 2935 1558 2971 ιι
1587 2917 1867 2985 Rodulpho
1900 2931 1992 2971 ve-

404 3012 632 3067 nerabili
662 3011 916 3080 episc0po
952 3012 1004 3063 in
1040 3011 1368 3063 anteriorem
1406 3008 1644 3077 regulam
1677 3009 1983 3073 reductam;

404 3112 461 3157 at
508 3116 571 3156 eo
621 3112 855 3165 mortuo,
905 3118 934 3153 a
983 3101 1260 3155 canonicis
1300 3100 1439 3154 male
1471 3102 1747 3162 invasam,
1785 3114 1987 3155 nunca

405 3197 744 3268 Lyndulpho,
790 3197 1067 3252 confratre
1114 3207 1321 3263 nostro,
1353 3199 1654 3253 monastico
1684 3199 1885 3265 ordini,
1928 3207 1988 3253 ut

2092 2005 2183 2049 aut
2216 2000 2534 2051 temerarius
2560 1999 2718 2051 homo
2748 2000 2994 2053 inventus
3035 2000 3215 2065 fuerit,
3268 2004 3379 2055 sive
3425 2003 3670 2071 clericus,

2090 2099 2184 2143 aut
2218 2090 2406 2157 laicus,
2435 2094 2523 2159 qui
2578 2093 2691 2145 lucc
2722 2094 2900 2145 omnia
2945 2094 3174 2147 evellere
3222 2097 3510 2149 teutaverit
3535 2137 3550 2162 ,
3584 2107 3675 2151 aut

2089 2179 2426 2249 disrumpere
2458 2181 2707 2246 voluerit,
2737 2193 2874 2235 sciat
2900 2198 2958 2235 sc
2992 2184 3085 2237 Dei
3117 2186 3504 2253 omnipotentis
3527 2186 3671 2252 odio,

2090 2282 2143 2326 et
2173 2272 2352 2326 domui
2386 2275 2555 2327 nostri
2580 2276 2944 2343 ap0stolorum
2972 2278 3232 2346 principis
3262 2277 3407 2332 l’etri
3436 2319 3448 2341 ,
3478 2289 3530 2333 ct
3558 2295 3674 2333 om-

2090 2364 2238 2417 nium
2271 2375 2579 2417 sanctorum
2607 2367 2966 2420 anathematis
2996 2368 3207 2421 vinculo
3256 2369 3588 2433 innodatum,
3623 2378 3676 2423 et

2089 2470 2212 2509 cum
2241 2455 2476 2521 diabolo,
2504 2466 2707 2509 etcum
2752 2455 2888 2510 Juda
2941 2458 3202 2513 traditore
3242 2458 3454 2512 Domini
3506 2462 3676 2517 nostri

2090 2543 2216 2599 Jesu
2248 2545 2471 2611 Christi,
2518 2549 2704 2601 aeterni
2737 2549 2970 2601 incendii
3021 2551 3281 2619 supplicio
3323 2567 3681 2607 concremau-

2090 2636 2250 2701 dum;
2282 2654 2381 2691 nec
2405 2654 2636 2707 unquam
2661 2640 2886 2708 praelato
2901 2641 3243 2695 anathemate
3269 2642 3676 2711 absolvendum,

2090 2728 2192 2782 nisi
2224 2730 2534 2799 resipuerit,
2566 2732 2709 2785 etad
2763 2732 3188 2787 satisfactionem
3236 2734 3462 2788 venerit.
3510 2732 3629 2787 Fiat
3664 2752 3676 2788 :

2090 2817 2219 2873 ﬁat:
2264 2820 2375 2871 liat.
2432 2821 2488 2874 Si
2527 2821 2647 2889 quis
2688 2836 2816 2875 vero
2853 2832 3035 2876 custos
3081 2833 3135 2875 et
3180 2823 3495 2877 observator
3518 2824 3682 2879 luerit

2089 2909 2248 2978 hujus
2276 2912 2442 2963 nostri
2470 2912 2749 2980 apostolici
2774 2914 3038 2982 privilegii
3070 2914 3491 2977 constitutionis,
3510 2915 3678 2968 bene-

2090 3001 2343 3056 dictionis
2374 3004 2629 3071 gratiam,
2668 3005 2942 3073 vitamque
2991 3015 3251 3058 wternam
3297 3022 3325 3059 a
3366 3007 3680 3061 misericor-

2089 3092 2313 3149 dissiino
2357 3097 2585 3150 Domino
2639 3098 2748 3151 Deo
2792 3106 2978 3153 nostro
3023 3100 3279 3170 consequi
3314 3110 3588 3154 mereatur
3622 3101 3679 3157 in

2091 3185 2287 3239 saecula
2315 3188 2659 3243 surculorum.
3330 3175 3338 3181 ”

404 3267 581 3345 fuerat
624 3290 913 3355 redditam,
959 3290 1012 3343 in
1042 3290 1145 3344 hoc
1175 3290 1365 3345 ordine
1394 3291 1739 3360 prmcipiiiius
1766 3306 1984 3360 periua-
2014 3267 2059 3329 (ἶ
2163 3281 2434 3350 Scriptum
2464 3298 2562 3352 per
2618 3298 2809 3338 manus
2851 3284 3146 3353 Stephani,
3182 3284 3455 3339 scriniarii
3504 3284 3684 3347 sancti

405 3399 555 3437 nere.
601 3382 679 3436 lta
722 3384 989 3438 duntaxat
1040 3393 1099 3435 ut
1147 3398 1209 3437 ea
1256 3383 1397 3437 bona
1459 3400 1577 3453 qua:
1642 3384 1989 3455 Lyndulphus

404 3475 599 3545 prwsul
649 3476 702 3528 in
746 3475 937 3529 eadem
986 3475 1207 3530 abbatia
1259 3477 1496 3542 invenit,
1544 3487 1599 3531 et
1637 3492 1756 3546 quae
1802 3488 1991 3546 postea

404 3566 519 3635 ipse
570 3564 855 3634 adjunxit:
889 3580 1016 3619 nam
1063 3565 1269 3619 invenit
1320 3567 1391 3620 ibi
1433 3567 1991 3636 Ragemberticurtem

404 3672 528 3711 cum
579 3657 843 3720 Ecclesia,
894 3658 1236 3724 Carisiolam,
1286 3658 1771 3730 Magnullicurtem,
1811 3660 1991 3716 Verle-

402 3751 562 3823 gium_
600 3768 722 3806 cum
772 3751 1045 3816 Ecclesia,
1099 3752 1554 3820 Mahericurtem,
1605 3754 1988 3823 Bathbodium,

405 3855 577 3898 terras
605 3846 655 3897 in
683 3845 988 3914 Appiliaco,
1042 3854 1219 3901 terras
1260 3847 1314 3900 in
1358 3845 1765 3918 Bagdinicurte,
1816 3858 1990 3905 terras

402 3935 457 3989 in
490 3936 703 4001 Andan,
737 3945 913 3991 terras
938 3937 990 3990 in
1018 3936 1175 4003 Diva,
1218 3938 1432 3992 vineam
1475 3939 1531 3993 in
1568 3950 1771 4005 monte,
1816 3950 1988 3996 terras

401 4028 455 4081 in
501 4028 733 4082 circuitu
777 4028 1024 4082 ecclesia:
1063 4044 1181 4098 qua:
1210 4030 1275 4083 ad
1308 4031 1479 4099 ipsam
1518 4032 1819 4101 pertinent,
1846 4042 1901 4087 et
1932 4034 1989 4091 in

400 4118 646 4189 plurimis
672 4118 806 4173 locis
846 4120 1082 4174 minutas
1110 4129 1313 4185 terras;
1349 4121 1621 4175 abbatiam
1652 4123 1825 4177 sancti
1860 4122 1984 4178 Ste-

400 4210 598 4279 phani,
651 4219 705 4264 et
752 4211 1114 4276 molendinos,
1164 4220 1221 4266 et
1263 4210 1689 4267 Sichericurtem
1722 4231 1733 4267 :
1762 4215 1987 4269 adauxit

402 4316 531 4355 vero
555 4301 671 4370 ipse
691 4299 1044 4367 Bucedrium,
1074 4302 1355 4358 Colneium
1379 4320 1501 4359 cum
1526 4304 1776 4372 ecclesia,
1810 4305 1987 4361 Garri-

401 4412 572 4461 mum,
602 4396 937 4451 Wasemium
976 4397 1094 4451 sine
1135 4398 1476 4463 molendinis,
1501 4399 1723 4464 salinas,
1756 4399 1985 4455 Novem-

398 4486 605 4552 villam,
636 4487 731 4542 sed
765 4496 945 4541 tamen
978 4489 1155 4542 solum
1206 4504 1424 4543 cessura
1466 4491 1520 4544 in
1569 4491 1679 4544 vita
1708 4490 1981 4559 \Vidonis,

398 4585 454 4631 et
506 4577 647 4632 sicut
704 4592 867 4648 supra
923 4577 1202 4633 diximus:
1238 4579 1314 4633 ita
1371 4579 1635 4634 duntaxat
1685 4590 1745 4635 ut
1799 4583 1979 4637 omnia

398 4674 560 4739 bona,
597 4683 651 4727 et
684 4690 803 4744 qua:
851 4674 1114 4729 Dominus
1150 4674 1205 4729 in
1241 4675 1484 4731 futurum
1534 4677 1743 4732 dederit
1792 4678 1981 4734 usibus

399 4768 790 4824 monachorum
840 4768 988 4825 omni
1038 4777 1281 4840 tempore
1312 4770 1643 4826 deserviant.
1678 4771 1982 4828 Conﬁrma-

398 4876 517 4915 mus
560 4862 723 4916 etiam
772 4875 869 4931 per
913 4861 1235 4931 petitionem
1283 4859 1584 4933 Lyndulphi
1621 4862 1745 4917 illud
1778 4865 1980 4920 donum

396 4954 541 5023 quod
572 4954 722 5008 dedit
754 4952 1089 5024 Hadulphus,
1135 4955 1420 5025 episcopus
1456 4964 1770 5011 antecessor
1810 4957 1981 5026 ipsius

396 5048 672 5103 canonicis
716 5049 885 5119 ipsius
930 5049 1177 5105 ecclesiae
1220 5059 1424 5104 sanctae
1470 5048 1672 5115 Mariae,
1719 5059 1773 5106 et
1804 5052 1981 5107 sancti

399 5140 637 5197 Medardi
682 5143 827 5198 infra
874 5157 1121 5209 murum;
1163 5142 1450 5199 ecclesiam
1480 5142 1735 5199 videlicet
1760 5146 1981 5201 nomine

393 5235 666 5301 Arceium,
715 5244 775 5290 ut
817 5244 998 5290 teneat
1040 5237 1245 5307 absque
1290 5236 1721 5293 contradictione
1749 5237 1897 5295 illam
1924 5241 1978 5296 in

390 5341 728 5401 perpetuam.
769 5326 1119 5385 Decrevimus
1138 5328 1303 5385 etiam
1327 5342 1427 5397 per
1446 5328 1780 5398 apostolatus
1807 5329 1981 5387 nostri

391 5429 670 5485 decretum
714 5438 939 5480 manere
988 5422 1176 5493 ﬁxum,
1231 5431 1286 5478 et
1335 5423 1531 5479 stabile
1583 5421 1715 5478 illud
1776 5424 1981 5481 donum

2087 3373 2295 3447 palatii,
2330 3375 2385 3429 in
2416 3390 2603 3431 mense
2639 3375 2801 3442 Maio,
2830 3385 2883 3432 et
2916 3378 3212 3431 indictione
3238 3378 3435 3447 prima.

2846 3491 2936 3546 Ν.

2280 3570 2623 3640 rnivtuctun
2651 3599 2751 3639 pno
2778 3598 3115 3640 uosasrﬁnto
3141 3600 3188 3640 s.
3223 3598 3497 3642 cnaconn.

2713 3676 2891 3746 (Anno
2920 3675 3066 3747 989.)

2092 3764 2136 3819 Α
2165 3761 2466 3819 Cebeltardo
2508 3764 2570 3819 II
2602 3763 2987 3820 Constantiensi
3027 3766 3264 3836 ερὶδεορο
3314 3768 3485 3822 locum
3539 3768 3677 3826 hunc

2162 3838 2428 3960 zontlitum
2482 3836 2574 3889 sub
2622 3838 2909 3906 apostolica
2941 3842 3156 3892 mitione
3186 3839 3375 3909 excipit
3420 3841 3677 3912 variisque

2201 3918 2339 3962 onat.

2352 3998 2567 4072 [Mausi,
2590 3998 2795 4055 Concil.
2832 4010 2960 4056 tom.
2994 4000 3137 4068 XIX,
3162 4000 3265 4057 col.
3295 4000 3411 4076 85.]

2107 4100 2127 4106 ’
2159 4115 2393 4171 Joannes
2442 4118 2746 4188 episcopus,
2780 4134 2968 4173 servus
3008 4133 3289 4174 servorum
3347 4120 3462 4175 Dei.
3496 4119 3553 4175 lu
3581 4136 3677 4177 no-

2089 4210 2235 4264 mine
2289 4219 2489 4265 sanctae
2521 4220 2575 4265 et
2625 4212 2912 4266 individua:
2941 4210 3247 4279 Trinitatis,
3274 4211 3449 4270 Patris
3496 4212 3678 4271 videli-

2089 4313 2195 4369 cet,
2226 4314 2279 4357 et
2307 4303 2452 4369 Filii,
2488 4312 2542 4358 et
2572 4304 2805 4374 Spiritus
2829 4304 3023 4359 sancti.

2157 4395 2355 4451 Notum
2408 4412 2530 4452 esse
2586 4398 2835 4453 volumus
2879 4398 3131 4454 omnibus
3167 4398 3371 4455 Christi
3428 4400 3677 4459 ﬁdelibus

2087 4486 2323 4556 qualiter
2365 4486 2719 4542 Gebehardus
2762 4487 2805 4541 ll
2843 4488 3093 4544 amabilis
3150 4492 3437 4562 episcopus
3476 4502 3677 4549 Sancta:

2086 4581 2518 4637 Constantiensis
2548 4582 2819 4646 Ecclesiw,
2861 4582 3240 4640 dilectissimus
3276 4586 3551 4642 confratcr
3577 4604 3675 4644 no-

2086 4681 2216 4738 ster,
2272 4674 2537 4729 orationis
2572 4689 2736 4729 causa
2784 4673 3012 4729 Romam
3066 4677 3309 4747 veniens,
3368 4678 3434 4732 ad
3487 4678 3675 4737 limina

2085 4769 2453 4841 apostolorum
2482 4770 2787 4840 principum
2837 4769 2983 4827 Petri
3028 4783 3083 4827 et
3123 4772 3296 4841 Pauli,
3343 4785 3397 4831 et
3426 4786 3548 4832 ante
3577 4794 3675 4835 no-

2086 4870 2254 4916 stram
2288 4863 2653 4932 praesentiam,
2700 4863 2992 4935 retulitque
3021 4866 3177 4921 nobis
3220 4878 3488 4938 quatenus
3537 4871 3671 4942 ipse,

2088 4953 2180 5009 Dei
2220 4966 2353 5011 nutu
2403 4956 2736 5026 compulsus,
2768 4958 3054 5015 ecclesiam
3106 4963 3505 5019 ctenobitarum
3540 4981 3674 5021 con-

2083 5050 2371 5105 struxisset
2391 5063 2554 5119 super
2578 5049 2751 5120 ripam
2778 5049 3015 5109 ﬂuminis
3037 5052 3181 5123 quod
3208 5055 3406 5110 dicitur
3428 5054 3676 5127 ltbenus,

2084 5141 2152 5195 ad
2178 5142 2439 5199 honorem
2494 5143 2639 5199 beati
2694 5144 2943 5216 Gregorii
2988 5147 3317 5207 confessoris
3367 5149 3589 5215 Christi,
3623 5154 3680 5210 in

2083 5252 2191 5309 quo
2227 5238 2345 5297 loco
2387 5238 2631 5309 regulam
2662 5238 2722 5295 S.
2760 5240 3039 5300 Benedicti
3077 5244 3291 5302 abbatis
3317 5254 3373 5302 et
3392 5244 3685 5301 monacho-

2083 5348 2205 5389 rum
2254 5338 2484 5393 fratrum
2530 5333 2967 5395 luculentissimo
3016 5336 3336 5406 ordinaret;
3383 5338 3473 5393 ubi
3522 5337 3690 5395 devo.

2083 5428 2295 5487 tissime
2325 5430 2389 5485 de
2420 5426 2532 5481 suis
2558 5430 2797 5498 propriis
2821 5432 3063 5499 przediis,
3101 5443 3224 5500 quae
3253 5450 3285 5491 a
3311 5431 3422 5489 suis
3450 5432 3693 5513 parenti-
