4494 5520
822 435 928 496 831

2136 435 2417 493 JOANNIS
2455 434 2548 490 XV
2589 432 2788 489 ΡΑΡᾹΞ

3951 418 4074 490 sse

826 539 1027 586 nostra:
1053 529 1375 586 humilitatis
1401 529 1708 600 supplicans
1749 529 2115 597 elementiam,
2139 543 2197 586 ut
2219 535 2404 603 pracdi-
2431 537 2480 597 Α
2507 547 2602 604 per
2655 519 3045 588 interventum"
3069 511 3402 586 Hildibrandi
3459 507 3779 581 Liutinensis
3835 507 4072 593 epi§c0pt

826 630 945 676 ctus
970 621 1118 675 locus
1144 622 1257 690 ipse
1295 623 1394 676 sub
1443 623 1667 677 tuitione
1704 632 1758 677 et
1803 624 2114 679 defensione
2164 626 2400 680 SJ'Petri

824 719 1118 780 nostraque
1143 720 1561 780 nostrorumque
1591 727 1964 766 successorum
1994 714 2306 782 pontificum
2349 716 2401 768 in

822 811 1138 881 perpetuum
1181 811 1411 855 maneat.
1460 800 1538 854 Ita
1588 810 1767 856 tamen
1817 811 1874 855 ut
1922 803 2100 857 nullus
2135 818 2267 868 rex,
2313 813 2405 858 aut

825 891 954 958 dux,
1003 907 1178 961 neque
1219 893 1485 956 marchio,
1519 908 1618 948 nec
1660 895 1822 948 etiam
1855 895 2162 964 episcopus,
2196 894 2285 964 qui
2309 909 2405 964 per

827 990 1075 1052 tempora
1101 983 1153 1036 in
1175 983 1288 1053 ipso
1308 985 1582 1055 episcopio
1607 984 1787 1048 fuerit,
1817 987 2025 1039 autulla
2054 1001 2279 1056 persona
2309 1002 2404 1039 au-

823 1072 949 1129 deat
974 1074 1038 1129 de
1056 1074 1306 1129 omnibus
1327 1089 1447 1145 qua:
1475 1076 1671 1130 ibidem
1698 1077 1763 1131 ab
1789 1077 1903 1146 ipso
1927 1078 2037 1146 jam
2067 1078 2208 1132 dicto
2234 1075 2405 1131 Gebe-

823 1165 998 1223 hardo
1021 1168 1276 1238 episcopo
1305 1183 1563 1223 concessa
1612 1178 1736 1222 sunt
1775 1170 2032 1235 alienare,
2066 1182 2157 1225 aut
2189 1187 2404 1241 quoquo

823 1257 985 1313 modo
1011 1259 1077 1313 de
1099 1260 1216 1329 ipso
1243 1269 1430 1315 sancto
1461 1263 1792 1316 monasterio
1831 1265 2142 1329 extrahere,
2170 1265 2260 1318 sed
2291 1272 2404 1318 tnta

824 1358 881 1405 et
920 1350 1158 1406 stabilita
1203 1359 1367 1422 atque
1427 1351 1580 1406 firma
1619 1368 1787 1422 usque
1822 1355 1873 1408 in
1924 1354 2102 1408 futura
2166 1364 2404 1423 tempora

823 1442 1171 1498 concedimus
1199 1445 1583 1513 permanentia.
1609 1443 1713 1498 Sed
1741 1454 1796 1499 et
1824 1446 1924 1500 hoc
1949 1445 2239 1515 apostolica
2267 1461 2407 1514 pra:-

823 1533 1090 1603 ceptione,
1120 1542 1343 1603 rogante
1369 1537 1682 1605 supradicto
1705 1535 1975 1591 confratre
1998 1545 2207 1602 nostro,
2239 1538 2408 1591 inter-

822 1621 1056 1679 dicimus
1103 1623 1158 1678 in
1194 1625 1410 1679 nomine
1446 1625 1661 1680 Domini
1718 1626 1888 1680 nostri
1919 1625 2045 1681 Jesu
2089 1626 2312 1691 Christi,
2339 1623 2405 1680 ne

824 1710 1021 1782 aliquis
1067 1711 1242 1768 eidem
1290 1716 1622 1771 monasterio
1678 1717 2027 1786 praeliciatur,
2084 1717 2187 1770 nisi
2247 1732 2405 1786 quem

823 1802 1098 1857 communi
1139 1817 1403 1859 consensu
1444 1805 1661 1870 fratres,
1719 1805 1916 1861 ibidem
1956 1806 2172 1861 Christo
2223 1806 2406 1861 sedulo

2506 635 2743 680 nostram
2773 617 3079 692 elllagitavit
3119 621 3460 677 clementiam
3506 626 3566 671 ut
3605 617 3782 671 omnia
3813 622 4077 685 praecepta

2505 717 3012 788 gloriosissimorum
3068 715 3489 781 imperatorum,
3550 721 3644 760 seu
3699 720 3905 775 regum,
3965 699 4078 758 sivé

2505 807 2868 876 quorumlibet
2897 804 3201 876 principum
3233 798 3617 869 chirographa,
3659 809 3756 848 nec
3784 807 3889 847 non
3917 793 4078 847 etiam

2504 911 2622 966 qua!
2650 911 2679 949 a
2715 896 2914 950 nostris
2942 889 3447 964 praedecessoribus,
3480 886 3718 940 Adriano
3762 893 3924 952 atque
3962 882 4082 936 Ste-

2504 991 2683 1060 phano
2727 988 2918 1043 collata
2967 986 3048 1041 vel
3098 983 3403 1051 conscripta
3451 988 3594 1044 sunt,
3643 984 3827 1031 nostra
3873 988 4081 1045 quoque

2507 1079 2827 1133 auctoritate
2877 1077 3322 1132 conﬁrmaremus
3368 1078 3423 1124 et
3472 1069 3866 1130 roboraremus,
3917 1073 3970 1119 et
3999 1066 4082 1119 his

2507 1188 2624 1243 qua:
2669 1174 2734 1227 ab
2781 1171 3068 1241 apostolica
3120 1169 3243 1222 sede
3293 1167 3507 1220 decreta
3555 1171 3699 1227 sunt,
3727 1171 3926 1216 nostra:
3956 1161 4082 1215 sub-

2506 1265 2808 1334 scriptionis
2825 1261 3123 1318 chartulam
3149 1259 3580 1329 adjungeremus.
3605 1254 3712 1309 Nos
3734 1255 3934 1324 itaque,
3954 1267 4084 1306 con-

2507 1357 2808 1411 siderantes
2838 1354 3144 1424 religiosam
3175 1353 3289 1421 ejus
3315 1350 3651 1421 petitionem,
3695 1345 4083 1416 pastoralisque

2507 1461 2624 1502 esse
2653 1444 2810 1500 ollicii
2842 1457 3122 1499 servorum
3155 1442 3246 1495 Dei
3274 1440 3476 1510 jugiter
3513 1437 3732 1492 utilitati
3767 1434 4086 1491 commodis-

2507 1554 2612 1608 que
2667 1538 3006 1606 prospicerc,
3057 1533 3393 1587 decrevimus
3468 1540 3526 1584 ut
3580 1529 3685 1584 duo
3736 1526 4083 1589 monasteria,

2508 1628 2828 1682 Corbciense
2847 1624 3094 1678 videlicet
3119 1622 3519 1682 monachorum,
3539 1629 3698 1688 atque
3715 1616 4088 1672 llerifordense

2510 1715 3025 1778 sanctimonialium,
3078 1713 3143 1767 de
3193 1711 3444 1766 omnibus
3499 1710 3679 1774 rebus,
3733 1723 3852 1777 quze
3901 1705 3985 1758 vel
4033 1705 4086 1758 in

2512 1806 2779 1862 communi
2807 1804 3110 1874 principum
3130 1803 3339 1863 charta,
3358 1800 3441 1852 vel
3465 1798 3747 1868 prmceplis
3775 1797 4090 1851 confirmata

823 1892 1123 1949 servientes
1145 1893 1424 1966 elegerint,
1469 1897 1806 1967 electumque
1854 1897 2137 1966 episcopus
2187 1897 2410 1952 benedi-
2441 1888 2486 1948 Β
2517 1912 2638 1953 esse
2667 1903 3052 1966 agnoscuntur,
3099 1891 3446 1946 nihilominus
3477 1888 3638 1943 talem
3685 1903 3751 1943 ex
3792 1884 4090 1956 apostolica

824 1984 1020 2040 ctionis
1043 1983 1198 2040 titulo
1236 1986 1562 2042 confirmare
1604 1997 1875 2057 procuret.
1928 1988 1994 2041 Et
2023 1988 2124 2042 hoc
2151 1988 2324 2056 ipsum
2348 1988 2414 2041 de

825 2076 1074 2131 advocati
1125 2077 1387 2134 electione
1432 2080 1649 2135 decerni
1694 2080 1914 2150 placuit.
1968 2078 2024 2132 Si
2065 2095 2213 2144 vero,
2272 2079 2416 2148 quod

824 2165 986 2234 absit,
1044 2167 1332 2237 aliquando
1384 2171 1671 2241 contigerit
1723 2181 1782 2224 ut
1835 2171 2118 2241 episcopus
2170 2170 2412 2237 ejusdem

822 2264 1022 2311 sancta:
1034 2255 1286 2312 Ecclesiae
1298 2258 1582 2313 hzcreticus
1594 2259 1676 2314 vel
1692 2260 2068 2313 schismalicus
2082 2259 2297 2321 cxistat,
2314 2256 2417 2310 fra-

826 2355 937 2403 tres
952 2349 1246 2418 supradicti
1260 2351 1569 2404 monasterii
1585 2365 1649 2404 ex
1667 2351 1983 2404 auctoritate
1997 2350 2141 2403 sedis
2158 2347 2417 2417 apostoli-

825 2455 903 2495 cae
920 2439 1155 2496 habeant
1170 2448 1492 2510 potestatem
1509 2440 1904 2496 ecclesiasticos
1917 2441 2132 2495 ordines
2149 2441 2419 2509 requiren-

825 2531 900 2598 di,
939 2530 1246 2602 ubicunque
1274 2530 1599 2585 eatholicum
1641 2530 1886 2584 noverint
1918 2546 2036 2585 esse
2075 2531 2408 2600 episcopum,

826 2639 895 2681 ne
923 2624 1014 2680 ille
1044 2625 1262 2694 iniquus
1283 2628 1349 2680 de
1395 2627 1498 2680 hoc
1525 2625 1758 2695 aliquam
1787 2625 1865 2680 eis
1914 2624 2168 2693 injuriam
2220 2624 2420 2680 inferre

825 2724 1140 2787 prtesumat.
1170 2714 1307 2770 Nam
1338 2717 1382 2770 si
1429 2717 1549 2786 quis
1586 2716 1783 2786 aliquis
1825 2717 2006 2780 homo,
2050 2716 2419 2785 cujuscunque

825 2808 898 2864 sit
919 2809 1126 2864 ordinis
1153 2807 1235 2864 vel
1256 2811 1562 2879 potestatis,
1585 2810 1726 2880 quod
1743 2825 1847 2864 non
1863 2809 2150 2877 credimus,
2174 2811 2224 2863 in
2242 2809 2422 2879 aliquo

827 2900 1164 2970 disrumpere
1227 2903 1516 2955 tentaverit
1563 2917 1628 2955 ea
1704 2916 1823 2971 qua:
1869 2903 1935 2955 ab
1966 2902 2080 2970 ipso
2115 2902 2229 2971 jam
2274 2901 2420 2956 dicto

828 2988 1103 3048 confratre
1154 2999 1341 3044 nostro
1395 2990 1450 3045 in
1491 2991 1747 3060 praedicto
1795 2991 2123 3044 monasterio
2159 3006 2418 3046 concessa

828 3092 976 3148 sunt,
1008 3092 1064 3138 et
1105 3098 1135 3137 a
1177 3082 1300 3152 jure
1329 3091 1385 3138 et
1423 3084 1627 3139 ditione
1667 3084 1833 3154 ipsius
1865 3085 2178 3138 monasterii
2203 3083 2421 3139 auferre

828 3173 1084 3237 voluerit,
1113 3172 1216 3228 nisi
1244 3173 1552 3243 resipiscat,
1603 3157 2104 3228 excommunicalus
2135 3189 2164 3227 a
2191 3188 2421 3245 corpore

2515 1988 2791 2043 sanctione
2812 1986 3088 2039 obtineant
3117 1983 3521 2045 firmitatem,ut
3543 1980 3672 2034 nihil
3701 1980 3933 2034 habeant
3952 1974 4094 2031 unde

2517 2094 2574 2134 se
2600 2078 2734 2132 tueri
2763 2076 2990 2147 possint,
3019 2075 3327 2143 quicunque
3366 2073 3467 2127 sibi
3502 2071 3823 2141 promittunt
3848 2070 3962 2123 haec
3991 2067 4092 2121 ali-

2518 2169 2733 2238 quando
2764 2182 2821 2222 se
2847 2181 3005 2236 posse
3038 2166 3348 2229 immutare,
3391 2162 3475 2218 vel
3507 2161 3818 2232 infringere.
3850 2158 4096 2214 Habeant

2518 2277 2647 2332 ergo
2673 2260 2891 2330 przefata
2939 2257 3267 2311 monasteria
3315 2269 3493 2308 rerum
3535 2268 3754 2308 suarum
3785 2251 4009 2306 liberam
4041 2249 4095 2302 in

2519 2355 2768 2409 omnibus
2820 2349 3134 2421 disponendi
3186 2348 3502 2419 regulariter
3544 2355 3894 2418 potestatem;
3939 2352 3993 2398 et
4037 2349 4099 2396 ut

2519 2444 2729 2515 plenius
2775 2456 3167 2513 prosequamur
3195 2440 3340 2509 quod
3374 2446 3589 2494 sanctos
3636 2434 3959 2507 apostolicos
3984 2432 4096 2502 jam

2522 2537 2695 2591 dictos
2741 2535 3035 2589 intendisse
3077 2533 3362 2597 sentimus,
3390 2539 3552 2600 atque
3588 2537 3711 2584 ante
3756 2541 3848 2582 eos
3875 2526 3936 2580 Β.
3966 2524 4100 2580 Gre-

2523 2627 2755 2698 gorium,
2801 2641 2864 2680 ac
2909 2623 3220 2679 reverendae
3261 2622 3535 2676 memoria;
3557 2619 3835 2675 Nicolaum
3858 2616 4101 2672 sanxisse

2523 2724 2590 2778 de
2617 2722 2845 2778 statibus
2869 2719 3319 2776 monasteriorum
3345 2715 3670 2781 invenimus,
3702 2728 3799 2769 nos
3827 2711 4101 2768 humiliter

2527 2816 2689 2869 tantis
2741 2813 3184 2877 auctoritatibus,
3240 2807 3628 2864 subscribendo
3683 2804 4092 2869 confirmamus,

2523 2915 2585 2962 ut
2637 2905 2812 2960 nullus
2860 2904 3147 2974 episcopus
3190 2896 3714 2955 Patberbrunnensis
3740 2895 3980 2965 aliquam
4032 2908 4097 2947 ex

2525 2995 2604 3051 eis
2649 2996 2732 3049 vel
2778 2994 3013 3064 accipiat
3064 2992 3148 3046 vel
3183 2997 3436 3061 exposcat
3461 2988 3786 3059 portionem,
3819 2998 3994 3056 neque
4023 2982 4106 3038 vel

2526 3087 2581 3141 in
2609 3087 2694 3141 his
2734 3086 2825 3155 qui
2861 3083 3139 3155 regiminis
3167 3083 3342 3136 locum
3385 3087 3591 3144 tenent,
3623 3077 3708 3132 vel
3738 3077 3792 3131 in
3821 3075 3951 3144 ipsis
3981 3089 4110 3128 con-

2527 3176 2952 3249 gregationibus,
3010 3182 3103 3227 aut
3133 3173 3264 3243 ipsis
3295 3169 3555 3226 caanobiis
3602 3175 3924 3239 potestatem
3967 3164 4106 3219 obti-

829 3274 887 3319 et
919 3263 1182 3334 sanguine
1204 3263 1416 3319 Domini
1451 3264 1621 3318 nostri
1648 3263 1772 3318 Jesu
1815 3263 2015 3319 Christi
2049 3266 2329 3331 consistat,
2368 3275 2422 3320 et
2452 3253 2496 3315 C
2529 3278 2683 3334 neat;
2743 3282 2917 3337 neque
2970 3267 3206 3335 ipsorum
3260 3261 3623 3317 dominatione
3677 3259 3914 3329 potiatur
3968 3253 4106 3319 ulla,

832 3358 1326 3415 anathematizatus
1353 3373 1383 3412 a
1411 3356 1511 3413 SS.
1555 3357 1806 3414 Patribus
1829 3360 2078 3414 omnibus
2112 3368 2166 3414 et
2187 3375 2216 3413 a
2246 3360 2423 3426 nobis,

833 3463 937 3505 nec
963 3450 1017 3504 in
1065 3449 1215 3505 exitu
1265 3450 1390 3504 vitae
1433 3449 1818 3516 communicet,
1867 3451 1961 3504 sed
1997 3451 2160 3505 etiam
2211 3461 2425 3507 mortuo

838 3557 1040 3599 nomen
1078 3542 1194 3612 ejus
1246 3544 1391 3599 inter
1436 3545 1727 3600 missarum
1776 3545 2035 3601 solemnia
2072 3547 2215 3603 nullo
2268 3549 2427 3604 modo

834 3636 1115 3690 recitetur.
1145 3635 1250 3703 Qui
1279 3651 1407 3692 vero
1428 3639 1517 3708 pio
1544 3636 1740 3693 intuitu
1784 3647 1967 3694 custos
2007 3649 2063 3694 et
2108 3651 2428 3710 procurator

834 3723 996 3795 hujus
1031 3726 1203 3781 nostri
1233 3727 1491 3799 praecepti
1523 3727 1811 3794 exstiterit,
1863 3729 2257 3786 benedictionis
2308 3749 2429 3803 gra-

836 3818 966 3873 tiam
1003 3818 1280 3890 vitamque
1323 3818 1392 3872 ab
1435 3819 1553 3890 ipso
1600 3819 1827 3874 Domino
1893 3821 2003 3876 Deo
2053 3831 2107 3877 et
2151 3821 2430 3879 Salvatore

834 3908 962 3966 Jesu
989 3909 1205 3966 Christo
1249 3920 1522 3966 mereatur
1565 3911 1615 3965 in
1644 3911 1836 3966 szeeula
1887 3913 2204 3968 smculorum
2233 3915 2428 3969 Amen.

912 3999 1188 4073 Scriptum
1218 4018 1314 4073 per
1350 4018 1570 4058 manum
1597 4003 1820 4059 Joannis
1851 4007 2075 4071 notarii,
2108 4017 2162 4062 et
2185 4008 2432 4078 regiona-

841 4091 931 4158 rii,
957 4100 1012 4147 et
1042 4092 1311 4147 scriniarii
1341 4094 1484 4148 sacri
1513 4094 1898 4150 Lateranensis
1928 4097 2135 4165 palatii,
2163 4099 2216 4152 in
2247 4113 2434 4153 mense

839 4181 1012 4253 Aprili
1049 4191 1103 4238 et
1154 4185 1449 4239 mdictione
1499 4186 1755 4240 secunda.
1809 4185 2000 4240 Datum
2033 4203 2161 4242 vero
2202 4191 2434 4259 septimo

842 4274 1110 4331 Kalendas
1141 4274 1308 4332 Maias
1337 4291 1432 4348 per
1459 4293 1651 4332 manus
1698 4277 1946 4348 Gregorii
1996 4279 2234 4349 episcopi
2265 4296 2435 4336 sacra:

841 4366 1160 4424 Portucnsis
1184 4369 1462 4437 Ecclesiae,
1489 4379 1543 4425 et
1568 4369 1967 4425 bibliothecarii
1992 4373 2134 4426 sedis
2180 4373 2435 4442 apostoli-

842 4474 942 4526 επ,
991 4475 1133 4514 anno
1175 4462 1522 4532 pontificatus
1571 4461 1776 4517 domini
1829 4463 2000 4517 nostri
2043 4461 2268 4519 Joannis
2318 4480 2435 4519 san-

843 4553 1070 4610 ctissimi
1099 4569 1251 4626 papa:
1279 4564 1496 4625 quarto.

1604 4649 1667 4704 ν.

947 4751 1206 4794 εριετοιι
1237 4753 1451 4795 JOANNIS
1492 4755 1635 4794 PAP‘
1674 4757 1741 4794 XV
1767 4757 1834 4795 AD
1874 4755 2044 4797 OHNES
2081 4756 2321 4796 FIDELES.

1467 4835 1646 4906 (Anno
1667 4834 1815 4906 989.)

848 4921 1242 4980 Corbciemibus
1258 4928 1524 4981 monachis
1537 4928 1666 4996 jura
1689 4927 1930 4997 quwdam
1955 4943 2084 4982 nova
2108 4927 2436 4995 tribuuntur,

1376 5008 1684 5052 asseruntur
1714 5008 1902 5052 cetera.

918 5111 1182 5168 Convenit
1212 5113 1504 5184 episcopali
1535 5114 1877 5178 auctoritate,
1909 5114 2252 5183 maximeque
2287 5127 2438 5168 sum-

851 5205 922 5263 mi
955 5206 1223 5278 praesulis,
1253 5207 1340 5277 pie
1367 5205 1704 5276 solliciteque
1737 5221 1953 5277 semper
1988 5205 2226 5275 cogitare
2250 5211 2442 5273 quate-

852 5315 953 5356 nus
981 5301 1053 5354 ita
1076 5298 1427 5355 ecclesiarum
1457 5297 1844 5353 sollicitudines
1887 5297 2140 5363 habeant,
2185 5305 2243 5349 ut
2273 5293 2447 5350 sacris

853 5389 1007 5456 locis,
1055 5391 1108 5446 in
1148 5389 1344 5462 quibus
1385 5387 1501 5460 jugi
1550 5388 1925 5444 famulantium
1977 5387 2264 5443 sedulitate
2304 5385 2446 5440 Deus

951 5497 1101 5513 4.-...—
1175 5493 1474 5515 η-ιηηηοιιηη
1518 5483 1765 5515 ηηηΓΛα-ιιι
1800 5482 2052 5515 οηηδιηηηῖα
2099 5495 2204 5515 nnn
2263 5480 2445 5517 dolum-

854 5487 939 5513 -ιιΙΛ

2529 3376 2704 3430 neque
2733 3359 2784 3413 in
2813 3357 3046 3421 clericis,
3081 3369 3257 3424 neque
3301 3354 3354 3406 in
3386 3350 3620 3415 famulis,
3650 3357 3742 3402 aut
3775 3349 3827 3402 in
3853 3345 4107 3400 omnibus

2528 3467 2862 3525 quaecunque
2890 3451 2956 3505 ad
2982 3447 3309 3503 monasteria
3339 3446 3453 3514 ipsa
3474 3443 3724 3496 videntur
3751 3439 3951 3495 habere
3979 3449 4106 3506 pos-

2530 3545 2789 3604 sessionis
2820 3549 3145 3612 respectum,
3181 3540 3323 3594 sicut
3366 3537 3433 3591 ab
3463 3534 3712 3591 omnibus
3740 3532 3820 3586 eis
3845 3532 4108 3585 hactenus

2531 3646 2803 3694 servatum
2851 3646 2905 3689 et
2935 3647 3254 3688 concessum
3310 3638 3393 3683 est
3443 3625 3732 3699 episcopis,
3780 3623 3832 3677 in
3881 3633 4112 3690 quorum

2530 3729 2806 3801 parochiis
2829 3743 2915 3781 res
2931 3724 3246 3780 eorumdem
3266 3719 3718 3775 monasteriorum
3739 3715 4019 3784 conjacere
4039 3710 4114 3764 vi-

2533 3826 2747 3878 dentur.
2773 3818 2904 3872 Nam
2930 3817 3098 3886 ipsius
3115 3813 3321 3884 prmfati
3351 3808 3666 3865 monasterii
3689 3805 3870 3861 abbati
3896 3804 4112 3872 suisque

2533 3909 2939 3967 successoribus
2968 3904 3242 3959 licentiam
3266 3903 3473 3964 damus,
3496 3899 3652 3967 juxta
3677 3896 3846 3950 altare
3867 3893 4107 3971 sedendi,

2533 4004 2836 4075 populoque
2868 3998 3004 4053 infra
3033 4011 3188 4050 suum
3207 3992 3594 4047 monasterium
3610 3989 3691 4042 vel
3715 3987 3893 4050 cellas,
3921 4000 4112 4039 secun-

2536 4097 2658 4150 dum
2678 4094 2843 4148 Deum
2861 4087 3184 4160 praedicandi
3200 4101 3261 4139 ac
3279 4083 3524 4146 docendi,
3551 4082 3622 4135 ita
3642 4077 3888 4133 utnullus
3908 4076 4115 4145 episco-

2534 4202 2634 4257 pus
2655 4201 2751 4254 per
2785 4199 2841 4238 se
2871 4182 2937 4235 ad
2967 4182 3078 4247 ipsa
3109 4175 3458 4237 monasteria,
3478 4171 3560 4226 vel
3591 4170 3754 4225 cellas
3782 4167 4114 4231 eorumdem,

2533 4279 2618 4334 vel
2633 4291 2946 4332 meonomus
2958 4273 3095 4343 ejus,
3109 4270 3192 4324 vel
3208 4267 3664 4337 archipresbyter,
3679 4270 3772 4316 aut
3787 4261 4118 4316 archidiaco-

2539 4389 2639 4427 nus
2670 4371 2833 4434 illius,
2866 4383 2959 4421 seu
2987 4363 3240 4436 quaalibct
3285 4377 3350 4415 ex
3398 4359 3514 4427 ejus
3559 4357 3840 4427 agentibus
3886 4365 4114 4423 persona

2536 4469 2859 4532 potestatem
2892 4456 3089 4511 habeat
3118 4450 3446 4515 accedendi,
3481 4448 3583 4502 nisi
3614 4447 3751 4501 forte
3782 4441 4120 4501 necessitatis

2541 4569 2700 4611 causa
2721 4595 2734 4617 ,
2779 4550 2864 4605 vel
2905 4547 3206 4603 dilectionis
3237 4545 3406 4615 gratia
3439 4550 3658 4597 vocatus
3686 4537 3998 4600 advenerit;
4049 4549 4119 4590 ne

2542 4644 2952 4716 importunitate
2996 4638 3612 4704 sui,ministrorumque
3654 4643 3871 4685 suorum
3915 4625 4122 4716 inquieo

2543 4715 2730 4794 tudine
2762 4734 2935 4790 sacris
2966 4732 3099 4787 locis
3131 4729 3224 4783 fiat
3254 4727 3522 4782 molestia.
3581 4721 3764 4790 Neque
3793 4721 3845 4773 in
3875 4715 4121 4772 ecclesiis

2542 4832 2783 4905 prcefatis
2833 4824 3178 4884 monasteriis
3226 4820 3502 4889 subjectis,
3555 4815 3638 4870 vel
3691 4815 3743 4868 in
3789 4807 4121 4905 presbyteris

2543 4902 2747 4981 eisdem
2776 4918 3020 4976 ecclesiis
3043 4913 3307 4970 ordinatis
3334 4910 3568 4979 aliquam
3597 4913 3766 4960 tentet
3794 4902 3970 4958 facere
4000 4914 4123 4971 per-

2545 5015 2934 5075 turbationem,
2967 5022 3160 5064 novam
3191 4999 3588 5063 constituendo,
3621 4997 3894 5067 antiquam
3920 4993 4126 5051 consti-

2544 5102 2807 5165 tutionem
2837 5101 3117 5163 violando;
3160 5096 3252 5152 sed
3274 5095 3412 5150 sicut
3436 5091 3757 5162 regulariter
3776 5102 3840 5142 ac
3862 5083 4126 5142 canonice

2547 5199 2934 5274 disposuerint,
2962 5211 3026 5250 ex
3055 5193 3211 5263 longo
3235 5189 3346 5259 jam
3381 5197 3622 5256 tempore
3652 5179 3918 5274 manentis
3946 5178 4018 5274 ita
4046 5174 4127 5230 fu-

2549 5268 2686 5351 turis
2713 5288 3045 5360 temporibus
3071 5291 3323 5338 maneant
3348 5280 3688 5333 inconcusse.
3721 5268 4123 5330 Ordinationes,

2550 5403 2668 5457 qua:
2697 5380 3015 5439 necessariae
3045 5375 3244 5430 fuerint
3274 5372 3403 5442 ipsis
3434 5363 3794 5426 monasteriis,
3827 5373 3988 5457 agere
4019 5371 4129 5457 non

2553 5449 2792 5517 ιὶῑίγρι-ςιιτ
2836 5471 3023 5517 altaris
3054 5480 3287 5517 nuoaue.
3329 5471 3381 5516 et
3418 5460 3761 5516 basilicarum
3793 5449 4130 5509 benedictio-
