4494 5520
357 396 465 456 835

1508 389 1861 449 EPISTOLE
1898 388 1985 447 ET
2022 388 2426 446 PRlVlLEGlA.

3493 398 3596 455 854

356 524 455 581 pro
483 508 568 563 bis
596 506 847 565 omnibus
880 507 1081 564 nullum
1117 520 1312 563 munus
1344 488 1546 576 Erigat,
1588 520 1654 560 ne
1695 504 1926 575 Spiritus
1951 504 2002 564 Α
2028 501 2258 557 fructum
2288 505 2440 559 bonae
2462 504 2691 560 actionis
2721 507 3003 577 recipiant,
3037 517 3092 563 et
3126 512 3263 581 apud
3296 512 3596 570 districtum

356 598 528 655 sancti
558 599 786 670 gratiam
816 598 1048 654 vendere
1079 607 1323 661 conatus,
1375 597 1522 661 inde,
1568 596 1709 665 quod
1757 596 1916 660 absit,

358 690 757 745 damnationem
788 690 1047 745 incurrat.
1096 690 1206 744 Hoc
1232 688 1581 743 constitutum
1614 702 1719 742 non
1748 687 1919 741 solum

356 780 948 848 Patherbrunnensem,
988 797 1173 837 verum
1211 782 1372 836 etiam
1406 782 1643 836 onminm
1681 780 1917 836 locorum

354 870 655 940 episcopos,
686 872 987 942 ubicunque
1016 870 1236 943 praefata
1264 872 1607 933 monasteria,
1639 872 1720 926 vel
1750 873 1918 928 cccle-

355 962 485 1027 sias,
524 962 609 1016 vel
648 977 826 1033 agros,
863 963 947 1019 vel
984 963 1216 1019 familias
1246 963 1446 1019 habere
1475 974 1786 1029 noscuntur,
1821 967 1917 1019 ob-

355 1067 572 1108 servare
598 1054 715 1109 sine
736 1056 1103 1121 cunctatione,
1120 1070 1211 1110 seu
1239 1057 1665 1112 contradictione
1686 1067 1917 1127 Oportet,

354 1151 415 1197 ut
443 1142 623 1200 nullus
651 1147 931 1214 potestatis
966 1145 1090 1215 jure
1120 1145 1278 1201 rebus
1305 1149 1614 1202 eorumdem
1647 1158 1919 1204 monaste-

354 1233 556 1288 riorum
589 1233 861 1301 abutatur,
910 1237 1003 1291 sed
1034 1246 1287 1291 maneant
1328 1239 1507 1293 omnia
1558 1241 1611 1293 in
1658 1251 1923 1310 potestate

351 1326 696 1395 praelatorum
726 1328 825 1391 eis,
880 1336 935 1382 et
982 1328 1216 1397 regulari
1267 1330 1638 1399 dispositione.
1671 1348 1923 1401 quaecun-

352 1429 477 1483 que,
510 1425 569 1471 ut
598 1417 852 1482 diximus,
887 1418 967 1471 vel
1004 1419 1056 1472 in
1091 1421 1256 1489 agris,
1291 1420 1372 1473 vel
1404 1422 1455 1474 in
1487 1420 1723 1488 familiis,
1758 1425 1839 1479 vel
1870 1426 1921 1479 in

310 1545 328 1566 λ
352 1506 577 1561 decimis
614 1507 694 1562 eis
731 1517 980 1563 constant
1009 1524 1129 1564 esse
1157 1511 1374 1565 collata.
1430 1511 1582 1567 Sicut
1618 1526 1671 1568 et
1709 1525 1925 1583 aposto-

349 1594 451 1651 lica
482 1608 536 1651 et
566 1598 861 1668 imperialia
893 1612 1154 1670 praecepta
1179 1642 1193 1665 ,
1245 1604 1440 1670 partim
1473 1605 1667 1669 simul,
1725 1608 1920 1675 partim

350 1684 657 1754 singulatim
710 1688 789 1742 eis
838 1690 1301 1744 conﬁrmavimus.
1359 1694 1619 1747 Ahbatcm
1668 1710 1816 1759 vero,
1869 1706 1924 1750 et

350 1777 678 1832 abbatissam
706 1779 761 1833 in
790 1780 872 1833 his
904 1780 1036 1835 locis
1066 1797 1277 1851 semper
1306 1782 1533 1852 eligendi
1568 1786 1797 1839 habeant
1831 1801 1921 1854 po-

351 1876 641 1932 testatem,
688 1877 747 1923 ut
801 1884 918 1923 eam
968 1870 1168 1941 eligant
1210 1886 1495 1941 personam
1567 1891 1683 1944 qua:
1727 1852 1922 1947 propo-
1954 1852 2002 1914 Β

348 1959 511 2013 situm
557 1962 986 2017 conversationis
1042 1964 1095 2017 in
1153 1966 1407 2020 utrolibet
1454 1970 1817 2032 monasterio,
1872 1979 1925 2024 et

349 2050 592 2105 moribus
636 2060 691 2105 et
734 2052 919 2107 habitu
961 2054 1301 2121 proﬁteatur,
1348 2074 1452 2111 non
1478 2063 1797 2115 canonicum
1832 2072 1925 2118 aut

347 2138 569 2205 laicum,
618 2156 791 2210 neque
836 2142 1057 2198 alterius
1102 2148 1414 2201 monasterii
1464 2152 1821 2217 monachum,
1873 2154 1924 2207 in

348 2242 456 2297 quo
514 2229 817 2298 specialiter
870 2248 967 2287 nos
1022 2234 1209 2289 audire
1267 2237 1515 2303 dignetur
1562 2241 1706 2308 regia
1756 2243 1925 2296 domi-

348 2318 538 2384 natio,
607 2328 668 2375 ut
729 2322 928 2376 nullam
992 2323 1195 2378 eisdem
1254 2330 1598 2383 monasteriis
1664 2344 1925 2401 proponat

348 2423 677 2479 personam,
744 2426 863 2481 qua:
926 2428 1033 2467 non
1097 2415 1163 2469 ab
1230 2417 1357 2484 ipsis
1421 2423 1925 2491 congregationibus

349 2496 512 2552 fuerit
557 2499 875 2571 regulariter
918 2502 1109 2559 electa.
1179 2506 1293 2572 Qua
1344 2510 1408 2563 de
1455 2526 1513 2565 re
1561 2515 1765 2567 noverit
1817 2516 1925 2571 cle-

350 2590 595 2657 mentia,
645 2592 729 2646 vel
784 2611 926 2649 nunc
981 2598 1371 2667 existentium,
1426 2604 1509 2658 vel
1568 2609 1925 2664 successionis

344 2678 467 2749 jure
497 2682 737 2737 omnium
773 2684 1077 2742 futurorum
1117 2691 1419 2761 principum
1463 2711 1491 2748 a
1541 2699 1667 2752 sede
1711 2712 1926 2769 aposto-

349 2768 454 2825 lica
503 2773 788 2840 sancitum,
835 2787 1125 2849 nostraque
1160 2784 1551 2855 subscriptione
1590 2768 1921 2861 roboratum,

349 2874 451 2915 nec
495 2878 601 2917 non
644 2867 1073 2923 antecedentium
1118 2886 1299 2943 regum
1348 2881 1633 2947 praeceptis
1679 2893 1923 2949 cautum,

349 2958 410 3005 ut
450 2954 721 3022 praedictis
778 2960 1122 3015 monasteriis
1180 2963 1380 3019 nullam
1445 2968 1742 3036 praeﬁciam
1799 2989 1923 3043 per-

348 3056 535 3099 sonam
581 3044 648 3101 de
692 3062 1015 3119 quocunque
1060 3053 1288 3119 ordine,
1355 3056 1459 3111 nisi
1504 3074 1623 3128 quae
1671 3077 1769 3131 per
1812 3065 1921 3119 ele-

349 3135 585 3191 ctionem
611 3136 940 3208 probabilem
970 3152 1233 3199 sumatur.
1285 3145 1547 3213 Quoniam
1579 3166 1707 3207 vero
1741 3156 1923 3212 multa:

348 3238 665 3298 quaeruntur
690 3230 758 3285 ab
784 3230 1105 3303 importunis
1131 3236 1435 3294 hominibus
1461 3242 1806 3313 malignitatis
1834 3265 1910 3305 oc-
1952 3203 1996 3267 C

348 3319 615 3387 casiones,
640 3335 703 3377 ac
725 3337 951 3381 necesse
970 3339 1181 3397 semper
1202 3328 1426 3386 adversa
1462 3334 1565 3388 tela
1590 3336 1778 3407 clypeo
1800 3355 1928 3409 pro-

348 3413 601 3469 tectionis
627 3415 905 3484 repellere,
934 3420 1075 3488 quod
1115 3424 1406 3490 apostolica
1446 3425 1685 3482 decrevit
1740 3442 1925 3487 aucto-

345 3503 501 3569 ritas,
534 3520 630 3561 nos
651 3521 862 3577 quoque
888 3511 1271 3579 approbamus,
1326 3524 1385 3568 ut
1411 3517 1501 3586 qui
1545 3519 1779 3575 ordinati
1809 3522 1924 3578 fue-

347 3594 459 3648 rint
482 3596 547 3649 ad
572 3597 809 3666 regimen
833 3602 1242 3668 saepedictorum
1271 3608 1738 3675 monasteriorum,
1781 3613 1925 3667 nulla

345 3694 612 3761 potestate
640 3690 961 3757 praevalente
983 3692 1323 3761 dejieiantur,
1354 3697 1455 3751 nisi
1497 3700 1740 3757 criminis
1761 3717 1923 3758 causa

346 3759 549 3831 fuerint
576 3776 915 3846 deprehensi,
967 3781 1120 3850 cujus
1171 3785 1363 3840 merito
1395 3796 1632 3844 rectores
1683 3807 1786 3845 non
1838 3796 1925 3848 dc-

345 3864 513 3920 beant
562 3867 939 3924 administrare
963 3870 1216 3926 ofﬁcium.
1258 3874 1495 3933 Infamia:
1533 3894 1661 3935 vero
1697 3885 1922 3939 maculis

344 3957 461 4013 sive
482 3958 724 4013 criminis
746 3959 972 4030 alicujus
996 3963 1340 4021 denotatione
1366 3968 1410 4021 si
1452 3968 1650 4027 fuerint
1678 3977 1919 4043 appetiti,

345 4062 455 4104 non
499 4060 695 4120 praeter
741 4055 1059 4109 canonicam
1110 4066 1201 4111 aut
1242 4060 1542 4131 regularem
1592 4066 1924 4135 deponantur

346 4141 819 4197 examinationem.
872 4143 927 4198 Si
962 4147 1083 4216 quis
1130 4162 1258 4218 ergo
1299 4152 1606 4219 apostolicae
1659 4160 1802 4214 sedis
1828 4162 1920 4216 de-

345 4239 551 4286 cretum
580 4235 985 4303 contempserit,
1014 4238 1199 4304 procul
1223 4240 1383 4296 dubio
1415 4244 1775 4302 damnationis
1797 4266 1924 4305 cen-

344 4334 528 4376 suram
557 4323 829 4391 suseipiet,
877 4340 1039 4395 quam
1080 4328 1348 4386 credimus
1393 4331 1576 4389 divino
1607 4334 1804 4406 Spiritu
1829 4354 1923 4408 per

345 4409 695 4480 apostolicam
730 4412 967 4483 linguam
1004 4417 1439 4486 probatam.Nos
1479 4423 1644 4493 igitur
1682 4438 1921 4485 nostram

343 4503 793 4574 subscriptionem
823 4508 1003 4562 annuli
1044 4511 1215 4564 nostri
1244 4512 1597 4583 impressione
1628 4519 1919 4591 signantes,

342 4596 691 4653 obsecramus
736 4600 1082 4670 coepiscopos
1120 4613 1333 4661 nostros
1374 4622 1582 4677 omnes,
1613 4613 1665 4666 in
1691 4630 1921 4684 quorum

344 4703 534 4744 manus
562 4688 664 4744 ista
711 4690 1043 4758 devenerint,
1098 4704 1157 4750 ut
1181 4711 1275 4752 sua
1324 4698 1487 4754 etiam
1527 4706 1848 4764 auctoritate
1870 4718 1923 4764 et

344 4777 743 4849 subscriptione
765 4780 879 4836 haec
916 4783 1239 4842 conﬁrmare
1287 4789 1475 4857 velint,
1525 4802 1583 4848 ut
1619 4798 1923 4870 quicunque

344 4869 460 4926 haec
499 4878 801 4945 temerare,
836 4880 1242 4949 praesumpserit
1294 4885 1663 4951 generalitatis
1726 4869 1924 4950 nostrae

345 4962 628 5019 sententiis
648 4962 721 5017 ita
754 4967 1112 5024 anathematis
1155 4970 1369 5028 vinculo
1410 4975 1696 5047 obligetur,
1750 4992 1809 5037 ut
1834 5001 1923 5042 ne-

345 5052 544 5108 minem
570 5054 785 5123 habeat,
834 5059 899 5113 de
940 5058 1092 5129 cujus
1145 5061 1329 5118 favore
1364 5065 1691 5142 blandiatur,
1740 5087 1833 5133 aut
1861 5095 1921 5137 se

345 5144 482 5200 tueri
508 5153 659 5215 putet
684 5162 715 5202 a
748 5151 1011 5206 sententia
1056 5154 1436 5211 damnationis.
1475 5157 1558 5213 Ab
1582 5160 1924 5233 imperatori-

342 5236 443 5294 bus
466 5238 631 5294 etiam
656 5248 753 5295 aut
782 5242 997 5313 regibus
1036 5248 1150 5303 sive
1180 5247 1426 5315 ducibus,
1460 5260 1554 5305 aut
1601 5269 1633 5309 a
1682 5274 1924 5327 quacun-

340 5344 449 5399 que
474 5338 763 5400 potestate,
794 5348 913 5402 qua:
940 5350 1038 5403 pro
1060 5348 1298 5409 tempore
1330 5349 1453 5396 tunc
1481 5343 1730 5404 ordinata
1762 5349 1927 5413 fuerit

339 5438 664 5493 componere
698 5435 958 5495 cogantur
986 5434 1130 5489 mille
1160 5433 1327 5489 libras
1352 5436 1467 5490 auri
1482 5438 1693 5509 Optimi,
1724 5450 1928 5507 medie-

2018 592 2253 662 judiecm
2286 598 2503 665 prmmia
2531 608 2744 651 :eternze
2774 598 2971 667 quietis
3009 600 3301 657 inveniant.

2096 682 2366 754 Scriptqu
2391 700 2486 754 per
2514 702 2704 741 manus
2722 687 2975 757 Stephani
2997 691 3151 758 primi
3171 693 3364 747 scrinei
3389 692 3598 749 Saucla‘.

2024 773 2277 830 Romana:
2300 776 2538 831 ecclesiae
2564 778 2615 832 in
2640 794 2819 833 mense
2845 780 3003 834 Junio
3025 792 3076 835 et
3092 783 3381 840 indictione
3402 802 3596 841 secun-

2024 866 2111 920 da.
2152 867 2339 921 Datum
2364 868 2582 924 Kalend.
2606 869 2727 925 Julii
2760 887 2857 939 per
2901 888 3087 929 manus
3121 872 3342 932 Joannis
3362 878 3596 947 episcopi

2024 969 2221 1013 sancta:
2251 960 2563 1030 Ephesieus.
2598 963 2674 1032 (5)
2701 963 2953 1018 Ecclesia:
2986 976 3038 1020 et
3063 966 3447 1024 bibliothecarii
3473 985 3599 1025 san-

2024 1059 2123 1105 cta:
2162 1052 2303 1106 sedis
2328 1054 2647 1123 apostolicaz.
2668 1056 2822 1109 Anno
2847 1058 3187 1125 pontiﬁcatus
3215 1060 3411 1114 domini
3432 1058 3597 1115 Joan-

2024 1142 2109 1196 nis
2164 1144 2510 1211 sanctissimi,
2555 1146 2726 1215 quinti
2777 1148 2967 1202 decimi
2998 1164 3148 1219 papae
3185 1166 3258 1217 tv,
3312 1151 3602 1208 indictione

2025 1236 2278 1291 secunda.

2090 1437 2303 1477 JOANNIS
2354 1440 2498 1478 ιιΑιιιε
2540 1441 2605 1477 κν
2658 1441 3000 1483 ιηιινιιιεοιωι
3042 1445 3141 1485 PRO
3198 1447 3530 1492 IONASTERIO

2422 1510 2466 1549 5.
2510 1510 2719 1550 NAZABII
2761 1515 3210 1557 LAL'Ill-LSIIAMENSI.

2638 1588 2813 1655 (Anno
2841 1590 2987 1659 989.)

2270 1673 2490 1744 LMansi,
2514 1675 2672 1731 Cone.
2712 1688 2843 1732 tom.
2881 1680 3019 1745 XIX,
3048 1697 3168 1753 pag.
3198 1683 3347 1758 419.]

2095 1779 2328 1836 donans
2357 1785 2658 1854 episcopus,
2694 1802 2879 1842 servus
2910 1805 3185 1845 servorum
3217 1794 3333 1859 Dei,
3365 1794 3600 1852 dilectis-

2029 1872 2165 1927 simo
2197 1874 2250 1926 in
2281 1874 2504 1929 Domino
2534 1878 2640 1931 ﬁlio
2670 1878 2732 1931 ΙΝ.
2764 1879 3011 1949 religioso
3056 1882 3233 1937 abbati
3281 1888 3601 1945 venerabilis

2028 1966 2339 2019 monasterii
2372 1968 2458 2021 ubi
2506 1966 2562 2021 S.
2611 1968 2825 2023 Nazarii
2858 1972 3077 2039 pretiosi
3122 1977 3377 2045 martyris
3408 1992 3602 2048 corpus

2027 2055 2353 2124 requiescit,
2385 2057 2437 2109 in
2486 2057 2602 2112 loco
2631 2061 2719 2128 qui
2750 2061 2949 2115 dicitur
2978 2060 3041 2114 N.
3078 2064 3166 2132 qui
3207 2065 3484 2122 dedicatus
3517 2076 3604 2124 est

2027 2147 2079 2201 in
2109 2147 2312 2201 honore
2337 2148 2697 2215 apostolorum
2729 2149 2875 2205 Petri
2906 2163 2961 2206 et
2990 2151 3163 2220 Pauli,
3210 2164 3263 2209 et
3305 2155 3360 2211 S.
3387 2157 3603 2216 Nazarii

2028 2240 2278 2308 martyris
2302 2241 2550 2296 similiter
2577 2256 2941 2312 consecratus,
2973 2252 3377 2309 successoribus
3414 2255 3603 2326 tuis_in

2026 2342 2367 2400 perpetuum.

2098 2423 2358 2477 Convenit
2386 2424 2677 2493 apostolico
2706 2428 3056 2485 moderamini
3097 2432 3183 2501 pia
3210 2434 3466 2507 religione
3492 2438 3609 2509 pol-

2027 2513 2260 2569 leutibus
2282 2515 2536 2570 benevola
2561 2517 2824 2572 eharitate
2852 2535 3189 2590 succurrere,
3217 2535 3271 2579 et
3298 2538 3605 2598 promptum

2028 2622 2149 2662 cum
2194 2607 2358 2661 alacri
2409 2607 2692 2664 devotione
2729 2611 3005 2681 impertire
3037 2630 3335 2672 assensum.
3390 2619 3468 2673 Ex
3505 2622 3608 2677 hoc

2027 2699 2173 2751 enim
2208 2698 2341 2752 lucri
2385 2700 2725 2769 potissimum
2761 2706 3035 2770 przcmium
3068 2722 3132 2761 eo
3173 2712 3449 2766 conditore
3492 2728 3611 2767 om-

2030 2791 2175 2843 nium
2205 2791 2478 2859 reponitur
2506 2791 2633 2857 Deo,
2666 2795 2882 2861 quando
2906 2798 3232 2852 venerabilia
3256 2799 3373 2855 loca
3405 2816 3605 2873 oppor-

2030 2891 2157 2936 tune
2185 2882 2453 2945 ordinata,
2484 2884 2550 2936 ad
2597 2884 2875 2939 meliorem
2908 2886 3110 2943 fuerint
3140 2890 3257 2944 sine
3294 2892 3455 2947 dubio
3501 2902 3603 2948 sta-

2030 2982 2143 3027 tum
2176 2982 2361 3027 nostra
2394 2975 2687 3043 apostolica
2721 2980 3044 3035 auctoritate
3080 2983 3359 3050 perducta.
3388 2985 3456 3039 Et
3479 2987 3606 3056 quia

2030 3063 2359 3117 excellentiae
2386 3074 2579 3119 vestrae
2612 3066 2898 3123 laudabilis
2929 3073 3283 3128 mansuetudo
3314 3076 3607 3144 postulavit

2031 3167 2061 3206 a
2090 3154 2258 3217 vobis,
2287 3162 2552 3221 quatenus
2582 3170 2678 3224 pro
2719 3172 2903 3213 amore
2948 3159 3130 3216 dilecti
3183 3162 3278 3217 ﬁlii
3310 3166 3481 3221 nostri
3513 3167 3609 3223 do-

2030 3246 2159 3299 mini
2185 3244 2482 3301 Ottonislll
2532 3247 2889 3317 imperatoris,
2923 3259 2976 3305 et
3018 3251 3227 3308 dilectae
3271 3256 3464 3311 matris
3494 3271 3607 3313 sua:

2028 3334 2408 3406 The0phanite,
2438 3347 2492 3393 et
2532 3339 2762 3394 domina:
2788 3350 2986 3395 nostra:
3014 3344 3148 3397 aviae
3191 3360 3319 3410 sua},
3355 3348 3607 3416 spiritua-

2026 3428 2156 3483 lium
2187 3428 2420 3485 ﬁliarum
2470 3441 2807 3498 nostrarum,
2854 3435 3168 3503 prazdictum
3219 3440 3604 3496 monasterium

2026 3522 2504 3590 eunﬁrmaremus,
2538 3526 2883 3581 concedimus
2928 3536 2983 3582 et
3030 3529 3415 3588 conﬁrmamus
3453 3534 3607 3591 vobis

2024 3615 2325 3684 vestrisque
2351 3618 2578 3686 posteris
2609 3616 2891 3685 prazfatum
2921 3624 3305 3677 monasterium
3335 3641 3458 3681 cum
3488 3642 3608 3681 om-

2024 3705 2183 3760 nibus
2226 3706 2385 3761 rebus
2436 3708 2722 3763 mobilibus
2769 3718 2822 3763 et
2857 3710 3221 3768 immobilibus
3269 3714 3393 3771 illuc
3438 3717 3607 3786 perti-

2025 3799 2296 3863 nentibus,
2323 3815 2438 3867 quae
2468 3801 2569 3854 dici
2599 3800 2679 3855 vel
2717 3803 2982 3857 nominari
3012 3816 3253 3873 possunt,
3287 3823 3314 3861 a
3344 3812 3604 3878 prwsenti

2025 3903 2084 3943 ιιι
2119 3889 2411 3942 indictione
2442 3891 2509 3943 ad
2542 3890 2713 3958 ipsum
2741 3895 3168 3949 sacratissimum
3214 3902 3602 3955 monasterium

2024 3981 2447 4048 permanendum
2480 3984 2790 4049 statuimus,
2815 3994 2869 4038 et
2893 3989 3178 4042 statuendo
3198 3990 3603 4058 coutirmamus,

2024 4072 2097 4124 ita
2126 4079 2182 4125 ut
2205 4080 2397 4126 cuncta
2425 4072 2540 4126 loca
2571 4075 2776 4128 urbana
2802 4076 2881 4129 vel
2912 4079 3135 4145 rustica,
3162 4081 3214 4135 id
3240 4092 3323 4137 est
3349 4084 3400 4137 iu
3426 4084 3607 4141 fundis

2023 4171 2078 4218 et
2104 4164 2394 4231 casalibus,
2428 4168 2566 4221 casis
2597 4176 2651 4222 et
2677 4168 2841 4234 villis,
2866 4170 3059 4226 vinetis
3096 4183 3149 4229 et
3196 4178 3439 4231 terminis
3462 4218 3476 4243 ,
3511 4194 3607 4234 seu

2024 4259 2261 4313 castellis
2282 4300 2294 4324 ,
2338 4261 2572 4330 campis,
2608 4264 2776 4329 pratis
2799 4304 2811 4328 ,
2840 4266 3085 4334 pascuis,
3127 4268 3306 4334 silvis,
3345 4274 3570 4328 saltibus
3592 4315 3606 4337 ,

2025 4348 2331 4414 arboribus,
2370 4350 2670 4418 pomiferis,
2718 4350 3016 4410 fructiferis
3045 4364 3099 4411 et
3144 4358 3498 4418 infruetiferis
3529 4366 3609 4417 di-

2026 4440 2165 4494 versi
2192 4441 2425 4510 generis,
2470 4441 2667 4509 puteis,
2702 4441 2940 4499 fontibus
2974 4456 3029 4500 et
3061 4448 3226 4515 rivis,
3259 4455 3414 4522 aquis
3440 4495 3454 4521 ,
3489 4473 3606 4512 mo-

2028 4529 2284 4595 lendinis,
2318 4530 2729 4598 piseatiouibus,
2755 4536 2953 4602 prmdia
2983 4538 3124 4592 culta
3157 4550 3213 4595 et
3252 4542 3476 4613 inculta,
3503 4566 3607 4605 una

2029 4635 2151 4675 cum
2179 4621 2380 4676 colonis
2407 4630 2460 4676 et
2493 4622 2708 4679 familiis
2750 4626 2889 4689 suis,
2921 4642 3042 4684 cum
3071 4632 3316 4702 decimis,
3340 4649 3394 4693 et
3436 4642 3611 4698 solitis

2029 4714 2337 4769 dationibus
2365 4724 2415 4768 et
2463 4716 2727 4772 universis
2759 4719 2944 4785 rebus,
2980 4738 3099 4793 quze
3130 4725 3313 4796 aliquo
3352 4732 3511 4787 modo
3540 4736 3609 4788 ad

2028 4804 2202 4874 ipsum
2232 4804 2406 4860 locum
2434 4807 2707 4875 pertinent
2759 4810 2841 4865 vel
2870 4815 3143 4882 pertinere
3172 4818 3368 4876 debent
3418 4825 3612 4880 amodo

2027 4904 2083 4951 et
2112 4910 2279 4966 usque
2311 4897 2362 4951 in
2409 4896 2567 4953 finem
2602 4901 2802 4965 saeculi,
2854 4903 3013 4960 sicuti
3044 4907 3113 4962 ab
3142 4919 3487 4969 anteeessore
3516 4929 3613 4969 no-

2029 4995 2144 5044 stro
2190 4989 2407 5045 domino
2461 4989 2525 5044 N.
2584 4994 2927 5050 sanctissimo
2983 5012 3149 5069 papa,
3204 5015 3299 5071 per
3351 5006 3605 5075 praecepti

2027 5076 2277 5149 paginam
2322 5078 2474 5135 vobis
2507 5094 2825 5140 concessum
2858 5093 2975 5153 est,
3007 5088 3081 5142 ita
3110 5098 3162 5143 et
3204 5106 3304 5148 nos
3345 5095 3525 5149 omnia
3562 5096 3617 5152 in

2030 5167 2303 5241 integrum
2334 5187 2431 5243 per
2473 5164 2575 5227 hoc
2621 5184 2871 5231 nostrum
2902 5178 3245 5250 privilegium
3266 5224 3280 5250 ,
3309 5192 3363 5239 et
3385 5184 3622 5240 auctori-

2032 5265 2143 5315 tate
2193 5262 2337 5320 beati
2385 5263 2528 5318 Petri
2576 5268 2804 5336 apostoli
2859 5284 2985 5327 cum
3033 5274 3179 5328 onmi
3227 5277 3521 5334 securitate
3566 5289 3627 5336 et

2034 5358 2427 5426 tranquillitate
2474 5358 2627 5413 vobis
2671 5371 2725 5416 et
2764 5366 3005 5433 posteris
3035 5367 3234 5425 vestris
3280 5371 3631 5430 concedimus

2038 5454 2091 5499 et
2122 5451 2507 5507 conﬁrmamus
2551 5450 2861 5510 donandum
2920 5459 3330 5520 perpetualiter.
3362 5460 3489 5517 Post
3529 5461 3634 5517 ob-
