4494 5520
863 405 969 468 835

2133 411 2413 470 JOA‘NNIS
2452 411 2544 468 XV
2586 410 2807 466 PAPAS.

3995 413 4102 470 850

861 502 1155 572 apostolica
1187 517 1416 557 censura
1450 503 1549 558 sub
1577 504 1742 558 divini
1773 504 1962 572 judicii
1991 504 2348 560 obtestatione
2369 515 2423 561 et
2449 511 2501 568 Α
2528 519 2560 558 a
2608 503 2876 558 Ludovico
2919 503 3080 556 etiam
3122 500 3264 556 illius
3303 500 3449 567 ﬁlio;
3508 510 3610 557 tuae
3654 501 3979 561 fraternitati
4029 523 4102 562 ex

856 595 1217 648 anatbeniatis
1239 595 1542 660 interdictu,
1572 605 1630 647 ut
1660 596 1834 648 nullus
1861 597 1988 660 dux,
2022 596 2196 650 nullus
2221 612 2424 661 comes,

855 684 1034 739 nullus
1069 685 1502 754 archiepiscopus
1532 685 1613 738 vel
1644 686 1946 755 episcopus,
1977 686 2058 740 vel
2100 688 2259 740 etiam
2283 703 2427 756 qua:-

855 776 986 832 libet
1021 778 1296 832 hominum
1345 795 1536 849 magna
1582 794 1817 849 parvave
1862 795 2090 849 persona
2137 788 2428 851 praesumat

855 869 1027 924 eidem
1056 870 1347 925 venerabili
1371 873 1696 925 monasterio
1720 873 1968 925 damnum
1994 874 2104 927 sive
2128 872 2426 927 molestiam

855 954 1074 1022 inferre,
1120 958 1232 1013 sive
1261 960 1325 1012 de
1371 958 1531 1013 rebus
1578 960 1743 1028 ipsius
1791 959 2003 1016 auferre
2041 961 2123 1015 vel
2169 961 2426 1027 alienare,

854 1049 947 1104 sed
973 1049 1111 1104 sicut
1132 1064 1292 1120 supra
1323 1067 1352 1103 a
1388 1049 1542 1104 nobis
1581 1051 1953 1105 conﬁrmatum
1984 1061 2086 1116 est,
2120 1053 2194 1105 ita
2231 1067 2427 1122 peren-

854 1139 1011 1193 nibus
1045 1147 1205 1208 atque
1235 1141 1508 1208 perpetuis
1541 1141 1870 1209 temporibus
1912 1141 2027 1196 sine
2073 1141 2248 1210 aliqua
2279 1141 2431 1196 dimi.

854 1230 1075 1285 nutione
1118 1230 1276 1284 liceat
1305 1230 1572 1285 ﬁnetenus
1615 1247 1950 1302 permanere.
1985 1233 2039 1288 Si
2067 1235 2187 1303 quis
2214 1243 2425 1298 autem,

853 1321 995 1391 quod
1042 1337 1147 1375 non
1177 1331 1424 1392 optamus
1451 1363 1468 1389 ,
1515 1327 1808 1378 temerario
1840 1341 1972 1380 ausu
2000 1327 2291 1390 exstiterit,
2337 1327 2427 1396 qui

852 1422 1041 1467 contra
1071 1414 1173 1469 hoc
1211 1424 1453 1468 nostrum
1487 1417 1838 1485 apostolicum
1867 1419 2294 1474 conﬁrmationis
2319 1420 2430 1488 pri-

852 1504 1101 1576 vilegium
1154 1508 1369 1570 venire,
1401 1516 1493 1560 aut
1541 1508 1593 1562 in
1630 1525 1903 1579 quoquam
1949 1511 2259 1579 dirmnpere
2287 1525 2427 1579 prae-

853 1596 1163 1666 sumpserit,
1209 1606 1262 1652 ct
1310 1598 1450 1652 sicut
1498 1600 1744 1667 superius
1772 1615 1802 1652 a
1847 1601 2000 1653 nobis
2050 1602 2428 1655 conﬁrmatum

851 1695 953 1749 est,
985 1687 1059 1740 ita
1096 1702 1415 1757 permanere
1441 1703 1547 1742 non
1577 1689 1874 1754 dimiserit,
1906 1692 2043 1744 sciat
2065 1707 2140 1755 se,
2173 1693 2270 1745 nisi
2304 1694 2431 1747 resi-

851 1776 1025 1845 piscat
1051 1816 1066 1840 ,
1118 1778 1439 1831 auctoritate
1478 1777 1571 1830 Dei
1603 1779 1986 1847 omnipotentis
2031 1791 2083 1833 et
2116 1781 2256 1833 bcati
2284 1780 2428 1834 Petri

2529 595 2708 648 animo
2767 593 3044 657 faventes,
3089 594 3344 664 quidquid
3401 594 3591 663 regalis
3633 596 3991 651 muniﬁcentia
4044 598 4101 653 in

2528 683 2975 754 possessionibus,
3018 691 3388 751 terrarumque
3436 682 3767 747 redditibus,
3817 684 3964 738 silvis
4005 701 4102 756 pa-

2527 776 2685 835 scuis,
2719 775 2874 828 terris
2907 773 3064 829 cultis
3089 784 3142 828 et
3173 775 3405 838 incultis,
3452 774 3607 844 aquis
3640 790 3968 844 aquarumve
4002 781 4099 835 de-

2527 866 2774 921 cursibus
2810 866 3055 929 marinis,
3099 867 3324 936 stagnis,
3365 864 3756 935 ﬁuviorumque
3794 868 4104 936 piscationi-

2527 958 2647 1024 bus,
2675 957 3023 1013 ecclesiarum
3049 973 3172 1012 cum
3195 958 3305 1012 suis
3327 957 3642 1025 adjacentiis
3662 958 4100 1028 delegationibus,

2526 1048 2899 1119 ingenuorum,
2931 1063 3231 1112 servorum,
3259 1063 3353 1103 seu
3381 1048 3688 1103 colonorum
3722 1053 4104 1122 propagatione

2527 1148 2688 1209 atque
2716 1139 2970 1203 incolatu,
2998 1140 3290 1194 Anianensi
3317 1141 3564 1196 coenobio
3584 1141 3846 1205 contulit;
3883 1153 3937 1197 et
3961 1144 4105 1213 quod

2528 1232 2615 1303 pia
2644 1231 2880 1285 ﬁdelium
2921 1232 3136 1286 devotio
3181 1232 3376 1286 obtulit
3413 1232 3496 1286 vel
3526 1232 3784 1287 collatura
3813 1243 3914 1296 est,
3947 1249 4107 1290 omne

2529 1321 2659 1375 illud
2688 1322 2831 1390 quod
2878 1321 2931 1374 in
2975 1320 3226 1390 prwsettti
3251 1320 3332 1375 vel
3359 1321 3412 1374 in
3439 1331 3708 1390 posterum
3734 1323 3800 1376 ad
3828 1322 4107 1392 praefatum

2529 1413 2833 1470 Anianense
2875 1414 3258 1468 monasterium
3301 1415 3569 1484 pertinere
3595 1415 3678 1470 vel
3705 1415 3967 1484 possideri
3997 1431 4026 1468 a
4056 1425 4110 1470 te

2530 1507 2732 1576 tibique
2759 1507 3058 1562 commissis
3090 1505 3440 1576 dignoscitur,
3492 1516 3550 1561 ut
3590 1507 3790 1576 absque
3840 1508 4109 1576 inquietu-

2531 1599 2653 1652 dine
2687 1599 3054 1668 cujuscunque
3096 1599 3376 1667 potestatis
3415 1598 3500 1653 vel
3549 1600 3871 1654 conditionis
3910 1601 4110 1654 intacta

2531 1690 2782 1752 retinere,
2833 1691 3180 1755 distribuere,
3227 1691 3498 1753 ordinare,
3542 1701 3634 1744 aut
3658 1701 3989 1746 commutare
4011 1707 4112 1760 pro

2531 1779 2630 1834 loci
2657 1780 2884 1835 utilitate
2910 1781 3087 1834 valeas
3114 1783 3479 1848 concedimus,
3506 1792 3559 1836 et
3582 1793 3762 1838 nostra
3792 1784 4112 1838 auctoritate

853 1867 1220 1937 apostolorum
1256 1868 1534 1937 principis,
1567 1878 1727 1937 atque
1758 1881 1940 1924 nostra
1973 1871 2061 1938 qui
2093 1869 2206 1937 ejus
2252 1871 2424 1941 fungi-
2451 1881 2500 1941 Β
2526 1876 2958 1929 corroboramus.
2987 1874 3191 1944 thuia
3217 1875 3531 1931 ineﬂ‘renata
3556 1879 3846 1949 cupiditas,
3870 1879 4114 1933 hmresis-

852 1974 975 2013 mur
1004 1959 1140 2023 vice,
1174 1960 1532 2014 auatbematis
1557 1961 1771 2015 vinculo
1799 1978 1918 2016 esse
1949 1964 2334 2027 innodandum,
2374 1975 2428 2018 et

853 2065 884 2103 a
932 2065 1097 2121 regno
1139 2050 1231 2104 Dei
1292 2051 1551 2117 alienum,
1584 2061 1747 2122 atque
1797 2069 1917 2108 cum
1970 2053 2107 2108 Juda
2167 2057 2427 2110 traditore

852 2141 916 2196 D.
946 2142 1009 2195 N.
1040 2141 1088 2196 J.
1115 2142 1173 2198 (Ζ.
1205 2152 1405 2198 etcum
1433 2145 1681 2199 omnibus
1711 2145 1889 2215 impiis
1920 2148 1973 2200 in
2020 2158 2221 2202 aeterno
2247 2150 2430 2202 incen-

853 2232 942 2287 dio
969 2235 1446 2288 concremandum.
1495 2236 1594 2302 Qui
1629 2251 1758 2290 vero
1791 2238 1877 2306 pio
1926 2239 2118 2293 intuitu
2171 2249 2351 2294 custos
2377 2249 2432 2294 et

851 2323 1168 2379 observator
1195 2325 1464 2379 exstiterit
1495 2325 1654 2393 hujus
1683 2328 1852 2380 nostri
1901 2330 2179 2396 apostolici
2230 2329 2429 2384 conﬁr-

851 2417 1106 2470 mationis
1153 2416 1462 2486 privilegii,
1510 2417 1912 2472 benedictionis
1939 2421 2168 2489 gratiam
2217 2435 2247 2473 a
2285 2419 2431 2487 justo

849 2503 1029 2575 judice
1076 2505 1305 2560 Domino
1359 2515 1546 2560 nostro
1588 2507 1698 2562 Deo
1744 2509 2002 2578 consequi
2055 2519 2326 2564 mereatur
2377 2510 2432 2564 in

852 2597 1046 2652 saecula
1072 2597 1412 2652 szeculorum.
1436 2597 1632 2652 Amen.

925 2685 1196 2756 Scriptum
1246 2701 1341 2756 per
1390 2703 1608 2742 manum
1661 2688 1921 2758 Stephani
1970 2689 2243 2744 scriniarii
2292 2691 2436 2746 sacri

851 2775 1038 2846 palatii
1072 2776 1125 2829 in
1157 2791 1343 2830 mense
1377 2776 1619 2840 Octobri,
1649 2788 1704 2832 et
1739 2779 2032 2833 indictione
2071 2795 2149 2833 ιιι.
2179 2781 2311 2834 Data
2338 2797 2436 2836 xm

851 2867 1127 2922 Kalendas
1157 2866 1414 2921 Novemb.
1442 2884 1538 2938 per
1564 2885 1780 2922 manum
1812 2868 2035 2923 Joannis
2065 2870 2297 2940 episcopi
2327 2871 2435 2925 Ne-

851 2962 1068 3032 parsinae
1093 2961 1370 3026 Ecclesize,
1395 2971 1450 3016 et
1477 2963 1867 3018 bibliothecarii
1888 2975 2087 3019 sanctae
2103 2967 2243 3020 sedis
2262 2977 2436 3035 apost.

852 3058 1007 3110 Anno
1057 3055 1399 3125 pontiﬁcatus
1445 3057 1645 3110 domini
1679 3058 1845 3110 nostri
1875 3055 2096 3112 Joannis
2118 3073 2265 3127 papa:
2292 3074 2346 3123 v,
2385 3058 2440 3113 in

854 3163 1039 3203 mense
1069 3147 1310 3212 Octobri,
1347 3156 1403 3202 et
1437 3149 1626 3202 indict.
1673 3164 1835 3219 supra
1865 3150 2065 3220 scripta
2088 3189 2102 3216 ,
2143 3150 2440 3218 imperante

856 3241 919 3296 D.
952 3241 1016 3296 N.
1050 3243 1246 3298 Ottone
1275 3241 1340 3296 lll
1371 3244 1719 3301 imperatore.

1595 3355 1700 3410 VII.

950 3462 1163 3504 JOANNIS
1200 3463 1344 3503 PAPE
1383 3463 1454 3503 XV
1492 3465 1835 3506 ιηιινιιεςιωι
1872 3465 1974 3507 PRO
2006 3465 2341 3506 IIONASTERIO

1499 3535 1796 3575 ANIANENSI.

1462 3609 1639 3680 (Anno
1689 3609 1837 3680 989d

1035 3697 1213 3772 [Apud
1252 3699 1316 3755 D.
1352 3699 1640 3770 Bouquet.,
1686 3698 1934 3765 Recueil,
1975 3699 2078 3766 lX,
2114 3699 2266 3773 252.]

926 3791 1158 3848 Joanses
1202 3793 1487 3864 episcopus
1516 3833 1531 3858 ,
1590 3808 1779 3848 servus
1814 3809 2090 3848 servorum
2130 3793 2270 3858 Dei,
2313 3791 2444 3848 dile-

857 3874 1100 3940 ctissimo
1131 3885 1238 3941 ﬁlio
1263 3886 1550 3942 RAYNALDO
1575 3887 1754 3940 abbati
1785 3886 2104 3941 venerabilis
2127 3885 2442 3940 monasterii

857 3976 1203 4040 Anianensis,
1234 3976 1377 4045 quod
1413 3984 1496 4041 est
1536 3975 1815 4031 fundatum
1870 3987 2031 4046 atque
2070 3986 2342 4030 sacratum
2388 3975 2444 4030 in

859 4066 1063 4121 honore
1093 4069 1264 4121 sancti
1307 4066 1601 4121 Salvatoris
1634 4069 1842 4122 Domini
1870 4069 2039 4122 nostri
2069 4067 2192 4122 Jesu
2221 4068 2442 4135 Christi,

859 4172 923 4211 ac
964 4166 1237 4226 perpetuae
1277 4157 1367 4210 Dei
1407 4158 1681 4223 genitricis
1719 4173 1930 4226 semper
1964 4158 2189 4228 virginis
2227 4157 2444 4222 Maria},

859 4247 1141 4314 sanctique
1186 4245 1494 4314 archangeli
1545 4244 1842 4310 Michaelis,
1891 4262 2098 4300 necnon
2133 4256 2185 4302 et
2227 4247 2445 4315 gloriosi

858 4335 1004 4391 Petri
1034 4337 1398 4405 apostolorum
1425 4337 1704 4406 principis,
1740 4351 1831 4391 seu
1864 4337 2089 4390 aliorum
2114 4348 2445 4403 sanctorum,

859 4427 1083 4498 ejusque
1123 4429 1531 4484 successoribus
1555 4429 1782 4484 salutem
1809 4437 1864 4483 et
1893 4429 2241 4484 apostolicam
2277 4431 2446 4484 bene-

862 4521 1169 4577 dictionem.

2531 1979 2634 2034 que
2660 1964 2986 2029 Simoniaca,
3025 1967 3163 2034 apud
3190 1974 3454 2020 vestrates
3486 1968 3706 2022 omnino
3749 1967 4114 2036 temperantiae

2531 2055 2977 2125 discretionisque
2993 2057 3208 2110 modum
3232 2057 3462 2126 ignorat,
3484 2068 3541 2112 ut
3555 2059 3778 2114 liberius
3795 2076 3915 2128 qua
3930 2075 4114 2129 specu-

2530 2143 2705 2198 lativre
2723 2153 2847 2198 sunt
2867 2161 3102 2215 congrua
3128 2161 3382 2202 exercere
3405 2149 3648 2208 valeatis.
3675 2151 4112 2219 subrogationem

2534 2234 2745 2287 abbatis
2761 2250 2887 2288 sana
2905 2237 3339 2306 congregationis
3355 2237 3626 2293 decisione
3649 2243 3942 2294 secundum
3969 2242 4112 2295 beati

2531 2324 2805 2380 Benedicti
2824 2342 3066 2381 normam
3082 2329 3574 2394 concedimus,etut
3587 2331 3726 2385 idem
3744 2331 4116 2401 subrogandus

2533 2417 2600 2471 ab
2612 2420 2881 2486 episcopo,
2898 2433 3055 2486 quem
3073 2418 3420 2488 religiosioris
3438 2420 3560 2474 vita:
3577 2421 3823 2475 meritum
3838 2437 4112 2476 commen-

2537 2507 2746 2561 daverit
2772 2547 2787 2572 ,
2826 2508 3206 2572 benedicatur,
3240 2508 3540 2579 fratresque
3576 2510 3678 2564 sibi
3728 2513 4002 2566 commissi
4046 2512 4114 2566 ad

2535 2612 2721 2652 sacros
2748 2598 2964 2651 ordines
2996 2609 3445 2667 promoveantur;
3479 2610 3541 2653 et
3574 2600 3652 2654 sic
3677 2601 3790 2670 ipse
3817 2602 3982 2656 abbas
4006 2641 4022 2667 ,
4070 2602 4116 2655 si

2535 2686 2814 2756 religionis
2847 2688 3118 2741 tramitem
3152 2687 3312 2758 digne
3341 2697 3394 2743 et
3445 2689 3788 2745 laudabiliter
3825 2699 4011 2746 tenere
4038 2693 4118 2745 vi-

2537 2792 2630 2832 sus
2656 2777 2836 2842 fuerit,
2863 2778 3130 2832 licentiam
3153 2779 3382 2834 donandi
3413 2781 3806 2851 paenitentiam,
3841 2783 4119 2837 undecun-

2538 2886 2641 2940 que
2686 2870 2752 2922 ad
2801 2886 2859 2924 se
2897 2870 3175 2924 humiliter
3200 2873 3693 2936 concurrentibus,
3744 2873 4117 2928 excommuni-

2539 2957 2803 3026 candique
2845 2972 3129 3026 perversos
3169 2968 3488 3026 potestatem
3535 2961 3768 3025 habeat,
3795 2971 3850 3015 et
3878 2961 4119 3016 solvendi

2541 3047 2936 3102 satisfacientes
3011 3047 3332 3103 auctoritate
3399 3051 3693 3118 apostolica
3759 3051 4116 3120 indulgemus.

2549 3135 2702 3202 Quod
2732 3136 2776 3189 si
2799 3135 2962 3200 forte,
2985 3135 3159 3206 populi
3193 3137 3478 3208 iniquitate
3503 3150 3557 3194 et
3583 3140 3788 3195 malitia
3832 3143 4078 3210 exigente
4103 3178 4120 3205 ,

2464 3235 2508 3296 ρ
2541 3242 2763 3281 necesse
2810 3227 2974 3280 fuerit
3019 3229 3353 3298 provinciam
3408 3231 3983 3286 excommunicationis
4035 3228 4122 3285 vel

2539 3319 2900 3372 anathematis
2925 3318 3100 3386 gladio
3129 3318 3281 3374 feriri
3310 3361 3324 3386 ,
3355 3329 3580 3390 paterna
3628 3322 3966 3392 indulgemus
3998 3323 4118 3392 pie-

2539 3418 2680 3474 tate,
2713 3418 2767 3463 et
2796 3410 3092 3478 apostolica
3117 3412 3501 3465 conﬁrmamus
3532 3413 3857 3465 auctoritate
3896 3421 3954 3464 ut
3980 3412 4121 3465 idem

2539 3499 2688 3555 locus
2735 3502 3060 3556 Anianensis
3105 3502 3359 3558 immunis
3390 3504 3563 3557 valeat
3604 3506 3672 3558 ab
3721 3503 3868 3558 omni
3900 3503 4116 3559 vinculo

2543 3595 3139 3660 excommunicationis,
3183 3604 3243 3648 ut
3297 3595 3493 3651 fratres
3546 3597 3680 3651 inibi
3726 3597 3980 3667 degentes
4024 3613 4125 3667 pro

2540 3689 2726 3736 nostra
2758 3681 3024 3753 totiusque
3060 3693 3260 3738 sanctae
3286 3683 3542 3740 Romana:
3569 3685 3823 3740 Ecclesia:
3849 3687 4022 3741 salute
4062 3694 4120 3740 et

2539 3774 2894 3846 prosperitate
2940 3777 3172 3831 libenter
3209 3778 3563 3846 omnipotenti
3620 3781 3730 3833 Deo
3774 3794 3962 3848 preces
3995 3793 4120 3848 per-

2553 3868 2763 3924 solvere
2790 3869 3024 3933 valeant,
3057 3869 3488 3938 pmnitentesque
3511 3909 3525 3934 ,
3558 3870 3647 3938 qui
3678 3872 3869 3925 devote
3887 3871 3955 3924 ad
3981 3872 4124 3925 diem

2556 3963 2754 4020 factam
2823 3965 3249 4020 consecrationis
3287 3965 3530 4034 przedicti
3579 3965 3679 4020 loci
3731 3966 4124 4032 conﬂuxerint,

2558 4059 2674 4128 ipsa
2701 4059 3073 4113 tantummodo
3098 4058 3163 4112 de
3197 4058 3530 4113 absolutione
3553 4069 3732 4112 nostra
3782 4059 4085 4112 releventur
4107 4097 4124 4125 ,

2548 4158 2605 4201 ut
2643 4148 2860 4202 uberius
2891 4149 3191 4203 devotionis
3239 4163 3348 4202 suae
3395 4158 3516 4202 vota
3559 4149 3931 4218 propitiatoria
3977 4158 4125 4204 et....

2547 4239 2789 4293 omnium
2842 4237 3144 4293 exsolvant.
3177 4237 3492 4308 Quicunque
3528 4255 3654 4294 vero
3698 4239 3952 4294 laudabili
3982 4243 4126 4295 fama

2547 4329 2628 4382 vel
2659 4329 2904 4397 exemplo
2950 4329 3195 4398 praedicti
3249 4329 3350 4384 loci
3394 4330 3718 4384 Anianeusis
3764 4341 4124 4400 provocatus,

2549 4420 2803 4474 tumulari
2841 4435 2899 4474 se
2944 4421 2995 4474 in
3028 4420 3284 4491 praedicto
3331 4421 3446 4475 loco
3492 4421 3724 4488 petierit,
3774 4421 4128 4490 possessionis

2551 4529 2646 4569 seu
2722 4513 3037 4569 substantiae
3099 4528 3209 4567 suae
3284 4513 3710 4582 qualemcunque
3772 4514 4126 4582 quantitatem

933 4611 1194 4667 Convenit
1262 4612 1559 4683 apostolico
1622 4613 1978 4668 moderamini
2040 4613 2125 4683 pia
2189 4594 2660 4684 religioneDjam

2349 4594 2660 4676 oneDjam
2709 4605 2854 4660 dicto
2912 4604 3158 4660 ccenobio
3205 4606 3536 4675 erogandam
3583 4606 3944 4673 delegaverit,
3978 4606 4124 4662 nullo

863 4704 1186 4777 pollentibus
1251 4705 1508 4760 benevola
1544 4707 1810 4761 charitate
1846 4707 2210 4776 jsuccurrere,
2255 4714 2310 4759 et
2357 4721 2450 4775 po-

865 4796 1129 4852 seentium
1159 4796 1300 4851 votis
1333 4797 1480 4867 pium
1510 4796 1789 4866 impertire
1821 4811 2120 4858 assensum,
2160 4795 2285 4864 quia
2310 4794 2450 4864 apud

866 4889 1196 4945 conditorem
1254 4890 1491 4944 omnium
1564 4890 1720 4945 nobis
1775 4889 2116 4958 potissimum
2175 4887 2454 4958 reponitur

865 4986 1166 5056 prmmium,
1204 4985 1245 5040 si
1277 4987 1601 5042 venerabilia
1650 4987 1763 5040 loca
1796 4986 2166 5056 religiosorum
2211 4986 2452 5040 virorum

866 5074 1147 5129 devotione
1197 5085 1506 5131 constructa
1555 5076 1845 5146 apostolica
1894 5076 2091 5130 fuerint
2133 5076 2454 5131 auctoritate

866 5165 1235 5229 corroborata,
1279 5174 1438 5234 atque
1479 5167 1544 5219 ad
1599 5165 1874 5220 meliorem
1924 5174 2122 5218 statum
2173 5166 2453 5233 perducta.

865 5252 1032 5326 Igitur
1063 5258 1188 5326 quia
1229 5267 1314 5310 tua
1358 5257 1571 5312 dilectio
1596 5266 1833 5311 nostram
1865 5257 2177 5326 suppliciter
2204 5267 2454 5326 expostu-

795 5401 799 5408 ,
865 5347 940 5402 lat
963 5349 1325 5414 clementiam,
1352 5359 1615 5419 quatenus
1643 5349 1935 5418 apostolico
1960 5349 2238 5418 privilegio
2264 5363 2455 5403 conce-

867 5439 1057 5494 damus
1100 5450 1156 5495 ct
1202 5442 1614 5495 corroboremus
1660 5441 1755 5494 tibi
1804 5441 2013 5509 tuisque
2051 5440 2454 5495 successoribus

2550 4711 2709 4772 pacto
2744 4701 2833 4754 ‘vel
2859 4702 3144 4756 occasione
3193 4702 3544 4772 prohibeatur
3589 4703 3654 4756 ab
3685 4703 3939 4773 episcopo
3970 4743 3985 4768 ,
4035 4719 4130 4758 cu-

2552 4791 2643 4862 jus
2673 4791 2922 4846 dimcesis
2945 4791 3058 4861 ipsa
3083 4806 3312 4861 persona
3341 4790 3522 4857 fuerit,
3555 4803 3780 4861 excepto
3806 4790 3848 4847 si
3878 4808 3972 4862 pro
3997 4809 4128 4862 pau-

2554 4885 2634 4940 cis
2675 4885 2883 4939 meritis
2911 4885 3450 4939 excommunicationi
3496 4885 3700 4954 proprii
3746 4885 3980 4956 episcopi
4026 4903 4126 4956 pu-

2557 4979 2696 5033 blice
2723 4980 3072 5050 subjacuerit.
3111 4980 3179 5033 Et
3210 4995 3276 5034 ne
3311 4995 3532 5049 parvam
3572 4981 3866 5050 quamlibet
3888 4982 4130 5036 occasio-

2555 5086 2678 5125 nem
2729 5072 2967 5140 praedicti
3018 5072 3118 5126 loci
3183 5073 3528 5142 congregatio
3587 5073 3896 5127 adinveuiat
3949 5075 4128 5127 minus

2556 5165 3016 5232 exsequendiqua:
3045 5173 3228 5218 sancta
3257 5173 3380 5219 sunt
3406 5174 3460 5218 et
3479 5165 3714 5234 justa,et
3743 5173 3939 5219 sancta:
3969 5181 4115 5236 regu-

2554 5253 2620 5308 la:
2648 5268 2882 5324 congrua
2908 5294 2922 5318 ,
2950 5255 3049 5307 sub
3085 5253 3250 5307 divini
3288 5254 3528 5329 nominis
3573 5253 3916 5308 attestatione
3947 5254 4127 5323 probi-

2555 5346 2746 5402 bemus
2774 5363 2851 5401 ne-
2869 5347 3048 5416 aliqua
3074 5346 3357 5401 mundialis
3386 5357 3644 5414 potestas,
3670 5361 3853 5401 comes
3881 5346 4130 5402 videlicet

2558 5448 2650 5493 aut
2701 5440 3004 5502 comitissa,
3060 5441 3496 5508 archiepiscopus
3545 5449 3638 5493 aut
3683 5441 4002 5510 episcopus,
4035 5455 4129 5493 seu
