4494 5520
401 418 507 476 857

1560 424 1920 483 EPISTOLAE
1959 425 2046 481 ΕΤ
2086 427 2493 487 PRIVILECIA.

3551 451 3655 508 858

399 544 493 591 aut
514 534 768 598 alienare,
798 543 891 589 aut
933 536 1165 607 aliquem
1209 537 1575 611 cujuscunque
1616 544 1822 598 servitii
1847 560 1971 598 ccn-
1997 546 2051 603 Α
2076 556 2186 601 stra
2222 550 2445 604 dioecesi
2494 551 2654 606 ullam
2683 555 2783 609 sibi
2818 557 3091 615 vindicare
3142 562 3481 623 decernimus
3504 583 3657 642 pote-

399 645 519 685 sum
546 640 734 684 contra
761 628 838 684 fas
856 670 871 695 ,
899 630 980 685 vel
1011 633 1310 688 monastico
1337 635 1509 688 ordini
1543 636 1594 689 in
1641 636 1819 705 aliquo
1847 654 1974 692 con-

399 724 626 780 trarium
674 723 891 795 exigere
937 743 951 779 :
1003 726 1096 781 sed
1145 727 1453 796 quicunque
1497 728 1671 783 eidem
1718 731 1974 799 praedicto

397 815 518 872 loco
554 824 609 871 et
633 816 1035 887 congregationi
1064 818 1240 873 devoti
1272 819 1584 874 exstiterint
1611 860 1625 884 ,
1669 828 1723 874 et
1756 818 1973 889 aliquod

397 908 708 979 suffragium
758 909 946 973 verbo,
987 918 1079 964 aut
1124 925 1325 981 opere,
1356 921 1449 966 aut
1497 912 1815 968 substantia:
1862 928 1973 967 sua:

397 1000 708 1069 erogatione
734 998 1082 1066 contulerint,
1121 1017 1149 1055 a
1184 1003 1271 1072 pio
1295 1013 1702 1059 remuneratore
1731 1004 1970 1059 omnium

395 1091 625 1148 Domino
650 1109 896 1164 superna:
926 1095 1321 1153 benedictionis
1352 1107 1407 1153 et
1432 1108 1632 1154 nostrae
1653 1099 1973 1156 humilitatis

398 1183 625 1252 gratiam
649 1184 967 1254 percipiant.
988 1184 1043 1240 Si
1068 1186 1189 1255 quis
1214 1196 1392 1242 autem
1423 1188 1581 1257 hujus
1607 1190 1773 1244 nostri
1804 1190 1973 1260 privi-

394 1271 518 1344 legii
543 1275 873 1329 sanctionem
914 1284 967 1330 et
997 1277 1488 1333 corroborationem
1516 1280 1569 1333 in
1605 1280 1783 1349 aliquo
1805 1282 1971 1335 refra-

396 1380 526 1437 gare
544 1364 629 1420 vel
647 1366 912 1438 infregere
929 1369 1239 1432 tentaverit,
1255 1369 1320 1423 ab
1338 1370 1701 1439 omnipotente
1726 1370 1853 1433 Deo,
1872 1371 1971 1426 Pa-

396 1465 479 1512 tre
504 1466 560 1511 et
586 1455 723 1511 Filio
757 1466 811 1511 et
852 1456 1054 1527 Spiritu
1080 1470 1285 1525 sancto,
1317 1470 1572 1529 perpetua
1597 1460 1971 1517 maledictione

393 1546 699 1611 damnatus,
736 1557 792 1603 et
829 1564 859 1603 a
896 1559 1098 1605 sancta:
1135 1550 1391 1606 Ecclesia:
1419 1551 1626 1621 gremio
1664 1552 1919 1622 expulsus
1952 1594 1967 1618 ,

398 1654 522 1694 cum
555 1639 733 1709 impiis
764 1648 820 1693 et
856 1640 1141 1695 homicidis
1187 1643 1431 1697 tradatur
1469 1642 1681 1697 diabolo
1718 1644 1969 1711 perenni~

400 1732 501 1787 bus
526 1734 786 1803 gehennae
820 1735 1080 1790 incendiis
1108 1737 1552 1791 concremandus.
1586 1735 1731 1790 Bene
1769 1736 1965 1791 valete.

469 1822 809 1893 Rescriptum
853 1840 949 1894 per
976 1842 1192 1880 manum
1238 1826 1496 1897 Stephani
1529 1828 1667 1882 sacri
1697 1829 1965 1881 scriniarii

2075 644 2303 702 statem;
2337 641 2580 708 quinimo
2636 654 2689 698 et
2729 646 2857 715 ipsis
2888 658 2940 701 et
2970 654 3220 709 omnibus
3263 660 3484 717 omnino
3509 641 3651 720 sua-

2074 726 2267 781 demus
2295 730 2591 787 cultoribus
2619 750 2759 791 verae
2802 738 3077 806 religionis
3098 783 3112 807 ,
3159 755 3216 799 ut
3246 747 3566 815 adjutorium
3596 767 3653 812 et

2073 816 2261 872 solatia
2290 822 2442 876 vobis
2468 823 2520 877 in
2543 828 2795 883 omnibus
2822 831 3224 903 administrent,
3251 852 3515 910 quatenus
3555 864 3653 919 pro

2073 909 2243 977 gratia
2273 911 2431 981 hujus
2472 914 2719 971 beneficii
2766 918 2977 988 plenam
3009 925 3248 996 recipere
3272 909 3589 990 mercedem
3622 955 3652 994 a

2072 1001 2300 1059 Domino
2353 1020 2684 1077 mereantur,
2728 1015 2983 1083 quoniam
3014 1022 3195 1074 omnia
3247 1040 3365 1093 qua:
3414 1032 3651 1095 proticua

2072 1090 2323 1149 Ecclesiae
2360 1099 2657 1166 probantur
2701 1103 2936 1161 existere
2978 1118 3033 1161 et
3075 1090 3277 1167 divinis
3326 1090 3431 1170 non
3482 1119 3654 1190 impu-

2071 1194 2237 1254 gnant
2265 1190 2735 1259 pneccptionibus,
2767 1194 3042 1252 efficienda
3079 1210 3133 1255 et
3160 1204 3445 1272 praebenda
3483 1212 3654 1266 omui-

2071 1279 2310 1344 potentis
2356 1280 2447 1335 Dei
2498 1286 2823 1343 auctoritate
2852 1299 2906 1344 et
2946 1291 3229 1350 beatorum
3284 1301 3650 1368 apostolorum

2069 1367 2216 1424 Petri
2245 1383 2299 1426 et
2350 1373 2498 1428 Pauli
2538 1392 2657 1433 esse
2688 1396 2792 1435 non
2841 1382 3168 1443 dubitamus.
3204 1389 3269 1445 Et
3320 1367 3421 1448 hoc
3466 1406 3653 1451 nostro

2071 1461 2290 1519 decreto
2345 1467 2686 1526 decernimus
2729 1479 3020 1532 secundum
3069 1486 3444 1550 przeuominati
3497 1490 3652 1546 bona:

2070 1556 2345 1610 memoria:
2376 1557 2578 1615 Νῆροιηί
2612 1572 2666 1616 et
2705 1566 2917 1636 Agapiti
2948 1585 3099 1640 papa:
3144 1577 3475 1632 sanctionem
3507 1580 3650 1651 ipsas

2070 1644 2341 1704 dioceses.
2396 1648 2971 1725 Ilammaburgensem.
3015 1699 3029 1714 .
3074 1701 3087 1714 .
3133 1704 3144 1715 .
3187 1666 3493 1735 Apostoliea
3524 1644 3651 1725 ’ἰω-

2070 1750 2174 1805 que
2209 1742 2553 1804 auctoritate,
2588 1744 3052 1807 Ilalverstadensis
3093 1754 3345 1811 Ecclesim
3385 1770 3439 1813 et
3470 1760 3651 1818 Ilildo-

2072 1832 2443 1889 nesbemeusis
2487 1845 2541 1890 et
2580 1837 3109 1900 Pathrobrunncnsis
3139 1857 3193 1902 et
3243 1848 3534 1909 Mindensis
3559 1856 3653 1911 Ec-

392 1923 593 1968 sancta:
622 1916 879 1970 Romanae
906 1916 1157 1972 Ecclesia:
1183 1918 1234 1971 in
1267 1934 1450 1972 mense
1482 1915 1638 1978 Iulio,
1684 1918 1737 1972 in
1778 1932 1962 1974 mense
1992 1917 2040 1978 B
2070 1921 2355 1978 clesiarum
2399 1928 2669 1999 episc0pis
2717 1933 2941 2003 insuper
2974 1936 3229 2004 jubemus
3278 1954 3438 2013 atque
3469 1963 3653 2003 mone-

389 2007 577 2077 quinto
602 2005 721 2078 [leg.
748 2008 951 2063 videtur
973 2010 1025 2064 in
1056 2027 1239 2066 mense
1272 2029 1311 2079 ι,
1346 2012 1636 2067 indictione
1663 2010 1741 2084 v].

1095 2123 1225 2177 VIII.

384 2248 599 2289 JOANNIS
630 2249 781 2289 ΡΔΡΕ
821 2228 899 2289 ιγ’
928 2250 1271 2293 ΡΒΙἮΗΞΟΙΠΜ
1310 2254 1411 2295 PRO
1450 2253 1697 2295 ECCLESIA
1728 2255 1966 2297 HAMBUR-

1090 2325 1261 2363 GENS].

974 2420 1172 2491 (Anno
1210 2421 1374 2491 989).

573 2527 751 2603 [Apud
777 2528 1159 2602 Lappenberg,
1195 2531 1389 2619 ffamb.
1420 2530 1547 2585 L’rk.
1579 2532 1631 2597 I,
1663 2532 1775 2605 58.]

453 2637 687 2696 Joannes
708 2641 1021 2712 episcopus,
1063 2658 1254 2697 servus
1297 2658 1571 2697 servorum
1611 2643 1738 2707 Dei,
1770 2642 1967 2698 dilecto

383 2730 646 2787 confratri
676 2744 864 2787 nostro
893 2733 1170 2789 LIAUIZONI
1195 2776 1209 2799 ,
1244 2735 1529 2789 venerabili
1561 2736 1965 2805 archiepiscopo

383 2819 802 2893 Hamburgensis
830 2824 1105 2890 Ecclesiae,
1137 2825 1248 2880 suis
1272 2824 1393 2896 [leg.
1423 2824 1661 2897 suisque]
1689 2841 1965 2881 successo-

382 2912 532 2966 ribus
557 2912 607 2966 in
641 2922 982 2982 perpetuum.

454 3004 718 3059 Convenit
741 3006 1039 3075 apostolico
1069 3007 1420 3061 moderamini
1450 3008 1535 3077 pia
1566 3008 1823 3077 religione
1849 3006 1962 3076 pol-

381 3093 615 3151 lentibus
640 3097 885 3151 benivola
917 3099 1288 3165 compassione
1320 3114 1637 3153 succurrere
1658 3107 1711 3153 et
1734 3114 1961 3167 poscen-

383 3185 515 3239 tium
565 3186 761 3240 animis
800 3185 966 3239 alacri
1013 3186 1297 3242 devotione
1336 3187 1613 3256 impertire
1658 3203 1955 3243 assensum.

391 3275 468 3329 Ex
501 3276 603 3333 hoc
630 3276 773 3330 enim
816 3276 949 3331 lucri
977 3276 1313 3346 potissimum
1345 3278 1625 3346 praemium
1656 3280 1794 3346 apud
1833 3294 1957 3333 con-
1986 3277 2029 3341 C

380 3366 609 3424 ditorem
656 3370 895 3424 omnium
952 3369 1235 3426 Dominum
1274 3371 1457 3438 procul
1486 3371 1647 3425 dubio
1684 3386 1960 3439 promere-

379 3474 521 3525 mur,
552 3461 679 3515 dum
714 3460 1043 3515 venerabilia
1069 3460 1183 3516 loca
1213 3461 1279 3515 ad
1311 3462 1586 3517 meliorem
1616 3462 1814 3517 fuerint
1841 3463 1958 3518 sine

380 3550 541 3607 dubio
594 3561 795 3607 statum
837 3553 1115 3621 perducta.
1166 3553 1334 3624 Igitur
1389 3556 1514 3625 quia
1563 3555 1876 3625 postulastis
1926 3572 1957 3610 a

377 3641 553 3705 nobis,
592 3650 859 3711 quatenus
889 3642 1409 3712 archiepisc0patum
1442 3644 1955 3716 liammaburgensis

378 3730 638 3787 Ecclesiae
667 3741 835 3787 totum
866 3732 1133 3803 integrum
1171 3735 1323 3789 vobis
1353 3736 1821 3803 confirmaremus,
1852 3738 1956 3791 sic-

378 3823 462 3878 uti
511 3812 555 3877 a'
611 3824 1100 3894 praedecessoribus
1153 3826 1383 3890 nostris,
1436 3826 1685 3881 videlicet
1734 3826 1956 3882 Nicolao

381 3924 439 3972 ct
463 3915 719 3986 Agapito,
749 3915 909 3984 hujus
940 3916 1249 3986 apostolica:
1281 3917 1424 3972 sedis
1456 3919 1739 3989 episc0pis,
1768 3920 1955 3974 decre-

375 4016 490 4061 tum
516 4017 620 4073 est,
652 4007 896 4062 inclinati
937 4009 1187 4078 precibus
1214 4011 1410 4063 vestris
1444 4010 1733 4079 apostolica
1766 4020 1954 4066 aucto-

373 4100 537 4155 ritate
580 4102 927 4159 concedimus
972 4112 1027 4157 et
1075 4105 1483 4167 conﬁrmamus.
1528 4123 1647 4161 cum
1702 4111 1954 4165 omnibus

376 4193 705 4263 generaliter
734 4202 897 4264 atque
946 4196 1254 4265 specialiter
1278 4199 1343 4251 ad
1375 4199 1621 4253 eumdem
1670 4200 1953 4271 przefatum

374 4293 615 4339 vestrum
675 4286 1196 4358 archiepiscopatum
1256 4292 1682 4360 pertinentibus,
1748 4295 1953 4349 scilicet

370 4378 551 4432 omnia
585 4393 705 4447 quae
747 4379 912 4433 vestri
962 4390 1338 4437 antecessores
1376 4384 1486 4438 suis
1537 4384 1812 4441 laboribus
1860 4387 1953 4441 ad-

371 4471 695 4540 quisierunt,
747 4472 831 4527 vel
884 4473 1046 4527 etiam
1076 4488 1259 4528 amore
1297 4485 1512 4530 aeterna:
1561 4477 1747 4545 patria:
1796 4479 1865 4533 ibi
1919 4492 1951 4534 a

369 4560 816 4617 Christicolarum
868 4563 1114 4619 fidelibus
1161 4582 1303 4621 nunc
1345 4567 1538 4621 collata
1569 4569 1652 4623 vel
1697 4570 1949 4643 deinceps

370 4663 500 4710 sunt.
524 4654 871 4710 conferenda.
906 4655 1039 4711 Cum
1073 4657 1176 4713 illis
1205 4660 1389 4726 etiam,
1433 4663 1524 4731 qui
1554 4679 1695 4718 nunc
1745 4673 1947 4735 tempo-

370 4746 449 4802 ris
478 4747 543 4801 ad
573 4747 772 4803 Christi
804 4750 1051 4805 conversi
1085 4761 1212 4805 sunt
1242 4752 1422 4817 fidem,
1456 4755 1702 4810 videlicet
1731 4758 1931 4826 episco-

365 4837 453 4909 pis
498 4836 552 4891 in
585 4838 836 4894 omnibus
872 4841 1117 4910 gentibus
1174 4840 1445 4899 Sueonum
1491 4846 1602 4901 sive
1651 4848 1940 4917 Danorum,

368 4946 578 4987 necnon
607 4932 770 4987 etiam
809 4932 861 4986 in
898 4932 1005 4988 illis
1030 4934 1275 5002 partibus
1308 4935 1640 5002 Sclavorum,
1673 4955 1790 5009 quae
1819 4950 1945 4997 sunt

368 5039 398 5078 a
426 5023 645 5082 ﬂumine
671 5026 816 5082 Pene
845 5042 1014 5097 usque
1046 5029 1109 5081 ad
1147 5027 1368 5084 fluvium
1412 5031 1625 5103 Egidre,
1660 5035 1731 5089 ita
1764 5044 1822 5090 ut
1847 5038 1946 5093 sub

367 5126 549 5171 vestro
572 5128 984 5191 vestrorumque
1012 5136 1409 5189 successorum,
1432 5124 1946 5199 Iiammaburgensis

364 5207 623 5265 Ecclesia:
660 5210 1215 5283 archiepiscoporum,
1247 5224 1503 5270 maneant
1539 5228 1828 5285 potestate,
1863 5223 1947 5279 vel

361 5302 626 5372 quidquid
680 5304 847 5358 vestri
896 5304 1096 5361 laboris
1136 5310 1451 5375 certamine,
1496 5309 1676 5366 divina
1727 5312 1950 5375 favente

356 5395 563 5464 gratia,
596 5396 662 5451 ab
691 5411 881 5452 errore
914 5401 1168 5464 perfidizn,
1204 5402 1315 5457 sive
1345 5402 1623 5458 hominum
1655 5406 1765 5462 sive
1792 5408 1951 5464 Iom-

2069 2031 2211 2080 mus,
2254 2027 2314 2072 ut
2339 2035 2435 2074 vos
2466 2020 2519 2074 in
2550 2024 2801 2081 omnibus
2844 2027 3120 2097 adjuvent,
3166 2048 3431 2105 quatenus
3475 2058 3652 2098 sacer-

2067 2106 2251 2162 dotale
2282 2111 2642 2169 ministerium
2688 2118 2905 2188 eXplere
2932 2130 2986 2176 et
3030 2125 3335 2183 animarum
3370 2133 3515 2187 lucra
3549 2136 3653 2191 Do-

2070 2198 2217 2253 mino
2245 2199 2369 2256 Jesu
2406 2202 2621 2260 Christo
2665 2208 2873 2266 facilius
2921 2216 3207 2285 adquirere
3255 2222 3513 2290 valeatis,
3553 2244 3649 2283 vo-

2068 2286 2153 2342 bis
2174 2290 2568 2379 adminiculum
2601 2299 2875 2366 praebeant
2904 2304 2955 2358 in
3004 2308 3280 2365 omnibus.
3322 2311 3410 2368 Sic
3450 2325 3648 2386 tamen,

2067 2387 2128 2432 ut
2156 2370 2273 2444 eos,
2322 2398 2458 2451 quos
2510 2386 2809 2457 adquiratis
2854 2403 2907 2447 et
2938 2412 3072 2465 quos
3117 2401 3361 2458 habeatis
3391 2421 3486 2475 per
3524 2370 3650 2477 gra:

2066 2468 2198 2522 tiam
2248 2470 2448 2527 Christi
2494 2476 2813 2547 adquisitos,
2859 2495 3040 2540 vestro
3080 2468 3489 2565 vestrorumque
3524 2468 3651 2553 suc-

2068 2567 2341 2617 ce'ssorum
2375 2566 2865 2641 archiepiscopatui
2898 2577 3167 2647 subjectos
3206 2600 3525 2653 permanere
3557 2591 3650 2645 de-

2068 2653 2365 2718 cernimus,
2394 2672 2423 2709 a
2452 2657 2671 2716 Christo
2702 2668 2908 2720 tantum
2938 2674 3206 2741 recepturi
3241 2680 3519 2745 pnemium
3565 2697 3649 2738 re-

2073 2748 2487 2815 munerationis,
2540 2757 2993 2821 quemadmodum
3045 2764 3350 2823 Christiana
3408 2788 3471 2828 ac
3520 2789 3648 2831 vera

2065 2834 2223 2891 docet
2247 2838 2465 2910 religio:
2494 2841 2594 2908 Ite,
2617 2847 2793 2903 docete
2819 2868 2992 2906 omnes
3017 2868 3191 2923 gentes
3216 2858 3429 2926 (Manli.
3454 2881 3645 2935 xxvm,

2065 2928 2174 2995 I9).
2229 2928 2418 3022 Itaque
2465 2938 2711 3003 quamvis
2742 2941 2806 2994 ad
2864 2946 3262 3011 praedicandum
3310 2954 3558 3022 gentibus
3594 2928 3647 3014 in

2063 3020 2387 3087 supradictis
2417 3022 2547 3079 locis
2590 3028 2825 3099 episcopi
2868 3035 2976 3087 sint
3006 3020 3496 3114 consecrativatque
3532 3047 3647 3117 plu-

2060 3110 2233 3164 resin
2284 3110 2386 3167 illis
2436 3118 2677 3183 partibus
2708 3126 3083 3194 consecrandi,
3118 3137 3298 3185 tamen
3348 3110 3645 3194 formidan-

2062 3202 2187 3257 dum
2213 3206 2373 3259 estin
2433 3214 2541 3261 tam
2595 3212 2799 3266 novella
2830 3213 3253 3280 Christianitatis
3291 3227 3641 3300 plantatione,

2062 3310 2158 3364 per
2188 3295 2539 3355 barbarorum
2569 3305 2826 3359 saivitiam
2873 3319 2930 3363 ut
2980 3312 3245 3371 intantum
3284 3336 3539 3380 numerus
3576 3295 3643 3383 ea

2060 3386 2140 3439 eis
2167 3388 2465 3455 decrescat,
2502 3396 2643 3461 quod
2693 3396 2903 3453 illorum
2936 3404 3134 3460 auxilio
3165 3424 3500 3481 nequaquam
3529 3419 3644 3488 epi-

2060 3494 2343 3548 scoporum
2375 3486 2545 3552 possit
2574 3487 2689 3543 ﬁeri
2719 3497 3073 3553 consecratio.
3110 3498 3340 3573 Ideoque
3386 3486 3641 3576 praedicta

2059 3579 2281 3638 statuta,
2322 3574 2366 3627 si
2399 3592 2620 3632 necesse
2651 3582 2740 3645 sit,
2774 3586 3094 3643 auctoritate
3137 3574 3427 3660 apostolica
3457 3602 3645 3657 decer-

2058 3662 2237 3718 nimus
2266 3679 2386 3719 esse
2410 3672 2694 3725 servanda.
2720 3673 3070 3735 Deeernimus
3095 3693 3293 3750 autem,
3321 3690 3641 3751 charissime

2061 3753 2223 3809 frater
2270 3757 2524 3827 Liavizo,
2578 3773 2638 3817 ut
2687 3775 3007 3835 potestatem
3064 3774 3306 3833 habeatis
3354 3781 3639 3842 ordinandi

2057 3850 2336 3919 episcOpos
2367 3852 2504 3907 infra
2550 3866 2788 3912 vestram
2827 3864 3137 3929 parochiam
3184 3877 3238 3922 et
3282 3870 3555 3928 dioecesim
3587 3878 3639 3933 in

2056 3945 2306 4000 omnibus
2337 3949 2662 4017 supradictis
2691 3955 2962 4021 gentibus.
2998 3957 3064 4011 Et
3093 3959 3135 4013 si
3166 3963 3287 4030 quis
3318 3974 3508 4020 contra
3541 3969 3641 4024 hu-

2050 4033 2139 4104 jus
2187 4044 2384 4092 nostra:
2446 4043 2783 4099 auctoritatis
2838 4033 3176 4121 privilegium
3215 4055 3293 4111 ire
3329 4063 3636 4128 tentaverit,

2055 4134 2147 4178 aut
2174 4127 2224 4179 in
2253 4143 2468 4198 quoquo
2498 4134 2656 4187 modo
2683 4136 2733 4189 in
2762 4148 2912 4205 parte
2937 4141 3019 4195 vel
3059 4144 3109 4197 in
3140 4138 3251 4201 toto
3284 4148 3533 4221 frangere
3558 4127 3639 4208 ni?

2055 4232 2146 4271 sus
2172 4217 2353 4283 fuerit,
2390 4223 2459 4276 sit
2488 4230 2988 4287 excommunicatus
3014 4251 3043 4288 a
3090 4252 3316 4309 corpore
3343 4217 3637 4302 et‘vivifico

2055 4312 2315 4378 sanguine
2370 4314 2577 4370 Domini
2628 4322 2796 4374 nostri
2840 4321 2964 4379 Jesu
3002 4326 3223 4393 Christi,
3273 4341 3326 4387 et
3356 4348 3385 4387 a
3434 4347 3636 4392 sanctae

2060 4399 2154 4453 Dei
2182 4400 2439 4459 Ecclesia?
2470 4408 2614 4462 aditu
2644 4424 2942 4480 separatus.
2976 4417 3302 4478 Observator
3330 4436 3505 4481 autem
3538 4431 3636 4485 hu-

2050 4490 2139 4560 jus
2170 4504 2369 4550 nostra:
2410 4497 2791 4559 admonitionis
2816 4516 2871 4560 et
2892 4506 3152 4575 jussionis
3191 4515 3382 4574 habeat
3410 4522 3632 4579 benedi-

2053 4591 2286 4645 ctionem
2318 4594 2698 4665 omnipotentis
2731 4599 2845 4668 Dei,
2874 4612 2927 4658 et
2956 4605 3233 4664 beatorum
3267 4616 3633 4682 apostolorum

2055 4680 2202 4735 Petri
2254 4691 2309 4737 et
2354 4682 2522 4747 Pauli,
2573 4699 2626 4743 et
2676 4702 2938 4761 nostram,
2988 4700 3077 4767 qui
3132 4680 3314 4759 eorum
3362 4708 3635 4781 fungimur

2055 4774 2430 4832 vicariatione.
2454 4779 2587 4835 Dato
2606 4782 2765 4851 igitur
2786 4788 2957 4854 vobis,
2986 4774 3486 4859 fratercharissime
3511 4805 3632 4863 Lia-

2052 4866 2193 4931 vizo,
2226 4878 2423 4923 nostrae
2476 4876 2814 4933 auctoritatis
2845 4882 3144 4956 privilegio,
3196 4891 3354 4946 simul
3390 4899 3635 4953 concedi-

2054 4975 2174 5013 mus
2203 4962 2356 5017 vobis
2400 4972 2454 5017 et
2490 4965 2649 5033 pallio
2678 4970 2754 5022 uti
2800 4972 2997 5042 ubique
3038 4976 3278 5036 locorum
3316 4985 3367 5039 in
3407 4995 3637 5060 utraque

2051 5049 2221 5107 Albia:
2252 5052 2487 5110 fluminis
2512 5057 2647 5127 ripa,
2676 5064 2891 5119 statutis
2919 5068 3129 5136 diebus,
3158 5073 3298 5131 sicut
3327 5049 3639 5139 antecesso-

2052 5143 2202 5199 ribus
2235 5148 2426 5201 vestris
2471 5151 2636 5205 moris
2676 5164 2809 5211 erat.
2842 5156 3067 5231 Insuper
3093 5164 3342 5225 addimus
3367 5185 3466 5240 pro
3513 5184 3641 5231 voto

2051 5248 2247 5295 vestrae
2274 5241 2601 5312 dignissimae
2646 5248 2945 5315 petitionis,
2973 5254 3024 5308 in
3069 5260 3329 5318 natalitiis
3358 5263 3643 5325 beatorum

2053 5345 2350 5409 martyrum
2386 5335 2686 5407 Laurentii,
2732 5341 2967 5401 Mauritii
3016 5351 3398 5429 sociorumque
3428 5369 3647 5415 eorum-

2054 5426 2174 5464 l‘nm
2246 5441 2296 5464 At
2345 5428 2396 5464 :n
2438 5430 2663 5464 cintus":-
2717 5432 3095 5464 Γηοοῗιιῖιηιει..--
3135 5448 3221 5464 -.-ι
3250 5451 3259 5461 ο
