4494 5520
872 420 981 481 839

2105 425 2390 486 JOANNIS
2428 428 2525 487 XV
2564 427 2764 486 PAPIE

4010 432 4117 493 840

872 545 1035 608 atque
1063 536 1333 595 scriniarii
1379 537 1523 595 sacri
1568 537 1777 609 palatii,
1810 540 1862 595 in
1896 554 2081 597 mense
2128 541 2450 599 Novembrio
2477 544 2525 606 Α
2546 540 2662 611 jam
2726 543 2923 598 dictam
2975 543 3117 598 viam
3191 544 3260 598 ad
3322 557 3499 614 ipsum
3566 544 3800 601 casalem
3865 545 3935 603 de
3989 546 4115 602 Sal-

872 637 930 685 et
958 629 1251 685 indictione
1272 646 1354 686 ιιι.

942 719 1079 774 Data
1122 735 1172 775 vt
1203 722 1323 777 idus
1348 720 1684 787 Novembris,
1713 738 1809 793 per
1837 738 2026 779 manus
2046 723 2312 795 Gregorii,
2334 723 2447 794 epi-

870 810 1020 881 sc0pi
1054 819 1257 866 sanctae
1285 811 1599 869 Portuensis
1628 813 1883 869 Ecclesia:
1901 854 1915 879 ,
1941 828 2083 868 anno
2105 812 2447 885 pontiﬁcatus

870 900 1073 957 domini
1112 900 1357 968 Joannis,
1389 904 1714 959 sanctissimi
1768 920 1918 975 papa:
1953 920 2020 969 v;
2079 919 2222 959 anno
2250 904 2319 958 ab
2358 904 2443 958 in-

869 992 1183 1049 carnatione
1212 992 1423 1049 Domini
1450 996 1620 1050 nostri
1648 992 1775 1051 Jesu
1803 994 2004 1051 Christi
2031 995 2154 1060 988,
2181 994 2233 1051 in
2262 1009 2446 1052 mense

867 1085 1194 1144 Novembrio
1221 1096 1276 1143 et
1304 1087 1595 1143 indictione
1624 1103 1706 1143 ιιι.

937 1176 1167 1234 Pallium
1218 1177 1373 1234 vobis
1427 1177 1713 1245 mittimus,
1750 1186 1807 1233 et
1853 1177 2074 1248 insuper
2100 1177 2444 1234 concedimus

865 1270 973 1327 isto
1020 1267 1105 1326 vel
1151 1268 1257 1325 alio
1303 1267 1672 1339 cujuscunque
1717 1269 1933 1341 generis
1986 1269 2143 1326 nitidi
2192 1268 2443 1326 candoris

864 1360 1019 1419 vobis
1041 1360 1309 1434 placuerit
1333 1375 1430 1417 vos
1456 1359 1624 1416 indui.
1655 1360 1849 1415 Amen.

1609 1473 1702 1530 IX.

861 1581 1079 1623 JOANNIS
1125 1580 1196 1621 ιν
1249 1578 1604 1637 ,Ριιινιιεςιωι
1654 1578 1756 1620 PRO
1802 1577 2140 1619 NONASTERIO
2190 1578 2238 1619 Β.
2281 1577 2439 1620 PETRI

1529 1649 1775 1692 RODBNSI.

1426 1725 1604 1796 (Anno
1684 1725 1790 1782 990
1814 1726 1872 1796 ?)

932 1815 1106 1892 [Apud
1136 1814 1999 1892 Cocquelinesubullarnpriuilgg.
2029 1813 2181 1870 Rom.
2208 1825 2353 1887 ροηι,
2388 1814 2406 1857 ἒ

1322 1886 1483 1957 ampl.
1500 1884 1715 1941 Cat‘lect.
1738 1884 1943 1958 1,286.]

935 1999 1166 2058 Joannes
1218 2001 1504 2073 episcopus
1552 2016 1744 2057 servus
1796 2017 2076 2057 servorum
2119 2002 2211 2058 Dei
2239 2001 2437 2057 HILDE-

862 2109 1016 2151 εικυο
1062 2093 1314 2165 religioso
1354 2094 1608 2164 episcopo
1662 2102 1825 2163 atque
1870 2094 2053 2148 abbati
2109 2093 2437 2149 venerabilis

859 2185 1175 2243 monasterii
1207 2185 1379 2251 sancti
1404 2184 1551 2240 Petri
1594 2185 1845 2256 apostoli,
1875 2184 2099 2239 fundato
2130 2185 2184 2239 in
2208 2185 2437 2239 comita-

860 2286 917 2334 tu
940 2276 1324 2343 Petrolatensi,
1369 2276 1423 2330 in
1463 2285 1649 2332 monte
1683 2278 1773 2346 qui
1801 2276 1993 2331 dicitur
2015 2274 2217 2341 Rodas,
2247 2275 2436 2329 subtus

854 2377 1094 2427 castrum
1144 2367 1420 2433 Virdaria,
1474 2376 1531 2423 et
1579 2382 1676 2439 per
1711 2377 1763 2422 te
1792 2367 1847 2421 in
1899 2366 2090 2421 eodem
2138 2364 2435 2421 venerabili

854 2460 1216 2528 monasterio,
1237 2459 1453 2531 tuisque
1481 2458 1889 2515 successoribus
1910 2458 2200 2513 abbatibus
2226 2458 2279 2512 in
2310 2472 2435 2528 per-

851 2560 1096 2622 petuum.

923 2640 1189 2709 Quoniam
1231 2637 1576 2696 concedenda
1638 2647 1765 2694 sunt
1841 2654 1963 2709 quae
2022 2639 2435 2697 rationabilibus

852 2732 1142 2791 desideriis
1173 2729 1483 2804 pertingere
1510 2740 1849 2794 noscuntur,
1890 2731 2062 2785 nostri
2100 2729 2433 2801 apostolatus

851 2819 1147 2881 auctoritas
1165 2824 1233 2878 ad
1260 2824 1622 2879 roborandam
1652 2814 1797 2893 piam
1827 2820 2063 2876 ﬁdelium
2086 2821 2428 2877 devotionem

850 2916 907 2972 in
959 2913 1282 2986 praestandis
1326 2911 1625 2983 privilegiis
1671 2911 1830 2967 debet
1881 2911 2105 2966 minime
2147 2909 2427 2981 abnegari.

846 3004 1021 3076 Igitur
1044 3003 1504 3069 excellentiaetuaa
1532 3001 1817 3057 laudabilis
1855 2999 2213 3056 mansuetudo
2240 3010 2427 3070 postu-

846 3097 983 3153 lavit
1027 3112 1057 3151 a
1114 3095 1271 3151 nobis
1320 3104 1587 3166 quatenus
1622 3092 1920 3163 apostolica
1972 3090 2298 3146 auctoritate
2336 3104 2431 3160 per

846 3187 952 3245 hoc
994 3185 1339 3259 privilegium
1390 3185 1813 3241 concederemus
1872 3190 1929 3236 et
1979 3180 2429 3236 conﬁrmaremus

2546 642 2732 689 vatore
2761 642 2817 689 et
2845 635 2911 690 ad
2945 635 3119 705 ipsum
3149 635 3362 701 collum,
3404 645 3459 691 et
3491 635 3630 692 redit
3656 638 3722 692 de
3749 635 3917 693 Vinea
3950 636 4117 694 vitula

2545 734 2601 780 et
2629 727 2878 794 pervenit
2916 742 3088 797 usque
3129 728 3182 782 in
3212 729 3576 783 summitatem
3619 728 3839 794 montis,
3871 729 3963 801 qui
4013 728 4117 785 ibi-

2545 820 2667 874 dem
2697 828 2801 886 est,
2845 820 2936 890 qui
2980 828 3206 875 vocatur
3231 820 3493 878 Casralio.
3541 822 3668 878 Inde
3693 839 3822 880 vero
3852 823 3997 879 vadit
4019 837 4116 895 per

2545 908 2716 977 ipsam
2767 907 2991 964 Servam
3031 926 3201 980 usque
3245 911 3300 966 in
3333 911 3529 967 collum
3576 914 3642 967 de
3675 913 4030 980 Ermenardo,
4060 921 4118 970 et
4176 937 4187 945 ·

2542 1000 2790 1068 pervenit
2844 1000 2910 1055 ad
2971 1000 3176 1057 fontem
3235 1003 3347 1057 sive
3402 1003 3470 1057 ad
3510 1003 3706 1059 collum
3752 1004 3820 1060 de
3857 1003 4115 1071 Filmera,

2543 1098 2597 1143 et
2619 1090 2743 1146 inde
2766 1091 2831 1145 ad
2860 1090 3054 1147 collum
3083 1094 3255 1149 sancti
3279 1094 3515 1151 Genesii.
3542 1094 3739 1165 Sicque
3758 1097 4113 1163 ascendendo,

2541 1188 2598 1236 et
2621 1182 2995 1239 descendendo
3020 1186 3168 1240 vadit
3198 1201 3295 1255 per
3324 1187 3689 1242 summitatem
3714 1187 3780 1243 de
3808 1188 3924 1258 ipsa
3950 1188 4115 1245 Serra

2542 1286 2704 1343 quem
2768 1284 2965 1330 vocant
3028 1275 3240 1342 Calmi,
3295 1287 3350 1334 et
3417 1280 3662 1348 pervenit
3705 1281 3893 1337 subtus
3940 1281 4115 1351 ipsum

2542 1374 2805 1430 castrum,
2835 1382 2995 1436 quem
3035 1377 3234 1423 vocant
3270 1367 3439 1424 Pinna
3477 1371 3650 1441 nigra,
3684 1387 3859 1441 usque
3889 1370 3944 1427 in
3972 1372 4117 1442 ipsas

2540 1450 2745 1517 vineas,
2772 1467 2893 1522 quae
2919 1463 3046 1509 sunt
3074 1456 3139 1511 de
3163 1455 3369 1511 Palatio
3391 1498 3407 1522 ,
3448 1466 3505 1513 et
3547 1459 3694 1514 vadit
3727 1460 3916 1516 subtus
3943 1461 4116 1531 ipsam

2540 1541 2729 1598 silvam
2774 1559 2904 1613 quae
2935 1554 3018 1600 est
3044 1546 3111 1600 ad
3156 1547 3434 1603 meridiem
3465 1549 3654 1605 subtus
3695 1560 3933 1607 castrum
3969 1550 4113 1607 Viri-

2542 1633 2708 1697 daria,
2739 1643 2794 1689 et
2836 1651 3016 1705 usque.
3033 1637 3223 1692 subtus
3252 1638 3423 1708 ipsam
3449 1640 3669 1695 rocbam
3724 1657 3887 1712 quam
3930 1642 4116 1698 dicunt

2538 1721 2765 1789 Fitorio,
2786 1735 2841 1780 et
2863 1726 3103 1781 ascendit
3128 1728 3196 1782 ad
3222 1727 3411 1783 vallem
3440 1729 3504 1783 de
3532 1728 3923 1796 Fulcimannia,
3952 1739 4117 1802 atque

2540 1815 2787 1883 pervenit
2813 1815 3002 1871 subtus
3028 1814 3205 1871 fontes
3231 1816 3300 1873 de
3332 1818 3555 1874 Devolas
3606 1820 3660 1873 in
3697 1819 3839 1876 valle
3885 1820 3951 1877 de
3973 1820 4115 1879 Fru-

2463 1899 2682 1976 Bjone.
2734 1907 2860 1963 lnde
2911 1923 3041 1963 vero
3085 1909 3234 1963 vadit
3274 1926 3374 1980 per
3418 1911 3562 1982 ipsas
3606 1913 3801 1968 rochas
3842 1929 4012 1983 usque
4058 1914 4115 1969 in

2540 2004 2781 2052 montem
2811 1998 2876 2051 de
2899 1997 3129 2063 Inserto,
3165 2009 3215 2053 et
3246 1999 3525 2056 descendit
3560 2017 3591 2056 a
3628 2011 3781 2071 parte
3810 2002 4117 2060 Occidentis

2538 2102 2636 2157 per
2662 2087 2831 2157 ipsam
2858 2088 3001 2142 viam
3044 2090 3312 2158 publicam
3356 2106 3526 2161 usque
3553 2093 3605 2146 in
3636 2093 3879 2148 Rocham
3910 2092 4114 2149 Vento-

2538 2192 2675 2243 sam,
2704 2186 2759 2232 et
2802 2178 2856 2232 in
2894 2179 3067 2247 ipsum
3105 2194 3274 2248 usque
3317 2180 3492 2235 locum
3521 2183 3611 2252 qui
3664 2193 3889 2239 vocatur
3917 2184 4116 2242 collum

2538 2267 2606 2323 de
2634 2266 2772 2321 valle
2804 2267 3037 2334 Budica;
3086 2269 3211 2324 inde
3258 2273 3500 2327 ascendit
3549 2273 3605 2326 in
3636 2276 4004 2330 summitatem
4049 2276 4117 2331 de

2536 2361 2654 2431 ipsa
2682 2376 2875 2428 cruce;
2911 2363 3099 2433 sicque
3129 2364 3411 2419 descendit
3436 2379 3604 2434 usque
3632 2366 3686 2420 in
3717 2367 3858 2422 viam
3887 2368 3954 2424 de
3977 2368 4118 2439 jam-

2536 2450 2679 2505 dicta
2720 2466 2882 2506 cruce
2928 2466 3026 2521 per
3060 2453 3233 2521 ipsam
3280 2453 3474 2508 vallem
3520 2470 3691 2524 usque
3741 2457 3795 2511 in
3844 2458 4019 2514 rivum
4046 2458 4117 2515 de

2535 2538 2756 2596 Budica.
2792 2540 2919 2596 lnde
2947 2544 3190 2598 ascendit
3224 2558 3395 2613 usque
3422 2545 3489 2598 ad
3516 2544 3713 2600 collum
3748 2546 3812 2602 de
3837 2546 4114 2613 Terrario,

2534 2640 2590 2685 et
2632 2633 2878 2702 pervenit
2919 2634 2974 2688 in
3019 2638 3383 2690 summitatem
3432 2637 3667 2701 montis,
3721 2653 3881 2708 quem
3928 2639 4116 2695 dicunt

2535 2720 2720 2778 Rocha
2750 2723 2990 2779 Morena.
3045 2724 3251 2781 Deinde
3296 2743 3328 2781 a
3377 2737 3531 2797 parte
3558 2729 3689 2783 circi
3717 2729 4110 2798 descendendo,

2533 2822 2586 2868 et
2614 2816 2958 2871 ascendendo
2986 2818 3233 2887 pervenit
3254 2817 3307 2872 in
3334 2819 3700 2875 summitatem
3729 2821 3794 2877 de
3812 2822 3926 2893 ipsa
3945 2820 4115 2877 Uvar—

2533 2905 2623 2961 dia
2656 2907 2995 2973 Maurescha,
3027 2918 3082 2964 et
3111 2912 3289 2981 pergit
3311 2926 3409 2982 per
3436 2926 3704 2968 summam
3751 2913 3969 2969 Serram
4016 2929 4113 2970 us-

2531 3014 2637 3068 que
2666 3000 2716 3053 in
2744 2998 2949 3055 Parada
2996 3002 3061 3056 de
3103 3001 3376 3068 Durando,
3408 3012 3463 3059 et
3509 3004 3754 3073 pervenit
3795 3020 3893 3074 per
3938 3005 4111 3076 ipsam

2533 3088 2753 3145 Serram
2785 3106 2958 3161 usque
3002 3093 3055 3146 in
3087 3092 3391 3148 Reiderictz
3442 3094 3508 3149 de
3554 3108 3742 3150 sancto
3778 3094 4028 3161 Genesio,
4054 3105 4115 3152 et

2535 3182 2779 3235 ascendit
2803 3196 2897 3251 per
2930 3197 3194 3236 summam
3226 3182 3445 3237 Serram
3488 3185 3543 3238 in
3590 3183 3707 3255 ipso
3730 3183 3874 3255 pojo,
3905 3185 3997 3256 qui
4026 3192 4112 3241 est

845 3240 969 3345 tibi,
996 3240 1223 3349 tuisque
1255 3275 1682 3341 successoribus,
1716 3274 1771 3328 in
1823 3280 2142 3343 perpetuum
2180 3271 2426 3340 supradi-
2455 3240 2500 3305 θ
2531 3288 2694 3342 supra
2722 3240 2894 3342 ipsum
2941 3273 3316 3329 Rovescalium
3344 3314 3360 3341 ,
3403 3284 3458 3331 et
3485 3240 3764 3332 descendit
3796 3240 3893 3348 per
3924 3240 4109 3348 'ipsam

844 3381 993 3429 ctum
1015 3370 1405 3427 monasterium
1435 3383 1557 3423 cum
1585 3364 1836 3422 omnibus
1858 3366 1974 3420 suis
2005 3364 2342 3436 adjacentiis,
2370 3372 2426 3421 et

842 3463 1208 3539 pertinentiis,
1240 3478 1364 3520 eum
1406 3460 1607 3517 finibus
1650 3458 2011 3529 terminisque
2038 3458 2172 3513 suis.
2209 3457 2276 3512 Et
2304 3457 2424 3514 ideo

847 3556 955 3611 tuis
986 3554 1093 3627 piis
1142 3550 1425 3610 desideriis
1464 3549 1731 3612 faventes,
1782 3556 1968 3603 nostra
1995 3546 2286 3618 apostolica
2334 3561 2426 3600 au-

847 3645 1103 3703 ctoritate
1152 3642 1494 3699 decernimus
1554 3641 1730 3712 ipsum
1787 3638 2069 3709 praefatum
2114 3638 2423 3694 coenobium

843 3737 1018 3795 sancti
1048 3734 1201 3791 Petri
1243 3733 1469 3806 apostoli
1518 3748 1641 3790 cum
1686 3732 1936 3789 omnibus
1961 3731 2095 3796 suis,
2126 3745 2155 3784 a
2188 3732 2345 3786 modo
2370 3738 2425 3786 et

842 3844 1015 3902 usque
1039 3828 1092 3883 in
1140 3827 1299 3883 ﬁnem
1331 3824 1534 3891 sreculi,
1570 3826 1669 3879 sub
1698 3823 2004 3894 patrocinio
2030 3830 2085 3877 et
2110 3820 2423 3876 defensione

843 3932 1047 3981 sanctae
1078 3919 1336 3975 Romanae
1364 3928 1419 3973 et
1456 3916 1764 3988 apostolica:
1791 3914 1982 3969 matris
2010 3912 2263 3968 Ecclesia:
2302 3927 2425 3982 per-

842 4015 1007 4087 petim
1036 4010 1484 4082 permanendum,
1520 4018 1578 4064 ut
1603 4008 1702 4062 sub
1732 4007 1959 4061 tuitione
1999 4013 2200 4060 sanctae
2224 4012 2422 4059 nostrae

841 4108 928 4163 cui
968 4106 1076 4161 Deo
1103 4111 1323 4158 auctore
1367 4101 1704 4157 deservimus
1762 4097 2018 4175 Ecclesia:
2046 4096 2419 4161 constitutum,

842 4198 1043 4256 nullius
1086 4195 1314 4252 alterius
1337 4191 1447 4261 juri
1476 4201 1531 4245 et
1552 4190 1741 4245 ditioni
1782 4189 2156 4253 submittatur,
2192 4186 2297 4242 nisi
2322 4187 2422 4241 sub

840 4302 932 4348 tua
960 4300 1285 4358 tuorumque
1308 4296 1680 4340 successorum
1710 4282 1764 4336 in
1793 4288 2134 4351 perpetuum.

911 4382 1312 4437 Conlirmamus
1358 4389 1591 4444 namque
1631 4373 1751 4437 tibi,
1785 4381 1840 4426 et
1878 4369 2285 4426 successoribus
2314 4367 2422 4424 tuis

838 4476 1158 4549 praedictum
1197 4469 1590 4528 monasterium
1613 4482 1737 4523 cum
1771 4467 1855 4521 bis
1886 4465 2155 4529 terminis,
2186 4476 2243 4519 et
2273 4462 2420 4531 adja-

839 4567 1057 4629 centils,
1086 4574 1141 4620 et
1175 4580 1296 4619 cum
1336 4560 1588 4618 omnibus
1632 4574 1753 4630 quae
1791 4557 2018 4612 inferius
2048 4556 2416 4621 continentur,
2448 4598 2498 4659 υ

840 4663 892 4717 id
917 4670 1020 4723 est,
1048 4659 1115 4713 ab
1143 4658 1259 4727 ipsa
1290 4662 1442 4726 petra
1466 4667 1586 4722 quae
1611 4650 1811 4705 dicitur
1832 4649 2006 4712 Meda,
2027 4663 2146 4717 qua:
2167 4660 2250 4702 est
2276 4645 2359 4701 inf
2359 4662 2417 4702 ra

836 4764 1051 4829 portum
1075 4750 1334 4814 Fraxani,
1356 4758 1412 4803 et
1435 4747 1553 4817 ipso
1583 4759 1708 4799 raso
1738 4756 1909 4812 usque
1934 4740 2111 4796 locum
2142 4756 2301 4811 quem
2333 4740 2416 4795 di-

838 4857 971 4904 cunt
1002 4846 1136 4902 Tres
1187 4840 1433 4905 Fratres,
1463 4853 1493 4892 a
1526 4844 1677 4906 parte
1707 4832 1959 4888 videlicet
1984 4831 2220 4887 Orientis
2247 4845 2417 4902 usque

837 4939 893 4994 in
925 4936 1160 4992 medium
1202 4944 1372 4997 mare,
1403 4936 1566 4997 atque
1590 4924 1714 4980 inde
1739 4922 1887 4977 vadit
1910 4923 1977 4977 ad
2017 4922 2189 4991 ipsum
2239 4921 2417 4977 locum

837 5042 999 5101 quem
1034 5032 1229 5080 vocant
1273 5018 1530 5075 molinum
1571 5017 1637 5071 de
1667 5013 1911 5079 Balasco,
1951 5012 2183 5082 indeque
2230 5026 2418 5081 perve-

836 5124 919 5180 nit
944 5120 1009 5176 ad
1027 5120 1198 5190 ipsam
1223 5111 1498 5175 Tamariz,
1527 5116 1582 5162 et
1613 5107 1738 5162 inde
1765 5105 1941 5176 pergit
1962 5118 2132 5173 usque
2156 5102 2220 5157 ad
2243 5103 2413 5171 ipsam

835 5214 1054 5272 Petram
1109 5208 1311 5269 ﬁctam,
1364 5211 1419 5257 et
1448 5196 1696 5272 pervenit
1724 5195 1791 5250 ad
1817 5195 1989 5264 ipsam
2041 5192 2314 5248 matellam
2349 5194 2415 5247 de

836 5297 1189 5346 ﬂamminino.
1225 5304 1388 5346 atoue
1433 5292 1559 5346 inde
1597 5286 1841 5345 ascendit
1867 5301 1965 5346 uer
2004 5286 2173 5346 ipsam
2212 5294 2413 5341 terram

2534 3363 2750 3417 Serram
2779 3363 2833 3416 in
2856 3361 3170 3432 jamdictam
3201 3364 3415 3419 medam
3439 3379 3560 3434 quae
3584 3373 3667 3420 est
3686 3366 3832 3422 intus
3855 3365 3909 3422 in
3934 3382 4103 3423 mare.

2529 3455 2665 3511 ltem
2702 3455 2840 3510 infra
2903 3456 3001 3513 bos
3032 3457 3292 3513 terminos
3339 3457 3722 3514 conlirmamus
3769 3458 3866 3515 tibi
3898 3459 4111 3529 tuisque

2530 3546 2934 3602 successoribus
2960 3546 3245 3602 ecclesiam
3290 3557 3491 3603 sanctae
3518 3549 3708 3604 Crucis
3735 3564 3857 3605 cum
3885 3549 4108 3605 decimis

2528 3650 2585 3695 et
2614 3640 2887 3710 primitiis,
2915 3648 2969 3695 et
2993 3642 3169 3697 sancti
3212 3641 3436 3697 Joannis
3461 3633 3585 3697 'cum
3630 3641 3856 3699 decimis
3905 3651 3961 3699 et
3989 3644 4105 3714 pri-

2529 3734 2717 3799 mitiis,
2751 3742 2804 3789 et
2830 3733 3193 3790 oblationibus
3237 3744 3398 3804 atque
3440 3735 3686 3791 alodibus
3713 3777 3727 3803 ,
3758 3744 3814 3791 et
3858 3736 4109 3793 omnibus

2527 3824 2691 3880 rebus
2734 3825 2800 3878 ad
2832 3826 2977 3895 ipsas
3024 3825 3277 3881 ecclesias
3304 3826 3718 3895 pertinentibus,
3743 3834 3801 3881 et
3822 3827 4107 3883 ecclesiam

2527 3917 2700 3971 sancti
2728 3916 2957 3970 Baudilii
2987 3916 3038 3970 in
3070 3916 3209 3970 valle
3237 3916 3559 3980 Tabellaria,
3588 3926 3643 3973 et
3668 3917 3951 3973 ecclesiam
3978 3933 4110 3973 san-

2527 4009 2598 4064 cti
2627 4009 2905 4078 Stephani,
2934 4024 3053 4077 qua:
3082 4019 3164 4064 est
3188 4010 3241 4063 in
3280 4008 3417 4063 valle
3444 4008 3827 4077 Subiradellos,
3856 4020 3910 4065 et
3934 4010 4108 4066 eccle-

2528 4102 2664 4156 siam
2694 4102 2863 4156 sancti
2897 4100 3204 4164 Fructuosi,
3225 4110 3278 4156 et
3303 4101 3583 4156 ecclesiam
3612 4104 3787 4157 sancti
3816 4100 4105 4169 Vincentii,

2527 4208 2647 4262 qua:
2676 4201 2758 4246 est
2788 4192 2840 4245 in
2870 4191 2993 4245 villa
3023 4192 3297 4247 Lanciano
3323 4208 3445 4247 cum
3475 4192 3700 4247 decimis
3738 4202 3794 4248 et
3826 4192 4121 4263 primitiis,-

2529 4292 2584 4337 et
2611 4299 2733 4339 cum
2765 4284 3018 4339 omnibus
3054 4282 3215 4337 rebus
3245 4282 3309 4338 ad
3339 4283 3588 4338 eamdem
3625 4284 3911 4339 ecclesiam
3939 4283 4108 4353 perti-

2525 4376 2798 4440 nentibus,
2824 4384 2880 4430 et
2908 4374 3193 4430 ecclesiam
3242 4376 3417 4429 sancti
3464 4374 3703 4441 Genesii,
3730 4385 3786 4431 et
3818 4375 4105 4432 ecclesiam

2526 4469 2697 4524 sancti
2752 4467 2896 4523 Petri
2945 4484 3067 4523 cum
3116 4469 3231 4539 ipso
3282 4479 3460 4523 castro
3504 4469 3782 4535 Miralias,
3828 4478 3881 4525 et
3924 4468 4105 4540 ipsum

2525 4569 2759 4615 castrum
2789 4560 3036 4619 Virdaria
3091 4576 3212 4614 cum
3256 4560 3371 4631 ipso
3402 4560 3705 4625 eastellare,
3745 4569 3802 4614 et
3839 4576 3962 4617 cum
3987 4560 4106 4632 ipso

2522 4652 2746 4718 Pitorio,
2776 4662 2830 4707 et
2857 4668 2979 4707 cum
3008 4647 3176 4706 Pinna
3204 4652 3377 4723 nigra,
3409 4668 3531 4707 cum
3558 4652 3811 4709 omnibus
3839 4653 4018 4711 rocbis
4045 4664 4105 4711 et

2521 4744 2702 4807 terris,
2731 4752 2785 4797 et
2816 4742 2988 4806 silvis,
3018 4758 3137 4812 qua:
3186 4740 3326 4796 infra
3372 4743 3469 4797 hos
3520 4744 3778 4798 terminos
3824 4754 3975 4810 sunt,
4006 4760 4105 4801 ex-

2520 4844 2676 4906 cepta
2705 4836 2818 4905 ipsa
2849 4834 2983 4889 silva
3015 4835 3081 4889 de
3113 4843 3304 4889 sancto
3336 4833 3600 4901 Romano,
3630 4835 3769 4891 sicut
3798 4846 4015 4893 resonat
4044 4838 4104 4897 in

2522 4927 2729 4990 charta,
2757 4940 2916 4995 quam
2967 4923 3213 4979 fecerunt
3256 4922 3594 4979 Gauzl‘redus
3640 4939 3840 4992 comes,
3867 4934 3922 4981 et
3954 4925 4103 4985 ﬁlius

2522 5035 2653 5076 suus
2697 5017 2981 5073 Suniarius
3027 5017 3299 5087 quondam
3334 5018 3618 5089 episcopus
3668 5019 3737 5074 ad
3776 5018 4099 5090 jamdictum

2523 5111 2848 5166 coenobium.
2905 5108 3038 5163 ltem
3104 5108 3486 5164 conﬁrmamus
3555 5109 3608 5180 in
3661 5119 3975 5180 perpetuum
4028 5112 4101 5169 ad

2520 5203 2695 5274 ipsum
2736 5202 3043 5257 cmnobinm
3082 5211 3330 5273 stagnum
3373 5201 3438 5256 de
3479 5199 3771 5257 Castilione
3809 5216 3931 5258 cum
3979 5203 4100 5273 ipso

2520 5292 2688 5346 gradu
2713 5293 2778 5346 de
2808 5292 2967 5346 mari.
2999 5300 3056 5346 et
3081 5307 3203 5345 cum
3232 5292 3361 5346 ipsis
3391 5291 3596 5346 insulis.
3623 5292 3764 5346 sicut
3789 5301 4007 5346 resonat
4038 5294 4095 5346 in
