4494 5520
402 392 500 446 Nl

1601 396 1956 459 EPISTUL£
1996 400 2079 452 li'l'
2123 399 2528 453 l'lil\'ll.CGi.\.

3561 395 3663 450 842

405 506 792 564 Furtianellum
828 510 1129 573 minorem,
1177 511 1255 563 vel
1297 511 1431 564 infra
1475 528 1660 568 eorum
1697 515 1974 576 terminos,
2008 521 2056 576 Α
2086 512 2352 574 Emiliani,
2383 522 2435 564 et
2481 513 2532 564 in
2562 512 2682 565 villa
2725 512 2938 581 Apiani,
2969 511 3049 564 vel
3089 510 3222 563 iul'ra
3263 525 3450 562 eorum
3480 511 3664 563 termi-

403 612 666 670 quantum
683 601 878 654 ibidem
905 602 1086 664 habet,
1102 612 1157 655 ct
1174 601 1396 654 Domino
1411 602 1734 672 prepitiante
1749 603 1980 671 acquisi-

407 701 739 753 turusest,et
765 691 937 758 ipsum
960 690 1134 743 l'arum
1155 700 1323 745 totum
1340 693 1405 745 ab
1422 693 1628 762 integro
1646 708 1767 746 cum
1788 692 1980 746 linibus

404 792 458 836 et
489 784 734 838 terminis
774 783 918 845 suis;
954 783 1042 852 qui
1078 782 1331 838 ail'rontat
1373 792 1437 839 de
1469 795 1619 854 parte
1663 783 1898 840 Orientis
1928 786 1978 838 in

408 875 636 928 termino
679 874 743 927 de
783 873 927 935 villa,
973 887 1092 940 qua:
1136 873 1331 927 dicitur
1378 874 1442 928 de
1479 873 1733 936 Saccaro,
1778 875 1888 929 sive
1929 877 1979 927 in

409 964 637 1018 termino
668 964 732 1018 de
762 964 886 1016 villa
918 979 1037 1032 qua:
1061 962 1256 1019 dicitur
1279 965 1565 1028 Furtiano;
1595 977 1649 1020 et
1671 967 1735 1022 de
1762 969 1982 1021 meridie

407 1057 461 1110 in
500 1057 730 1111 termino
756 1056 819 1110 de
840 1055 952 1120 iam
982 1056 1121 1112 dicta
1148 1053 1271 1110 villa
1301 1057 1557 1112 Furtiano
1585 1060 1746 1113 situm
1778 1060 1830 1112 in
1869 1061 1980 1128 ipsa

405 1151 575 1214 valle;
608 1151 750 1204 etde
776 1149 1002 1204 occiduo
1047 1149 1097 1203 in
1130 1150 1358 1204 termino
1388 1151 1454 1205 dc
1485 1151 1603 1204 villa
1642 1166 1761 1219 qua:
1788 1151 1984 1205 dicitur

405 1240 592 1294 villare
623 1239 941 1304 llildesindi,
973 1240 1087 1295 sive
1133 1239 1184 1293 in
1236 1241 1350 1294 rivo
1399 1256 1556 1309 quem
1602 1242 1788 1295 dicunt
1820 1241 1984 1294 Mani-

405 1331 529 1386 volo
577 1332 738 1386 situm
793 1333 842 1385 iu
885 1331 1038 1386 alode
1086 1332 1260 1386 sancti
1309 1331 1479 1396 Pauli,
1528 1333 1617 1402 qui
1664 1342 1746 1386 est
1794 1332 1985 1386 subtus

406 1425 578 1479 sancti
609 1423 822 1477 Martini
855 1423 1167 1488 Sambueze;
1204 1424 1268 1478 de
1299 1433 1451 1493 parte
1477 1439 1606 1478 vero
1636 1424 1765 1478 circi
1794 1425 1844 1476 in
1876 1436 1983 1475 nie-

403 1515 495 1569 dio
521 1515 691 1568 rivolo
719 1514 1005 1577 Manivolo,
1039 1514 1151 1568 sive
1198 1514 1249 1568 in
1285 1515 1515 1568 termino
1556 1515 1621 1568 de
1652 1515 1795 1576 villa,
1827 1529 1984 1582 quem

406 1607 593 1662 dicunt
628 1605 846 1669 Timim,
883 1615 937 1662 et
980 1606 1030 1659 in
1078 1605 1315 1660 villarem
1361 1605 1679 1669 llildcsindi,
1721 1605 1800 1659 vel
1849 1605 1986 1658 infra

401 1698 522 1768 ejus
565 1699 844 1762 terminos,
891 1706 1152 1767 quantum
1205 1697 1401 1750 ibidem
1452 1697 1614 1750 habet
1661 1697 1743 1751 vel
1791 1696 1988 1749 habere

405 1786 596 1852 debet,
639 1795 693 1841 et
737 1787 964 1842 Domino
1011 1797 1284 1841 annuente
1332 1787 1698 1855 acquisiturus
1744 1797 1825 1840 est
1865 1801 1986 1840 cum

2082 617 2208 667 nos,
2267 613 2322 657 et
2360 603 2644 657 ecclesiam
2694 611 2896 658 sancta:
2943 602 3216 657 Columba:
3261 617 3383 655 cum
3438 600 3662 654 decimis

2081 703 2136 748 et
2184 694 2452 764 primitiis,
2500 703 2552 748 et
2600 695 2778 749 villam
2828 696 3168 765 conjunctam
3216 709 3336 749 cum
3389 693 3501 748 suis
3550 707 3662 749 mo-

2084 784 2332 849 lendinis,
2385 796 2439 840 ct
2493 785 2672 838 villam
2722 784 3012 840 Pollestrcs
3038 801 3162 840 eum
3210 785 3436 838 ecclesia
3490 784 3665 839 sancti

2085 872 2320 935 Martini,
2374 884 2425 928 et
2479 875 2724 937 decimis,
2774 886 2830 929 et
2882 876 3134 945 primitiis
3179 886 3233 930 et
3278 877 3661 941 oblationibus,

2084 973 2243 1032 atque
2274 964 2540 1019 alodibus.
2591 965 2654 1018 Et
2686 965 2737 1019 in
2765 965 2890 1020 villa
2927 966 3186 1022 Torrilias
3214 966 3500 1021 ecelesiant
3531 981 3659 1019 sane

2085 1054 2155 1108 eti
2209 1054 2349 1108 Petri
2401 1071 2520 1108 cum
2573 1055 2726 1109 alode
2788 1056 2877 1125 qui
2920 1055 3117 1110 ibidem
3165 1065 3268 1110 est.
3315 1056 3379 1110 Et
3430 1058 3481 1110 in
3537 1055 3664 1110 villa
3723 1103 3726 1106 .

2086 1145 2400 1216 Bigaranas,
2431 1147 2714 1201 ecclesiam
2748 1148 2919 1203 sancti
2950 1149 3175 1202 Andrere
3205 1163 3328 1201 cum
3364 1148 3585 1202 decimis
3611 1158 3667 1202 et

2087 1238 2360 1306 primitiis,
2397 1248 2448 1292 et
2481 1239 2689 1292 alodem
2718 1243 2809 1308 qui
2849 1241 3044 1294 ibidem
3069 1249 3168 1294 cst.
3203 1240 3266 1292 Et
3317 1241 3368 1294 in
3407 1240 3667 1294 comitatu

2088 1328 2224 1382 valle
2291 1330 2477 1398 Asperi
2548 1329 2754 1384 alodem
2822 1332 2887 1384 de
2939 1329 3245 1400 Campellis,
3307 1340 3362 1385 et
3412 1332 3477 1385 de
3531 1330 3671 1384 valle

2087 1421 2285 1484 Orosa;
2319 1430 2371 1474 et
2395 1421 2574 1474 villam
2602 1437 2720 1490 qua:
2747 1422 2943 1475 dicitur
2976 1422 3111 1476 Rivo
3141 1423 3206 1476 de
3236 1421 3518 1492 Ilugarios,
3544 1438 3666 1477 cum

2089 1511 2284 1565 ﬁnibus
2310 1522 2360 1566 et
2386 1513 2628 1567 terminis
2656 1513 2786 1573 suis,
2816 1524 2868 1566 et
2917 1529 3038 1568 cum
3082 1515 3194 1582 ipsa
3237 1513 3462 1568 ecclesia
3495 1514 3669 1568 sancti

2088 1600 2360 1655 Michaelis
2392 1618 2510 1655 cum
2541 1602 2764 1656 decimis
2789 1613 2835 1655 et
2865 1603 3118 1670 primitiis
3150 1603 3281 1655 suis.
3315 1603 3587 1667 Decimas,
3613 1611 3671 1658 et

2088 1690 2374 1758 primitias,
2399 1700 2451 1742 et
2471 1690 2770 1744 oblationes
2794 1690 2857 1744 de
2875 1691 2985 1759 jam
3009 1691 3166 1744 dictis
3188 1691 3431 1745 ecclesiis
3461 1692 3528 1745 ad
3554 1707 3669 1746 mo-

2089 1782 2386 1835 nasterium
2437 1783 2884 1852 suprascriptum,
2942 1792 2994 1836 et
3044 1783 3157 1837 loca
3210 1792 3264 1837 et
3313 1783 3484 1838 alodia
3541 1800 3664 1839 cum

405 1877 538 1946 ipsis
584 1879 788 1948 stagnis
830 1887 886 1933 ει
928 1879 1261 1948 piscatoris,
1311 1889 1365 1934 οι
1399 1881 1449 1933 in
1494 1879 1614 1932 νίιιςι
1652 1878 1891 1942 Sac-cari,
1936 1888 1988 1931 οι
2021 1865 2061 1921 Β
2091 1874 2338 1927 omnibus
2369 1874 2586 1940 finibus,
2625 1875 2874 1929 terminis
2900 1915 2913 1937 ,
2947 1875 3207 1929 limitibus
3249 1886 3302 1929 et
3351 1875 3669 1943 adjacenliis

409 1969 546 2022 villa:
599 1984 750 2024 nova:
812 1969 895 2024 vel
938 1970 1076 2024 infra
1135 1986 1321 2026 earum
1365 1971 1640 2026 terminos.
1703 1970 1982 2034 Similiter,

405 2069 461 2114 et
491 2060 730 2116 villarem
769 2059 1132 2131 Stagnejolum
1181 2076 1302 2115 cum
1356 2061 1484 2130 ipsis
1516 2063 1740 2131 stagnis,
1775 2071 1828 2114 et
1874 2061 1988 2114 suis

405 2151 798 2214 villaruneulis,
829 2160 882 2205 ct
917 2160 1177 2219 quantum
1221 2152 1383 2205 habet
1410 2152 1461 2204 in
1491 2151 1612 2204 villa
1643 2151 1900 2212 Petralta,
1933 2159 1988 2202 ct

407 2243 459 2297 in
489 2242 610 2297 villa
637 2241 889 2305 Oleastri,
921 2251 977 2297 et
1023 2244 1075 2296 in
1122 2241 1241 2295 villa
1285 2242 1459 2297 sancti
1489 2241 1799 2300 Clementis,
1837 2250 1891 2293 et
1935 2240 1985 2292 iu

406 2333 531 2389 villa
556 2335 824 2397 Dudulim,
855 2345 910 2389 et
939 2334 990 2388 in
1021 2333 1144 2387 villa
1177 2332 1366 2396 Noves,
1399 2345 1451 2388 et
1478 2335 1530 2387 in
1559 2334 1680 2386 villa
1715 2333 1985 2401 Spedolia,

405 2437 460 2480 et
503 2425 557 2478 in
587 2423 773 2478 villane
813 2439 972 2494 quem
1018 2434 1213 2478 vocant
1243 2423 1517 2486 Solartila,
1564 2433 1616 2477 et
1653 2425 1705 2477 in
1741 2423 1860 2476 villa
1897 2422 1988 2476 Ju-

407 2515 583 2578 daiea,
615 2524 670 2570 et
695 2514 748 2568 in
779 2514 901 2567 villa
932 2513 1101 2578 Pavo,
1125 2522 1180 2568 et
1211 2514 1263 2568 in
1293 2514 1414 2566 villa
1443 2513 1669 2578 Palatio,
1695 2523 1747 2566 et
1773 2515 1823 2567 in
1854 2513 1990 2567 valle

407 2605 474 2660 de
503 2605 703 2670 Rodas,
736 2605 818 2660 vel
854 2603 993 2658 inl‘ra
1023 2619 1209 2660 eorum
1253 2605 1530 2659 terminos.
1565 2604 1827 2659 Similiter
1853 2614 1908 2658 et
1937 2605 1986 2658 in

407 2697 663 2750 comitatu
696 2696 1025 2766 lmpuritano
1052 2696 1103 2749 in
1132 2695 1252 2749 villa
1295 2695 1574 2761 Militiano,
1605 2711 1764 2765 quem
1798 2705 1990 2750 vocant

407 2797 652 2842 sanctum
693 2786 948 2851 Petrum;
981 2797 1034 2842 et
1077 2787 1130 2840 in
1173 2787 1297 2840 villa
1341 2787 1681 2841 Armentaria
1707 2802 1826 2841 cum
1877 2788 1988 2855 ipsa

405 2880 647 2934 sortione
673 2879 739 2933 de
764 2878 996 2933 ecclesia
1026 2879 1198 2933 sancti
1232 2877 1476 2941 Martini;
1516 2887 1570 2932 et
1613 2879 1664 2932 in
1699 2878 1820 2930 villa
1845 2877 1985 2931 Cha—

408 2971 592 3034 niano,
623 2985 744 3024 cum
784 2969 895 3038 ipsa
928 2968 1155 3024 ecclesia
1191 2970 1362 3024 sancti
1391 2969 1626 3030 Martini,
1650 2979 1844 3022 etcum
1875 2968 1990 3036 ipso

407 3071 628 3132 stagno;
660 3072 716 3116 et
742 3062 793 3114 in
825 3061 948 3114 villa
987 3060 1250 3123 Suvrana,
1278 3070 1331 3115 et
1359 3061 1408 3114 in
1441 3062 1564 3115 villa
1593 3061 1872 3124 Dalmalia,
1907 3059 1989 3114 vel

409 3153 546 3206 infra
577 3167 763 3207 eorum
795 3152 1072 3216 terminos,
1098 3161 1356 3220 quantum
1387 3152 1544 3206 modo
1571 3152 1766 3206 ibidem
1804 3151 1986 3215 habet,

2090 1978 2383 2032 eorumque
2429 1966 2791 2033 pertinentiis,
2841 1977 3100 2035 quantum
3146 1968 3303 2021 hadie
3341 1967 3514 2037 ipsum
3547 1982 3667 2021 mo-

2091 2057 2384 2110 nasterium
2416 2057 2552 2109 iul‘ra
2580 2058 2676 2111 hos
2711 2060 3001 2113 comitatus
3032 2061 3279 2128 superius
3317 2061 3545 2129 scriptos
3570 2059 3669 2114 ha-

2091 2145 2202 2208 bet,
2233 2155 2285 2199 et
2313 2147 2606 2198 aux3|iante
2637 2147 2743 2200 Deo
2776 2149 3135 2218 acquisiturus
3166 2159 3270 2214 est,
3297 2149 3436 2218 juris
3466 2159 3667 2205 sanctas

2089 2234 2363 2296 Romame,
2397 2239 2479 2290 cui
2515 2238 2620 2291 Deo
2663 2248 2883 2292 auctore
2928 2240 3282 2306 deservimus,
3323 2241 3595 2305 Ecclesiae,
3637 2259 3669 2297 τι

2089 2327 2337 2394 prmseuti
2364 2327 2518 2380 tertia
2546 2329 2837 2383 indictione
2862 2329 3034 2398 ipsum
3069 2331 3475 2395 monasterium,
3516 2331 3668 2384 villas

2089 2427 2143 2472 et
2171 2417 2374 2482 alodes,
2408 2428 2460 2473 et
2511 2419 2770 2474 ecclesias
2800 2436 2920 2474 cum
2975 2423 3228 2476 omnibus
3277 2439 3461 2477 eorum
3503 2426 3671 2493 perti-

2093 2511 2311 2573 nentiis,
2343 2519 2398 2565 ut
2437 2527 2598 2582 supra
2637 2512 2852 2581 legitur,
2903 2514 2955 2568 in
2997 2524 3315 2584 perpetuum
3375 2531 3468 2583 per
3517 2516 3674 2583 hujus

2092 2602 2357 2671 privilegii
2397 2604 2590 2657 seriem
2624 2605 2928 2660 srabilimus
2956 2607 3053 2660 tibi
3096 2607 3308 2675 tuisque
3342 2610 3674 2664 successori-

2091 2697 2192 2749 bus
2220 2697 2588 2756 detiucmlum,
2622 2707 2673 2752 et
2704 2699 2768 2752 de
2801 2713 2865 2754 eo
2910 2714 3031 2753 cum
3060 2699 3253 2754 timore
3283 2705 3571 2770 regendum
3617 2712 3676 2756 et.

2093 2788 2532 2856 dispensandum,
2570 2791 2637 2842 ita
2671 2799 2730 2843 ut
2758 2789 2934 2844 nullus
2962 2807 3197 2861 unquam
3233 2806 3443 2862 regum,
3491 2793 3673 2848 nullus

2092 2878 2482 2947 episcoporum,
2514 2881 2797 2949 nullusque
2828 2881 3105 2935 hominum
3138 2883 3189 2936 in
3219 2884 3457 2951 quolibet
3480 2884 3672 2938 ordine

2093 2975 2147 3020 et
2201 2968 2501 3023 ministerio
2559 2972 2883 3026 constitutus
2936 2973 3132 3027 amicat
3191 2975 3415 3029 moleste
3479 2989 3673 3033 causas

2092 3059 2330 3127 ejusdem
2367 3063 2676 3116 monasterii
2711 3063 3042 3127 ἱιιοιιιιὼριηο,
3091 3065 3184 3120 sed
3217 3067 3330 3120 hsce
3365 3066 3566 3130 omnia,
3617 3076 3679 3123 ut

2094 3165 2255 3218 supra
2293 3150 2574 3220 jussimus,
2611 3153 2681 3207 ita
2727 3154 2778 3207 in
2825 3163 3142 3224 perpetuum
3178 3156 3495 3224 persistant.
3547 3157 3672 3212 Sta-

405 3254 463 3298 et
487 3245 711 3300 Domino
733 3243 1027 3297 auxiliante
1055 3242 1416 3312 acquisiturus
1441 3252 1544 3296 est.
1572 3241 1636 3295 Et
1658 3242 1708 3295 iu
1732 3242 1986 3296 comitatu
2017 3235 2060 3295 C
2096 3250 2305 3296 tuentes
2352 3242 2645 3311 apostolica
2679 3260 2908 3299 censura
2956 3247 3056 3300 sub
3095 3247 3260 3301 divini
3292 3247 3481 3317 judicii
3518 3249 3671 3304 obte-

407 3333 765 3402 Bisuldinensi
807 3342 1069 3402 quantmn
1119 3333 1282 3387 habet
1329 3334 1379 3387 in
1414 3332 1534 3385 villa
1569 3331 1778 3396 Lertio,
1816 3332 1897 3385 vel
1935 3332 1988 3384 in

409 3426 536 3481 villa
563 3425 916 3491 Molendinos,
946 3425 1027 3479 vel
1064 3425 1117 3478 in
1164 3424 1412 3494 Tapiolas
1451 3440 1586 3493 quas
1613 3434 1807 3478 vocant
1835 3423 1990 3493 Figa-

407 3518 540 3583 rias,
571 3516 710 3572 intra
736 3533 920 3572 eorum
952 3517 1232 3580 terminos,
1273 3525 1329 3571 et
1363 3517 1533 3586 ipsum
1566 3516 1797 3577 alodem,
1830 3530 1988 3585 quem

410 3616 606 3663 vocant
652 3608 856 3670 hortos,
911 3623 1034 3661 eum
1084 3607 1195 3676 ipsa
1240 3607 1471 3662 ecclesia
1520 3607 1691 3661 sancti
1743 3606 1990 3662 Christo-

407 3699 589 3768 phori,
629 3714 748 3754 eum
782 3698 1005 3752 decimis
1039 3708 1092 3753 et
1123 3699 1373 3768 primitiis
1395 3699 1508 3752 suis
1537 3707 1698 3768 atque
1728 3697 1988 3764 alodibus,

408 3804 465 3846 et
493 3793 742 3848 omnibus
778 3792 938 3846 rebus
969 3791 1033 3844 ad
1064 3791 1232 3860 ipsam
1259 3790 1542 3845 ecclesiam
1573 3790 1988 3861 pertinentibus.

409 3886 478 3940 Et
520 3885 570 3939 in
608 3884 866 3940 comitatu
911 3883 1246 3938 Gerundeusi
1290 3884 1459 3953 ipsum
1508 3899 1752 3937 mansum
1789 3885 1993 3952 quiest

412 3973 552 4029 infra
577 3989 760 4029 muros
786 3974 1025 4042 ejusdem
1050 3974 1306 4036 civitatis,
1326 3984 1379 4027 et
1406 3975 1576 4044 ipsum
1599 3973 1806 4028 alodem
1831 3973 1992 4027 Cum-

409 4066 596 4136 pinum
622 4067 687 4121 de
709 4065 942 4130 Burello,
966 4066 1056 4135 qui
1079 4074 1162 4120 est
1185 4064 1320 4119 infra
1347 4066 1603 4120 terminos
1632 4066 1695 4120 de
1727 4064 1989 4129 villa.....,

412 4157 623 4212 alodem
661 4157 728 4212 de
768 4156 1092 4219 Securuuio,
1127 4167 1179 4210 et
1207 4157 1413 4211 alodem
1444 4156 1508 4211 de
1539 4156 1804 4210 Burdulis.
1838 4156 1904 4210 Et
1939 4157 1990 4208 in

410 4245 668 4300 comitatu
700 4245 1145 4310 Barehinoneusi,
1177 4255 1230 4300 et
1272 4246 1322 4298 in
1356 4245 1591 4310 Valensi,
1624 4257 1675 4300 et
1720 4247 1770 4299 in
1813 4257 1993 4302 monte

411 4335 623 4406 Signio,
649 4343 705 4391 et
732 4337 784 4390 in
827 4335 965 4391 valle
991 4336 1270 4400 Tordaria,
1302 4347 1353 4392 et
1385 4337 1436 4392 in
1475 4338 1596 4391 villa
1628 4338 1899 4401 Laurona,
1939 4349 1993 4393 et

413 4431 466 4484 in
498 4430 701 4502 Agello,
737 4439 790 4485 et
821 4430 872 4485 in
909 4432 1135 4486 termino
1167 4433 1229 4486 de
1267 4431 1540 4495 Olerdula,
1567 4442 1621 4487 et
1666 4434 1714 4484 in
1755 4432 1992 4486 Peucdes

409 4521 648 4588 alodem,
678 4537 796 4592 qua:
827 4520 927 4576 fuit
961 4522 1026 4576 de
1063 4520 1354 4577 Guidiselo.
1390 4521 1454 4576 Et
1491 4522 1541 4575 in
1591 4526 1845 4576 comitatu
1876 4523 1987 4574 Au-

411 4628 546 4669 sona
574 4623 835 4683 quantmn
862 4612 1023 4667 habet
1053 4611 1104 4666 in
1142 4612 1265 4666 villa
1293 4613 1485 4682 Berga,
1525 4628 1647 4667 cum
1684 4614 1793 4682 ipsa
1823 4613 1992 4666 eccle-

413 4707 492 4763 sia
522 4717 722 4763 sanctm
747 4705 979 4770 Ceciliae,
1011 4713 1067 4760 et
1107 4704 1284 4759 villam
1319 4704 1736 4767 Nidummalum,
1765 4715 1816 4758 et
1839 4704 1991 4772 juxta

411 4809 651 4855 castrum
695 4797 1068 4860 Bolciarenno,
1119 4805 1174 4850 et
1220 4795 1501 4850 ecclesiam
1541 4805 1742 4850 sanctae
1783 4795 1994 4849 Ceciliae

412 4907 536 4946 cum
568 4905 666 4945 suo
693 4888 867 4943 alode.
893 4887 959 4941 Et
985 4888 1036 4941 in
1068 4888 1325 4942 comitatu
1360 4885 1655 4941 Paliarensi
1675 4886 1828 4954 juxta
1858 4887 1993 4940 civi-

415 4992 581 5038 tatem
607 4981 911 5037 Liminiana
939 4979 1222 5034 ecclesiam
1256 4979 1425 5033 sancti
1457 4978 1704 5043 Andreze,
1733 4985 1786 5031 et
1814 4978 1993 5031 omnia

412 5101 534 5157 qua:
563 5087 724 5142 habet
769 5085 822 5140 in
855 5085 1043 5141 eodem
1090 5084 1364 5140 comitatu.
1396 5083 1462 5138 Et
1490 5083 1542 5137 in
1575 5084 1835 5138 comitatu
1867 5083 1996 5138 Cer-

408 5188 588 5244 daniaa
633 5195 897 5258 quantum
947 5185 1110 5240 habet
1155 5185 1206 5238 in
1252 5183 1376 5237 villa
1423 5182 1545 5248 Exi,
1590 5193 1646 5238 ct
1695 5185 1744 5239 in
1787 5184 1997 5241 caeteris

409 5289 570 5344 villis.
613 5287 678 5342 Et
716 5289 771 5342 in
817 5285 955 5341 valle
1003 5285 1288 5341 continenti
1333 5285 1511 5339 villam
1558 5283 1819 5339 Villellam
1871 5301 1995 5341 cum

410 5389 657 5446 terminis
685 5390 821 5446 suis.
856 5388 926 5443 Et
956 5388 1006 5442 in
1037 5389 1293 5445 comitatu
1325 5386 1676 5442 Funiliotensi
1706 5387 1994 5444 ecclesiam

2092 3333 2356 3397 statione,
2412 3343 2470 3388 et
2521 3335 2879 3391 anathematis
2935 3337 3334 3404 interdictione,
3387 3350 3444 3394 ut
3494 3341 3672 3396 nullus

2092 3437 2326 3491 unquam
2357 3433 2666 3478 nostrorum
2708 3441 3082 3481 successorum
3125 3432 3436 3498 pontitieum
3469 3448 3672 3501 prmsu-

2093 3523 2202 3567 mat
2247 3513 2483 3583 aliquam
2526 3516 2633 3569 vim
2673 3527 2766 3571 aut
2809 3519 3140 3574 invasionem
3193 3522 3244 3574 in
3295 3524 3456 3578 rebus
3503 3525 3672 3595 ipsius

2092 3604 2403 3657 monasterii
2429 3604 2626 3658 facere.
2675 3606 2801 3662 Post
2833 3625 2960 3664 vero
2990 3612 3194 3666 obitum
3232 3613 3465 3678 abbatis,
3509 3631 3668 3672 nemo

2095 3697 2290 3752 ibidem
2319 3697 2569 3752 abbatem
2602 3703 2894 3757 constituat
2940 3705 3040 3759 nisi
3085 3722 3245 3776 quem
3288 3724 3583 3766 consensus
3614 3723 3671 3766 et

2093 3787 2394 3842 communis
2421 3789 2667 3846 voluntas
2709 3792 2938 3848 fratrum
2980 3813 3046 3849 ex
3097 3798 3208 3865 ipsa
3254 3803 3672 3870 congregatione

2093 3877 2316 3946 elegerit
2356 3880 2648 3934 secundum
2681 3881 2848 3936 Deum
2890 3896 2942 3937 et
2983 3886 3151 3940 sancti
3187 3887 3456 3944 Benedicti
3507 3908 3666 3962 regu-

2094 3967 2197 4020 lam
2226 3986 2237 4020 :
2275 3969 2587 4038 nullumque
2631 3973 2930 4040 prmmium,
2960 3976 3074 4030 sive
3101 3976 3300 4031 donum
3346 3995 3442 4048 pro
3471 3997 3661 4037 conse-

2092 4061 2332 4113 oratione
2361 4060 2500 4115 illius
2523 4062 2719 4131 aliquis
2758 4064 3005 4134 accipere
3051 4070 3357 4132 contendat,
3387 4079 3440 4124 et
3466 4072 3510 4126 si
3543 4088 3665 4127 eum

2092 4151 2374 4220 episcopus
2438 4152 2692 4207 ordinare
2749 4155 3003 4221 noluerit,
3054 4159 3119 4212 ad
3175 4160 3328 4228 cujus
3387 4163 3668 4219 dimcesim

2093 4243 2207 4311 ipse
2259 4243 2492 4311 pertinet
2551 4243 2720 4306 locus,
2768 4243 2847 4298 vel
2894 4261 2924 4298 a
2973 4255 3152 4300 nostra
3206 4250 3444 4305 liomana
3496 4261 3670 4308 matru

2092 4333 2357 4395 Ecclesia,
2413 4334 2492 4387 vel
2537 4350 2563 4386 a
2617 4349 2939 4404 quocunque
2987 4338 3215 4394 voluerit
3261 4343 3514 4413 episeopo
3571 4361 3666 4414 per

2094 4439 2333 4483 nostram
2371 4430 2746 4481 auctoritatem
2787 4428 2954 4483 libere
2980 4432 3280 4486 ordinetur.
3321 4433 3375 4488 Si
3407 4437 3528 4506 quis
3574 4455 3668 4493 auo

2097 4528 2227 4580 tem,
2256 4517 2398 4587 quod
2429 4533 2528 4571 non
2562 4525 2828 4587 optamus,
2864 4518 3072 4573 nefario
3101 4537 3231 4575 ausu
3273 4531 3677 4597 presumpserit

2098 4612 2233 4675 hace,
2270 4624 2388 4678 qua:
2412 4624 2439 4662 a
2467 4610 2620 4662 nobis
2644 4623 2740 4677 pro
2776 4609 3197 4678 stabilitatejam
3230 4613 3355 4668 dicti
3399 4627 3674 4673 monaste-

2096 4705 2160 4758 rii
2217 4713 2418 4759 statuta
2466 4713 2593 4758 sunt
2629 4704 2962 4774 transgredi,
3015 4705 3153 4759 sciat
3201 4721 3259 4760 se
3312 4709 3675 4764 anathematis

2098 4797 2317 4852 vinculo
2349 4795 2683 4859 innodatum,
2716 4804 2771 4850 et
2803 4811 2925 4850 cum
2956 4795 3170 4850 diabolo
3200 4808 3255 4851 et.
3298 4799 3547 4852 omnibus
3576 4799 3678 4854 im-

2097 4890 2198 4959 piis
2221 4889 2409 4944 aetcrni
2442 4887 2673 4943 incendii
2697 4886 3035 4942 atrocissime
3051 4887 3314 4957 supplicio
3337 4888 3674 4956 deputatum.

2096 4981 2168 5035 At
2198 4995 2322 5035 vero
2353 4979 2442 5050 qui
2474 4980 2560 5049 pio
2592 4979 2784 5033 intuitu
2828 4985 3013 5033 custos
3049 4987 3106 5034 et
3137 4978 3453 5035 observator
3484 4981 3681 5034 horum

2099 5070 2388 5134 exstiterit,
2431 5068 2799 5123 omnimodam
2847 5068 3242 5134 benedictionis
3281 5067 3514 5140 gratiam
3569 5084 3688 5124 om-

2101 5162 2358 5232 niumque
2393 5175 2616 5215 suorum
2643 5168 2990 5231 peccatorum
3025 5158 3447 5216 absolutionem.
3489 5169 3543 5214 et
3583 5175 3696 5215 cm-

2100 5252 2256 5310 lcstis
2303 5253 2425 5306 vitae
2473 5251 2866 5307 beatitudinem
2904 5266 3028 5306 cum
3065 5252 3277 5308 sanctis
3315 5258 3371 5304 et
3405 5248 3616 5315 electis,
3667 5268 3697 5306 n

2102 5342 2616 5402 misericordissimo
2647 5344 2876 5397 Domino
2918 5341 3029 5399 Deo
3061 5350 3258 5402 nostro
3293 5342 3559 5411 consequi
3595 5358 3707 5401 me-

2102 5450 2285 5495 reatur
2318 5439 2369 5494 in
2398 5437 2594 5492 saecula
2616 5435 2959 5493 szeculorum.
2998 5436 3202 5491 Amen.
