4494 5520
943 594 1197 633 ειιιςτοω
1227 592 1438 631 ΙΟΛΝΜΞ
1475 592 1618 630 ΡΜἿΕ
1650 590 1716 629 κν
1758 591 1824 628 AD
1858 588 2028 627 ONNES
2072 586 2305 626 ιἰυειεε.

1448 690 1624 759 (Anno
1659 687 1808 757 991.)

838 802 913 854 De
961 818 1085 869 pace
1134 799 1460 855 conciliando
1512 800 1645 869 inter
1700 794 2031 869 Etlielrcdum
2085 810 2250 861 regem
2302 802 2412 845 An-

905 864 1025 940 glia:
1053 883 1098 925 ct
1136 870 1451 923 "ir/tardum
1483 868 1663 921 ducent
1694 864 2080 928 Nortmanniw,
2102 881 2249 934 quem
2273 880 2413 915 mur-

906 944 1137 995 cln'onent
1166 950 1332 995 rocut.

904 1051 1137 1106 JOANNES
1166 1048 1628 1120 quintusdecimus
1658 1055 1857 1101 sanctte
1883 1046 2135 1102 Romana:
2158 1044 2412 1100 Ecclesia:

834 1159 968 1217 papa
992 1144 1240 1199 omnibus
1272 1140 1518 1197 ﬁdelibus
1546 1140 1793 1195 salutem.

904 1236 1160 1291 Noverint
1190 1247 1379 1289 omnes
1404 1239 1604 1286 sancta:
1633 1229 1822 1284 matris
1846 1227 2100 1284 Ecclesiae
2132 1226 2333 1290 ﬁdeles,
2357 1234 2412 1280 et

830 1330 1002 1383 nostri
1031 1327 1307 1395 utriusque
1333 1324 1538 1379 ordinis
1575 1337 1670 1393 per
1700 1323 1914 1377 climata
1960 1319 2138 1375 szeculi
2180 1319 2407 1383 dilatati,

830 1419 1064 1487 qualiter
1093 1418 1245 1471 nobis
1277 1415 1499 1469 relatum
1528 1421 1609 1468 est
1637 1428 1665 1466 a
1695 1411 2062 1480 compluribus
2088 1410 2153 1464 de
2180 1409 2410 1464 inimici-

828 1510 901 1563 tia
930 1507 1200 1562 Etliclredi
1232 1504 1507 1561 Saxonum
1536 1500 1952 1556 occidentalium
1980 1499 2148 1569 regis,
2180 1512 2278 1551 nec
2304 1512 2407 1549 non

825 1612 881 1656 et
912 1599 1165 1654 liicliardi
1208 1594 1557 1651 rnarcliionis.
1594 1592 1745 1649 Unde
1800 1590 2023 1645 nimium
2075 1589 2243 1642 tristis
2284 1586 2409 1641 eﬁ‘e-

826 1704 968 1755 rtus,
996 1698 1181 1760 utpote
1213 1688 1278 1743 de
1336 1686 1460 1740 ﬁliis
1503 1684 1701 1739 nostris
1760 1680 2161 1751 Spiritualibus,
2193 1679 2407 1731 tandem

826 1786 980 1841 initio
1008 1782 1207 1836 salubri
1233 1775 1758 1841 consilio,acccrsivi
1790 1772 2077 1841 quemdam
2113 1768 2406 1838 apocrisia—

824 1879 962 1931 rium
998 1884 1237 1928 nostrum
1275 1870 1528 1930 Leonem,
1559 1866 1805 1934 viceepis:
1824 1878 1984 1932 opum
2015 1861 2072 1915 S.
2108 1860 2406 1914 Treveren-

821 1970 898 2023 sis
936 1966 1213 2029 Ecclesiae,
1240 1973 1294 2017 ct
1318 1962 1436 2017 misi
1466 1976 1587 2014 eum
1619 1959 1745 2012 illuc
1792 1971 1911 2010 cum
1960 1954 2154 2007 litteris
2205 1950 2405 2005 nostris

820 2056 1208 2113 exhortatoriis
1240 2064 1291 2107 ιιι
1327 2051 1707 2120 resipiscerent
1743 2048 1811 2100 ab
1853 2046 1953 2099 bac
2001 2042 2401 2113 superstitione.

822 2154 922 2220 Qui
955 2150 1227 2206 transiens
1258 2154 1467 2200 vestras
1498 2137 1930 2208 intercapedincs
1962 2144 2249 2197 terrarum,
2282 2142 2403 2184 tan-

822 2246 945 2298 dem
978 2239 1217 2294 marinos
1240 2231 1597 2289 transmeavit
1629 2228 1785 2290 fines,
1811 2236 1866 2280 et
1893 2226 1945 2279 in
1977 2225 2063 2278 die
2108 2221 2405 2277 nativitatis

822 2332 1035 2387 Domini
1080 2328 1329 2400 pervenit
1388 2333 1512 2378 ante
1563 2328 1911 2390 conspectum
1968 2316 2108 2384 regis
2157 2312 2403 2384 praefati,

823 2434 1056 2491 moxque
1078 2434 1141 2473 ex
1169 2425 1321 2487 parte
1347 2423 1526 2467 nostra
1554 2410 1786 2465 salutato
1807 2406 2000 2461 obtulit
2029 2405 2252 2467 litteras,
2272 2417 2406 2471 quas

821 2516 895 2569 illi
928 2514 1269 2567 miseramus.
1296 2502 1719 2574 Qui,accersitis
1747 2499 1961 2554 cunctis
1988 2497 2069 2551 sui
2105 2496 2252 2565 regni
2284 2494 2406 2549 ﬁde-

820 2607 960 2660 libus
986 2601 1269 2668 utriusque
1316 2595 1523 2650 ordinis
1568 2588 2020 2661 sapientioribus,
2050 2587 2118 2640 ob
2165 2599 2404 2639 amorem

819 2705 874 2751 et
916 2696 1165 2748 timorem
1200 2690 1289 2744 Dei
1329 2683 1734 2754 omnipotentis,
1775 2694 1873 2734 nec
1916 2695 2018 2733 non
2064 2687 2119 2733 et
2164 2677 2221 2732 S.
2260 2675 2407 2729 Petri

823 2784 1189 2857 apostolorum
1218 2778 1494 2851 principis,
1520 2784 1571 2830 et
1603 2790 1697 2845 per
1720 2780 1959 2827 nostram
1984 2769 2405 2824 admonitionem

818 2889 1125 2950 paternam,
1159 2871 1525 2927 firmissimam
1555 2867 1824 2922 concessit
1862 2880 2047 2934 pacem
2083 2879 2202 2917 cum
2226 2861 2405 2915 omni-

822 2969 921 3022 bus
949 2965 1075 3019 ﬁliis
1100 2972 1154 3017 et
1182 2961 1394 3015 ﬁliabus
1438 2959 1572 3022 Suis,
1602 2955 1960 3025 prtesentibns
2007 2962 2060 3008 et
2106 2951 2320 3015 futuris,
2352 2958 2406 3003 et

823 3054 1235 3113 communibus
1270 3049 1516 3104 ﬁdelibus
1563 3047 1674 3101 suis
1721 3046 1835 3099 sine
1880 3044 2021 3097 dolo.
2061 3043 2175 3109 Qua
2234 3042 2297 3095 de
2349 3054 2406 3093 re

822 3150 969 3204 misit
1005 3146 1310 3202 Edclsinum
1379 3151 1580 3196 sanctae
1629 3138 2106 3192 Scliireburnensis
2150 3133 2403 3188 Ecclesia‘,
2430 3154 2474 3215 ρ

815 3239 1123 3313 praesulem,
1155 3251 1250 3289 nec
1289 3248 1394 3287 non
1428 3230 1775 3286 Leofslanttm
1830 3228 1995 3280 lilium
2044 3224 2315 3287 Alfvvoldi,
2349 3231 2403 3277 et

816 3330 1082 3385 Wnlstani
1125 3327 1293 3380 ﬁlium
1328 3322 1770 3381 liderclnotltum,
1802 3320 1891 3388 qui
1931 3319 2259 3372 transierunt
2292 3331 2401 3369 ina-

817 3422 967 3476 tinos
997 3419 1154 3479 ﬁnes,
1180 3426 1233 3469 et
1256 3422 1619 3484 pervenerunt
1643 3423 1808 3479 usque
1832 3408 1897 3461 ad
1919 3406 2247 3461 Ricliardum
2272 3420 2404 3473 pra:-

816 3514 986 3568 fatuni
1019 3509 1408 3565 marcliioucm.
1440 3506 1539 3573 Qui
1591 3513 1645 3558 et
1689 3502 1892 3557 monita
1944 3510 2128 3555 nostra
2183 3499 2403 3569 paciﬁoe

815 3604 1145 3673 suscipiens,
1198 3599 1466 3667 simulque
1529 3596 1753 3650 audiens
1811 3594 2083 3648 decretum
2140 3590 2401 3662 suprafati

817 3698 981 3767 regis,
1012 3694 1195 3749 libenti
1248 3695 1430 3745 animo
1476 3703 1663 3757 paceni
1708 3686 1942 3740 ﬁrmavit
1987 3685 2231 3739 eamdem
2280 3700 2400 3738 cum

814 3789 943 3844 iiliis
967 3787 1079 3842 suis
1108 3796 1163 3838 et
1192 3783 1407 3837 ﬁl'abns
1439 3776 1795 3849 praesentibus
1840 3784 1897 3829 et
1946 3774 2160 3838 futuris,
2191 3783 2245 3828 et
2280 3788 2401 3829 cum

816 3878 1072 3935 omnibus
1100 3875 1345 3930 fidelibus
1377 3872 1518 3935 suis;
1548 3884 1612 3922 eo
1647 3866 1869 3921 rationis
1902 3874 2101 3923 tenore.
2132 3874 2188 3918 nt
2225 3864 2269 3919 si
2307 3864 2403 3917 ali-

816 3970 939 4040 quis
979 3984 1190 4031 eorum,
1223 3965 1305 4020 vel
1354 3963 1475 4033 ipsi,
1508 3961 1703 4030 injuste
1754 3958 1954 4028 aliquid
2000 3967 2189 4012 contra
2238 3956 2401 4009 alium

816 4060 1272 4130 pcrpetraverint,
1301 4054 1457 4123 digna
1486 4050 1862 4105 emendatione
1887 4056 2162 4119 purgetur.
2183 4046 2404 4115 Paxque

818 4156 1033 4203 maneat
1063 4142 1447 4216 pcrpetnaliter
1476 4149 1531 4194 et
1561 4140 1873 4195 inconvulsa
1898 4178 1912 4204 ,
1939 4146 2403 4192 sacramentorum

816 4241 1103 4307 utriusque
1132 4234 1300 4305 partis
1327 4232 1579 4303 stigmate
1608 4231 1883 4300 stipulata.
1909 4229 1985 4283 Ex
2018 4238 2171 4298 parte
2198 4228 2405 4283 scilicet

816 4330 962 4401 regis
991 4325 1306 4388 Ethelredi,
1346 4322 1649 4384 Edelsinus,
1690 4320 1886 4390 praesul
1941 4329 2140 4375 sancta:
2196 4318 2406 4374 Scliire-

814 4419 1105 4477 immensis
1130 4417 1407 4481 Ecclesitc,
1435 4425 1491 4470 et
1526 4413 1852 4469 Leofslanus
1878 4410 2125 4466 Alfwoldi
2156 4411 2295 4464 ﬁlius
2312 4451 2325 4475 ,
2351 4419 2403 4463 et

816 4511 1212 4615 Ederelnotbus
1235 4506 1474 4615 Wlsl'ani‘
1500 4506 1659 4615 illitis.
1706 4504 1780 4615 Ex
1808 4513 1961 4607 parte
1981 4502 2247 4615 Eicliaz‘di
2281 4502 2399 4615 lno-
2431 4520 2476 4577 υ

816 4607 1000 4680 geritis
1025 4605 1329 4675 episcopus,
1360 4600 1677 4667 Rodulpbus
1707 4596 1947 4666 llugonis
1979 4595 2142 4659 ﬁlius,
2165 4594 2402 4648 Truteno

816 4701 963 4755 ﬁlius
992 4697 1245 4767 Tlturgis.
1286 4694 1480 4747 Actum
1531 4689 1855 4760 Rotlmmagi
1899 4688 2152 4743 Kalendis
2200 4687 2336 4740 Mart
2363 4686 2401 4747 i,

817 4806 960 4845 anno
989 4791 1056 4845 ab
1088 4784 1463 4843 incarnatione
1493 4781 1706 4837 Domini
1736 4780 2144 4850 nongentesimo
2168 4793 2403 4847 nonage-

818 4883 957 4935 simo
974 4880 1169 4949 primo,
1192 4876 1484 4931 indictione
1505 4883 1715 4944 quarta.
1736 4871 1799 4925 Et
1823 4872 1888 4926 de
1912 4871 2218 4926 hominibus
2237 4872 2398 4939 regis,

818 4973 905 5027 vel
934 4973 1001 5027 de
1028 4970 1263 5025 inimicis
1291 4968 1403 5022 suis
1430 4966 1635 5021 nullum
1668 4963 1974 5019 Richardns
2015 4963 2263 5033 recipiat,
2300 4976 2403 5016 nec

819 5084 917 5124 rex
948 5066 1012 5121 de
1038 5064 1169 5129 suis,
1203 5064 1319 5116 sine
1351 5060 1528 5131 sigillo
1561 5073 1769 5114 eorum.

1576 5172 1663 5227 XI.

822 5282 1167 5328 PRI\'II.EC$D$
1186 5277 1726 5323 CREGORIO'EPISCOPO
1749 5279 2043 5319 PORTUENSI
2082 5278 2401 5319 CONCESSUM.

1445 5350 1622 5422 (λιιιιο
1651 5354 1802 5421 992.)

894 5453 1071 5520 Hpud
1102 5450 1328 5520 Ugliclli,
1361 5448 1526 5503 [uilia
1563 5463 1715 5501 sacra
1736 5487 1750 5513 ,
1787 5455 1915 5501 tom.
1948 5444 2000 5511 Ι,
2034 5461 2154 5517 pag.
2188 5442 2337 5515 114.]

2169 342 2448 400 JOANNES
2490 343 2529 396 Χ
2544 344 2580 397 V
2623 344 2821 400 ΡΑΡᾹΞ

2444 462 2487 517 Λ
2522 456 2673 508 rabili
2708 455 2996 525 episcopio,
3030 454 3237 523 tuisque
3266 451 3665 509 successoribus
3696 454 3745 507 in
3771 466 4085 524 perpetuum

3986 336 4089 395 8M

2514 544 2871 613 possidendze.

2584 633 2850 700 Quoniam
2879 648 3091 705 semper
3119 642 3245 688 sunt
3271 634 3611 688 concedenda
3641 648 3758 701 qua:
3800 633 4092 687 rationabi-

2512 722 2653 779 libus
2682 734 2982 796 congruunt
3008 724 3319 789 desideriis,
3352 732 3561 793 oportet
3584 735 3641 777 ut
3671 723 3936 778 devotioni
3964 765 3977 789 ,
4037 726 4090 776 in

2514 815 2668 869 nobis
2726 816 2959 884 pectoris
3010 816 3281 870 humiliter
3322 814 3598 884 acquisita:
3632 855 3646 878 ,
3698 814 3751 869 in
3800 813 4092 883 privilegiis

2513 906 2869 960 eoneedendis
2899 906 3116 961 minime
3146 906 3439 975 dcuegetur
3478 919 3660 959 nosne
3688 905 3967 959 clementia
3995 946 4008 968 ,
4037 913 4092 957 et

2512 998 2632 1051 ideo
2662 997 2977 1067 petitionem
3018 1012 3115 1052 nos
3142 997 3295 1052 vobis
3334 1011 3429 1067 per
3457 996 3597 1051 hanc
3628 1004 3944 1064 praesentem
3996 1010 4090 1047 Ιῑο-

2512 1085 2608 1139 stri
2637 1085 2899 1155 privilegii
2927 1086 3175 1155 paginam
3205 1086 3569 1150 concedimus,
3601 1095 3761 1154 atque
3790 1082 4087 1146 offerimus,

2511 1174 2775 1243 simulque
2802 1185 2854 1228 et
2880 1175 3263 1230 conﬁrmamus
3310 1176 3359 1230 in
3392 1177 3760 1245 suprascripto
3795 1174 4089 1229 venerabili

2511 1264 2782 1333 cpisc0pio
2812 1278 2908 1331 pro
2951 1265 3335 1334 omnipotentis
3390 1264 3484 1319 Dei
3530 1280 3712 1319 amore
3738 1304 3751 1328 ,
3788 1275 4089 1331 nostraeque

2510 1355 2705 1407 animae
2755 1356 3146 1423 redemptione,
3205 1371 3266 1409 ac
3303 1366 3612 1409 nostrorum
3642 1356 3879 1408 onmium
3932 1355 4089 1407 venia

2510 1445 2851 1510 delictorum,
2874 1446 3117 1500 videlicet
3144 1454 3343 1500 terram
3362 1446 3684 1499 nostrisacri
3710 1443 4091 1497 Lateranensis

2508 1539 2693 1608 palatii
2719 1538 2781 1591 ad
2814 1538 3074 1592 fossatum
3100 1538 3423 1602 faciendum,
3456 1538 3590 1591 sicut
3619 1536 3802 1605 incipit
3844 1551 3941 1604 per
3968 1534 3983 1586 ι
4006 1550 4087 1586 ιιι-

2510 1630 2802 1700 gitudincm
2836 1646 2864 1681 a
2910 1629 3129 1684 ﬂumine
3169 1627 3324 1696 juxta
3355 1644 3564 1682 murum
3609 1627 3923 1681 Pot‘tucnsis
3956 1627 4088 1679 civi-

2508 1722 2634 1775 tatis
2669 1730 2794 1774 ante
2830 1721 3068 1790 ejnsdem
3101 1728 3341 1790 portam,
3394 1734 3512 1789 qua:
3565 1718 3763 1773 dicitur
3809 1717 4003 1786 Major,
4036 1728 4090 1770 et

2440 1808 2479 1865 Β
2509 1813 2703 1867 exinde
2755 1820 3011 1882 pergente
3043 1827 3211 1881 usque
3258 1812 3309 1863 in
3358 1809 3531 1863 lacum
3564 1808 3849 1877 'l‘rajanum
3875 1848 3889 1872 ,
3919 1816 3973 1860 et
4021 1806 4091 1859 ab

2510 1905 2626 1974 ipso
2655 1903 2889 1974 Trajano
2912 1912 3187 1958 remeante
3230 1918 3324 1971 per
3353 1902 3495 1954 aliud
3540 1900 3799 1955 fossatum
3840 1913 4007 1968 usque
4035 1903 4087 1951 in

2508 1997 2871 2064 supradictum
2916 1993 3136 2047 ﬁumen.
3200 1993 3440 2061 Itemque
3499 1992 3772 2047 licentiam
3813 2010 3841 2044 a
3898 2003 4082 2045 nostra

2507 2084 2795 2155 apostolica
2821 2082 3102 2150 majestate
3120 2084 3270 2137 vobis
3293 2082 3635 2136 concedimus
3652 2082 3865 2136 tollendi
3891 2097 4085 2150 aquam

2507 2192 2574 2229 ex
2619 2178 2734 2245 ipso
2767 2177 2947 2239 fluvio,
2977 2189 3031 2230 et
3058 2190 3153 2246 per
3181 2175 3328 2229 littus
3358 2174 3472 2242 ejus
3502 2174 3742 2228 mittendi
3794 2177 3845 2228 in
3895 2174 4082 2226 eodem

2508 2268 2707 2323 fossatn
2739 2277 3000 2337 quantum
3038 2266 3189 2321 vobis
3222 2266 3521 2335 vestrisque
3551 2263 3951 2320 successoribus
3975 2265 4089 2333 plac

2511 2360 2704 2421 cuorit,
2746 2368 2797 2411 et
2830 2372 2965 2427 opus
3014 2356 3178 2411 fuerit
3224 2356 3369 2411 omni
3400 2366 3639 2423 tempore
3690 2357 3755 2408 ad
3803 2355 4087 2407 utilitatem

2500 2447 2612 2518 jam
2638 2449 2760 2502 dicti
2804 2448 2953 2502 lacus
2980 2489 2993 2512 ,
3038 2449 3127 2517 qui
3155 2447 3351 2502 dicitur
3377 2445 3615 2517 Trajani,
3642 2445 3707 2499 ad
3758 2444 3931 2514 pisces
3960 2459 4088 2519 con-

2512 2541 2867 2613 gregandum,
2897 2550 2953 2595 et
2980 2541 3175 2595 exinde
3198 2540 3521 2593 dccurrcnte
3548 2552 3682 2606 aqua
3716 2537 3825 2606 ipsa
3857 2550 3953 2605 per
3981 2534 4089 2588 fos-

2509 2642 2688 2688 satum
2737 2646 2905 2701 ttsque
2944 2631 2993 2685 in
3020 2631 3273 2701 pracdicto
3316 2628 3580 2695 flumine;
3634 2638 3687 2682 ct
3733 2626 3988 2698 quidquid
4032 2626 4085 2679 in

2507 2724 2623 2794 ipso
2646 2723 2869 2790 fossato,
2901 2724 3013 2778 sive
3054 2738 3192 2792 aqua
3213 2763 3227 2786 ,
3260 2721 3438 2776 facere
3462 2720 3767 2785 volueritis,
3814 2720 4085 2774 licentiam

2508 2824 2561 2869 et
2591 2823 2911 2885 potestatem
2941 2814 3089 2869 vobis
3113 2814 3460 2867 concedimus
3490 2812 3755 2877 faciendi,
3783 2811 3954 2880 posito
3982 2819 4088 2863 ter-

2516 2905 2709 2960 ritorio
2736 2904 3016 2960 Portuensi
3043 2904 3180 2975 juris
3205 2902 3261 2957 S.
3306 2903 3588 2967 Romamn,
3618 2903 3702 2957 cui
3732 2902 3839 2956 Deo
3869 2910 4089 2956 auctore

2508 2998 2841 3053 deservimus
2885 2997 3177 3061 Ecclesiaa;
3226 2996 3529 3065 vestrisque
3566 2995 3970 3049 successoribus
4016 2994 4083 3046 ad

2506 3090 2800 3145 tenendum
2826 3090 3019 3144 emissa
3053 3088 3410 3158 prteceptione
3440 3086 3739 3141 concedere
3791 3094 3845 3139 et
3893 3082 4093 3139 conﬁr-

2507 3197 2656 3236 mare
2706 3181 3025 3236 deberemus
3059 3179 3297 3233 inclinati
3345 3177 3592 3248 precibus
3634 3177 3737 3232 tuis
3760 3217 3774 3242 ,
3805 3190 3901 3245 per
3931 3173 4087 3243 hujus

2505 3274 2758 3344 prmeepti
2789 3272 2984 3327 seriem
3013 3271 3375 3342 supradictazn
3403 3277 3601 3323 terram
3634 3269 3699 3322 ad
3727 3267 3982 3323 fossatum
4012 3264 4088 3318 fa-

2508 3366 2780 3427 ciendum,
2809 3374 2861 3418 ct
2887 3379 3082 3432 aquam
3117 3364 3167 3416 in
3196 3362 3454 3432 prmdicto
3483 3360 3643 3415 ﬂuvio
3672 3360 3818 3415 omni
3848 3368 4088 3429 tempore

2505 3470 2604 3524 per
2660 3453 2833 3524 ipsum
2881 3452 3139 3507 fossatum
3191 3450 3523 3505 decidentem
3576 3450 3627 3503 in
3668 3446 4000 3517 Trajanum,
4033 3457 4091 3500 et

2506 3546 2700 3600 exinde
2736 3545 3019 3598 ducentem
3047 3558 3145 3612 per
3194 3540 3495 3603 fossatum',
3530 3554 3623 3594 seu
3678 3553 3871 3608 aquam
3920 3538 4087 3607 perti-

2503 3638 2779 3699 tuentibus,
2816 3646 2872 3690 ut
2902 3637 3151 3705 superius
3182 3633 3378 3704 legitur
3420 3648 3449 3686 a
3491 3634 3739 3703 praesenti
3772 3632 3957 3702 quinta
4000 3633 4084 3684 in-

2505 3726 2741 3782 dictione
2784 3726 2969 3785 vobis,
3010 3725 3314 3793 vestrisque
3356 3722 3761 3777 successoribus
3789 3720 3852 3775 ad
3893 3721 3982 3790 jus
4029 3732 4089 3776 et

2500 3827 2823 3888 potestatem
2853 3817 3019 3884 ipsius
3047 3814 3104 3869 S.
3132 3814 3318 3870 Matris
3345 3813 3664 3869 Portuensis
3686 3814 3929 3870 ecclesia:
3957 3830 4086 3869 con-

2505 3913 2769 3974 cedimus,
2803 3920 2857 3964 et
2886 3910 2937 3963 in
2965 3906 3681 3979 porpetuumconﬁrmamis
3712 3908 4086 3968 detinendam,

2504 4005 2575 4057 ita
2602 4017 2753 4063 sane,
2779 4010 2836 4054 ut
2864 4001 3077 4054 avobis
3112 4000 3411 4068 vestrisque
3432 4000 3835 4054 successoribus
3861 4000 4087 4068 singulis

2504 4094 2700 4164 quibus
2736 4093 2894 4147 annis
2928 4090 3188 4161 pensione
3219 4088 3435 4142 nomine
3482 4098 3680 4143 nostrae.
3707 4089 3947 4143 ecclosiae
3996 4090 4081 4143 de-

2508 4186 2693 4238 narios
2720 4198 2944 4237 numero
2976 4197 3069 4237 sex
3101 4180 3448 4250 recipiamus,
3474 4189 3774 4235 statuentes
3794 4181 4088 4250 apostolica

2505 4288 2730 4328 censura
2761 4272 2867 4327 sub
2900 4271 3064 4325 divini
3086 4269 3270 4337 jndicii
3300 4270 3658 4325 obtestatione
3688 4280 3739 4325 et
3770 4272 4083 4324 anathema-

2504 4367 2574 4420 tis
2606 4364 2913 4427 interdicto,
2942 4370 2998 4417 ut
3022 4362 3151 4415 nulli
3182 4378 3419 4431 unquam
3452 4372 3761 4417 nostrorum
3798 4377 4083 4418 successo-

2510 4472 2623 4511 rum
2654 4454 2991 4525 pontiﬁcum,
3022 4452 3465 4523 autquibuslibet
3488 4453 3965 4508 intervenientibus
3991 4470 4087 4523 po-

3026 4544 3235 4609 iicibus,
3261 4552 3354 4597 aut
3380 4544 3666 4600 comitibus
3696 4585 3710 4610 ,
3747 4544 3862 4599 sive
3882 4545 4087 4600 .castal-

2506 4640 2609 4703 dis,
2650 4638 2741 4708 qui
2776 4639 2827 4691 in
2857 4637 2968 4707 ipsa
2995 4636 3215 4690 civitate
3242 4634 3539 4689 Portnense
3576 4649 3675 4704 pro
3715 4644 3957 4705 tempore
3987 4635 4086 4689 do-

2503 4737 2768 4791 minatum
2803 4733 3055 4796 tennerit,
3086 4734 3151 4788 de
3174 4745 3498 4802 quocunque
3524 4729 3725 4784 fuerint
3755 4731 3963 4793 ordine,
4000 4731 4085 4785 vel

2505 4831 2622 4886 alia:
2648 4828 2899 4899 quaelibet
2931 4842 3157 4898 magnae,
3191 4839 3477 4895 parvzeque
3502 4836 3745 4893 persona:
3769 4824 4082 4892 prmdictum

2506 4922 2788 4983 fossatum,
2822 4920 2934 4974 sive
2962 4931 3155 4987 aquam
3188 4914 3425 4969 ﬂuminis
3454 4912 3650 4968 exinde
3678 4922 3983 4968 currentem
4003 4955 4016 4977 ,
4052 4929 4083 4967 a

2494 5016 2642 5086 'jure,
2670 5020 2726 5066 et
2753 5010 2955 5065 ditione
2981 5006 3271 5077 supradicti
3296 5004 3551 5076 episcopii
3579 5002 3817 5067 auferre,
3842 5004 3925 5059 vel
3954 5004 4085 5060 alie»

2508 5119 2638 5159 nare
2666 5103 2845 5165 liceat,
2886 5099 2985 5154 sed
3018 5097 3195 5169 potius
3218 5096 3280 5150 in
3320 5112 3418 5150 usu
3460 5104 3514 5149 et
3543 5095 3771 5149 utilitate
3808 5095 3921 5165 jam
3955 5095 4083 5150 diCLi

2509 5195 2763 5266 cpiscopii
2807 5190 3113 5262 supradicta
3169 5195 3541 5259 permaneant.
3597 5185 3651 5241 Si
3696 5186 3817 5256 quis
3858 5196 4038 5241 autem
4070 5227 4084 5247 ,

2512 5287 2652 5357 quod
2689 5302 2792 5338 non
2822 5284 3126 5345 credimus,
3186 5290 3292 5334 tam
3347 5278 3544 5347 impius
3569 5288 3623 5332 et
3656 5278 3872 5346 iniquus
3922 5286 4087 5331 teme-

2513 5378 2660 5433 rario
2686 5391 2817 5430 ausu
2852 5374 2901 5427 in
2931 5388 3221 5443 quoquam,
3252 5368 3336 5425 vel
3369 5370 3421 5424 in
3455 5366 3610 5440 parte
3633 5376 3821 5423 contra
3851 5369 3954 5423 hoc
3988 5385 4083 5422 no-

2512 5480 2685 5520 strum
2714 5464 3067 5520 apostolicum
3094 5461 3434 5520 privilegium
3465 5460 3650 5514 venire
3699 5458 4005 5520 tentavcrit,
4036 5467 4090 5513 et
