4494 5520
410 442 519 505 διδ

1578 442 1934 501 EPISTOLJE
1975 443 2060 497 ET
2104 443 2512 500 I’lllViLECIA.

3581 449 3687 503 Blﬁ

409 566 536 625 Jesu
558 567 780 633 Christi,
811 574 865 620 ct
904 579 1025 619 cum
1047 564 1296 619 omnibus
1322 564 1499 633 .mpiis
1528 573 1729 617 mterno
1757 561 2002 616 incendio
2029 566 2081 624 Α
2111 559 2425 621 Dominum,
2478 557 2572 626 qui
2635 556 2767 612 dixit
2801 576 2810 610 :
2846 556 2951 622 Qui
3003 575 3089 611 ros
3141 559 3347 629 recipit,
3380 576 3459 613 mc
3508 561 3686 629 recipit

410 662 743 728 deputatum,
768 670 823 713 et
851 658 1070 725 insuper
1091 657 1156 709 ad
1174 669 1384 725 prunam
1410 654 1531 708 vitte
1553 655 1835 722 praesentis
1859 653 1994 721 lcga-

410 749 515 801 lem
550 747 978 817 compositurum
1004 746 1118 799 auri
1149 745 1422 814 purissimi
1452 743 1542 797 lib.
1577 743 1643 797 10
1696 744 1762 798 ad
1788 746 1995 812 episco-

408 857 559 909 pum,
591 840 681 909 qui
714 840 764 894 in
796 839 982 894 eodem
1007 838 1298 892 venerabili
1328 837 1602 905 episcopio
1633 850 1728 905 per
1750 844 1991 904 tempora

409 932 589 985 fuerit.
622 930 790 986 Porro
820 930 912 999 qui
963 939 1148 983 custos
1188 936 1242 982 et
1291 928 1609 981 observator
1643 927 1693 980 in
1742 927 1994 981 omnibus

408 1021 570 1076 fuerit
599 1021 906 1092 liujusmodi
935 1021 1105 1075 nostri
1138 1020 1417 1088 apostolici
1450 1018 1713 1088 privilegii
1747 1018 1993 1072 [antedic-

407 1118 569 1169 tionis
600 1117 861 1185 gratiam,
898 1116 1169 1183 vitamque
1195 1123 1489 1177 :eternam,
1541 1128 1569 1164 a
1602 1111 1995 1165 misericordiu-

405 1210 626 1263 siss'uno
656 1208 885 1264 Domino
913 1217 1099 1262 nostro
1128 1206 1388 1274 consequi
1414 1212 1708 1258 mereatur.

478 1297 750 1369 Scriptum
782 1313 877 1367 per
902 1312 1093 1351 manus
1123 1296 1383 1366 Stephani
1422 1294 1690 1349 scriniarii
1724 1296 1862 1348 sacri
1906 1309 1990 1362 pa-

403 1388 522 1441 latii
566 1390 618 1443 in
662 1404 847 1443 mense
872 1386 1064 1451 Junio,
1104 1397 1159 1442 et
1188 1381 1374 1442 indict.
1419 1386 1807 1457 suprascripta.
1848 1386 1991 1439 Bene

404 1481 598 1536 valete.
680 1482 798 1535 Dat.
871 1497 943 1535 vn
1018 1480 1137 1534 Kal.
1188 1478 1315 1533 Julii
1366 1494 1463 1548 per
1528 1493 1721 1532 manus
1770 1475 1993 1531 Joannis

401 1575 640 1645 episcopi
674 1574 954 1645 Nepesina:
984 1572 1260 1635 Ecclesiae,
1286 1581 1342 1627 et
1369 1571 1762 1626 bibliotltecarii
1793 1579 1991 1623 sanctae

400 1670 548 1724 sedis
577 1668 887 1738 apostolica:
914 1708 929 1732 ,
979 1682 1123 1720 anno
1166 1665 1511 1737 pontiﬁcatus
1564 1663 1764 1717 domini
1819 1661 1991 1717 nostri

398 1758 555 1813 Joau.
600 1767 773 1811 sanet.
804 1756 899 1811 XV
947 1771 1095 1826 papa:
1141 1771 1211 1810 vu
1240 1796 1254 1818 ,
1301 1763 1357 1809 et
1408 1754 1517 1807 iud.
1545 1752 1911 1821 suprascripta
1938 1766 1990 1804 v.

400 1850 754 1905 Decernimus
802 1864 953 1918 ergo,
982 1860 1089 1903 etc.
1137 1846 1193 1901 Si
1236 1862 1342 1915 qua
1380 1846 1576 1917 igitur,
1618 1854 1722 1899 etc.
1768 1842 1992 1897 Cunctis

405 1952 612 2008 autem,
652 1951 759 1997 etc.
800 1942 992 1995 Amen.

1148 2029 1260 2083 Xll.

391 2138 685 2178 CONCILIUI
726 2138 978 2178 RONANL'SI
1028 2137 1128 2176 PRO
1175 2135 1595 2175 CASOSIZATIOXE
1641 2135 1690 2173 S.
1733 2134 1982 2174 L'DALRICI

907 2208 1203 2249 AUGL'STASI
1244 2207 1475 2245 ILPISCOPI

748 2282 1074 2337 Celebralum
1102 2300 1239 2336 anno
1271 2282 1477 2336 Domini
1497 2282 1623 2338 993.

540 2373 715 2445 [Apud
746 2374 952 2438 Mansi,
985 2374 1143 2428 Cone.
1182 2383 1315 2429 tom.
1351 2372 1501 2437 .\'|.\',
1542 2390 1661 2443 pag.
1698 2373 1842 2445 169.]

465 2465 701 2521 Joaxxns
726 2467 1031 2536 episc0pus,
1054 2481 1243 2520 servus
1277 2481 1555 2521 servorum
1585 2464 1702 2526 Dei.
1734 2465 1985 2519 Omnibus

392 2559 837 2629 archiepiscopis,
869 2558 1157 2629 episcopis,
1202 2567 1258 2611 et
1285 2557 1588 2619 abbatibus,
1640 2556 1692 2608 in
1728 2554 1897 2608 Gallia
1931 2564 1986 2609 et

392 2648 686 2705 Germania
732 2649 1229 2712 commorantibus,
1273 2647 1500 2704 salutem
1548 2647 1601 2700 in
1646 2647 1872 2701 Domino
1919 2661 1983 2701 ac

392 2742 746 2811 apostolicam
779 2742 1235 2797 benedictionem.

464 2832 600 2889 Cum
629 2842 926 2888 conventus
951 2842 1094 2887 esset
1122 2832 1298 2887 factus
1325 2833 1377 2887 in
1406 2832 1605 2901 palatio
1628 2830 1980 2887 Lateranensi

389 2926 568 2996 pridie
619 2925 889 2979 Kalendas
942 2923 1244 2987 Februarii,
1292 2925 1563 2978 residente
1607 2923 1815 2978 Joanne
1854 2938 1984 2977 san-

392 3019 635 3073 ctissimo
658 3033 794 3088 papa
823 3033 943 3071 cum
990 3016 1258 3086 episcOpis
1292 3025 1346 3070 et
1374 3017 1725 3086 presbyteris,
1761 3017 1981 3071 astanti-

390 3111 494 3164 bus
525 3107 839 3163 diaconibus
868 3117 922 3162 et
958 3116 1153 3161 cuncto
1182 3108 1348 3168 clero,
1382 3121 1609 3178 surgens
1638 3107 1979 3161 revercndis-

390 3198 564 3253 simus
585 3195 903 3267 Luitolphus
925 3195 1181 3267 Augusta:
1206 3196 1490 3265 episcopus
1517 3196 1690 3265 inquit
1714 3213 1727 3249 :
1755 3196 1978 3251 Domine

2101 649 2317 719 (Matth.
2352 650 2430 721 x);
2455 664 2515 704 ac
2545 649 2768 719 proinde
2794 666 2889 705 nos
2912 651 3001 719 qui
3034 651 3281 705 ﬁduciam
3310 660 3508 707 nostra:
3527 653 3688 723 justi-

2100 742 2187 796 litt:
2214 758 2319 797 non
2358 742 2654 807 habemus,
2690 742 2900 796 illorum
2943 744 3193 811 precibus
3226 753 3278 797 et
3309 744 3518 799 meritis
3545 744 3685 815 apud

2096 833 2576 888 clementissimum
2622 833 2788 888 Deum
2830 834 3031 905 jugiter
3061 833 3402 899 adjnvemnr,
3448 836 3575 904 quia
3606 835 3687 888 di—

2096 925 2218 977 vina
2250 924 2604 978 saluberrima
2647 933 2914 994 pneccpta
2936 963 2951 987 ,
2992 933 3047 978 et
3078 934 3389 978 sanctormn
3418 935 3684 980 canonum

2095 1032 2159 1071 ac
2189 1016 2577 1071 venerabilium
2612 1015 2830 1069 Patrum
2880 1015 3153 1070 instabant
3181 1016 3468 1070 ellicaciter
3514 1017 3682 1072 docu-

2095 1116 2275 1161 menta
2315 1107 2557 1160 omnium
2588 1105 2944 1160 ecclesiarum
2976 1106 3065 1174 pio
3106 1104 3566 1159 considerationis
3598 1103 3682 1160 in-

2098 1200 2273 1262 tuitu,
2326 1198 2434 1252 imo
2481 1197 2760 1266 apostolici
2806 1198 3191 1251 moderaminis
3224 1198 3448 1263 annisu,
3483 1197 3685 1251 utilita-

2098 1302 2211 1345 tum
2255 1292 2721 1354 commoditatcm,
2754 1300 2918 1359 atque
2952 1289 3227 1345 ﬁrmitatis
3257 1292 3515 1361 perﬁcere
3542 1292 3682 1347 inte-

2092 1384 2366 1453 gritatem,
2396 1390 2665 1451 quatenus
2716 1381 2972 1435 memoria
3026 1380 3264 1437 Udalrici
3311 1379 3421 1449 jam
3472 1380 3684 1452 prmfati

2095 1474 2421 1529 venerabilis
2460 1474 2699 1543 episcopi
2736 1473 2919 1527 divino
2948 1472 3113 1527 cultui
3146 1473 3323 1529 dicata
3361 1474 3597 1535 existat,
3629 1485 3685 1529 et

2098 1564 2149 1615 iu
2203 1548 2455 1618 laudibus
2505 1562 2598 1616 Dei
2651 1564 3002 1617 devotiSsiine
3054 1563 3421 1633 persolvendis
3471 1579 3686 1633 semper

2094 1653 2274 1707 valeat
2321 1654 2604 1724 proﬁcere.
2654 1653 2709 1709 Si
2758 1654 2879 1723 quis
2921 1655 3158 1718 interea,
3202 1655 3346 1724 quod
3408 1671 3513 1709 non
3565 1670 3685 1710 crc-

2096 1747 2298 1809 «limus,
2341 1748 2634 1800 temerario
2680 1762 2813 1801 ausu
2856 1755 3045 1800 contra
3090 1761 3151 1799 ea
3189 1762 3309 1816 qua!
3350 1746 3452 1799 hac
3498 1757 3683 1800 nostra

2096 1838 2423 1892 auctoritate
2470 1839 2554 1909 pic
2609 1853 2673 1892 ac
2731 1838 2959 1891 ﬁrmiter
3013 1854 3108 1907 per
3175 1838 3276 1892 hoc
3341 1836 3681 1908 privilegium

2016 1922 2061 1980 Β
2088 1932 2384 1985 constituta
2432 1941 2574 1991 sunt,
2626 1931 2898 1986 contraire
2941 1930 3256 1995 tentaverit,
3289 1929 3373 1983 vel
3416 1930 3531 1985 lucc
3562 1944 3682 1999 quze

2092 2038 2120 2075 a
2173 2020 2326 2076 nobis
2383 2020 2436 2073 in
2486 2020 2696 2075 laudem
2754 2021 2884 2084 Dei,
2934 2028 2988 2075 et
3056 2036 3154 2090 pro
3217 2024 3520 2076 t‘evereut'a
3566 2019 3680 2092 jam

2092 2112 2219 2165 dicti
2246 2110 2483 2182 episcopi
2516 2121 2712 2164 statuta
2745 2120 2869 2165 sunt
2895 2110 3178 2181 relragari,
3203 2121 3295 2165 aut
3330 2111 3383 2164 in
3407 2126 3680 2180 quoquam

2092 2202 2431 2270 transgredi,
2480 2201 2615 2255 sciat
2663 2217 2720 2256 se
2763 2202 3088 2255 auctoritate
3136 2202 3196 2255 B.
3249 2201 3390 2255 l’etri
3424 2201 3681 2273 principis

2091 2291 2495 2360 apostolorum,
2542 2291 2701 2360 cujus
2749 2290 2832 2344 vel
2904 2291 3158 2345 immeriti
3232 2291 3379 2344 vices
3426 2292 3679 2362 agimus,

2092 2380 2455 2434 anatliematis
2499 2380 2714 2434 vinculo
2764 2380 3103 2435 innodatum.
3152 2381 3221 2434 At
3268 2396 3396 2435 vero
3447 2382 3535 2451 qui
3590 2382 3679 2451 pio

2092 2473 2285 2527 intuitu
2315 2473 2638 2528 observator
2677 2473 2987 2539 exstiterit,
3030 2474 3420 2529 benedictionis
3445 2475 3674 2546 gratiam

2088 2581 2119 2620 a
2174 2567 2681 2622 misericordissima
2732 2568 2958 2621 Domino
3004 2568 3114 2621 Deo
3187 2578 3375 2623 nostro
3419 2569 3681 2636 midtipli-

2086 2658 2227 2711 citer
2255 2668 2637 2727 consequatur,
2669 2668 2725 2713 et
2768 2667 2986 2714 :rterna:
3018 2660 3140 2714 \ita:
3183 2662 3451 2730 particeps
3478 2661 3676 2715 ρῐῐῖρίιι·

2091 2757 2198 2802 tur.
2238 2746 2510 2817 Scriptum
2542 2758 2625 2802 est
2650 2764 2748 2818 per
2794 2764 3012 2803 manum
3063 2748 3324 2819 Stephani
3357 2750 3550 2803 notarii
3596 2767 3652 2803 re

2087 2838 2315 2910 gionarii
2342 2850 2401 2892 et
2444 2838 2713 2892 scrinian’i
2750 2848 2952 2892 sanctae
2996 2838 3252 2892 Romana:
3298 2838 3588 2904 Ecclesim,
3624 2840 3674 2892 in

2089 2945 2273 2985 mense
2302 2930 2601 2985 Februario
2627 2971 2641 2996 ,
2676 2930 2970 2985 indictione
3000 2946 3069 2997 vi,
3099 2947 3240 2985 anno
3269 2932 3676 3001 uergentcsimo

2088 3024 2437 3094 nonagesimo
2487 3024 2666 3080 tertio.

2652 3132 3105 3173 PUBSCMPI’IONES.

2156 3208 2269 3278 Ego
2308 3207 2543 3263 Joannes
2573 3219 2775 3263 sanctae
2822 3209 3079 3263 Ruinanre
3112 3208 3393 3264 catholica:
3437 3218 3493 3261 et
3542 3224 3671 3279 apa-

391 3290 737 3344 sanctissime
770 3288 997 3359 prresnl,
1040 3290 1084 3343 si
1117 3288 1266 3342 vobis
1302 3289 1477 3357 placet
1504 3298 1558 3343 et
1590 3290 1841 3344 omnibus
1867 3290 1978 3360 epi-
2006 3273 2051 3334 (ἶ
2082 3300 2286 3355 sionem
2318 3302 2572 3356 Ecclesiae
2600 3302 2885 3371 episcopus
2912 3302 3038 3357 huic
3064 3303 3285 3356 decreto
3309 3320 3336 3353 a
3367 3301 3519 3357 nobis
3543 3318 3670 3373 pm.

391 3381 571 3451 scopis
608 3390 662 3435 et
686 3380 1019 3451 presbyteris
1045 3380 1133 3434 hic
1176 3380 1552 3441 residentibus,
1585 3380 1794 3435 libellus
1816 3396 1975 3449 quem

389 3487 502 3539 pne
548 3473 797 3525 manibus
830 3472 1033 3532 habeo,
1089 3486 1271 3523 coram
1314 3471 1467 3525 vobis
1502 3470 1727 3541 legatur,
1762 3472 1826 3525 de
1859 3470 1976 3525 Vita

385 3570 445 3614 et
470 3561 742 3616 miraculis
768 3560 1090 3616 venerabilis
1120 3559 1357 3616 Udalrici
1377 3602 1390 3625 ,
1422 3571 1621 3616 sancta:
1652 3563 1977 3634 Angustam:

390 3650 647 3705 Ecclesiae
691 3651 891 3704 dudum
958 3651 1228 3721 episcopi,
1280 3661 1335 3706 et
1384 3653 1513 3721 quid
1562 3652 1770 3707 libitum
1825 3654 1977 3710 vobis

388 3738 581 3805 fuerit,
598 3741 937 3796 decernatur.
964 3740 1098 3806 Quia
1130 3741 1363 3811 Spiritus
1389 3744 1561 3798 sancti
1594 3751 1822 3800 testatur
1839 3762 1976 3815 prte-

382 3832 561 3886 scntia
594 3840 651 3887 et
672 3834 1019 3903 congregatio
1045 3835 1408 3898 sacerdotum,
1443 3844 1651 3889 certum
1681 3851 1803 3892 esse
1831 3839 1975 3907 quod

387 3923 639 3994 legimus,
662 3925 786 3993 quia
817 3940 915 3980 nec
946 3934 1123 3993 potest
1166 3927 1363 3981 veritas
1394 3936 1577 3982 nostra
1620 3930 1858 3996 mentiri,
1885 3948 1976 3986 cu-

377 4014 473 4084 jus
503 4013 555 4067 in
589 4014 880 4085 Evangelia
915 4015 1017 4071 ista
1057 4024 1139 4070 est
1169 4018 1432 4071 sententia
1462 4035 1473 4069 :
1510 4015 1607 4070 Ubi
1636 4020 1742 4072 duo
1773 4020 1847 4073 vel
1872 4032 1973 4075 tres

385 4105 685 4173 congregati
713 4104 907 4173 fuerint
938 4106 991 4158 in
1025 4106 1233 4159 nontine
1275 4124 1417 4169 meo,
1451 4108 1522 4161 ibi
1557 4119 1604 4162 et
1644 4127 1736 4180 ego
1766 4128 1878 4165 sum
1922 4115 1973 4167 in

385 4196 557 4250 medio
586 4213 765 4251 eorum
814 4196 1031 4269 (Matth.
1085 4200 1260 4268 xviii).
1296 4200 1448 4267 Quod
1476 4217 1613 4273 cum
1652 4204 1723 4257 ita
1755 4206 1843 4270 sit,
1876 4221 1973 4261 nec

386 4286 515 4341 huic
558 4296 663 4342 tam
724 4286 874 4343 brevi
949 4304 1175 4343 numero
1224 4289 1460 4359 Spiritus
1510 4302 1730 4348 sanctus
1776 4295 1969 4362 deest,

377 4387 588 4450 quanto
615 4380 786 4451 magis
812 4396 935 4435 eum
967 4397 1106 4435 nunc
1138 4383 1401 4438 interesse
1425 4385 1731 4450 credamus,
1757 4391 1973 4456 quando

384 4470 441 4525 in
472 4486 637 4526 unum
665 4473 915 4528 convenit
942 4472 1095 4527 turba
1114 4483 1445 4541 sanctormn,
1468 4486 1711 4532 sanctum
1740 4494 1972 4550 namque

382 4572 470 4617 est
515 4578 613 4633 pro
652 4562 833 4618 debita
872 4563 1222 4618 veneratione
1268 4564 1575 4636 collegium.

454 4626 699 4723 (lemque
736 4652 971 4723 perlecta
1021 4662 1163 4708 esset
1198 4653 1315 4708 Vita
1361 4626 1601 4724 praedicti
1642 4659 1966 4715 sanctissimi
1994 4626 2047 4686 Β

379 4745 642 4816 episcopi,
670 4754 889 4800 ventum
936 4754 1022 4800 est
1068 4746 1135 4799 ad
1169 4746 1429 4801 miracula
1462 4763 1582 4817 qua:
1611 4750 1725 4805 sive
1758 4751 1810 4805 in
1841 4767 1965 4807 cor-

383 4853 537 4909 pore,
563 4838 677 4895 sive
703 4847 857 4894 extra
904 4852 1102 4907 corpus
1135 4848 1284 4907 gesta
1322 4849 1449 4894 sunt
1474 4858 1486 4893 :
1516 4840 1767 4898 videlicet
1795 4858 1969 4899 cmcos

382 4931 747 4994 illuminasse,
803 4930 1074 4988 daemones
1122 4931 1190 4985 ab
1218 4932 1457 4986 obsessis
1483 4935 1802 5002 corporibus
1830 4936 1967 4991 ellu-

348 5039 562 5094 gasse,
612 5022 938 5095 paralyticos
993 5037 1243 5087 curasse,
1298 5032 1352 5077 et
1415 5027 1813 5095 quamplurima
1864 5030 1965 5086 alia

380 5120 534 5190 signa
561 5119 814 5190 gessisse,
839 5131 957 5187 quae
982 5131 1319 5188 nequaquam
1348 5117 1558 5173 calamo
1580 5130 1636 5174 et
1659 5128 1967 5180 atramento

380 5208 643 5263 illustrata
688 5218 834 5265 sunt.

371 5350 375 5355 .
449 5300 580 5367 Quae
608 5300 792 5356 omnia
836 5298 1005 5369 lepida
1040 5304 1172 5358 satis
1210 5298 1517 5355 urbanitate
1542 5304 1781 5373 expolita
1814 5324 1967 5368 rene-

375 5395 575 5465 pimus.
605 5404 659 5451 et
680 5394 956 5451 communi
985 5397 1214 5455 consilio
1240 5394 1578 5452 decrevimus
1597 5438 1611 5462 ,
1641 5408 1963 5463 memoriam

375 5485 520 5520 ἰΙΙὶιια
651 5494 732 5520 nn!
768 5485 936 5520 cnnnli
990 5488 1221 5520 ILLJ-in:
1270 5490 1503 5520 nn:onnn:
1556 5490 1751 5520 nm.-.“
1782 5504 1860 5520 ..οι
1925 5505 1937 5518 ο

2082 3390 2321 3461 niulgato
2347 3392 2593 3446 consensi
2617 3402 2673 3446 et
2700 3392 3017 3461 subscripsi.

2150 3480 2388 3535 Joannes
2416 3482 2700 3552 episcopus
2727 3482 2783 3535 S.
2819 3483 3116 3552 Anagnina:
3148 3483 3290 3537 Eccl.
3323 3484 3595 3537 consensi.

2151 3572 2475 3628 Benedictus
2496 3573 2661 3643 episc.
2695 3573 2752 3628 S.
2778 3573 3123 3643 Pipcrnensis
3150 3574 3293 3629 Eccl.
3322 3577 3595 3630 consensi.

2150 3664 2460 3718 Dominicus
2481 3664 2646 3733 episc.
2682 3662 2737 3717 S.
2766 3664 3069 3718 Ferentina:
3114 3665 3365 3720 Ecclesia:
3391 3671 3662 3721 consensi.

2144 3754 2495 3811 Crescentius
2540 3755 2826 3824 episcopus
2852 3765 3052 3811 sancta:
3084 3755 3531 3812 Siue-Candida:
3560 3759 3665 3814 Ec-

2078 3846 2256 3902 clesi;c
2280 3846 2557 3902 consensi.

2146 3940 2354 3995 Anniso
2383 3940 2672 4009 episcopus
2709 3936 2767 3993 S.
2801 3937 3055 3994 Cerensis
3097 3939 3352 3995 Ecclesiae
3391 3944 3663 3999 consensi.

2146 4028 2848 4101 Bonizo.archipresbyter
2912 4039 2967 4084 et
3022 4030 3317 4086 cardinalis
3369 4030 3427 4086 S.
3490 4032 3668 4088 Lucae

2076 4122 2344 4177 consensi.

2149 4215 2474 4270 Benedictus
2523 4213 2806 4285 presbyter
2852 4223 2908 4268 et
2956 4213 3249 4269 cardinalis
3302 4214 3359 4268 S.
3403 4214 3665 4285 Stephani

2073 4305 2347 4362 consensi.

2146 4396 2256 4452 Leo
2279 4397 2562 4468 presbyter
2583 4404 2638 4451 et
2660 4396 2953 4451 cardinalis
2978 4396 3035 4452 S.
3071 4396 3228 4453 Nerei
3255 4400 3527 4454 consensi.

2141 4492 2380 4549 Joannes
2423 4492 2662 4562 presbyt.
2709 4500 2765 4547 et
2809 4490 3017 4545 cardiu.
3054 4492 3112 4544 S.
3142 4492 3360 4545 Damasi
3390 4492 3665 4546 consensi.

2147 4584 2257 4640 Leo
2280 4584 2565 4655 presbyter
2588 4594 2642 4637 et
2669 4581 2959 4637 cardinalis
2990 4580 3047 4635 S.
3077 4581 3215 4635 Sixti
3247 4582 3517 4636 consensi.

2141 4673 2379 4729 Joannes
2408 4673 2691 4743 presbyter
2727 4680 2785 4724 et
2814 4670 3109 4725 cardinalis
3141 4671 3241 4725 SS.
3273 4671 3663 4739 Apostolorum

2070 4765 2346 4820 consensi.

2141 4856 2381 4914 Joannes
2421 4856 2704 4928 presbyter
2728 4865 2787 4913 et
2820 4848 3116 4911 cardinalis
3158 4855 3258 4911 SS.
3290 4856 3532 4922 Quatuor
3561 4855 3666 4911 Co-

2074 4959 2388 5003 ronatorum
2413 4948 2685 5003 consensi.

2144 5039 2383 5096 Joannes
2410 5039 2593 5110 presb.
2620 5047 2675 5095 et
2698 5040 2852 5096 card.
2881 5037 2940 5093 S.
2960 5038 3256 5096 Clementis
3284 5038 3558 5095 consensi.

2145 5132 2491 5189 Crescentius
2519 5131 2700 5203 presb.
2730 5142 2785 5188 et
2812 5132 2962 5187 card.
2996 5133 3055 5187 S.
3087 5131 3278 5193 Calisti
3313 5129 3584 5188 consensi.

2146 5227 2469 5283 Benedictus
2495 5226 2937 5285 arclndiaconus.

2143 5319 2383 5374 Joannes
2412 5318 2674 5373 diaconus
2700 5329 2757 5376 et
2784 5316 3211 5379 oblationarius.

2145 5410 2466 5469 Benedictus
2486 5408 2771 5469 diaconus.
