4494 5520
826 425 927 479 847

2134 418 2414 474 JOANNIS
2451 418 2541 473 XV
2582 416 2782 472 ΡΛΡᾹΞ

3989 419 4093 476 868

830 537 1063 591 tilicatus
1096 534 1298 589 domini
1333 536 1501 589 nostri
1528 534 1752 589 Joannis
1782 530 2109 586 sanctissimi
2142 544 2292 600 papa:
2318 527 2409 581 XV
2439 536 2487 591 Α
2518 526 2651 579 licus
2680 526 2861 588 fuerit,
2913 524 3070 579 liccat
3100 524 3421 579 auctoritate
3456 533 3638 580 nostra
3663 525 3837 594 ipsum
3859 525 4089 581 electum

824 636 1046 694 octavo,
1076 636 1131 682 et
1157 626 1449 681 indictione
1481 634 1651 680 sexta.

1546 735 1683 791 XIII.

822 847 1036 889 JOASNIS
1075 847 1217 887 ΡΛΡᾸΞ
1255 847 1321 886 κν
1351 845 1691 886 ῐιῐιικίιεϐιωι
1732 842 1831 883 PRO
1872 839 2206 883 NONASTEBIO
2233 840 2412 879 BBEW-

1482 916 1761 955 NOWIENSI.

1436 992 1612 1063 (Anno
1649 990 1799 1059 995.)

824 1090 1001 1164 [Apud
1032 1086 1268 1153 Bocsek,
1298 1084 1862 1226 εοάρπρςὶιὲριίῗῖιὶῗιὲεω
1893 1082 2177 1146 Moratum,
2208 1090 2337 1136 tom.
2368 1078 2410 1143 l,

892 1274 1125 1331 Joannes
1175 1273 1458 1342 episcopus
1508 1284 1696 1325 servus
1734 1284 2013 1324 servorum
2054 1267 2167 1331 Dei,
2203 1266 2413 1322 dilectis

822 1367 949 1422 filiis
976 1365 1279 1419 ANASTASIO
1318 1361 1498 1416 abbati
1542 1368 1597 1415 et
1630 1360 1915 1413 conventui
1950 1357 2271 1412 venerabilis
2296 1372 2410 1410 mo-

822 1456 1045 1512 nasterii
1091 1462 1402 1509 sanctorum
1456 1449 1677 1514 Christi,
1728 1448 2023 1511 Benedicti,
2058 1446 2317 1501 Bonifacii
2360 1454 2415 1499 et

820 1545 994 1601 Alexii
1024 1545 1075 1598 in
1103 1542 1404 1607 Brevvnow,
1430 1540 1554 1606 sito,
1586 1538 1910 1594 charitatcm
1931 1545 1984 1591 et
2016 1535 2173 1591 fidem
2206 1550 2414 1606 pacem-

819 1652 924 1706 que
952 1644 1286 1706 perpetuam.

893 1726 1041 1782 Solet
1067 1726 1223 1782 sedes
1249 1724 1543 1796 apostolica
1567 1724 1670 1795 piis
1696 1721 1979 1778 desideriis
2003 1721 2298 1776 clementer
2319 1734 2412 1773 an-

820 1831 991 1872 nuere
1019 1826 1074 1871 et
1100 1816 1344 1870 honestis
1374 1816 1666 1885 petentium
1709 1813 1959 1883 precibus
1988 1812 2226 1867 favorem
2250 1813 2413 1865 bene-

2514 620 2798 675 cbaritatis
2823 617 2998 673 oﬂicio
3024 632 3366 680 consecrare,
3400 617 3641 671 sinson‘a:
3671 615 3922 685 scrupulo
3951 632 4090 685 quo-

2513 708 2646 763 libet
2684 709 2809 763 hinc
2855 709 2978 763 inde
3005 710 3217 777 penitus
3244 708 3481 763 excluso.
3520 705 3657 759 Nulli
3704 722 3831 776 ergo
3870 721 4092 760 oman

2513 797 2787 851 hominum
2832 797 2989 851 liceat
3018 799 3157 851 hanc
3201 798 3448 868 paginam
3480 804 3676 850 nostra:
3707 795 4090 859 concessionis,

2513 904 2606 943 seu
2636 889 3062 943 confirmationis
3091 889 3402 958 infringere,
3446 887 3526 942 vel
3564 889 3612 942 ei
3641 903 3773 942 ausu
3807 889 4094 942 temerario

2514 980 2801 1033 contraire.
2853 979 2909 1033 Si
2952 980 3072 1048 quis
3102 991 3279 1033 autem
3313 980 3413 1034 hoc
3442 988 3710 1034 attentare
3742 992 4096 1049 praasumpse-

2514 1069 2604 1132 rit,
2647 1070 3069 1140 indignationem
3123 1070 3508 1140 omnipotentis
3558 1069 3675 1134 Dei,
3715 1080 3769 1123 et
3814 1068 4094 1123 beatorum

2512 1158 2657 1213 Petri
2685 1170 2737 1214 et
2769 1160 2917 1213 Pauli
2949 1161 3313 1230 apostolorum
3360 1160 3477 1229 ejus
3520 1175 3578 1213 se
3609 1160 3817 1213 noverit
3850 1160 4095 1213 incursu-

2514 1268 2655 1318 rutn,
2698 1263 2860 1323 atque
2908 1270 3029 1309 cum
3069 1252 3201 1309 Juda
3252 1254 3341 1323 qui
3385 1270 3677 1323 suspensus
3724 1254 3932 1309 medius
3976 1269 4093 1308 cre-

2513 1342 2629 1411 puit
2667 1344 2764 1412 (ti),
2797 1354 2850 1397 et
2886 1359 3005 1398 cum
3043 1346 3292 1398 omnibus
3325 1344 3566 1413 reprobis
3607 1353 3821 1399 aeternae
3870 1345 4094 1399 damna-

2516 1434 2645 1486 tioni
2681 1446 2942 1502 perpetuo
2970 1434 3269 1499 suhjacere.

2584 1522 2684 1589 Qui
2717 1539 2845 1578 vero
2870 1526 3221 1578 custodiet-int
3256 1533 3309 1578 et
3331 1524 3620 1580 observare
3645 1525 3931 1587 voluerint,
3977 1538 4095 1592 qua:

2512 1617 2787 1685 pra-missa
2816 1628 2869 1672 et
2888 1619 3191 1687 conscripta
3216 1621 3263 1672 iu
3289 1621 3539 1688 praesenti
3566 1620 4001 1689 suntprivilegio,
4027 1620 4097 1672 vi-

2516 1718 2620 1761 tam
2661 1709 2915 1777 consequi
2942 1720 3249 1763 mereantur
3274 1719 3551 1763 teter-nam.
3584 1710 3727 1765 Bene
3750 1711 3940 1765 valete.

2584 1799 2853 1869 Scriptum
2902 1815 2996 1869 per
3039 1816 3256 1854 manum
3285 1799 3542 1869 Stephani
3586 1801 3858 1856 scriniarii
3899 1810 4099 1856 sancta:

818 1909 998 1964 volum
1052 1906 1338 1977 impertiri.
1371 1904 1502 1960 Cum
1545 1906 1707 1975 igitur
1739 1904 2125 1958 n.0nastcrium
2168 1912 2409 1958 vestrum
2444 1902 2486 1961 B
2515 1889 2593 1944 “0

1291 1906 1338 1960 'i.
1371 1904 1502 1960 Cum
1545 1906 1707 1975 igitur
1739 1904 2125 1958 n.0nastcrium
2168 1912 2409 1958 vestrum
2444 1902 2486 1961 B
2515 1889 2769 1944 ιῖυιηδιλω
2797 1891 3066 1945 EQUUS“?-

821 2001 874 2054 in
904 2001 1102 2055 ducatu
1135 1997 1402 2053 Boltetnite
1434 1996 1669 2067 primunt
1715 2002 1768 2049 cl.
1798 1994 2003 2049 novella
2034 1994 2103 2047 sit
2130 1992 2411 2064 plantatio,

819 2092 962 2147 sicut
1006 2088 1302 2145 venerabili
1362 2087 1526 2141 fratre
1571 2095 1756 2140 nostro
1805 2084 2117 2145 Adalberto,
2158 2082 2414 2149 Pragensi

818 2185 1095 2255 episcopo,
1128 2183 1409 2236 fundatore
1439 2178 1677 2249 ejusdem
1710 2175 1997 2241 referente,
2030 2174 2413 2237 intelleximus,

818 2285 875 2330 et
912 2275 1129 2345 dignum
1177 2274 1394 2338 existat,
1437 2280 1494 2326 ut
1527 2269 1667 2325 idem
1712 2268 2121 2332 monasterium,
2166 2267 2309 2337 quod
2360 2266 2412 2320 in

821 2362 1209 2435 temporalibus
1244 2370 1299 2417 et
1342 2362 1397 2415 in
1440 2356 1811 2430 spiritualibns
1854 2371 1951 2425 per
1979 2355 2074 2409 Dei
2108 2356 2414 2411 misericor-

818 2455 943 2511 dem
967 2452 1359 2525 providentiam
1395 2450 1507 2521 jam
1551 2463 1617 2503 ex
1661 2456 1812 2518 parte
1840 2446 2032 2501 florere
2072 2445 2289 2511 dicitur,
2321 2460 2418 2514 per

819 2546 1006 2601 sedem
1052 2542 1402 2616 apostolicam
1446 2544 1774 2607 bonoretnr;
1824 2540 1990 2611 ipsius
2019 2540 2198 2596 dilecti
2229 2539 2416 2596 fratris

824 2637 997 2692 nostri
1017 2635 1297 2691 Adalberti
1336 2634 1625 2703 Pragensis
1644 2632 1879 2705 episcopi
1903 2632 2151 2703 precibus
2175 2632 2416 2687 inclinati

819 2729 994 2795 vobis,
1026 2736 1085 2782 ut
1111 2726 1284 2792 ιιινήιί
1315 2724 1481 2780 abbas
1504 2733 1557 2779 et
1582 2724 1695 2791 alii,
1726 2725 1815 2794 qui
1847 2739 1945 2793 pro
1975 2731 2218 2791 tempore
2241 2723 2416 2777 eidem

818 2818 1152 2875 monasterio
1175 2815 1508 2888 praefuerint,
1540 2815 1721 2881 mitra,
1764 2814 2112 2878 cbirothecis,
2138 2812 2413 2879 sandaliis,

818 2909 1059 2980 mapilla,
1095 2908 1420 2976 baltheoque
1455 2906 1531 2960 uti
1570 2904 1792 2975 possitis
1829 2902 2155 2957 auctoritate
2181 2917 2416 2972 prresen-

821 3004 955 3057 tium
994 2999 1353 3071 indulgemus.
1401 2998 1465 3052 Et
1491 3006 1549 3051 ut
1579 2994 1817 3051 Ecclesia
1851 3004 2029 3049 vestra
2071 2993 2284 3064 dignior
2322 3007 2416 3047 seu

820 3093 993 3164 major
1018 3091 1140 3145 aliis
1174 3088 1522 3145 monasteriis
1564 3088 1845 3150 habeatur,
1880 3085 2223 3140 decernimus
2244 3084 2415 3152 ipsam

820 3194 983 3256 caput
1014 3196 1134 3238 esse
1162 3191 1214 3236 et
1246 3180 1556 3248 magistram
1590 3179 1643 3232 in
1680 3178 2020 3233 correctione
2061 3191 2124 3229 ac
2156 3175 2417 3229 reforma-

2588 1982 2780 2035 Datttm
2814 1980 2966 2035 Beati
3010 1997 3105 2051 per
3133 1997 3351 2036 manum
3387 1982 3647 2036 Dominici
3672 1981 3907 2052 episcopi
3941 1979 4097 2035 Sabi-

2517 2072 2719 2137 nensis,
2762 2086 2799 2124 tt
2845 2071 2959 2124 Kal.
3011 2072 3179 2137 Junii,
3228 2073 3519 2127 indictione
3561 2088 3680 2135 vui,
3712 2072 4101 2126 Incarnationis

2519 2164 2811 2218 Dominicae
2829 2180 2968 2217 anno
2988 2164 3111 2229 995,
3132 2164 3476 2234 pontificatus
3500 2166 3689 2228 nostri,
3720 2164 3825 2219 Deo
3847 2165 4099 2234 propitio,

2516 2269 2657 2307 anno
2690 2253 2743 2318 8,
2771 2268 2953 2309 mense
2980 2255 3032 2310 8.

3238 2370 3381 2425 XIV.

2517 2476 2771 2516 EPISTOLA
2826 2478 2891 2515 AD
2948 2476 3293 2518 GBIIIOALDUII
3356 2476 3805 2517 ARCIIIEPISCOPUM
3854 2476 4102 2517 SALEBNI-

3220 2549 3421 2589 τΑΝωι.

3119 2626 3296 2696 (Alttm
3342 2624 3491 2695 994.)

2518 2736 2681 2792 Illum
2710 2738 2870 2807 pallio
2900 2739 3060 2792 donat
3100 2748 3146 2791 et
3196 2736 3425 2793 l’wslani
3465 2737 3834 2803 Aclieronlini,
3881 2737 4100 2801 Nolani,

2592 2808 2994 2874 Bisinianensis,
3036 2808 3464 2875 Malullancusis,
3513 2807 3814 2863 Consentini
3844 2811 4107 2879 episcopa-

2592 2888 2739 2931 tuuut
2773 2878 3157 2949 ntelroliolitam
3191 2879 3381 2931 sancit.

2553 2990 2731 3064 [Apud
2774 2991 3005 3063 Ughelli,
3045 2991 3207 3046 Italia
3242 3010 3416 3058 sacra,
3461 3002 3592 3048 tom.
3625 2992 3738 3059 VII,
3780 2992 3883 3048 col.
3919 2992 4068 3064 378.]

2590 3086 2823 3141 Joasass
2848 3088 3158 3155 episcopus,
3190 3101 3379 3141 servus
3412 3102 3691 3141 servorum
3720 3087 3836 3151 Dei,
3865 3086 4104 3140 dilectis-

2522 3175 2660 3230 siuto
2689 3176 2843 3231 nobis
2871 3175 3049 3240 fratri,
3078 3176 3383 3245 meritoque
3424 3179 3725 3233 honorabili
3766 3177 4105 3242 GBIMOALDO,

821 3278 967 3330 tione
992 3271 1257 3344 regularis
1288 3269 1586 3339 disciplinze
1613 3283 1778 3337 super
1802 3267 1984 3321 omnia
2008 3265 2242 3321 claustra
2269 3265 2417 3319 ordi-
2446 3287 2490 3348 ρ
2524 3269 2876 3324 Salernitanm
2902 3267 3047 3321 sedis
3074 3268 3502 3337 archiepiscOpo.

821 3367 907 3420 nis
938 3364 1108 3418 sancti
1137 3359 1411 3415 Benedicti
1434 3359 1659 3428 posthac
1684 3358 1734 3411 in
1755 3356 2009 3410 Bohemia
2030 3354 2414 3419 construenda,

820 3456 1165 3527 primumque
1212 3452 1388 3506 locum
1435 3460 1557 3519 post
1592 3448 1919 3520 Pragensem
1956 3447 2266 3517 episcopum
2320 3445 2414 3499 tibi

825 3546 1120 3603 Anastasio
1168 3542 1374 3606 abbati,
1434 3540 1645 3611 tuisque
1700 3537 2103 3593 successoribus
2158 3535 2417 3591 canonice

826 3635 1246 3694 succedentibus
1268 3648 1431 3703 super
1444 3645 1633 3687 omnes
1649 3637 1703 3683 et
1724 3630 1777 3683 in
1796 3627 2047 3685 omnibus
2070 3627 2416 3683 concedimus

824 3730 1047 3786 habere.
1070 3727 1153 3783 Ad
1180 3727 1293 3781 hmo
1329 3722 1721 3779 monasterium
1754 3730 1992 3776 vestrum
2022 3720 2120 3775 sub
2151 3719 2291 3777 beati
2322 3718 2418 3772 Pe-

824 3822 897 3877 tri
934 3829 988 3875 et
1032 3828 1217 3873 nostra
1268 3813 1607 3885 protectione
1643 3820 1905 3881 ponentes
1940 3824 2131 3865 omnes
2159 3809 2416 3863 ecclesias

823 3921 1055 3975 vestras,
1088 3908 1265 3973 villas,
1290 3920 1470 3977 agros,
1509 3903 1702 3967 silvas,
1736 3916 1923 3966 casas,
1955 3914 2141 3955 servos
2168 3907 2222 3953 et
2249 3898 2417 3952 ancil-

826 4006 930 4071 las,
972 4003 1212 4059 decimas
1252 4014 1468 4070 quoque
1513 3994 1914 4067 provinciarum
1948 3991 2413 4057 Lutomiricensis,

826 4094 1151 4158 Belinensis,
1192 4089 1643 4153 Bechincnsis,et
1668 4086 1910 4141 omnium
1953 4083 2231 4139 hominum
2277 4082 2417 4153 ejus.

828 4190 949 4244 dem
972 4183 1285 4243 monasterii
1309 4198 1338 4236 a
1367 4188 1666 4236 memorato
1691 4180 1857 4233 fratre
1887 4186 2073 4232 nostro
2100 4176 2412 4241 Adalbcrto,

829 4283 1082 4353 episcopo
1110 4276 1390 4348 Pragensi,
1424 4272 1580 4343 cujus
1610 4286 1795 4327 amore
1827 4271 1942 4325 haec
1970 4268 2277 4332 scribimus,
2306 4282 2416 4320 mo-

830 4371 1065 4427 nasterio
1096 4376 1273 4424 vestro
1313 4362 1709 4419 rationabiliter
1727 4359 1970 4421 collatas.
2004 4368 2112 4413 tam
2147 4358 2199 4411 in
2225 4356 2414 4410 veteri-

830 4466 930 4521 lius
953 4461 1133 4526 cultis,
1161 4474 1324 4530 quam
1367 4458 1418 4512 in
1446 4454 1728 4511 novalibus
1770 4452 1823 4506 in
1862 4460 2138 4522 posterum
2168 4448 2419 4503 excolen-

829 4557 934 4621 dis,
966 4553 1119 4610 vobis
1141 4562 1195 4607 et
1222 4552 1326 4613 his,
1361 4548 1451 4619 qui
1490 4546 1641 4602 vobis
1672 4544 2051 4607 successerint,
2097 4541 2417 4596 auctoritate

2592 3360 2726 3426 Quia
2761 3360 2926 3414 vestri
2954 3360 3157 3429 accepti
3196 3360 3442 3413 beneficii
3477 3375 3745 3416 memores
3779 3375 3897 3416 esse
3940 3360 4108 3415 debe-

2520 3467 2662 3515 mus,
2691 3460 2745 3506 et
2792 3450 3151 3505 reverentiam
3201 3449 3556 3505 fralcrnitatis
3586 3459 3779 3505 vestra:
3809 3465 3936 3520 erga
3983 3465 4105 3515 nos,

2519 3554 2573 3600 et
2604 3543 2661 3598 S.
2696 3542 2994 3597 Romanam
3022 3550 3076 3596 et
3114 3540 3462 3610 apostolicam
3492 3541 3813 3606 Ecclesiam,
3836 3541 4108 3612 praecipue

2520 3636 2844 3691 exuberasse
2904 3633 3274 3703 cognovimus,
3327 3633 3552 3702 ideoqtte
3612 3633 3803 3688 merito
3850 3649 3913 3687 ac
3957 3633 4107 3702 juste

2520 3724 3075 3796 recompensationem
3116 3724 3401 3778 cbaritatis
3428 3732 3620 3777 vestrae
3664 3724 3987 3793 respondere
4015 3740 4110 3778 vo-

2520 3820 2607 3875 bis
2665 3816 2976 3880 statuimus,
3032 3824 3297 3885 quatenus
3353 3815 3555 3883 liqueat
3602 3816 3852 3871 onmibus
3902 3816 4103 3870 Christi

2523 3907 2768 3963 fidelibus
2818 3908 3079 3961 immenso
3138 3907 3344 3960 honore
3400 3907 3776 3961 honorandum
3820 3906 3965 3971 fore,
4016 3908 4109 3977 qni

2518 4002 2780 4056 vicarium
2814 4000 2872 4052 B.
2920 3999 3063 4054 Petri
3103 3998 3473 4068 apostolorum
3515 3998 3776 4068 principis
3825 3998 4112 4069 diligenter

2521 4092 2885 4148 honoraverit.
2909 4090 3191 4145 Consensu
3239 4106 3303 4145 ac
3341 4090 3619 4146 voluntate
3650 4102 3957 4146 nostrorum
3999 4091 4109 4146 fra-

2523 4193 2663 4237 trum
2704 4182 3071 4245 concedimus,
3102 4189 3156 4234 ct
3200 4179 3588 4235 confirmamus
3639 4190 3690 4236 te
3737 4179 4107 4236 Grimoaldum

2521 4269 2851 4326 confratrem
2894 4278 3139 4323 nostrum
3171 4268 3223 4321 in
3254 4268 3444 4323 ordine
3472 4269 3985 4338 archiepiscopatus,
4030 4272 4101 4323 si-

2522 4366 2629 4420 cuti
2689 4363 2959 4433 quondam
3007 4364 3225 4426 Amato,
3274 4361 3360 4415 cui
3418 4361 3669 4431 primitus
3723 4370 3916 4416 vestrae
3967 4362 4109 4417 sedis

2522 4457 3016 4527 archiepiscopatus
3044 4454 3420 4509 Salernitanus
3444 4469 3473 4507 a
3507 4462 3691 4509 nostra
3730 4455 3858 4511 sede
3897 4466 4110 4511 nostro-

2524 4566 2641 4605 rum
2670 4548 2984 4620 pontificum
3021 4546 3253 4601 donatus
3283 4543 3417 4610 fuit;
3452 4546 3525 4599 ita
3559 4560 3654 4602 vos
3690 4556 3879 4602 nostra
3916 4557 4106 4603 aucto-

832 4646 1126 4721 apostolica
1168 4642 1575 4699 confirmamus.
1611 4637 1885 4691 Pneterea
1934 4634 2181 4687 volumus
2220 4640 2273 4686 et
2321 4645 2419 4699 pro
2448 4662 2496 4722 Β
2524 4643 2607 4696 ru;

2333 4646 2419 4698 ί)Γο
2448 4662 2496 4722 D
2524 4643 2685 4697 ritate
2716 4641 2897 4711 quiete
2926 4639 3147 4694 veleatis
3192 4638 3469 4708 possidere
3498 4654 3561 4694 ac
3589 4638 3897 4709 vigilantius
3934 4650 4108 4695 casto.

832 4740 1014 4795 divino
1044 4750 1230 4791 amore
1263 4732 1495 4788 firmiter
1522 4728 1889 4800 prmeipimus,
1923 4734 1981 4778 ut
2007 4724 2134 4786 dux,
2174 4722 2418 4793 quisquis

830 4830 1013 4895 fuerit,
1052 4829 1224 4899 ipsum
1261 4832 1510 4881 sanctum
1540 4818 1928 4876 monasterium
1957 4826 2272 4887 patremque
2300 4830 2417 4868 nio-

830 4921 1054 4983 nasterii
1083 4934 1204 4975 eum
1229 4917 1481 4974 omnibus
1506 4914 1572 4969 ad
1600 4910 1726 4967 illud
1756 4908 2151 4981 pertinentibus
2172 4918 2227 4963 et
2257 4906 2419 4961 Iiber-

834 5028 977 5073 tates
1016 5032 1046 5071 a
1094 5012 1260 5069 nobili
1300 5012 1435 5067 duce
1478 5005 1741 5071 Boleslao,
1788 5005 1905 5060 viro
1933 5002 2219 5063 catholico,
2246 5000 2421 5055 eidem

832 5108 1133 5166 liberaliter
1166 5103 1435 5168 indultas,
1472 5102 1545 5155 ita
1572 5097 1862 5162 custodiat,
1908 5096 2125 5165 diligat,
2154 5109 2314 5149 manu
2345 5103 2422 5147 te-

834 5211 992 5266 neat,
1024 5210 1081 5254 ttt
1112 5196 1397 5269 prmsentis
1426 5193 1551 5247 vitre
1590 5189 2004 5260 prosperitatcm
2035 5186 2303 5241 desideret
2323 5223 2339 5247 ,
2372 5192 2425 5238 ct

836 5296 889 5348 in
940 5291 1122 5347 futuro
1183 5288 1311 5344 velit
1362 5302 1391 5340 a
1452 5282 1842 5354 benignissimo
1888 5280 2178 5334 Conditore
2238 5286 2423 5331 nostro

833 5399 1051 5444 :eternre
1077 5380 1425 5441 beatitudinis
1456 5378 1703 5431 hravium
1747 5374 2015 5443 accipere.
2060 5371 2187 5426 Post
2215 5372 2421 5426 obitum

834 5494 966 5520 vm-n
1016 5474 1227 5520 nlilmlis
1275 5486 1435 5520 nemo
1480 5468 1676 5520 ibidem
1723 5464 1973 5520 abbatem
2010 5461 2277 5520 instituat.
2322 5460 2424 5514 nisi

2522 4736 2658 4791 dire.
2694 4734 2808 4789 Tali
2849 4746 3083 4802 namque
3122 4733 3333 4797 ordine,
3391 4741 3449 4787 ut
3486 4732 3579 4787 fati
3632 4748 3838 4798 smnus,
3890 4733 3943 4788 id
3991 4735 4109 4788 fieri

2524 4827 2885 4891 decrevimus,
2918 4834 2974 4879 ut
3003 4834 3081 4891 tu,
3111 4834 3166 4879 et
3209 4840 3553 4881 successores
3589 4827 3664 4881 tui
3704 4826 3757 4881 in
3788 4836 4109 4896 perpetuum

2526 4916 2772 4973 habeatis
2799 4914 3091 4979 licentiam,
3132 4924 3189 4970 et
3225 4924 3549 4985 potestatem
3576 4914 3865 4970 ordinandi
3892 4916 4106 4985 episco-

2528 5025 2646 5080 pos,
2674 5018 2730 5063 et
2752 5006 3105 5063 consecrandi
3137 5006 3189 5060 in
3220 5006 3306 5060 his
3350 5006 3605 5076 subjectis
3634 5006 3785 5061 vobis
3816 5005 3971 5070 locis,
4008 5007 4111 5060 hoc

2526 5112 2608 5158 est
2650 5101 2967 5156 Pestanensi
3003 5100 3169 5169 episc.
3224 5114 3345 5155 cum
3382 5100 3655 5169 parochiis
3696 5108 3752 5155 et
3792 5099 4113 5168 adjacentiis

2527 5193 2661 5257 suis,
2694 5207 2900 5246 necnon
2938 5192 3108 5260 episc.
3156 5191 3611 5257 Acberuntinum,
3656 5190 3816 5247 simul
3863 5191 4024 5247 etiam
4054 5201 4113 5247 et

2528 5286 2693 5355 episc.
2730 5284 3015 5348 Nolanum,
3048 5292 3103 5339 et
3128 5284 3296 5354 episc.
3326 5283 3776 5349 Bisinianensem,
3808 5297 3861 5340 et
3900 5285 4112 5355 episco-

2529 5386 2713 5447 patum
2763 5374 3231 5441 Maluttanensem,
3262 5384 3423 5445 atque
3454 5378 3818 5446 episcopatum
3845 5374 4111 5431 Cuseatfa:

2529 5483 2652 5520 cum
2680 5466 2932 5520 omnibus
2961 5467 3231 5520 oarochiis
3273 5476 3327 5520 et
3368 5466 3684 5520 adiacentiis
3711 5480 3921 5520 eorum.
3950 5464 4108 5520 sicuti
