4494 5520
436 372 541 432 849

1605 373 1962 430 EPISTULA;
2003 374 2089 428 ET
2126 370 2531 427 PRIVILEGIA.

3586 358 3689 414 850

437 486 560 542 stoli
590 486 1021 556 etevangelistte,
1055 485 1209 554 cujus
1236 486 1660 541 sacratissimum
1689 502 1883 554 corpus
1902 500 2015 553 pos-
2046 489 2091 545 Α
2121 482 2231 537 l‘ato
2294 481 2621 536 monasterio
2676 481 2931 534 ditionem
2990 476 3282 547 quamlibet
3343 473 3546 527 habere
3608 472 3689 525 vel

436 578 643 639 sidetis,
668 588 830 646 atque
856 577 1005 631 vobis
1032 578 1334 647 vestrisque
1365 576 1770 631 successoribus
1791 589 2009 628 conces-

435 684 551 723 sum
582 678 682 723 est.
717 668 843 723 Post
870 668 1169 723 discessum
1193 668 1457 737 siquidem
1491 676 1639 720 tuum
1668 678 2012 721 successuros

437 758 510 811 tui
535 759 852 826 perveniant
882 758 948 812 ad
980 757 1328 829 apostolicam
1366 757 1569 819 sedem,
1603 764 1658 809 et
1689 770 1841 809 usum
1867 753 2008 822 pallii

435 846 1005 916 consecratiouenique
1031 845 1373 902 decretalitcr
1399 845 1716 913 suscipiant,
1746 852 1798 899 et
1818 844 1860 896 si
1892 856 2011 896 suc-

434 951 677 991 cessores
707 938 873 992 nostri
901 953 1222 993 consecrare
1254 937 1543 1001 noluerint,
1585 936 1796 991 licentia
1826 936 1894 989 sit
1919 948 2008 987 \e-

434 1038 560 1082 strce
579 1039 776 1083 sanctee
791 1029 1034 1084 ecclesia:
1060 1031 1127 1085 ab
1147 1030 1414 1100 episcopis
1436 1030 1636 1085 nostris
1660 1026 2013 1097 sullraganeis

434 1118 764 1181 consecrari,
793 1128 848 1172 ct
882 1134 987 1173 non
1030 1119 1261 1174 habeant
1307 1128 1631 1189 potestatem
1671 1132 2013 1171 successores

433 1208 601 1261 nostri
621 1207 671 1261 in
690 1208 897 1263 cunctis
915 1210 1106 1264 vestris
1121 1209 1539 1279 episcopatibus,
1558 1223 1693 1277 quos
1707 1207 1857 1261 vobis
1883 1206 2011 1259 sub-

427 1297 695 1365 iecerunt,
735 1297 989 1369 deinceps
1020 1300 1070 1352 in
1101 1310 1419 1369 perpetuum
1448 1299 1679 1369 aliquem
1703 1298 2011 1367 episcopum

433 1403 775 1457 consecrare,
805 1392 945 1460 quod
965 1391 1078 1461 jam
1112 1391 1264 1445 vobis
1293 1405 1611 1444 concessum
1642 1398 1743 1443 cst.
1778 1388 2013 1454 Quicun-

432 1495 539 1548 que
562 1490 739 1534 autem
771 1482 908 1536 hanc
937 1492 1136 1536 nostrae
1181 1483 1586 1536 concessionem
1632 1478 2009 1550 prmceptiouis

430 1572 634 1625 violare
664 1575 1086 1643 praisumpserit,
1118 1584 1376 1644 perpetuo
1406 1573 1764 1627 anathematis
1801 1571 2015 1624 vinculo

433 1664 707 1734 religetur,
752 1676 805 1720 et
848 1668 961 1721 haec
1008 1677 1189 1723 nostra
1216 1668 1493 1723 concessio
1538 1666 1748 1721 srabilis
1775 1674 1827 1720 et
1861 1667 2013 1717 lirma

431 1754 485 1810 iu
521 1766 839 1827 perpetuum
872 1768 1107 1815 maneat.
1158 1759 1371 1829 Scripta
1422 1775 1518 1828 per
1555 1773 1745 1811 manus
1792 1755 2015 1809 Benedi-

2113 576 2488 630 auctoritatem
2518 582 2711 642 praeter
2739 572 2918 627 sedem
2948 570 3295 640 apostolicam
3320 567 3690 636 prohibemus.

2114 669 2185 721 ita
2222 677 2278 722 ut
2304 667 2406 721 nisi
2433 667 2500 719 ab
2530 667 2724 720 abbate
2757 664 3066 719 monasterii
3094 664 3205 732 jam
3237 660 3494 729 nominati
3528 657 3692 711 fuerit

2114 758 2368 812 invitatus
2396 773 2569 826 neque
2598 756 2882 811 missarum
2913 753 3172 810 solemnia
3202 752 3395 819 aliquis
3419 749 3695 803 celebrare

2113 860 2403 922 praesumat
2449 850 2779 913 omnimodo,
2828 857 2886 902 ut
2933 845 3176 916 profecto
3218 844 3369 915 juxta
3428 843 3478 896 id
3546 839 3690 911 quod

2114 940 2410 1009 subjectum
2459 940 2764 1009 apostolicae
2813 936 2925 992 sedi
2972 936 3225 989 lirmitate
3273 931 3534 1002 privilegii
3566 946 3697 984 cou-

2112 1036 2256 1088 sistit
2286 1035 2605 1089 inconcusse
2632 1032 2776 1087 omni
2809 1041 3049 1099 tempore
3076 1030 3317 1083 dolatum
3356 1033 3691 1094 permaneat,

2116 1126 2246 1180 locis
2266 1135 2319 1180 et
2346 1126 2504 1180 rebus
2528 1124 2904 1179 univcrsaliter
2928 1130 3034 1175 tam
3067 1122 3147 1174 eis
3176 1133 3294 1189 qua:
3322 1132 3351 1171 a
3387 1115 3697 1185 primordiis

2116 1217 2215 1271 sibi
2244 1217 2521 1270 vindicare
2554 1215 2714 1270 debet
2743 1214 2825 1269 vel
2864 1229 2983 1283 quae
3012 1212 3267 1266 moderno
3293 1219 3531 1278 tempore
3557 1216 3699 1260 tenet

2116 1316 2168 1359 et
2204 1306 2439 1375 possidet
2468 1320 2628 1374 quam
2681 1313 2736 1358 et
2776 1305 2855 1358 eis
2885 1320 3003 1372 qua:
3038 1300 3231 1354 futuris
3282 1296 3613 1364 temporibus
3646 1295 3699 1348 in

2109 1396 2199 1464 jus
2228 1397 2392 1465 ipsius
2422 1398 2560 1450 sacri
2588 1395 2899 1449 monasterii
2930 1392 3106 1446 divina
3134 1388 3467 1460 providentia
3499 1398 3697 1453 augere

2116 1504 2179 1543 ev
2231 1488 2391 1541 donis
2435 1499 2489 1541 et
2533 1486 2897 1541 oblationibus
2951 1483 3281 1550 decimisque
3333 1478 3698 1548 quorumlibet

2117 1579 2317 1634 Christi
2349 1578 2582 1632 ﬁdelium
2606 1574 2857 1637 voluerit,
2883 1574 3085 1643 absque
3110 1572 3268 1625 ullius
3293 1582 3538 1638 persona:
3568 1580 3697 1619 cou-

2120 1670 2441 1725 tradictioue
2469 1669 2721 1723 ﬁrmitate
2755 1676 3014 1737 perpetua
3065 1662 3375 1733 perfruatur
3401 1678 3412 1712 :
3442 1670 3496 1715 et
3527 1658 3696 1712 isdem

2118 1762 2401 1817 Fuldensis
2430 1760 2597 1815 abbas
2640 1768 2765 1812 ante
2808 1758 2942 1810 alios
2973 1754 3195 1809 ahbatcs
3225 1752 3410 1807 Gallia:
3439 1765 3530 1804 seu
3563 1746 3700 1802 Ger-

431 1849 501 1903 ειί
546 1850 739 1904 "Marii
778 1861 831 1905 ει
873 1853 1139 1907 Scrilliﬂl‘ii
1186 1865 1385 1907 saIIClm
1434 1852 1690 1905 Romam:
1735 1848 2007 1912 Εεειθεῖίε,
2044 1847 2085 1907 Β
2117 1855 2308 1909 mania:
2336 1853 2625 1923 primatum
2654 1849 2870 1905 sedendi
2906 1850 2955 1901 in
2988 1846 3131 1901 omni
3161 1844 3279 1899 loco
3317 1852 3694 1908 conventuque

434 1952 619 1993 mense
644 1938 842 2005 Martii,
872 1942 979 1995 ind.
1012 1959 1106 1997 vn.
1140 1943 1284 1997 Bene
1317 1943 1507 1996 valete.

504 2031 697 2085 Datum
728 2042 921 2087 octavo
974 2034 1092 2087 Kal.
1148 2034 1320 2105 April.
1367 2049 1462 2102 per
1509 2048 1725 2085 manum
1768 2029 2016 2101 Gregorii

436 2122 675 2192 episcopi
697 2121 753 2177 S.
787 2123 1103 2181 Portueusis
1146 2126 1416 2189 Ecclesiie,
1450 2136 1504 2179 et
1529 2124 1925 2178 bibliotliecarii
1955 2122 2011 2177 S.

434 2212 579 2266 sedis
623 2215 960 2283 apostolica},
1012 2232 1176 2282 anno,
1226 2218 1331 2272 Deo
1363 2216 1616 2287 propitio,
1672 2214 2017 2283 pontiﬁcatus

435 2301 497 2355 D.
526 2300 754 2359 Joannis
787 2304 879 2358 XV
906 2321 1057 2376 papa:
1082 2307 1133 2373 8,
1158 2321 1341 2361 mense
1370 2306 1580 2373 Martio,
1606 2306 1715 2361 iud.
1748 2321 1837 2359 vn.

1163 2421 1281 2476 XV.

512 2508 733 2566 JOANNIS
771 2527 917 2565 PAP£
958 2526 1025 2566 ιν
1062 2527 1405 2569 ρηινιιεοιωι
1445 2528 1545 2567 PRO
1583 2527 1919 2568 NONASTERIO

1085 2599 1361 2639 FULDENSI.

1057 2674 1231 2745 (Anno
1252 2674 1402 2745 995.)

610 2761 872 2833 [Dronke,
899 2762 1029 2818 Cod.
1061 2754 1277 2835 diplom;
1312 2762 1497 2830 Fuld.,
1541 2779 1660 2835 pag.
1687 2763 1840 2836 3159.]

504 2851 735 2911 Jomxss
780 2856 1084 2927 episcopus,
1117 2872 1305 2912 servus
1354 2872 1633 2913 servorum
1665 2857 1782 2922 Dei,
1814 2856 2019 2910 charis-

434 2945 571 2998 simo
605 2945 758 3000 nobis
806 2946 859 2999 in
911 2946 1126 3001 Christo
1182 2946 1292 3001 ﬁlio
1327 2947 1560 3011 Anom,
1609 2944 1841 3000 emnobii
1874 2945 2017 2999 sacri

434 3033 716 3089 Ftrldensis
747 3034 1150 3106 religiosissime
1178 3044 1232 3090 et
1257 3052 1287 3090 a
1315 3036 1470 3090 nobis
1497 3043 1811 3089 consecrato
1836 3032 2019 3087 abbati

432 3134 487 3179 et
520 3142 616 3196 per
643 3142 737 3182 vos
753 3127 964 3183 cunctis
985 3128 1267 3183 abbatibus
1291 3128 1801 3196 successoribusque
1823 3125 2019 3181 vestris

432 3215 485 3268 in
517 3215 671 3271 laude
722 3226 777 3272 et
825 3218 916 3273 Dei
957 3217 1179 3273 servitio
1231 3218 1427 3274 ibidem
1477 3217 1915 3289 permanentibus
1960 3217 2013 3271 in

430 3316 765 3378 perpetuum.

504 3397 837 3453 Desiderium
864 3398 1008 3469 quod
1036 3398 1103 3453 ad
1133 3400 1463 3471 propositum
1494 3409 1697 3456 sancta:
1736 3398 2011 3467 religionis

429 3499 847 3561 sanctorumque
893 3493 1131 3548 locorum
1176 3493 1524 3551 stabilitatem
1564 3493 1835 3565 pertinere
1863 3507 2013 3547 mon-

428 3588 652 3643 stratur,
684 3580 801 3634 sine
834 3580 1013 3651 aliqua
1065 3583 1490 3638 contradictione
1530 3593 1612 3639 est
1652 3584 1762 3637 Deo
1790 3592 2012 3637 auctore

428 3669 835 3744 perliciendum,
864 3680 922 3727 ut
960 3688 1026 3728 ex
1056 3674 1156 3727 hoc
1192 3673 1345 3744 vigor
1385 3674 1660 3745 religionis
1688 3682 1891 3729 sanctae
1926 3690 2010 3727 ro-

428 3762 669 3825 boretur,
698 3771 753 3815 et
786 3762 990 3818 eisdem
1036 3763 1240 3819 sanctis
1269 3764 1400 3819 locis
1428 3765 1575 3820 salus
1603 3775 1657 3819 et
1688 3764 2010 3820 indemnitas

429 3851 711 3919 solidetur,
740 3855 895 3910 nobis
921 3871 1132 3927 quoque
1167 3855 1373 3910 lucrum
1402 3856 1739 3926 potissimum
1770 3872 1799 3910 a
1827 3856 2011 3911 condi-

432 3952 547 3997 tore
587 3945 827 3998 onmium
881 3947 988 4000 Deo
1030 3946 1081 3999 in
1116 3946 1295 4016 regnis
1328 3946 1639 4001 emlestibus
1683 3946 2004 4000 aseribatur.

427 4036 597 4107 Igitur
634 4038 758 4107 quia
788 4054 881 4106 per
905 4038 1269 4093 interventum
1299 4038 1480 4093 donmi
1510 4038 1724 4093 Ottonis
1745 4037 2011 4092 excellen-

428 4128 621 4183 tissimi
659 4130 800 4198 regis
847 4130 1123 4200 nostrique
1163 4131 1459 4199 spiritualis
1493 4131 1586 4184 ﬁlii
1618 4140 1674 4184 et
1706 4129 1870 4185 ﬁituri
1917 4130 2007 4184 Dei

423 4221 600 4293 gratia
629 4222 969 4292 imperatoris
1005 4232 1061 4277 et
1103 4231 1305 4277 sancta:
1335 4221 1590 4276 Romanae
1618 4222 1869 4276 Ecclesia:
1916 4221 2011 4278 de-

425 4311 657 4368 fensoris
681 4312 907 4383 piissimi
940 4324 1230 4385 votumque
1259 4314 1515 4383 piissimce
1541 4313 1676 4368 avia:
1705 4328 1816 4368 sua:
1844 4313 2008 4367 Adal-

424 4405 600 4461 beida:
628 4406 987 4475 imperatricis
1010 4406 1269 4476 Augusta:
1311 4405 1625 4462 solvendum
1657 4404 1821 4460 Hatto
1842 4405 2007 4461 abbas

425 4516 457 4555 a
488 4500 642 4555 nobis
670 4500 983 4570 postulavit,
1014 4509 1299 4571 quatenus,
1320 4501 1432 4572 jam
1458 4501 1662 4556 dictum
1698 4499 2006 4555 venerabile

424 4591 809 4646 monasterium
833 4592 972 4661 quod
995 4590 1122 4647 olim
1150 4607 1180 4646 a
1210 4600 1411 4647 sanctae
1433 4590 1705 4647 memoria:
1731 4590 2006 4645 Bonifacio

424 4683 830 4755 archiepiscopo
873 4683 941 4738 ad
990 4683 1246 4739 honorem
1298 4684 1390 4740 Dei
1423 4694 1475 4739 et
1502 4685 1682 4740 domni
1737 4684 1908 4740 nostri
1941 4699 2005 4738 ac

424 4772 722 4829 Salvatoris
750 4775 799 4828 in
833 4774 950 4829 loco
996 4775 1088 4844 qui
1122 4783 1348 4831 vocatur
1391 4774 1627 4830 Boconia
1669 4790 1796 4846 erga
1832 4776 2001 4845 ripam

422 4863 659 4918 ﬂuminis
688 4866 829 4933 quod
873 4864 1073 4919 dicitur
1101 4863 1267 4919 Fulda
1300 4876 1671 4921 constructum
1700 4875 1800 4929 est,
1831 4864 2001 4935 privi-

423 4951 546 5022 lcgii
600 4967 822 5007 summa:
870 4953 1015 5009 sedis
1045 4954 1352 5024 apostolica:
1383 4954 1565 5010 infulis
1594 4954 1914 5020 decoretur;
1949 4964 2004 5009 et

419 5048 563 5102 sicut
590 5063 684 5116 per
712 5049 1037 5104 sanctissimi
1066 5065 1215 5120 papa:
1244 5049 1521 5105 Zacharias
1551 5050 1996 5105 constitutionem

418 5138 758 5209 aliorumque
788 5139 1174 5195 venerabilium
1202 5141 1656 5211 praedecessorum
1687 5150 1997 5198 nostrorum

416 5227 731 5300 pontiﬁcum
765 5238 1028 5299 praecepta
1057 5231 1243 5285 ditioni
1273 5243 1475 5288 sancta:
1509 5238 1729 5297 nostrae,
1775 5233 1857 5287 cui
1891 5232 2000 5286 Dt-o

412 5329 636 5376 auctore
676 5321 1036 5385 deservimus,
1082 5321 1334 5377 Ecclesia:
1382 5320 1719 5392 suppositum
1768 5332 1873 5388 est,
1924 5324 1997 5377 ita

408 5411 683 5481 perpetuis
717 5411 1047 5479 temporibus
1089 5424 1394 5483 perseveret
1442 5421 1497 5466 et
1524 5410 1727 5467 nullius
1763 5428 1995 5483 unquam

574 5516 628 5520 η-
655 5499 859 5520 Π--Ιλ-ῗ
898 5515 905 5520 .
937 5499 986 5520 ε--
1028 5503 1038 5513 ⁸
1093 5504 1122 5520 I'
1163 5502 1225 5520 .“-
1254 5503 1306 5520 ,⁸1
1430 5518 1437 5520 .
1470 5500 1724 5520 --.---3....

2122 1954 2307 2000 nostra
2362 1942 2657 2013 apostolica
2709 1939 3030 1993 auctoritate
3062 1937 3303 1990 obtineat
3340 1952 3350 1985 :
3387 1931 3700 1998 adjicientes

2120 2050 2218 2105 pro
2270 2047 2453 2087 amore
2509 2030 2749 2101 praedicti
2789 2027 2930 2097 regis
2983 2024 3195 2080 Ottonis
3249 2020 3543 2092 spiritualis
3605 2017 3699 2070 ﬁlii

2121 2124 2290 2178 nostri
2311 2121 2420 2191 jam
2447 2122 2591 2175 dicto
2620 2118 2835 2173 llatloui
2883 2116 3083 2174 abbati,
3113 2124 3169 2166 ut
3203 2115 3253 2165 in
3302 2111 3585 2164 miss:trum
3614 2123 3703 2161 su-

2118 2213 2332 2267 lemniis
2375 2211 2661 2265 dalmatica
2706 2218 2760 2263 et
2803 2206 3058 2261 sandaliis
3100 2218 3220 2258 cum
3271 2210 3465 2255 nostra:
3495 2206 3705 2267 aposto-

2118 2303 2236 2357 licae
2285 2301 2623 2357 auctoritatis
2675 2299 2892 2353 licentia
2942 2304 3143 2350 utatur.
3191 2291 3578 2349 Constituinms
3608 2304 3705 2358 per

2119 2394 2276 2464 hujus
2304 2396 2472 2451 nostri
2512 2393 2713 2448 decreti
2740 2391 2985 2461 paginam
3008 2397 3066 2441 ut
3087 2387 3395 2457 quicunque
3416 2380 3705 2450 cujuslibet

2118 2487 2372 2543 Ecclesiae
2414 2484 2608 2558 prresul
2662 2483 2744 2538 vel
2796 2494 3115 2551 quacunque
3171 2478 3431 2548 dignitate
3474 2472 3701 2544 praedita

2118 2593 2344 2648 persona
2369 2580 2511 2632 hunc
2549 2575 2719 2631 nostri
2751 2571 3015 2644 privilegii
3046 2580 3285 2625 tenorem
3317 2582 3476 2637 quem
3512 2572 3699 2618 aucto-

2120 2670 2281 2724 ritate
2325 2668 2759 2723 beatissimorum
2830 2660 3194 2732 apostolorum
3257 2656 3517 2727 principis
3552 2653 3704 2723 cujus

2118 2762 2234 2817 vice
2264 2750 2491 2815 frttimur
2517 2758 2901 2814 conﬁrmamus
2930 2763 2981 2810 et
3021 2753 3460 2811 eorroboramus,
3503 2746 3705 2800 violare

2117 2863 2171 2907 et
2197 2852 2495 2921 transgredi
2528 2850 2833 2911 tentaverit,
2868 2846 3154 2899 anathema
3182 2842 3252 2897 sit
3278 2850 3332 2895 et
3360 2840 3495 2895 iram
3527 2840 3705 2892 omni-

2118 2946 2353 3016 potentis
2372 2944 2463 2999 Dei
2488 2944 2769 2999 iucurrens
2788 2956 2816 2993 a
2840 2938 3113 2993 consortio
3127 2935 3365 2989 omnium
3390 2940 3704 2987 sanctorum

2119 3037 2327 3093 alienus
2352 3037 2549 3091 existat
2578 3043 2634 3089 et
2671 3031 3018 3087 nihilominus
3044 3027 3250 3098 prmlati
3278 3024 3591 3080 monasterii
3619 3023 3703 3076 di-

2121 3131 2299 3203 gnitas
2349 3128 2601 3184 inviolata
2656 3132 2971 3181 permaneat
3027 3119 3323 3191 apostolica
3380 3118 3703 3171 auctoritate

2044 3193 2088 3257 Ο
2118 3193 2365 3277 subnixa.

2188 3309 2455 3379 Scriptum
2486 3323 2581 3380 per
2612 3320 2829 3362 manmn
2874 3303 3089 3373 Georgii
3123 3297 3391 3355 scriniarii
3421 3304 3476 3351 et
3505 3292 3699 3348 notarii

2117 3412 2315 3459 sancta:
2346 3402 2603 3456 ﬂuuiana:
2649 3397 2926 3458 Ecclesiae,
2981 3396 3032 3449 in
3079 3408 3262 3447 mense
3288 3388 3565 3452 Octobr-io,
3600 3400 3697 3439 vnt

2115 3494 2254 3549 ldus.
2284 3493 2424 3547 Bene
2455 3490 2647 3545 valete.

2186 3585 2372 3638 Datum
2423 3598 2459 3636 ιι
2518 3580 2633 3635 Kal.
2685 3577 3013 3633 Novembres
3067 3590 3161 3646 per
3213 3587 3429 3628 manum
3473 3569 3698 3625 Joannis

2112 3674 2343 3745 episcopi
2377 3682 2579 3727 sanctae
2601 3670 2922 3726 Albanensis
2953 3666 3206 3722 Ecclesia:
3228 3674 3283 3720 et
3303 3662 3696 3719 bibliotliccarii

2114 3776 2313 3824 sanctae
2341 3767 2486 3821 sedis
2524 3765 2832 3836 apostolica:
2859 3776 3043 3818 mense
3083 3759 3340 3815 Octobrio
3369 3756 3456 3812 die
3487 3756 3576 3820 3|,
3617 3755 3697 3809 in-

2112 3857 2348 3913 dictione
2374 3870 2492 3910 vnt.

2828 3942 2968 3999 XVI.
3008 3938 3009 3941 “

2109 4056 2323 4097 «ΙΟΔΝΝΙΞ
2361 4056 2429 4093 XV
2471 4053 2614 4093 ΡΑΡᾸΞ
2650 4050 2905 4091 ιειιιετοιιλ
2944 4049 3011 4087 ΑΙ)
3048 4045 3328 4088 Αιικυιςωι
3356 4041 3594 4084 CONITEI
3624 4041 3693 4080 Ετ

2823 4120 2996 4159 Αιιοε.

2674 4198 2736 4267 (Α
2748 4212 2854 4250 nuo
2892 4192 3136 4258 991-96.)

2112 4312 2179 4367 Ut
2216 4311 2531 4366 utonastcrio
2576 4308 2743 4363 sancti
2777 4305 3011 4387 Ilicimrii
3061 4318 3178 4375 quw
3225 4300 3552 4355 abstulerunt
3608 4314 3690 4351 re-

2786 4387 3023 4430 sumunt.

2180 4491 2411 4546 Jomses
2437 4491 2747 4560 episcopus,
2772 4502 2963 4541 servus
2989 4499 3270 4540 servorum
3299 4482 3412 4546 Dei,
3436 4481 3691 4535 Anaurro

2110 4585 2317 4646 comiti,
2342 4584 2614 4638 BALDUINO
2642 4581 2822 4635 comiti
2860 4595 2981 4632 cum
3023 4586 3194 4631 matre
3245 4592 3363 4640 sua,
3409 4573 3691 4630 Gosnsn'ro

2109 4675 2432 4737 vicecomiti,
2458 4683 2618 4741 atque
2644 4672 2875 4725 ILMBDE
2893 4710 2907 4731 ,
2934 4667 3298 4723 dilectissimis
3327 4665 3449 4718 liliis
3489 4661 3691 4716 nostris

2106 4765 2496 4836 spiritualibus,
2543 4760 2908 4818 onmimodam
2969 4759 3217 4822 salutem,
3246 4769 3300 4811 et
3339 4752 3687 4824 apostolicam

2107 4859 2556 4917 benedictionem.
2590 4928 2595 4932 η

2179 4952 2457 5007 Monemus
2483 4964 2577 5003 vos
2603 4965 2631 5001 a
2659 4948 2841 5017 pravis
2867 4944 3119 5015 operibus
3148 4944 3425 5001 recedere,
3445 4947 3499 4991 et
3535 4938 3691 4991 bonis

2104 5044 2359 5113 operibus
2393 5042 2695 5103 adluerere,
2729 5048 3000 5110 quatenus
3031 5034 3123 5089 Dei
3172 5031 3560 5103 omnipotentis
3597 5030 3693 5083 tui-

2104 5134 2454 5191 sericordiam
2478 5133 2738 5201 consequi
2764 5127 3169 5191 mereamiui,et
3192 5128 3358 5180 vitam
3379 5126 3695 5189 perpetuam

2105 5228 2387 5298 acquirere
2436 5223 2681 5280 valentis.
2715 5224 3077 5293 Quapropter,
3104 5212 3441 5275 charissimi,
3471 5211 3697 5265 manda-

2107 5331 2227 5372 mus
2254 5315 2405 5371 vobis
2440 5323 2499 5369 ut
2524 5326 2745 5368 omnem
2773 5309 3141 5367 haereditatem
3160 5347 3175 5374 ,
3207 5318 3376 5381 quam
3404 5298 3706 5355 abstulistis

2107 5428 2176 5467 ex
2207 5408 2533 5465 monasterio
2559 5404 2615 5459 S.
2650 5402 2894 5461 Richarii
2916 5399 3273 5465 confessoris,
3298 5408 3400 5469 pro
3440 5391 3536 5446 Dei
3581 5404 3705 5444 om-

2526 5512 2611 5520 Α..-
2639 5498 2870 5520 --.ι.ι....,.
2905 5492 3207 5520 ..-Ληη-υιιιη
3264 5489 3401 5520 Nam
3433 5483 3475 5520 ci
3522 5481 3706 5520 τριιιΙί-
