4494 5520
391 390 493 449 853

399 593 3019 623 mm

1661 393 1982 450 GL'IDONIS
2018 392 2316 449 CHARTA.

3552 396 3655 449 854

1423 772 2005 865 GUIDONIS
2074 770 2595 863 STATUTA

1057 963 1156 1025 Ad
1188 984 1400 1047 pacem
1447 966 1606 1025 inter
1650 963 2038 1024 Christianos
2082 961 2533 1025 conciliandum
2575 969 2997 1049 promulgata.

1546 1130 1706 1199 (Call.
1741 1133 1932 1186 Christ.
1972 1140 2100 1189 tom.
2136 1134 2196 1198 ll,
2233 1136 2502 1205 Append.)

470 1430 527 1486 In
564 1426 778 1484 nomine
836 1424 931 1481 Dei
980 1440 1203 1480 summae
1249 1434 1304 1478 et
1356 1424 1641 1480 individua:
1679 1425 1977 1481 Trinitatis.
2009 1429 2053 1490 Α
2084 1444 2180 1500 per
2226 1445 2379 1484 suum
2424 1431 2742 1487 sorsfactum
2795 1432 3165 1504 [forsfactnnu
3214 1442 3269 1486 et
3312 1432 3361 1485 in
3413 1434 3657 1487 eumdem

397 1519 579 1584 Wtoo,
616 1518 705 1573 Dei
733 1516 903 1587 gratia
936 1515 1238 1570 Aniciensis
1259 1514 1474 1585 praesul,
1496 1530 1742 1585 superna:
1768 1517 1983 1587 pietatis

396 1608 818 1664 misericordiam
843 1603 1303 1674 exspectantibus,
1331 1603 1556 1659 salutem
1583 1614 1637 1660 et
1667 1620 1875 1675 pacem.

469 1701 664 1757 Notum
696 1714 814 1755 esse
842 1698 1091 1753 volumus
1119 1697 1371 1750 omnibus
1403 1695 1497 1750 Dei
1526 1694 1770 1751 filelibus
1790 1738 1802 1761 .
1845 1714 1981 1767 quo-

397 1791 544 1847 niam
582 1790 825 1846 videntes
867 1786 1131 1841 maleﬁcia
1163 1802 1282 1855 qua:
1323 1787 1373 1840 in
1408 1786 1601 1855 populo
1630 1788 1869 1855 quotidie
1897 1803 1985 1842 ae-

398 1890 684 1946 crescunt,
710 1893 1098 1950 congregamus
1128 1885 1369 1947 quosque
1398 1878 1702 1947 episcopos,
1732 1879 1985 1933 donumm

398 1971 491 2029 Pe.
532 1973 922 2035 Vivariensem,
969 1969 1253 2040 Wigonem
1309 1968 1763 2032 Valentinensem,
1823 1970 1987 2040 Bego-

398 2080 522 2118 nem
548 2065 968 2125 Arverneusem,
999 2060 1362 2114 Raimundum
1389 2059 1755 2123 Tolosensem,
1779 2060 1987 2115 Densde

399 2154 780 2215 Rutenensem,
811 2152 1161 2206 Fredeloncm
1186 2152 1492 2213 Elnensem,
1516 2161 1570 2205 et
1593 2153 1844 2206 donmum
1872 2152 1988 2206 Ful-

399 2260 659 2299 crannum
685 2243 1047 2299 Ludevensem
1069 2282 1084 2307 ,
1117 2252 1171 2296 et
1200 2241 1485 2298 WiJonem
1510 2242 1867 2299 Glandeusem
1890 2286 1901 2307 ,
1935 2255 1991 2300 et

400 2335 534 2391 alios
581 2351 740 2404 quam
790 2336 969 2404 plures
996 2335 1300 2405 cpisc0pos,
1336 2345 1389 2388 et
1429 2349 1672 2404 quosque
1719 2336 1989 2405 principes

398 2434 451 2481 et
484 2427 718 2491 nobiles,
772 2442 1000 2497 quorum
1044 2441 1300 2480 numerus
1327 2442 1430 2479 non
1485 2435 1568 2480 est
1606 2425 1874 2480 inventus.
1924 2427 1989 2480 Et

398 2518 523 2586 quia
554 2518 755 2571 scimus
780 2518 906 2586 quia
955 2518 1072 2571 sine
1097 2532 1229 2586 pace
1256 2530 1413 2569 nemo
1443 2515 1645 2569 videbit
1671 2516 1859 2578 Deum,
1889 2516 1987 2569 ad-

403 2621 685 2661 monemus
715 2614 937 2677 prepter
964 2622 1156 2661 nomen
1190 2606 1419 2670 Domini,
1456 2615 1512 2661 et
1541 2616 1601 2661 ut
1627 2606 1736 2661 sint
1766 2606 1857 2661 lilii
1900 2624 1991 2678 pa-

400 2700 500 2764 cis,
524 2700 657 2753 utin
688 2700 805 2755 istis
832 2700 1227 2769 episcopalibus
1248 2714 1383 2768 quos
1407 2699 1492 2753 isti
1515 2698 1746 2769 episcopi
1779 2710 1989 2769 regunt,

2084 1521 2337 1575 villanmn
2370 1523 2460 1590 qui
2491 1522 2711 1578 alterius
2756 1534 2954 1578 terram
3000 1523 3233 1578 araverit
3260 1523 3340 1577 vel
3382 1522 3660 1576 laborave—

2086 1611 2173 1673 rit,
2206 1611 2346 1680 quod
2393 1621 2476 1666 est
2526 1613 2575 1665 in
2620 1614 2984 1673 contentione,
3033 1613 3131 1666 nisi
3182 1612 3550 1681 unusquisque
3599 1611 3663 1663 de

2088 1711 2231 1755 terra
2255 1716 2373 1763 sua,
2394 1711 2486 1754 aut
2512 1702 2575 1755 de
2599 1718 2695 1755 suo
2721 1702 3013 1768 beneficia;
3047 1714 3218 1756 terras
3240 1700 3661 1763 ecclesiasticas,

2086 1794 2442 1865 episcopales,
2471 1794 2833 1859 canonicales,
2864 1795 3229 1856 monachales,
3259 1793 3435 1847 nullus
3458 1808 3664 1862 ιιι-πευ-

2088 1900 2231 1940 mere
2260 1886 2475 1949 audeat,
2503 1900 2602 1954 neq
2626 1900 2673 1939 te
2699 1886 2874 1955 aliqua
2907 1885 3042 1939 mala
3069 1885 3457 1939 consuetudine
3487 1884 3667 1938 disho-

2088 1992 2281 2031 norare
2305 1975 2406 2029 nisi
2438 1977 2502 2029 de
2532 1992 2689 2029 manu
2716 1976 2949 2044 episcopi
2999 1987 3089 2027 aut
3129 1973 3352 2027 fratrum
3391 1973 3666 2027 voluntate

2088 2085 2184 2138 per
2209 2068 2507 2139 precariam
2552 2068 2861 2136 ςις‹ιιιί,ἱ‹·ι’ἱι
2905 2069 2968 2122 de
3002 2068 3099 2121 ista
3133 2068 3260 2119 hora
3295 2075 3348 2117 et
3380 2065 3432 2118 in
3466 2073 3620 2119 antea
3649 2080 3664 2128 ;

2089 2161 2447 2231 negotiatores
2508 2161 2669 2213 etiam
2735 2158 2911 2213 nullus
2980 2157 3382 2226 apprehendere
3452 2155 3530 2208 vel
3600 2155 3666 2207 de

2089 2256 2248 2309 rebus
2297 2251 2409 2308 suis
2442 2250 2674 2321 spoliare
2721 2258 3010 2318 praesumat
3060 2264 3117 2303 se
3161 2249 3383 2302 sciente.
3445 2245 3669 2300 Interdi-

2091 2345 2261 2398 cimus
2290 2343 2449 2396 etiam
2483 2350 2540 2393 ut
2567 2340 2743 2394 nullus
2774 2339 3028 2393 laicorum
3061 2353 3119 2392 se
3147 2338 3469 2391 intromittat
3496 2336 3560 2388 de
3587 2350 3670 2388 se-

2091 2433 2318 2505 pultnris
2340 2432 2605 2494 ecclesim,
2639 2429 2721 2484 vel
2745 2428 3053 2490 efferendis,
3098 2438 3151 2481 et
3187 2426 3362 2480 nullus
3392 2426 3670 2495 presbyte-

2092 2540 2273 2580 rorum
2314 2523 2543 2592 pretium
2574 2522 2637 2576 de
2664 2521 2980 2591 baptisteria
3008 2519 3256 2588 accipiat,
3306 2518 3429 2586 quia
3469 2517 3668 2570 donum

2094 2615 2326 2686 Spiritus
2354 2612 2524 2667 sancti
2560 2620 2660 2665 est.
2694 2610 2749 2665 Si
2781 2624 2908 2664 vero
2937 2609 3128 2677 aliquis
3162 2617 3344 2676 raptor
3377 2606 3536 2660 fuerit
3572 2614 3667 2658 aut

2095 2705 2388 2762 maledicus
2412 2704 2503 2772 qui
2529 2703 2665 2756 hanc
2694 2699 3084 2754 institutionem
3110 2696 3387 2767 infregerit
3412 2705 3465 2750 et
3491 2706 3674 2749 tenere

402 2804 575 2858 ιιείιυε
607 2789 657 2844 in
690 2789 807 2844 iSliS
836 2790 1207 2854 CONilalibUS.
1247 2794 1311 2845 de
1343 2790 1445 2844 is“!
1474 2790 1606 2845 hora
1651 2800 1704 2844 ει
1745 2791 1796 2843 in
1835 2800 1989 2845 τιιιῑυιι
2024 2780 2065 2839 Β
2095 2797 2345 2860 noluerit,
2374 2795 2442 2850 sit
2466 2795 2577 2863 ipse
2606 2792 3135 2852 exeommunieatns,
3168 2799 3223 2843 et
3248 2786 3675 2842 anathematiza-

402 2881 683 2937 ecclesiam
713 2883 875 2937 homo
904 2898 1007 2937 non
1040 2883 1327 2953 infringat,
1366 2896 1517 2939 extra
1557 2882 1839 2938 ecclesiam
1872 2899 1991 2953 qua:

404 2972 457 3025 in
482 2971 819 3027 firmamento
834 2972 1190 3037 Castellanite,
1206 2989 1264 3028 se
1289 2974 1514 3038 sciente,
1536 2975 1635 3029 nisi
1658 2975 1894 3044 episcopi
1914 2976 1989 3045 (t)

402 3072 626 3133 propter
646 3079 832 3119 eorum
862 3078 1103 3119 censum.
1136 3064 1378 3119 Praedam
1407 3065 1458 3118 in
1491 3065 1607 3120 istis
1623 3066 1989 3132 comitatibus,

402 3171 578 3226 neque
614 3158 666 3211 in
701 3156 817 3211 istis
864 3157 1265 3226 episcopalibus
1318 3158 1479 3212 homo
1527 3173 1633 3213 non
1680 3157 1877 3223 faciat;
1927 3159 1991 3213 de

402 3250 557 3317 cquis
583 3248 785 3317 parvis,
820 3248 887 3303 de
918 3249 1167 3315 bovibus,
1198 3248 1263 3304 de
1293 3251 1494 3313 vaccis,
1530 3250 1596 3305 de
1623 3252 1789 3306 asinis
1820 3252 1901 3305 vel
1927 3253 1992 3307 de

406 3340 683 3403 asinabus,
718 3340 797 3393 vel
822 3341 886 3394 de
915 3339 1154 3395 fascibus
1182 3357 1318 3411 quos
1346 3342 1444 3411 ipsi
1468 3350 1697 3412 portant.
1732 3358 1906 3412 neque
1925 3344 1991 3399 de

405 3431 616 3495 ovibus,
647 3430 731 3484 vel
770 3432 836 3486 de
862 3434 1063 3502 capris,
1093 3448 1268 3503 neque
1294 3434 1359 3488 de
1390 3434 1587 3503 porcis,
1622 3448 1795 3504 neque
1818 3449 1880 3489 ea
1903 3451 1993 3489 oc-

403 3523 549 3578 cidat
573 3524 673 3579 nisi
703 3540 798 3595 per
823 3524 1147 3579 conductum
1172 3539 1327 3578 suum
1351 3524 1435 3580 vel
1460 3539 1697 3589 suormn,
1726 3525 1777 3579 in
1804 3526 1993 3580 itinere

402 3614 607 3684 potitus
637 3615 866 3686 accipiat
891 3615 1091 3670 victum
1120 3616 1259 3670 sicut
1284 3618 1349 3671 ad
1379 3631 1533 3671 suam
1569 3616 1788 3671 domum
1808 3656 1822 3680 ,
1857 3617 1991 3670 nihil

402 3714 604 3777 portet,
637 3705 719 3761 vel
762 3707 827 3762 ad
873 3706 1153 3761 castellum
1197 3708 1421 3773 bastire,
1461 3716 1556 3763 aut
1589 3708 1857 3773 obsidere,
1890 3709 1991 3763 nisi

405 3800 774 3869 unusquisque
817 3799 883 3856 de
921 3814 1017 3856 sua
1060 3808 1224 3865 terra,
1254 3809 1348 3855 aut
1373 3800 1436 3856 de
1466 3816 1563 3857 suo
1587 3800 1763 3865 alode,
1816 3800 1896 3856 vel
1927 3801 1993 3855 de

406 3904 505 3945 suo
532 3891 812 3957 beneficio,
860 3891 945 3947 vel
991 3890 1058 3947 de
1104 3906 1200 3947 sua
1253 3891 1601 3957 commanda;
1655 3892 1839 3947 clerici
1887 3907 1991 3945 non

403 3992 623 4053 portent
660 3983 939 4039 szecularia
982 3998 1167 4049 arma;
1206 3983 1486 4039 monachis
1514 3984 1765 4054 injuriam
1815 3982 1991 4038 nullus

406 4072 590 4145 [ullus]
635 4076 792 4129 homo
822 4075 1055 4144 aliquam
1086 4090 1193 4129 non
1223 4073 1415 4138 faciat;
1453 4089 1629 4143 neque
1652 4073 1734 4127 his
1757 4073 1989 4141 quicum

2094 2901 2201 2953 tus,
2241 2900 2292 2946 et
2325 2905 2354 2942 a
2387 2888 2662 2943 liminibus
2702 2895 2904 2941 sancta:
2930 2884 3023 2940 Dei
3056 2883 3309 2939 Ecclesige
3337 2890 3671 2951 segregatus,

2094 2979 2242 3052 [nisi]
2276 2996 2441 3049 usque
2481 2978 2547 3032 ad
2586 2976 3009 3033 satisfactionem
3035 2974 3231 3035 veniat.
3282 2972 3433 3039 Quod
3480 2970 3522 3024 si
3568 2984 3672 3023 non

2093 3070 2301 3135 fecerit,
2344 3070 2624 3139 proslyter
2648 3069 2695 3121 ei
2739 3068 2959 3121 missam
2988 3079 3093 3119 non
3126 3071 3329 3124 cantet,
3361 3060 3600 3115 divinum
3624 3058 3670 3110 ei

2093 3162 2323 3217 oliicinm
2358 3176 2462 3214 non
2492 3160 2678 3222 faciat;
2712 3168 2765 3212 et
2815 3158 2859 3211 si
2900 3166 3141 3211 mortuus
3168 3153 3363 3216 fuerit,
3396 3149 3666 3220 presbyter

2093 3269 2213 3309 eum
2247 3269 2349 3306 non
2384 3252 2626 3320 scpt-Iiat,
2654 3265 2831 3318 neque
2861 3249 2928 3302 ad
2957 3246 3241 3302 ecclesiam
3282 3245 3352 3298 sit
3394 3241 3670 3310 :cpultus;

2094 3343 2526 3397 communionem
2570 3355 2671 3393 non
2717 3340 2807 3392 det
2838 3338 2885 3391 ei
2925 3352 2981 3391 se
3024 3337 3250 3398 sciente,
3301 3345 3353 3388 et
3400 3334 3443 3388 si
3478 3332 3678 3402 aliquis

2093 3435 2374 3506 presbyter
2402 3433 2505 3486 hoc
2549 3431 2831 3500 infregerit
2861 3444 2919 3484 se
2949 3430 3178 3491 sciente,
3202 3427 3269 3480 ab
3293 3426 3482 3481 ordine
3507 3426 3675 3494 depo-

2094 3535 2277 3581 natur.
2316 3525 2608 3580 Precamur
2639 3522 2802 3576 etiam
2852 3519 2935 3574 vel
2966 3518 3317 3573 admonemus
3368 3524 3425 3570 ut
3479 3516 3529 3570 in
3573 3516 3675 3569 isto

2094 3629 2353 3690 tempore,
2378 3617 2583 3674 scilicet
2608 3615 2876 3670 mediante
2897 3611 3152 3668 Octobrio
3180 3624 3382 3673 mense,
3414 3611 3481 3664 ad
3512 3609 3674 3664 istum

2096 3712 2188 3767 Dei
2217 3710 2475 3783 placitum
2502 3725 2624 3765 cum
2671 3708 2810 3762 bono
2833 3706 3015 3760 animo
3045 3711 3100 3757 et
3125 3702 3261 3755 bona
3296 3700 3570 3755 voluntate
3593 3715 3679 3753 ve-

2094 3803 2277 3865 niatis,
2304 3801 2355 3857 in
2387 3800 2478 3856 Dei
2517 3801 2756 3860 nomine.
2787 3806 2846 3851 ut
2910 3796 3283 3851 remissionem
3326 3800 3675 3862 peccatorum

2094 3906 2397 3951 vestrorum
2431 3892 2688 3963 consequi
2722 3891 2979 3955 valeatis,
3006 3898 3295 3961 prtestante
3324 3886 3553 3940 Domino
3583 3900 3677 3938 no-

2094 3997 2208 4041 stro
2234 3984 2359 4041 Jesu
2389 3984 2623 4050 Christo,
2671 3984 2761 4053 qui
2791 3997 2911 4037 cum
2956 3981 3115 4036 Patre
3155 3987 3211 4033 et
3253 3975 3456 4047 Spiritu
3488 3983 3677 4030 sancto

2095 4081 2229 4134 vivit
2256 4088 2312 4135 et
2340 4088 2550 4151 regnat.
2581 4079 2878 4135 Confirmat
2911 4077 3015 4131 hoc
3035 4074 3475 4143 archiepiscopus
3499 4071 3675 4141 Dago-

404 4179 472 4224 eo
502 4166 856 4234 perrexerint,
894 4166 985 4235 qui
1014 4180 1161 4220 arma
1202 4180 1306 4220 non
1350 4164 1709 4236 portaverint,
1742 4164 1842 4218 nisi
1878 4163 1991 4232 epi-
2019 4137 2064 4198 θ
2098 4175 2179 4229 [ιρι

1902 4163 1991 4232 εΡί-
2019 4137 2064 4198 c
2098 4175 2281 4230 bertus
2331 4137 2682 4243 Bifitricensis
2728 4171 2912 4236 sedis,
2962 4177 3018 4224 et
3059 4137 3287 4223 domnus
3337 4137 3677 4219 Tlieobaldus

406 4255 555 4325 scopi
579 4264 671 4310 aut
690 4257 1058 4313 archidiaconi
1088 4267 1309 4327 prepter
1330 4272 1519 4312 eorum
1546 4270 1801 4320 censum;
1836 4255 1989 4309 villa-

406 4360 535 4399 num
573 4357 664 4402 aut
705 4348 961 4403 villanam
1010 4358 1231 4419 propter
1280 4349 1724 4419 redemptionem,
1773 4346 1987 4402 nonnisi

479 4458 555 4531 (l)
596 4460 820 4518 Videtur
841 4463 1030 4518 deesse
1056 4463 1278 4533 aliquid.

407 4663 648 4683 ‘—

2098 4268 2418 4324 Viennensis
2444 4266 2810 4339 archipmrsul.

2682 4659 3661 4682 Μ

1527 4819 2039 4899 GUIDONIS
2095 4818 2493 4898 CHARTA

402 5000 655 5082 Scripta
687 5022 821 5069 cum
852 5001 1036 5069 abbas
1068 5010 1265 5082 ageret
1294 5002 1356 5060 in
1379 5000 1836 5081 monasteries.
1872 4999 2059 5060 Pauli
2092 4999 2602 5061 Cormaricensis.
2626 4996 3117 5061 —Monasteriis
3142 4994 3352 5057 ablata
3376 4992 3680 5053 restituit.

1391 5160 1565 5235 (Apud
1601 5161 1800 5218 Mabill.
1842 5160 2035 5217 Annal.
2063 5159 2154 5215 lib.
2187 5178 2355 5226 xevn,
2386 5176 2509 5232 pag.
2533 5159 2683 5231 621.)

483 5444 583 5470 Β-..
616 5448 659 5470 2η
699 5447 789 5470 “-2
820 5446 1030 5470 ..--ε..-
1056 5448 1140 5470 117·
1166 5451 1212 5470 Ι-
1241 5447 1398 5470 ..1.1.--
1424 5464 1443 5470 -

3245 5452 3259 5470 1
3278 5468 3286 5469 κ
3302 5448 3390 5470 λθ..
3427 5440 3670 5470 “Jul”...—
