4494 5520
788 308 897 365 855

1860 312 2068 367 ευιῡο
2107 314 2146 367 ll
2184 313 2539 369 PODIENSIS
2580 317 2970 378 EPlSCOPUS.

3942 332 4048 387 856

791 428 986 475 cuncta
1011 427 1367 513 postponens,
1406 418 1653 476 lirocinio
1684 422 1881 476 Christi
1915 439 1998 477 me
2030 425 2365 494 mancipans,
2400 432 2440 488 Α
2475 431 2731 500 ptionem,
2766 443 2821 487 ut
2852 435 2895 488 si
2926 434 3191 505 quispiam
3236 437 3438 508 aliquid
3487 438 3668 495 illicito
3708 448 3871 508 tenet,
3904 446 4045 513 quod

788 511 1149 567 monasticem
1196 510 1316 567 ideo
1365 526 1585 566 sumens
1634 526 1769 566 onus
1820 528 1831 564 :
1879 514 1972 566 sed
2027 514 2373 570 sarcularilns

786 599 1117 670 prmpcditus
1164 599 1417 670 negotiis,
1466 599 1687 668 insuper
1731 601 1935 654 initnici
1986 602 2372 656 tentationil.us

792 690 1100 760 instigatus,
1143 689 1476 744 multimodis
1505 699 1809 758 susceptum
1842 694 2195 747 monasticam
2225 693 2369 747 ordio

786 793 910 834 nem
946 795 1071 843 non,
1098 789 1155 833 ut
1190 779 1445 844 decebat,
1475 780 1733 836 hactenus
1759 784 2046 849 custodivi,
2080 785 2171 838 sed
2203 785 2368 853 pluri-

785 870 892 925 tuis
914 868 1357 925 interlabentibus
1389 870 1560 940 culpis
1591 874 1955 942 praevaricari.
1989 876 2225 944 Denique
2254 876 2365 931 loca

786 960 842 1014 in
867 975 985 1015 tneo
1010 962 1270 1032 regimine
1293 963 1662 1028 consistentia,
1687 966 1774 1034 qui
1807 966 2090 1019 debuerant
2115 967 2250 1021 bona
2276 984 2371 1037 pre

786 1064 945 1119 posse
970 1054 1216 1122 augendo
1237 1052 1302 1105 ad
1326 1052 1545 1107 meliora
1579 1054 1819 1123 provehi,
1846 1054 2071 1124 plurima
2097 1056 2218 1110 inde
2243 1059 2369 1112 sub-

792 1142 1038 1207 trahens,
1063 1142 1283 1211 qumsivi
1311 1142 1375 1197 ad
1393 1143 1497 1197 ima
1519 1143 1706 1199 relabi.
1725 1143 1875 1200 Nunc
1896 1158 2023 1199 vero
2045 1146 2373 1214 paenitudine

792 1235 1005 1299 ductus,
1035 1236 1178 1303 quod
1208 1235 1385 1290 minus
1406 1235 1608 1307 peregi,
1632 1235 1879 1307 supplere
1909 1237 2087 1307 cupio.
2114 1236 2373 1291 llortante

789 1337 1008 1393 quoque
1050 1322 1277 1377 Widone
1323 1324 1595 1393 episcopo,
1638 1324 1902 1379 avunculo
1945 1340 2084 1389 meo,
2135 1340 2233 1379 nec
2262 1340 2366 1379 non

790 1412 974 1466 domui
1009 1413 1218 1467 abbatis
1244 1411 1497 1484 Hycmari
1530 1413 1757 1483 impulsu
1783 1454 1798 1479 ,
1830 1415 1956 1483 quin
1984 1414 2159 1483 potius
2190 1414 2368 1470 divino

786 1505 1068 1570 instinctu,
1099 1514 1295 1560 terram
1322 1520 1482 1575 quam
1505 1505 1570 1561 de
1596 1505 1681 1561 bis
1706 1504 1860 1569 locis,
1884 1506 2018 1577 proh
2046 1504 2225 1559 nefas!
2256 1520 2371 1559 sus-

787 1598 919 1665 tuli,
963 1598 1192 1669 benigno
1221 1596 1402 1653 animo
1431 1596 1537 1653 illis
1564 1597 1769 1653 reddo:
1804 1596 2013 1667 fecique
2050 1596 2188 1652 hanc
2229 1596 2368 1650 scri-

2474 535 2570 591 ego
2601 523 2648 575 ei
2692 522 2927 593 imdigno
2960 525 3282 594 depravatns
3305 527 3530 582 consilio
3550 529 3773 595 contuli,
3794 531 3906 601 jam
3938 547 4043 586 non

2474 614 2669 667 audeat
2714 616 2964 669 retinere.
3017 616 3129 671 Hoc
3167 633 3380 687 quoque
3432 619 3689 688 scriptum
3744 618 3895 674 fratri
3924 636 4047 675 meo

2472 704 2728 759 Gaufrido
2763 706 3167 760 Audecavorum
3210 708 3392 762 comiti
3442 708 3633 773 direxi,
3674 707 3764 776 qui
3802 718 4047 779 gratante

2473 799 2651 851 annuo
2680 812 2798 850 eum
2832 813 2987 851 inanu
3036 798 3249 867 propria
3283 798 3548 863 firmavit,
3578 797 3811 853 fidelium
3834 813 4046 870 quoque

2476 892 2722 945 manibus
2750 892 3107 946 roborandutn
3142 907 3260 947 esse
3299 892 3550 948 decrevit.
3605 891 3825 964 Signum
3865 892 4045 947 domui

2480 982 2728 1036 \Vidonis
2781 983 3013 1047 abbatis,
3066 984 3155 1051 qui
3180 984 3318 1037 hanc
3365 982 3655 1037 editionem
3706 982 3821 1036 fieri
3846 982 4046 1051 jussit;

2478 1074 2532 1127 8.
2589 1073 2832 1129 Widonis
2871 1074 3127 1142 episcopi,
3172 1073 3229 1129 8.
3278 1075 3458 1131 domui
3508 1073 3761 1144 llynmari
3815 1074 4047 1138 abbatis,

2476 1165 2532 1218 S.
2566 1162 2770 1233 Nefingi
2807 1163 3062 1233 episcopi,
3103 1163 3194 1217 Fr.
3226 1163 3385 1218 Wido
3432 1179 3592 1218 manu
3622 1162 3835 1233 propria
3870 1161 4044 1216 ﬁrma-

2476 1254 2569 1315 vit,
2601 1252 2656 1306 8.
2691 1251 2943 1307 Ganfredi
2972 1254 3211 1314 comitis,
3246 1254 3303 1308 S.
3339 1253 3656 1315 Marcoardi,
3687 1253 3743 1308 8.
3778 1253 4046 1316 Rainaldi,

2477 1342 2536 1397 8.
2576 1341 2822 1403 Warini,
2882 1342 2937 1395 S.
2986 1342 3265 1408 Widonis,
3319 1342 3375 1397 S.
3427 1342 3685 1406 Guatoni,
3732 1340 3789 1396 8.
3824 1340 4045 1402 Odonis,

2478 1431 2535 1486 8.
2574 1431 2866 1503 Odolgarii,
2903 1430 2957 1486 S.
2992 1430 3230 1499 Griferii,
3259 1430 3315 1487 S.
3342 1430 3654 1495 Burchardi,
3694 1429 3753 1485 8.
3783 1429 4045 1499 Ετιιεεῑεὶ,

2477 1534 2530 1580 et
2559 1526 2783 1579 aliorum
2818 1540 2906 1578 xv.

852 1766 4009 1805 m—W

1836 1963 1966 2041 DE
2020 1961 2420 2044 CHARTA
2479 1959 2987 2038 GUIDONIS

1858 2143 1992 2218 Qua
2037 2143 2339 2221 Deugam
2382 2141 2493 2200 Dei
2536 2138 2947 2215 conﬁrmavit.

2199 2299 2360 2368 (Call.
2405 2296 2630 2365 Chrfst.)

851 2599 971 2659 Fuit
1019 2598 1102 2652 vir
1146 2596 1364 2667 quidam
1412 2607 1477 2648 ex
1522 2593 1686 2649 nobili
1730 2592 2060 2648 Francorum
2108 2590 2364 2662 progenie.
2397 2591 2441 2651 Β
2468 2590 2546 2644 eis
2586 2586 2745 2659 quale
2788 2586 2888 2643 sibi
2936 2587 3003 2642 de
3048 2586 3278 2656 regenda
3328 2600 3459 2656 pare
3508 2585 3695 2640 darent
3742 2588 4045 2644 consilioue».

781 2700 956 2757 ortus,
1000 2687 1173 2744 Guido
1215 2686 1453 2752 nomine,
1503 2685 1618 2755 qui,
1664 2683 1998 2753 providentia
2045 2682 2138 2735 Dei
2184 2682 2364 2751 dispo-

780 2790 968 2847 nente,
1016 2779 1245 2834 traditus
1288 2794 1318 2833 a
1357 2776 1673 2848 parentibus
1700 2774 1997 2831 litterarum
2040 2774 2250 2838 studiis,
2286 2787 2369 2827 rc-

781 2873 927 2929 lictis
963 2870 1313 2927 saecularibus
1360 2883 1588 2939 pompis,
1616 2866 1915 2921 monachus
1958 2862 2132 2919 factus
2176 2863 2227 2917 in
2261 2878 2369 2918 cte-

782 2963 945 3020 nobio
988 2963 1131 3034 quod
1169 2970 1393 3016 vocatur
1437 2959 1803 3023 Cormarium,
1846 2957 2075 3011 viriliter
2117 2955 2370 3009 militavit

784 3056 859 3112 ibi
904 3056 1003 3111 sub
1045 3052 1228 3127 regula
1276 3054 1447 3108 sancti
1489 3051 1787 3107 Benedicti.
1844 3049 2005 3105 Patre
2048 3063 2177 3105 vero
2228 3048 2370 3103 illius

782 3146 1101 3201 monasterii
1148 3145 1415 3215 migrante
1459 3158 1523 3197 ex
1568 3144 1672 3198 hac
1716 3141 1853 3205 luce,
1883 3140 2109 3196 fratrmn
2150 3156 2370 3195 concor-

783 3242 945 3293 dante
971 3253 1262 3301 consensu,
1308 3235 1477 3292 abbas
1518 3236 1713 3291 ibidem
1758 3234 1993 3303 eligitur,
2026 3241 2185 3302 atque
2215 3230 2369 3301 juxta

782 3346 990 3387 morem
1035 3330 1354 3385 canonicum
1400 3328 1753 3383 benedicitur.
1809 3324 2140 3380 Sublimatus
2187 3332 2367 3377 autem

783 3425 859 3477 ita
902 3423 1059 3478 bonis
1102 3420 1253 3475 fulsit
1296 3420 1568 3481 moribus,
1618 3428 1677 3472 ut
1716 3418 1880 3472 etiam
1926 3415 2069 3470 fama
2113 3414 2371 3471 bonitatis

783 3517 902 3585 ejus
947 3515 1258 3586 perveniret
1304 3516 1370 3570 ad
1410 3528 1569 3568 aurcs
1610 3516 1753 3585 regis
1794 3512 2058 3575 Francim,
2095 3510 2247 3579 cujus
2274 3524 2369 3565 rex

783 3611 926 3666 idem
973 3609 1189 3664 innixus
1232 3606 1481 3669 consilio.
1524 3606 1843 3675 disponebat
1887 3605 2027 3675 quod
2073 3604 2210 3658 bene
2253 3601 2369 3671 pla-

784 3703 953 3756 citum
993 3710 1111 3757 erat
1158 3700 1286 3763 Deo,
1334 3708 1393 3754 ut
1432 3698 1561 3755 utile
1602 3697 1815 3768 populo.
1870 3696 1988 3763 Quo
2034 3695 2085 3749 in
2132 3703 2373 3763 tempore

783 3791 1062 3847 Aniciensi
1103 3790 1329 3846 ecclesia
1373 3790 1589 3844 viduata
1632 3804 1729 3843 suo
1765 3787 2025 3849 antistite,
2068 3802 2097 3839 a
2135 3785 2280 3839 clero
2320 3793 2373 3839 et

782 3884 1099 3954 pepulo.....
1148 3881 1477 3936 unanimiter
1515 3880 1674 3951 legati
1722 3879 2009 3933 mittuntur
2051 3877 2117 3931 ad
2165 3891 2367 3945 regem,

784 3985 846 4029 ιιι
886 3975 1040 4030 daret
1080 3972 1186 4027 illis
1225 3972 1569 4028 utilissimum
1612 3979 1905 4040 pastorem,
1946 3966 2227 4038 prtefatum
2266 3967 2369 4020 sci-

783 4067 915 4121 licet
960 4066 1209 4120 abbatem
1237 4105 1251 4127 ,
1300 4065 1383 4118 cui
1429 4072 1547 4117 erat
1598 4064 1765 4116 frater
1811 4075 2099 4130 germanus
2148 4057 2368 4113 nobilis-

784 4158 955 4211 simus
994 4169 1177 4211 comes
1220 4153 1530 4219 Gaufridus,
1576 4159 1933 4223 cognomento
1976 4148 2367 4219 Grisagonella.

785 4246 943 4303 Unde
986 4261 1079 4301 rex
1127 4245 1352 4299 nimium
1400 4244 1636 4315 gavisus,
1684 4241 2253 4306 convocans,electum
2295 4239 2372 4291 vi-

782 4355 927 4405 rum,
958 4338 1125 4394 multa
1161 4352 1319 4408 prece
1346 4336 1547 4392 monuit
1577 4351 1723 4401 cum,
1748 4342 1826 4401 ut,
1864 4347 2093 4405 pergens
2125 4330 2367 4394 Pedium,

782 4434 940 4489 ﬁeret
984 4432 1055 4488 ibi
1102 4432 1403 4487 animarum
1444 4439 1627 4500 pastor
1667 4428 1790 4493 sibi,
1837 4439 1891 4482 et
1930 4426 2128 4496 populo
2174 4422 2373 4479 ﬁdelis-

783 4528 955 4582 simus
998 4534 1334 4596 procurator.
1402 4521 1527 4577 licec
1585 4521 1671 4576 ille
1726 4519 1989 4582 audiens,
2051 4532 2151 4571 nec
2211 4515 2371 4570 citius

784 4616 1154 4680 consentiens,
1201 4630 1325 4685 rege
1366 4623 1593 4681 cogente
1621 4611 1751 4666 velit
1793 4608 1945 4674 nolit,
1992 4607 2249 4662 fratribus
2280 4622 2371 4659 va-

783 4710 1044 4776 lcdicens,
1092 4709 1321 4778 sumptis
1360 4707 1483 4761 inde
1524 4704 1704 4767 sociis,
1747 4718 1869 4758 cum
1912 4700 2090 4761 missis
2121 4698 2370 4755 Auicieu-

783 4802 935 4856 sibus
964 4800 1065 4855 iter
1090 4798 1420 4870 aggreditur.
1471 4795 1584 4851 Hoc
1611 4793 1809 4849 factum
1847 4791 2125 4845 audientes
2149 4788 2371 4843 Pontius

785 4906 851 4946 uc
892 4890 1221 4946 Bertrandes
1262 4889 1380 4959 ejus
1420 4895 1678 4957 nepotes,
1733 4881 2037 4953 Aquitaniae
2082 4878 2369 4935 clarissimi

785 4980 1053 5047 consules,
1082 4996 1205 5036 cum
1253 4988 1428 5037 matre
1466 4992 1652 5034 eorum
1680 4973 1935 5029 Adelaidc
1965 4987 2152 5028 sorore
2180 4970 2367 5041 ipsius,

785 5079 1056 5128 venerunt
1110 5071 1160 5126 ei
1219 5070 1475 5135 obviam,
1528 5082 1587 5123 se
1625 5074 1680 5123 ct
1724 5080 1819 5120 sua
1867 5064 1917 5120 ei
1964 5063 2190 5127 dantes;
2246 5076 2367 5116 cum

786 5165 984 5236 quibus
1027 5161 1252 5219 Pedium
1292 5162 1606 5233 ingressus,
1662 5157 1721 5212 fit
1763 5156 1812 5211 ei
1858 5171 2050 5225 magna
2092 5153 2368 5225 prooessio

785 5255 1106 5310 clericorum
1134 5293 1149 5318 ,
1210 5252 1271 5306 fit
1312 5251 1530 5323 grandis
1574 5247 1862 5304 exsultatio
1906 5246 2186 5311 laicorum,
2227 5244 2367 5314 quod

787 5348 929 5402 Deus
973 5343 1051 5399 eis
1099 5343 1261 5399 talem
1306 5350 1590 5411 patronum
1633 5338 1886 5393 dedisset.
1937 5333 2237 5390 Pontificali
2270 5334 2368 5404 igi-

787 5449 877 5492 tur
898 5434 1157 5491 cathedra
1182 5433 1518 5490 sublimatus.
1545 5430 1786 5499 eogitaus
1810 5425 2022 5481 assidue
2048 5427 2112 5479 de
2139 5425 2369 5480 tenenda

2473 2678 2589 2747 lpse
2632 2692 2761 2733 vero
2804 2678 2943 2748 apud
2986 2676 3357 2731 Brivatcnscm
3403 2675 3578 2730 vicmn
3616 2678 3897 2744 nepotibus
3937 2678 4051 2733 suis

2472 2772 2735 2825 mandans
2779 2782 3109 2837 congregare
3150 2769 3469 2828 exercitum.
3513 2767 3763 2823 erunibus
3807 2770 3873 2823 de
3912 2783 4048 2838 pon-

2474 2862 2678 2917 tificatu
2727 2875 2824 2915 suo
2872 2858 3187 2914 coadunatis
3229 2859 3281 2912 in
3331 2874 3537 2922 unum,
3590 2860 3641 2912 in
3684 2870 3835 2927 prata
3877 2859 4051 2913 sancti

2471 2952 2725 3008 Germani
2768 2966 2888 3021 qua:
2930 2960 3053 3005 sunt
3098 2966 3261 3021 prope
3304 2951 3550 3011 Pedium,
3594 2951 3835 3021 quresivit
3876 2952 3942 3005 al)
3972 2950 4051 3005 eis

2472 3054 2532 3098 ut
2579 3057 2765 3113 pacem
2810 3042 3108 3105 firmarent,
3149 3056 3236 3095 res
3271 3056 3565 3111 pauperum
3609 3052 3663 3097 et
3702 3042 4048 3097 ecclesiarum

2471 3152 2578 3191 non
2624 3136 3024 3205 opprimerent,
3072 3134 3249 3188 ablata
3296 3134 3615 3196 redderent,
3665 3143 3720 3188 ut
3764 3136 3861 3198 sic,
3912 3134 4051 3188 sicut

2471 3228 2626 3283 decet
2657 3226 2839 3281 fideles
2866 3224 3222 3289 Christianos,
3269 3224 3341 3278 ita
3378 3239 3437 3278 se
3473 3224 3765 3290 haberent;
3805 3224 3943 3294 quod
3976 3223 4050 3277 illi

2472 3320 2846 3388 dedignantes,
2891 3316 3053 3386 jussit
3096 3316 3388 3371 exercitum
3432 3331 3587 3369 suum
3627 3331 3655 3368 a
3695 3315 3908 3369 Brivatc
3941 3325 4047 3369 tota

2472 3418 2630 3463 nocte
2670 3408 2857 3461 venire
2899 3423 3074 3472 mane,
3121 3406 3303 3462 volens
3344 3421 3438 3461 eos
3474 3407 3843 3477 constringere
3873 3416 3927 3461 ul
3957 3422 4052 3476 pa-

2471 3512 2586 3554 cem
2623 3497 2892 3566 jurarent,
2923 3506 2977 3553 et
3006 3513 3103 3566 pro
3152 3497 3263 3567 ipsa
3312 3496 3539 3551 tenenda
3583 3496 3795 3552 obsides
3837 3499 4057 3561 darent,

2472 3606 2595 3645 rura
2641 3599 2696 3645 et
2735 3588 2956 3644 castella
2993 3590 3163 3643 beatae
3205 3587 3405 3651 Marite,
3443 3596 3498 3643 et
3536 3603 3623 3644 res
3654 3588 4051 3645 ecclesiasticas

2473 3697 2606 3751 quas
2636 3681 3337 3751 rapuerant,dimitterent;
3387 3682 3530 3751 quod
3576 3680 3775 3736 factum
3814 3681 3915 3736 fuit
3941 3682 4051 3736 Deo

2473 3774 2786 3829 auxiliante.
2840 3773 3128 3841 Postquam
3154 3786 3280 3826 vero
3308 3773 3448 3828 Deus
3485 3772 3827 3841 omnipotens
3858 3780 4051 3826 cuncta

2474 3867 2574 3922 sibi
2623 3865 2950 3935 subjiciens,
3007 3864 3154 3919 dedit
3207 3864 3255 3918 ei
3311 3865 3655 3934 tranquillam
3701 3873 3754 3918 et
3802 3853 4050 3919 serenam

2474 3974 2682 4031 pacem,
2713 3958 3031 4012 convocavit
3070 3955 3307 4025 majores
3344 3957 3617 4022 Ecclesiae,
3654 3957 3837 4013 dicens
3863 3955 4055 4011 volun-

2474 4060 2638 4106 tatem
2665 4065 2816 4104 suam
2843 4064 2963 4103 esse
2992 4056 3048 4101 ut
3070 4048 3253 4103 clerici
3286 4048 3482 4104 ibidem
3508 4049 3615 4103 Deo
3641 4048 3936 4103 servientes
3964 4047 4052 4100 ha-

2470 4144 2661 4198 berent
2697 4142 3056 4197 communiter
3084 4142 3284 4197 victum
3325 4150 3377 4194 et
3406 4142 3660 4196 vestitum
3691 4141 4048 4204 sufﬁcienter;

2472 4239 2579 4293 hac
2605 4238 2669 4292 de
2698 4253 2755 4292 rc
2785 4251 2947 4291 causa
2978 4236 3233 4305 bipartita
3252 4234 3523 4290 oblatione
3547 4236 3733 4293 altaris
3752 4235 3921 4289 beata:
3940 4232 4056 4287 Ma-

2472 4330 2587 4393 rize,
2608 4329 2752 4383 dedit
2772 4344 2931 4383 unam
2956 4337 3161 4397 partem
3180 4328 3455 4383 canonicis
3474 4328 3581 4381 Deo
3604 4337 3656 4383 et
3673 4328 3789 4397 ejus
3805 4326 4053 4399 genitrici

2473 4419 2867 4484 servientibus;
2924 4418 3148 4473 alteram
3181 4433 3311 4473 vero
3349 4418 3648 4473 reservavit
3692 4419 3802 4473 suis
3843 4417 4049 4473 usibus.

2472 4510 2741 4565 Praeterea
2789 4525 2911 4564 cum
2952 4509 3169 4566 Truano
3222 4511 3446 4572 decano,
3499 4510 3702 4580 optimo
3750 4511 3885 4575 viro,
3938 4525 4053 4569 ma-

2475 4618 2578 4675 gno
2643 4602 2897 4673 ingenio,
2967 4601 3095 4656 fecit
3162 4602 3325 4657 incidi
3394 4619 3582 4673 rupem
3653 4619 3812 4672 quam
3858 4612 4053 4657 vocant

2472 4695 2727 4750 Aeuleam
2759 4693 2843 4761 (de
2873 4693 3156 4763 l‘Aiguille)
3196 4695 3247 4747 in
3281 4692 3431 4761 cujus
3460 4695 3740 4750 cacumine
3764 4694 4055 4749 aedificavit

2473 4784 2754 4840 ecclesiam
2803 4784 2855 4838 in
2900 4785 3156 4839 honorem
3202 4786 3342 4839 beati
3394 4785 3669 4840 Michaelis
3716 4786 4051 4853 dedicatam,

2472 4891 2633 4946 quam
2664 4874 2913 4930 similiter
2938 4890 3061 4930 cum
3094 4876 3303 4946 magnis
3338 4876 3710 4944 appendentiis
3743 4876 3889 4931 dedit
3910 4891 4052 4945 prte-

2474 4967 2631 5022 dictis
2656 4964 2933 5020 canonicis
2963 4964 3241 5038 [clericis].
3293 4965 3388 5024 His
3418 4967 3491 5021 ita
3525 4967 3847 5037 compositis,
3866 4967 4047 5022 divina

2473 5059 2774 5129 inspirante
2828 5057 3151 5123 clementia,
3194 5058 3319 5113 dum
3360 5058 3589 5113 domnus
3636 5057 3812 5116 Guido
3849 5069 4053 5114 sancta:

2473 5149 2807 5205 Vallavcnsis
2830 5149 3072 5205 ecclesia:
3096 5164 3331 5219 superno
3350 5159 3475 5206 netu
3500 5151 3801 5221 episc0pus,
3824 5150 4050 5205 sollicita

2475 5240 2893 5308 investigatione
2927 5240 3122 5307 mentis
3151 5256 3350 5295 arcano
3380 5257 3564 5296 secum
3597 5241 3888 5295 discuteret
3910 5255 4047 5310 qua-

2400 5297 2449 5357 D
2475 5335 2596 5389 liter
2624 5334 2878 5403 pastorali
2908 5332 3080 5388 oflicio
3110 5349 3138 5385 a
3168 5334 3275 5388 Deo
3303 5334 3402 5388 sibi
3433 5335 3720 5389 commisso
3756 5335 3822 5388 ad
3849 5333 4054 5387 utilita-

2474 5437 2581 5482 tem
2614 5441 2831 5481 suarum
2863 5426 3246 5491 ecclesiarum,
3291 5440 3385 5480 seu
3435 5426 3837 5490 coenobiorum,
3888 5434 4051 5489 atque
