4494 5520
412 411 512 465 857

1644 410 1729 462 DE
1769 408 2041 463 CllAR'fA
2080 409 2119 463 G
2134 408 2422 464 UDONIS.

3557 410 3658 466 858

409 524 554 577 disse
578 520 841 585 referens,
873 520 925 574 in
956 529 1095 575 terra
1131 520 1356 592 [tamen]
1406 520 1592 589 judicii
1621 521 1819 575 Christi
1849 535 1979 573 exa-
2010 524 2056 580 Α
2088 534 2307 588 campos
2335 561 2348 584 ,
2382 521 2541 573 silvas
2593 530 2647 573 et
2685 521 3037 589 appcndarias
3093 522 3243 575 duas.
3297 522 3361 575 Et
3393 521 3444 575 in
3470 523 3658 577 eodem

411 613 705 667 minatione
732 611 1027 681 perculsus,
1059 612 1267 665 Domini
1294 612 1580 680 benignum
1604 612 1767 680 cmpit
1794 610 1980 677 implo-

410 720 532 760 rare
562 701 815 757 auxilium
843 718 910 757 ne
929 704 1190 757 universa:
1204 704 1384 758 carnis
1415 704 1486 756 ita
1511 703 1649 756 viam
1680 702 1977 771 perliceret,

407 796 719 864 priusquam
752 796 1013 865 quidquid
1044 795 1326 865 deliquerit
1350 836 1362 860 ,
1389 811 1487 865 pro
1509 810 1668 865 posse
1696 795 1981 848 satisface-

410 896 511 939 ret.
542 884 713 949 Unde,
740 886 837 941 Dei
870 888 1043 956 gratia
1082 897 1435 941 succurrente
1474 903 1593 941 cum
1630 886 1869 941 studioso
1901 902 1984 941 se-

410 992 532 1031 cum
565 978 729 1033 taeita
761 979 1085 1049 cogitatione
1118 978 1399 1033 revolvens
1433 978 1663 1048 qualiter
1686 977 1982 1032 facinorum

409 1068 714 1133 fasciculos,
740 1068 850 1124 Deo
874 1070 1126 1140 prOpitio,
1160 1071 1427 1140 deponere
1446 1071 1722 1139 potuisset,
1741 1069 1840 1123 sibi
1870 1086 1983 1124 me-

410 1159 583 1213 moria
611 1159 810 1215 accidit
837 1162 979 1230 quod
1011 1169 1069 1214 ut
1095 1160 1446 1216 ecclesiarum
1478 1161 1643 1215 decus
1666 1168 1983 1229 augeretur,

409 1263 506 1317 per
552 1250 749 1305 multas
797 1251 1047 1306 civitates
1094 1252 1428 1305 monasteria
1473 1258 1782 1305 constructa
1824 1249 1988 1302 habe-

409 1350 627 1406 rentur;
656 1342 770 1412 ipsa
802 1356 932 1396 vero
960 1341 1266 1396 Aniciensis
1290 1342 1376 1395 cui
1407 1349 1662 1410 praeesset
1685 1381 1699 1401 ,
1730 1338 1821 1392 tali
1866 1338 1980 1391 reli-

408 1433 567 1500 gione
605 1433 763 1487 vidua
813 1435 1085 1487 monebat.
1139 1433 1403 1499 Quocirca
1448 1435 1611 1486 decus
1655 1430 1989 1484 Vallavensis

408 1522 662 1577 Eeilesia:
705 1533 1054 1594 augmentare
1106 1523 1467 1587 contendens,
1513 1531 1571 1575 ut
1616 1521 1987 1591 peccaminum

409 1613 605 1668 molem
634 1615 733 1669 sibi
790 1615 1199 1684 interiusjudex
1247 1616 1573 1677 remitteret,
1626 1616 1676 1667 in
1714 1613 1987 1667 Aniciensi

409 1705 542 1759 urbe
568 1704 922 1777 [suburbano]
953 1709 1259 1762 coenobium
1308 1707 1677 1768 constituere,
1730 1707 1838 1759 Deo
1881 1704 1987 1757 lar-

408 1795 622 1865 giente,
654 1796 943 1866 disposuit.
998 1797 1163 1852 Suam
1211 1797 1374 1869 igitur
1424 1796 1835 1865 dispositionem
1877 1810 1987 1849 sua:

407 1888 582 1942 sorori
612 1887 883 1943 Adelaida:
917 1890 1239 1952 comitissaz,
1274 1889 1490 1957 suisque
1534 1887 1689 1949 ﬁliis,
1739 1886 1988 1940 videlicet
2023 1875 2063 1933 Β

407 1980 600 2035 Pontio
624 1981 1012 2044 etBertrando,
1055 1981 1171 2050 ejus
1197 1980 1509 2049 nepotibus,
1558 1987 1987 2048 cunctorumque

408 2070 791 2125 eanonicorum
822 2071 1047 2140 collegio
1074 2070 1446 2134 manifestans,
1472 2070 1683 2123 cunctis
1727 2069 1827 2121 hoc
1869 2068 1988 2120 lau-

411 2158 685 2224 dantibus,
716 2160 768 2213 in
792 2160 1047 2230 praedicta
1086 2159 1362 2213 Aniciensi
1391 2157 1521 2212 urbe
1552 2157 1829 2227 [praedicto
1861 2155 1989 2209 sub-

407 2248 638 2321 urbano]
668 2266 765 2319 pro
804 2250 997 2304 anima:
1028 2264 1169 2309 suae.
1214 2248 1564 2316 omniumque
1610 2246 1989 2316 episcoporum

408 2342 499 2409 qui
529 2351 653 2396 ante
677 2357 735 2396 se
763 2342 814 2395 iu
851 2342 1037 2395 eadem
1076 2339 1210 2395 urbe
1250 2338 1574 2409 pastoralem
1621 2352 1805 2390 curam
1840 2350 1993 2389 rexe-

408 2432 535 2495 rint,
569 2441 624 2488 et
654 2447 873 2487 suorum
903 2446 1277 2488 successorum
1301 2472 1315 2496 ,
1358 2446 1568 2485 necnon
1606 2428 1864 2499 Stephani
1896 2444 1988 2483 co-

409 2525 577 2594 gnati,
596 2524 870 2580 Adelaidte
896 2526 1119 2589 sororis,
1139 2540 1445 2595 eorumque,
1472 2524 1702 2579 filiorum
1732 2524 1909 2578 Pontii
1941 2534 1995 2577 et

409 2615 715 2679 llertrandi,
743 2624 797 2669 et
826 2616 1067 2669 omnium
1094 2614 1399 2670 Anicieusis
1427 2614 1679 2669 Ecclesire
1704 2614 1992 2669 canonico-

409 2720 551 2771 rum,
580 2707 993 2775 animarumque
1040 2706 1410 2777 redemptione
1440 2721 1769 2775 suorumque
1805 2720 1995 2775 pecca-

410 2806 587 2850 torum
619 2796 969 2861 remissione,
1014 2797 1303 2867 quamdam
1331 2796 1617 2851 ecclesiam
1643 2796 1750 2849 sub
1776 2796 1995 2851 nomine

410 2888 605 2959 (sancti
656 2886 821 2957 Pezri)
868 2888 1186 2945 monasterii
1234 2887 1540 2943 aediﬁcavit.
1604 2885 1793 2940 Postea
1867 2901 1995 2940 vero

411 2977 646 3047 quadam
676 2977 762 3031 die
787 2976 903 3047 ipso
933 2977 1130 3032 domno
1163 2975 1409 3032 Guidone
1431 2976 1683 3047 episcopo
1715 2976 1827 3046 jam
1857 2989 1994 3045 pra:-

414 3068 561 3122 dicto
606 3068 658 3121 in
692 3068 929 3137 capitulo
964 3068 1238 3123 Aniciensi
1286 3068 1644 3138 personaliter
1693 3068 1991 3132 existente,

412 3160 623 3215 domuis
649 3159 945 3214 cauoniciis
973 3159 1038 3213 ad
1070 3160 1170 3214 hoc
1194 3159 1499 3229 specialiter
1521 3159 1745 3221 vocatis,
1772 3174 1834 3213 ex
1862 3173 1995 3227 quo-

2091 612 2325 666 \'cllaico
2347 654 2361 673 ,
2403 628 2520 681 qua:
2567 612 2864 666 Lanciacus
2915 614 3111 666 dicitur
3134 655 3148 676 ,
3182 630 3427 668 mansum
3454 629 3615 667 unum
3641 655 3654 677 ,

2086 720 2244 774 quem
2291 703 2571 757 lloﬂ'rcdus
2610 702 2931 774 [Boll’redus]
2963 704 3255 759 canonicus
3302 705 3354 757 in
3396 703 3658 758 benclicio

2088 793 2339 859 tenebat;
2391 795 2441 847 in
2477 794 2598 846 villa
2631 808 2845 863 quoque
2881 795 3050 847 sancti
3085 793 3336 848 Germani
3368 809 3527 847 unam
3561 807 3659 862 ap-

2086 886 2402 955 pendariam
2434 886 2498 938 ad
2525 885 2753 956 gallinas
2786 885 3125 949 nutriendus,
3158 894 3210 938 ct
3242 885 3291 937 in
3324 885 3510 938 eodem
3534 882 3659 938 Vel-

2088 976 2229 1029 laieo
2282 976 2333 1029 in
2374 992 2511 1046 pago
2561 990 2720 1045 quem
2770 984 2963 1029 vocant
3015 973 3449 1045 FiverlFiucs],
3497 989 3659 1029 unam

2086 1066 2370 1121 ecclesiam
2413 1068 2465 1120 in
2514 1068 2718 1121 honore
2758 1068 2929 1121 sancti
2962 1065 3157 1120 Juliani
3192 1066 3489 1119 dedicatam
3519 1107 3533 1128 ,
3565 1081 3661 1119 suo

2088 1160 2360 1227 cpiscopio
2412 1159 2689 1212 Aniciensi
2746 1158 3083 1228 subjectam,
3143 1172 3172 1210 a
3223 1158 3334 1211 suis
3381 1158 3662 1226 nepotibus

2088 1248 2281 1302 Pontio
2331 1257 2384 1301 et
2438 1248 2739 1302 Bertrando
2787 1248 2862 1317 (in
2907 1248 3358 1313 emendationem)
3421 1247 3655 1316 accepit,

2090 1352 2143 1395 et
2171 1343 2310 1410 quod
2351 1340 2463 1407 jam
2490 1341 2771 1410 prrefatum
2806 1339 3100 1408 Guigonem
3136 1339 3477 1407 przepositum
3504 1378 3517 1399 ,
3570 1354 3660 1392 ca-

2091 1447 2241 1503 ptum
2274 1434 2574 1498 violenter,
2625 1449 2652 1487 a
2681 1434 2852 1488 beatre
2882 1432 3061 1485 Maria:
3107 1430 3409 1484 Anicicnsis
3439 1428 3667 1485 ecclesia

2091 1526 2309 1579 Miniate
2340 1526 2629 1579 duxerunt.
2657 1525 2711 1578 In
2746 1526 2856 1593 ipsa
2886 1532 3062 1577 autem
3094 1523 3311 1576 civitate
3330 1523 3413 1577 cui
3438 1536 3668 1592 prmesse

2090 1620 2339 1681 videtur,
2372 1633 2536 1671 unum
2586 1617 2982 1676 molendinum,
3035 1631 3193 1685 quem
3244 1617 3311 1671 90
3345 1617 3443 1671 sol.
3478 1617 3668 1671 Petrus

2090 1711 2192 1765 sibi
2239 1709 2516 1770 vendidit,
2571 1716 2625 1762 et
2667 1723 2833 1760 unum
2879 1706 3094 1760 furnum
3127 1722 3285 1775 quem
3335 1708 3402 1761 ab
3447 1706 3668 1777 llugonc

2093 1799 2287 1853 Arcadi
2346 1797 2679 1869 [Richardi]
2733 1796 2943 1851 abbatis
2987 1806 3181 1864 nepote
3236 1796 3305 1849 ob
3352 1798 3667 1850 canonicam

2092 1907 2191 1960 pro
2217 1891 2392 1960 pretio
2421 1890 2489 1943 60
2513 1888 2612 1943 sol.
2632 1888 2860 1957 accepit,
2886 1897 2941 1940 et
2970 1888 3020 1939 in
3051 1887 3163 1957 ipsa
3196 1886 3413 1940 civitate
3438 1886 3502 1939 de
3528 1896 3667 1940 terra

2093 1982 2183 2036 illa
2220 1997 2380 2049 quam
2414 1980 2604 2050 vulgus
2636 1979 2848 2049 proprie
2879 1986 3075 2031 terram
3127 1986 3328 2032 sancla'
3359 1976 3537 2031 Mariae
3577 1993 3672 2032 no-

2094 2074 2285 2137 mittat,
2320 2088 2479 2142 quam
2512 2072 2797 2140 cpiscopus
2828 2070 2992 2139 ipsius
3020 2070 3117 2123 loci
3155 2070 3205 2123 in
3236 2071 3465 2139 propriis
3488 2071 3672 2125 usibus

2096 2169 2284 2215 tenere
2315 2176 2528 2230 semper
2554 2160 2745 2214 solitus
2766 2170 2877 2223 est;
2913 2168 3077 2213 totam
3110 2160 3460 2228 sepulturam,
3515 2160 3589 2227 (et
3618 2162 3668 2213 in

2093 2249 2275 2304 Brolio
2317 2248 2599 2303 Dominico
2636 2249 2700 2302 ad
2729 2248 3092 2318 jtunentorum
3126 2263 3321 2316 pascua
3356 2258 3559 2302 tantum
3609 2250 3674 2301 de

2096 2350 2272 2411 prato,
2306 2350 2563 2409 quantum
2594 2340 2754 2393 homo
2800 2355 2939 2393 unus
2967 2339 3017 2391 in
3044 2338 3130 2393 die
3166 2338 3301 2393 falce
3332 2339 3559 2393 voluerit
3586 2354 3671 2393 se—

2094 2432 2273 2501 care),
2323 2442 2377 2485 ct
2408 2432 2459 2484 in
2498 2431 2796 2485 Arvernico
2834 2446 3049 2499 quoque
3106 2431 3381 2485 territorio
3428 2431 3674 2485 clausum

2093 2540 2283 2587 unum,
2314 2538 2472 2593 quem
2508 2524 2573 2578 de
2620 2522 2853 2577 lmberto
2900 2523 3216 2592 presbytero
3248 2523 3349 2576 100
3397 2522 3495 2577 sol.
3529 2538 3675 2577 cona-

2094 2615 2323 2684 paravit.
2376 2613 2599 2684 lnsuper
2642 2628 2738 2683 pro
2787 2622 3103 2668 cunctorum
3152 2613 3383 2667 utilitate
3428 2613 3676 2669 laborare

2096 2709 2471 2770 contendens,
2527 2716 2584 2762 et
2634 2717 2693 2761 ut
2752 2708 2832 2761 sui
2886 2722 3231 2762 successores
3283 2708 3676 2762 indelicientem

2099 2801 2491 2873 [indeliciente]
2523 2817 2551 2853 a
2583 2800 2748 2855 totius
2792 2800 3052 2854 bonitatis
3082 2800 3339 2871 largitore
3370 2800 3673 2854 mercedem

2094 2907 2193 2962 pro
2242 2884 2521 2962 temporali
2582 2890 2851 2960 stipendio
2924 2891 3227 2960 accipiant,
3301 2906 3367 2944 ex
3426 2890 3676 2945 omnibus

2095 2998 2214 3051 qua:
2260 2982 2310 3035 in
2362 2981 2588 3036 ecclesia
2636 2991 2957 3036 cmterarum
3011 2981 3411 3035 Vollavensium
3464 2992 3677 3043 matre,

2095 3089 2214 3143 qua:
2239 3073 2449 3128 cunctis
2478 3072 2580 3127 sibi
2622 3072 3033 3140 subjicientibus
3071 3071 3366 3141 pontificali
3414 3071 3669 3125 cathedra

2096 3166 2447 3221 excellentius
2498 3165 2741 3229 eminet,
2769 3163 2989 3218 Christo
3036 3164 3129 3218 Dei
3159 3173 3213 3218 et
3256 3164 3533 3218 hominum
3569 3178 3682 3217 mc-

409 3266 531 3305 Υυηι
561 3266 788 3306 numero
826 3259 982 3305 eram
1008 3250 1343 3306 venerabiles
1387 3251 1525 3315 Viri.
1557 3251 1761 3305 dOIIIiIIi
1814 3250 1990 3305 GUidO
2020 3229 2063 3289 (δ
2096 3257 2291 3312 diatori
2346 3272 2446 3327 pro
2511 3255 2696 3324 requie
2740 3254 3162 3321 defunctorum,
3209 3253 3382 3308 salute
3432 3252 3678 3307 vivorqu

412 3342 731 3411 praepositus
756 3342 1077 3406 Aniciensis,
1104 3350 1157 3396 et
1192 3340 1489 3397 Valentinm
1516 3341 1769 3397 Ecclesire
1789 3342 1993 3410 episco~

411 3447 532 3501 pus,
563 3431 812 3487 Truanus
852 3432 1088 3487 decanus
1108 3473 1122 3496 ,
1150 3430 1343 3487 Petrus
1370 3433 1541 3487 sancti
1568 3431 1711 3486 Petri
1741 3431 1955 3486 abbatis
1974 3470 1987 3495 ,

414 3522 904 3592 Vincaeeiensisque
946 3522 1202 3577 Ecclesia:
1243 3523 1459 3592 praesul,
1508 3522 1801 3578 Guitardus
1827 3522 1992 3575 ctiam

412 3613 792 3668 V'iucwciensis
830 3612 1086 3668 Ecclesiae
1114 3614 1545 3681 archidiaconus,
1592 3624 1648 3669 et
1679 3614 1847 3668 abbas
1888 3612 1994 3667 Ro-

412 3702 599 3757 bertus
649 3703 740 3771 qui
790 3713 915 3757 tunc
948 3711 1149 3758 sancta:
1198 3702 1501 3760 Aniciensis
1541 3703 1793 3758 Ecclesia:
1836 3714 1995 3757 erant

414 3777 692 3861 canonici,
730 3812 853 3851 cum
890 3805 1208 3851 caeterorum
1258 3796 1648 3851 eanonicorum
1686 3796 1912 3865 collegio
1942 3795 1994 3849 in

415 3888 653 3958 capitulo
694 3888 1078 3951 residentium.
1129 3904 1225 3959 per
1266 3888 1497 3943 ferulam
1530 3889 1610 3943 sui
1654 3888 1997 3957 episcopatus

417 3979 802 4049 iudagatricem
830 3980 1044 4033 tradidit
1068 3980 1338 4047 praedicta:
1364 3979 1607 4035 ecclesize
1631 3996 1724 4035 seu
1745 3981 1995 4035 coenobio

415 4071 674 4141 prmdicto
701 4072 766 4126 de
791 4080 995 4126 sanctae
1035 4071 1215 4125 Mariae
1248 4080 1391 4125 terra
1417 4112 1431 4135 ,
1480 4073 1691 4127 cunctis
1716 4072 1996 4127 canonicis

417 4163 901 4227 consentientibus,
922 4164 972 4217 in
999 4164 1272 4218 territorio
1295 4163 1613 4222 Vinceneusi
1638 4164 1992 4237 [Vivariensi]

416 4252 702 4321 quamdam
755 4252 936 4307 villam
1004 4268 1123 4322 qua:
1172 4253 1372 4308 dicitur
1429 4254 1532 4309 lsla
1582 4254 1820 4327 [Fascia]
1873 4271 1995 4310 cum

415 4341 666 4397 omnibus
686 4343 900 4413 juribus
925 4352 979 4396 et
1002 4344 1334 4413 appendiciis
1358 4346 1491 4410 suis,
1515 4361 1634 4414 qua:
1663 4348 1728 4401 ad
1759 4348 1995 4417 episcopi

416 4445 622 4507 partem
654 4437 923 4506 pertinere
951 4437 1224 4500 videntur,
1254 4446 1473 4506 excepta
1507 4438 1768 4491 duntaxat
1791 4438 1994 4507 capella

416 4543 537 4597 qurc
583 4528 636 4582 in
678 4529 791 4598 ipsa
833 4529 957 4583 villa
1006 4540 1087 4584 est
1127 4529 1427 4593 mdificata,
1479 4540 1640 4600 atque
1688 4532 1740 4585 in
1791 4531 1996 4587 honore

414 4621 559 4675 beati
573 4621 825 4691 Cypriani
840 4622 1073 4691 episcopi
1090 4632 1143 4677 et
1159 4624 1409 4693 martyris
1424 4635 1761 4690 consecrata,
1781 4625 1995 4681 vivente

416 4712 633 4766 Truauo
658 4712 882 4767 decano.
929 4712 1057 4767 Post
1099 4711 1251 4781 cujus
1307 4715 1512 4769 obitmn
1550 4716 1801 4771 similiter
1848 4718 1994 4772 dedit

415 4805 584 4874 ipsam
627 4803 883 4873 capellam
934 4819 1054 4858 cum
1098 4805 1334 4859 dominio
1381 4803 1637 4877 [decimo]
1689 4821 1824 4871 suo,
1877 4808 1995 4862 sive

416 4911 539 4950 cum
586 4896 842 4951 universa
882 4894 1193 4950 haereditate
1236 4911 1356 4964 quae
1400 4897 1467 4950 ad
1515 4896 1689 4965 ipsum
1723 4898 1994 4967 pertinere

314 5053 328 5066 _
413 4986 654 5049 videtur,
686 5000 806 5054 quae
856 4994 939 5040 est
985 4985 1036 5039 in
1082 4985 1194 5055 ipsa
1234 4986 1379 5039 villa.
1434 4985 1731 5042 Fustellina
1778 4987 1994 5060 [Fascia

412 5074 543 5146 una]
574 5116 587 5141 ,
624 5074 688 5131 de
714 5076 872 5129 vinea
900 5118 912 5139 ,
956 5086 1009 5130 et
1042 5077 1093 5132 in
1151 5077 1270 5131 villa
1302 5077 1369 5132 de
1422 5078 1721 5135 Thauliaco
1774 5095 1997 5134 mansus

414 5181 587 5232 unus;
644 5182 835 5222 rursus
887 5167 952 5222 dc
1002 5170 1221 5241 proprio
1279 5166 1526 5240 [praedio]
1579 5169 1633 5225 in
1692 5170 1998 5227 Vivariensi

416 5258 794 5333 territorio_in
848 5258 973 5313 villa
1027 5262 1245 5315 nomine
1293 5258 1534 5315 Gimellis
1578 5276 1800 5318 mansos
1831 5262 2000 5325 duos,

415 5365 549 5378 ιιι-ΛΑ
592 5350 876 5378 ηΑι-ιιξθεινίο
927 5350 988 5378 ,ΙΛ
1034 5352 1277 5378 ρικξλλοιη
1358 5350 1618 5378 nan:.'nn::
1670 5361 1867 5378 ἰονιΑΙΑ
1944 5353 1999 5378 ..ι

2092 3347 2330 3402 oblatum
2364 3347 2546 3409 fuerit,
2596 3346 2859 3401 decimam
2903 3354 3111 3414 partem
3139 3345 3249 3416 jam
3281 3346 3540 3415 praedicto
3568 3358 3682 3400 ca:—

2094 3439 2255 3495 nohio
2282 3438 2489 3503 tribuit;
2524 3438 2672 3491 utita
2702 3436 2987 3492 cmnobitre
3013 3437 3113 3491 sub
3138 3436 3280 3490 beati
3305 3435 3483 3490 Patris
3508 3436 3682 3489 Bene-

2095 3533 2225 3587 dicti
2260 3530 2445 3600 regula
2492 3530 2544 3583 in
2572 3530 2758 3585 eodem
2792 3529 3122 3583 monasterio
3147 3526 3367 3582 Christo
3414 3526 3683 3581 famulan-

2097 3634 2200 3689 tes,
2232 3621 2498 3677 decimam
2527 3631 2735 3691 partcm
2766 3620 2866 3675 sub
2891 3618 3088 3673 futuris
3110 3618 3379 3689 episcopis
3403 3632 3466 3671 ex
3492 3632 3681 3672 eorum

2098 3730 2310 3785 semper
2338 3713 2624 3767 medietate
2654 3712 2941 3781 accipiant.
2974 3710 3149 3780 Super
3168 3710 3281 3763 haec
3309 3708 3488 3763 omnia
3515 3722 3678 3761 unam

2100 3805 2367 3873 integram
2417 3803 2735 3858 canonicam
2785 3816 2849 3856 ex
2886 3802 3245 3872 quadraginta
3298 3801 3485 3865 dedit,
3516 3800 3593 3853 sic
3631 3799 3683 3852 in

2100 3894 2214 3963 ipsa
2246 3894 2505 3949 societate
2534 3907 2772 3962 perennc.
2801 3890 2964 3964 [sicut
2994 3891 3107 3960 ipse
3136 3892 3189 3945 iu
3238 3890 3339 3944 hac
3365 3886 3646 3959 societate]
3665 3927 3680 3950 .

2100 3984 2209 4038 Deo
2238 3984 2586 4047 concedente,
2614 3982 2814 4037 bonum
2841 3982 3054 4036 valeant
3073 3981 3316 4051 adipisci.
3351 3979 3475 4035 llaec
3498 3988 3678 4033 autem

2099 4075 2277 4128 omnia
2307 4090 2426 4144 qua:
2448 4088 2609 4144 supra
2634 4074 2832 4143 scripta
2856 4084 2979 4129 sunt
3004 4073 3083 4129 sic
3112 4072 3368 4143 leguntur
3389 4086 3453 4126 eo
3474 4079 3680 4135 tenore,

2100 4164 2243 4219 sicut
2296 4166 2410 4233 ipse
2465 4164 2630 4236 [sicut
2684 4164 2880 4235 legitur
2926 4179 3026 4234 pro
3087 4163 3326 4218 remedio
3382 4162 3682 4215 animarum

2103 4268 2426 4311 cunctorum
2473 4257 2852 4327 praedictorum
2875 4297 2888 4321 ,
2943 4272 3007 4311 eo
3039 4267 3225 4311 tenore
3265 4253 3401 4325 ipse]
3436 4254 3686 4308 dominus

2099 4348 2273 4403 Guido
2324 4350 2609 4417 cpiscopus
2660 4348 2917 4415 praedicto
2963 4348 3210 4401 coenobio
3261 4345 3399 4399 tradi
3425 4345 3523 4405 lit.
3583 4355 3675 4405 ut,

2102 4440 2427 4512 [secumlum
2491 4441 2704 4494 abbatis
2745 4441 2832 4508 qui
2871 4438 3041 4493 eidem
3092 4438 3208 4491 loco
3253 4434 3531 4505 praefuerit
3570 4434 3687 4503 jus-

2103 4530 2332 4603 sioncm]
2373 4531 2655 4585 emnobitae
2688 4530 2756 4584 ibi
2786 4528 3043 4597 degentes
3082 4526 3300 4582 Christo
3334 4524 3560 4578 Domino
3588 4537 3687 4591 pro

2027 4600 2077 4659 Ῑ)
2104 4621 2280 4676 salute
2315 4600 2571 4675 'vivorum
2608 4630 2663 4676 et
2694 4620 2879 4688 requie
2925 4618 3306 4672 defunctorum
3351 4613 3680 4675 servientes,

2102 4718 2461 4789 proprietario
2488 4716 2609 4785 jure
2670 4716 2739 4768 ita
2774 4714 3026 4776 habeant,
3061 4717 3301 4773 teneant,
3347 4708 3683 4775 ﬂrmiterque

2102 4811 2449 4881 possideant,
2475 4808 2541 4861 ad
2570 4822 2788 4862 suorum
2821 4805 3094 4874 ipsiusque
3119 4802 3354 4858 emnobii
3397 4799 3681 4853 utilitatem

2102 4901 2416 4970 dispeuscnt
2432 4939 2447 4962 ,
2471 4907 2741 4969 quatenus
2764 4896 3099 4952 meliorando
3125 4895 3176 4948 in
3212 4893 3329 4963 ipsa
3360 4905 3573 4960 semper
3593 4904 3687 4943 ec-

2104 4988 2266 5045 clesia
2300 4998 2587 5052 maneant,
2617 4998 2670 5041 et
2704 5002 2977 5056 nunquam
3009 4985 3111 5040 nisi
3155 4984 3220 5037 ad
3246 4981 3491 5038 ecclesiae
3518 4993 3574 5035 et
3600 4994 3693 5033 eo—

2105 5095 2225 5134 rum
2260 5080 2549 5135 utilitatem
2586 5078 2653 5132 ab
2676 5078 2790 5147 ipsa
2821 5078 3099 5132 recedant.
3136 5075 3534 5130 Canonicorum
3566 5086 3694 5123 vero

2104 5170 2473 5241 congregatio,
2504 5178 2563 5223 ut
2588 5177 2799 5238 partem
2840 5168 3187 5239 sempiterna:
3242 5159 3699 5218 remunerationis

2106 5277 2135 5316 a
2173 5264 2283 5319 Deo
2309 5262 2614 5328 accipiant,
2663 5274 2761 5329 pro
2807 5258 2925 5329 ejus
2970 5263 3159 5328 rogatu
3209 5252 3606 5323 promiserunt,
3642 5262 3703 5302 se

2133 5355 2266 5378 al-“
2304 5352 2647 5378 ---ιλ-ἶοοολινι
2678 5350 3050 5378 ῘΑΑΑῘΛΙηΙΛ-ιιῖ
3094 5362 3193 5378 una
3225 5343 3524 5378 eral-“ilo”:
3544 5338 3703 5378 ιιιιῖιιζ
