4494 5520
364 440 470 500 865

1892 449 2152 504 PASSIO.

3531 453 3637 508 866

367 556 472 609 l‘ru
510 554 589 608 his
625 569 753 623 ergo
782 564 835 609 et
881 556 963 609 his
1004 557 1287 618 similibus,
1324 574 1458 628 quas
1506 560 1665 613 ambo
1707 571 1945 631 egerant,
1980 564 2023 619 Α
2056 559 2263 621 domus,
2300 568 2351 613 et
2387 559 2630 613 tualelida
2665 560 2825 613 statio
2856 560 3032 613 nautis
3061 559 3238 629 (Vino.
3271 560 3398 614 .En.
3432 577 3490 617 tt.
3518 562 3631 631 εὖ).

366 646 657 698 virtutibus
706 645 1109 701 honoraverunt
1160 664 1253 703 eos
1304 650 1508 704 nobiles
1550 660 1603 704 et
1658 652 1847 705 divites
1893 663 1946 705 et

366 737 648 789 (oluerunt
685 737 933 790 maxima:
967 753 1260 808 pauperum
1296 742 1449 795 turba
1477 744 1536 793 ’³.

432 828 485 880 2.
514 828 698 898 itaque
735 844 858 884 cum
888 830 954 885 de
985 839 1093 885 tam
1140 834 1419 901 prmnobili
1466 835 1715 905 conjugio
1761 847 1945 891 sancta

366 920 542 987 proles
590 921 784 975 merito
829 920 969 975 foret
1024 923 1328 990 uascitura,
1383 924 1526 979 inter
1576 928 1947 995 magnanimos

360 1008 585 1081 juvenes
639 1027 775 1081 quos
828 1024 1276 1082 procreaverant,
1330 1025 1487 1070 natus
1536 1027 1620 1070 est
1665 1017 1769 1069 illis
1817 1032 1947 1086 puer

363 1104 474 1170 (nu.
509 1103 633 1173 936)
664 1106 955 1174 speciosior
982 1111 1227 1174 cunctis;
1260 1112 1343 1165 cui
1376 1121 1495 1182 post
1520 1112 1570 1165 in
1603 1112 1742 1167 sacri
1768 1112 1944 1181 bapti-

360 1195 555 1248 smatis
591 1193 811 1251 lavacro
834 1198 877 1228 "
919 1199 1101 1253 datum
1130 1210 1212 1254 est
1242 1217 1436 1257 nomen
1468 1202 1809 1275 \Voyteclt".
1840 1204 1945 1259 Iste

360 1296 597 1353 quantus
626 1298 767 1343 esset
804 1288 1018 1345 futurus
1047 1307 1168 1345 cum
1204 1292 1510 1363 ignoratum
1541 1294 1720 1359 fuerit,
1752 1311 1945 1366 paren-

360 1384 444 1430 tes
470 1390 823 1447 pepercerunt
870 1380 1055 1436 forma:
1090 1383 1230 1451 ejus,
1271 1397 1323 1451 et
1359 1400 1469 1454 pra:
1516 1386 1679 1439 nimia
1710 1386 1945 1456 pulchri-

361 1468 546 1523 tudine
570 1484 729 1538 quam
758 1471 944 1525 habuit
971 1474 1381 1530 destinaverunt
1404 1491 1526 1530 eum
1551 1477 1753 1531 seculo.
1784 1477 1945 1545 Quie-

359 1560 487 1627 quid
516 1570 695 1615 autem
742 1563 861 1632 pius
884 1565 928 1594 "
957 1580 1131 1629 error,
1176 1582 1363 1621 verum
1396 1567 1440 1598 ³³
1470 1568 1609 1621 mala
1648 1569 1823 1633 venia,
1856 1585 1944 1638 pa-

360 1659 573 1704 rentum
605 1652 655 1705 in
687 1653 786 1707 hoc
810 1655 1068 1723 deliquid,
1097 1672 1219 1710 mox
1244 1657 1411 1727 culpa:
1435 1660 1676 1728 proditor
1706 1661 1942 1717 cmlestis

359 1741 454 1795 ine
505 1743 711 1812 gladius
762 1748 1020 1800 correxit.
1086 1748 1350 1804 Cerneres
1400 1767 1633 1821 namque
1689 1752 1942 1809 infantuli

2053 650 2171 718 Ipso
2209 660 2444 719 tempore
2474 660 2587 704 erat
2618 652 2660 680 ’⁸
2714 652 2971 720 magister
3002 650 3267 704 scolaruut
3312 650 3556 706 Octricus
3589 654 3632 683 ³ο

2050 742 2268 810 quidam
2306 742 2679 811 philosophus,
2712 742 2811 795 sub
2842 757 2948 810 quo
2987 743 3140 794 tut-la
3180 740 3438 808 juveuum
3486 753 3539 797 et
3568 742 3632 797 li-

2049 834 2272 887 brorum
2306 834 2344 864 ³¹
2379 835 2532 903 copia
2574 833 2760 897 multa,
2800 834 2957 887 nimis
2991 842 3267 888 crescente
3301 834 3499 899 studio,
3529 834 3628 889 ﬂo-

2051 931 2295 975 ruerunt.
2327 922 2467 992 Ergo
2516 922 2951 992 archiepisc0pus
2989 922 3077 976 ille
3104 937 3327 991 puerum
3359 939 3480 977 cum
3513 940 3630 977 nta-

2048 1032 2153 1088 gna
2200 1018 2428 1072 caritate
2480 1018 2814 1086 suscipiens,
2866 1015 2958 1070 dat
3009 1015 3111 1071 sibi
3166 1017 3631 1072 confirmatimtent

2048 1108 2377 1164 sacrosancti
2424 1107 2717 1173 crismatis,
2775 1117 2830 1163 et
2876 1122 2973 1161 suo
3020 1107 3236 1162 nomine
3282 1107 3629 1163 Adalhertum

2049 1200 2324 1271 appellans
2355 1200 2576 1255 tradidit
2621 1199 2800 1255 scolis.
2846 1199 3048 1254 Aderat
3080 1199 3183 1254 sibi
3215 1200 3439 1255 discenti
3473 1200 3631 1270 spiri-

2047 1302 2133 1347 tus
2163 1307 2377 1363 semper
2405 1293 2711 1347 individuus
2740 1293 2783 1324 ³²
2810 1307 3014 1357 comes,
3046 1304 3101 1347 et
3126 1294 3367 1349 cucurrit
3396 1294 3440 1330 ³³
3466 1294 3630 1350 divite

2047 1396 2181 1436 vena
2215 1382 2510 1452 ingenium,
2548 1384 2685 1436 ratio
2706 1383 2750 1413 “
2778 1392 2833 1438 et
2867 1398 3077 1439 sensus.

2116 1471 2169 1525 4.
2205 1470 2342 1525 Toto
2373 1480 2553 1525 autem
2584 1480 2823 1540 tempore
2851 1471 3075 1526 scolaris
3104 1472 3262 1527 studii
3289 1488 3392 1527 non
3419 1474 3628 1528 emula-

2047 1570 2133 1616 tus
2158 1562 2332 1616 fuerat
2358 1562 2619 1616 facientes
2654 1561 3018 1629 iniquitatem,
3050 1576 3147 1616 nec
3183 1563 3333 1615 stetit
3360 1564 3410 1615 in
3449 1564 3630 1618 cons?-

2046 1651 2117 1706 lio
2144 1667 2352 1717 eorum,
2384 1652 2577 1720 quibus
2599 1660 2755 1704 erant
2777 1652 2820 1682 ³⁸
2848 1652 3049 1706 inutilis
3077 1652 3120 1682 “
3146 1662 3297 1706 actus
3325 1662 3375 1706 et
3400 1654 3626 1721 puerilia

2045 1743 2297 1813 negocia;
2359 1743 2453 1796 sed
2507 1757 2631 1795 ntox
2682 1743 2769 1796 ubi
2821 1742 3029 1809 longius
3082 1742 3279 1811 aliquid
3328 1743 3369 1773 ³⁷
3420 1744 3627 1812 positus

358 1834 735 1900 corpusculum
768 1835 945 1889 subita
978 1839 1345 1905 magnitudine
1375 1844 1714 1907 excrevisse,
1751 1851 1941 1912 ριριιω
2048 1837 2307 1903 magister
2350 1834 2399 1888 ci
2446 1833 2619 1888 locum
2670 1835 2917 1904 prmbuit,
2951 1835 3178 1889 occultis
3222 1835 3507 1890 itineribus
3558 1837 3623 1890 ad

359 1922 525 1975 nimia
552 1921 823 1978 inﬂatione
857 1936 1102 1981 ventrem
1145 1938 1256 1983 toto
1285 1945 1513 2001 corpore
1540 1934 1831 2002 majorem;
1867 1936 1944 1991 sic
1979 1912 2022 1972 Β
2052 1941 2134 1980 Si"

1867 1936 1944 1991 sic
1979 1912 2022 1972 Β
2052 1936 2363 1980 sanctorum
2412 1934 2711 1995 martyrum
2752 1924 3024 1978 domicilia
3076 1925 3335 1996 confugit.
3368 1926 3441 1980 lbi
3467 1926 3510 1957 "‘
3539 1943 3627 1982 se-

360 2011 415 2064 iu
464 2012 625 2068 horas
676 2014 880 2083 majore
928 2017 1113 2072 dolore
1157 2020 1373 2085 addito,
1421 2023 1718 2091 periculum
1756 2027 1945 2080 mortis

361 2101 646 2158 imminere
691 2107 875 2174 coepit.
929 2106 1239 2163 Turbantur
1285 2121 1577 2180 parentes;
1653 2117 1947 2169 decurrunt

359 2194 593 2247 ubertim
639 2195 874 2251 lacrimae
900 2199 1095 2266 patris,
1138 2210 1192 2254 et
1222 2202 1403 2256 curvis
1431 2204 1698 2272 unguibus
1743 2203 1947 2260 iacerat

358 2298 453 2335 ora
506 2285 699 2352 pallida
756 2288 968 2352 nutrix;
1022 2297 1169 2343 stant
1200 2290 1245 2320 ’δ
1286 2291 1463 2345 mwsti
1512 2291 1738 2357 fratres;
1793 2295 1948 2348 szevit

359 2373 514 2427 dolor
544 2374 684 2428 inter
706 2376 914 2431 viscera
946 2380 1275 2444 matris,nec
1306 2397 1432 2447 vox,
1459 2398 1557 2438 nec
1580 2385 1812 2447 animus,
1845 2400 1944 2440 nec

355 2463 507 2517 color
554 2477 704 2520 certa
746 2468 873 2523 sede
917 2481 1159 2525 manent.
1202 2470 1442 2527 Tandem
1493 2474 1592 2528 sub
1627 2476 1739 2545 ipsa
1774 2486 1945 2531 morte

359 2554 678 2627 confugiunt
720 2560 787 2613 ad
819 2560 964 2630 pium
1008 2571 1064 2616 et
1106 2563 1509 2619 misericordem
1550 2566 1857 2631 Dominum,
1890 2576 1945 2621 et

354 2662 479 2718 qua:
510 2664 608 2717 pro
655 2650 930 2705 hominum
960 2654 1280 2708 necessitate
1321 2654 1441 2724 plus
1469 2655 1719 2712 omnibus
1744 2659 1944 2713 sanctis

358 2754 679 2794 succurrere
722 2741 879 2804 solet,
933 2752 1160 2798 matrem
1213 2742 1426 2797 Domini
1479 2746 1769 2813 appellant.
1817 2747 1945 2803 Inde

354 2829 578 2883 veniunt
602 2830 668 2884 ad
699 2830 954 2900 templum
991 2847 1112 2887 cum
1145 2850 1336 2904 magna
1363 2834 1663 2890 humilitate
1704 2852 1767 2892 ac
1803 2836 1944 2905 deje-

354 2920 540 2975 ctione
585 2923 795 2987 cUrdis;
870 2934 1240 2995 ponentesque
1286 2940 1512 2996 puerum
1561 2942 1723 2997 supra
1773 2928 1944 2985 altare

349 3020 555 3063 sanctas
600 3012 799 3075 Marha,
848 3024 1029 3068 votum
1059 3015 1320 3084 placabile
1371 3030 1635 3073 voverunt
1665 3034 1789 3074 eum
1836 3021 1941 3077 Do-

351 3101 520 3156 mino.
560 3101 655 3156 llis
705 3104 775 3157 ita
826 3106 963 3159 actis
988 3108 1054 3172 ”,
1087 3123 1273 3163 aversa
1303 3119 1388 3164 est
1415 3111 1712 3181 indignatio
1739 3112 1854 3178 Det,
1885 3122 1943 3169 et

350 3203 641 3250 extenuato
682 3207 871 3252 ventre
918 3214 1054 3269 puer
1097 3200 1339 3269 pristina:
1378 3202 1621 3258 redditur
1644 3202 1943 3275 pulchritu-

350 3284 465 3338 dini
489 3285 554 3338 ".

421 3394 477 3448 3.
511 3392 769 3451 Parentes
801 3413 950 3462 vero,
976 3400 1064 3469 qui
1096 3415 1255 3455 causa
1284 3403 1442 3472 hujus
1468 3405 1591 3459 mali
1622 3416 1796 3473 erant,
1826 3423 1939 3477 poe-

348 3484 577 3539 nitentia
607 3488 750 3542 ducti
784 3488 1225 3555 glorificaverunt
1253 3491 1559 3559 Dominum,
1588 3497 1678 3565 qui
1702 3512 1799 3566 pro
1829 3514 1939 3553 me-

346 3572 637 3631 lioratione
688 3578 965 3633 hominum
1014 3581 1106 3635 iraa
1137 3597 1247 3637 sua:
1272 3582 1477 3655 ﬂagella
1507 3585 1791 3657 disponere
1840 3604 1937 3643 no-

347 3666 451 3718 vit.
492 3665 631 3721 Puer
679 3679 859 3724 autem
888 3671 932 3703 "
986 3673 1274 3741 proficiens
1325 3686 1482 3732 :elale
1539 3688 1594 3732 et
1650 3680 1936 3749 sapientia,

345 3757 444 3810 ubi
480 3767 687 3829 tempus
737 3769 877 3825 erat,
910 3762 1222 3819 christianis
1269 3766 1531 3821 imbuitur
1576 3769 1806 3836 litteris;
1841 3789 1939 3828 nec

345 3847 600 3915 egressus
627 3860 709 3904 est
747 3852 964 3906 domum
997 3857 1185 3923 patris,
1222 3857 1395 3912 donec
1442 3862 1756 3916 memoriter
1804 3865 1939 3917 didi-

344 3939 423 3991 cit
477 3940 812 4007 psalterium.
847 3943 1080 4001 Proinde
1127 3962 1223 4017 pro
1252 3948 1523 4005 discendis
1555 3953 1867 4009 liberalibus
1892 3957 1938 3990 ⁸⁸

345 4029 545 4115 studiis
576 4031 720 4085 misit
748 4048 868 4087 eum
901 4044 1055 4104 pater
1081 4037 1148 4093 ad
1183 4040 1648 4110 archiepiscopum
1675 4044 1937 4100 Adalber-

347 4128 465 4174 tum
496 4123 605 4191 (an.
635 4124 780 4193 972),
809 4127 901 4195 qui
944 4128 1010 4183 ab
1036 4143 1119 4192 eo,
1148 4131 1289 4199 quod
1332 4133 1513 4186 verbis
1545 4136 1741 4199 docuit,
1773 4138 1940 4191 mori-

343 4210 452 4265 bus
478 4221 532 4266 et
567 4214 672 4269 vita
712 4232 976 4287 nusquam
1016 4222 1257 4276 recessit.
1291 4222 1528 4277 Prmerat
1564 4236 1744 4281 autem
1793 4228 1935 4283 idem

343 4318 519 4359 sacra:
558 4306 699 4372 urbi,
737 4324 858 4379 quae
890 4310 1053 4366 lattne
1082 4314 1346 4385 virginum
1375 4317 1565 4371 civitas
1595 4319 1728 4389 ('50),
1763 4336 1936 4391 grrece

343 4395 762 4469 Parthenopolis
797 4412 1049 4468 vocatur;
1090 4405 1219 4459 urbs
1244 4409 1517 4476 quondam
1550 4421 1672 4464 nota
1704 4413 1932 4483 populis,

341 4498 402 4542 et
436 4504 539 4542 una
570 4505 636 4545 ex
670 4495 879 4562 magnis
912 4495 1154 4561 urbibus,
1185 4498 1309 4551 dtutt
1343 4500 1549 4568 primus
1578 4503 1702 4557 Otto
1723 4515 1934 4576 sceptra

2047 2017 2279 2071 cundum
2319 2030 2624 2069 mensuram
2659 2016 2913 2083 temporis
2941 2015 3242 2070 orationum
3277 2024 3397 2070 vota
3429 2016 3473 2047 ³⁹
3504 2033 3625 2087 per-

2048 2108 2279 2171 solvens,
2329 2121 2544 2160 rursum
2590 2113 2715 2159 ante
2742 2120 3027 2160 occursum
3075 2105 3320 2176 magistri
3372 2106 3490 2162 loco
3527 2122 3625 2161 suo

2048 2199 2266 2255 resedit.
2324 2197 2583 2253 Noctibus
2634 2212 2880 2267 quoque,
2930 2206 2989 2252 ut
3043 2213 3176 2269 opus
3216 2213 3372 2252 suum
3425 2199 3621 2253 bomun

2049 2291 2116 2344 ab
2146 2288 2395 2343 humanis
2442 2288 2689 2343 laudibus
2731 2288 3048 2351 occultaret,
3099 2289 3291 2343 circuit
3340 2304 3622 2358 pauperes,

2046 2382 2250 2437 debiles
2289 2390 2344 2437 et
2400 2396 2594 2446 caecos,
2644 2381 2841 2451 quibus
2898 2381 3190 2437 secundum
3249 2380 3465 2435 modum
3522 2381 3622 2435 mi-

2046 2473 2311 2528 seriarum
2368 2474 2544 2528 amica
2598 2474 2859 2527 solamina
2918 2482 3157 2543 prtestat.
3208 2472 3406 2528 Verum
3466 2489 3533 2527 ne
3592 2489 3622 2529 a

2046 2565 2203 2620 bona:
2265 2566 2594 2636 operationis
2640 2565 2819 2620 studio
2870 2576 3137 2630 cessaret,
3191 2575 3346 2634 pater
3398 2576 3451 2620 et
3508 2566 3623 2636 ejus

2044 2655 2249 2726 Optima
2291 2664 2462 2711 mater
2488 2655 2670 2709 omnia
2710 2655 2755 2687 ⁸ο
2785 2654 3110 2710 suﬂicieuter
3158 2655 3439 2710 dederunt.
3483 2654 3622 2721 Quin

2044 2756 2100 2801 et
2144 2747 2404 2817 magistro
2448 2761 2546 2800 suo
2601 2760 2792 2799 aurum
2843 2752 2898 2798 et
2948 2753 3232 2815 argentum
3282 2754 3336 2799 et
3374 2746 3418 2775 δι
3477 2760 3622 2814 qure-

2045 2852 2277 2907 cumque
2329 2838 2373 2867 ⁸¹
2428 2834 2597 2890 oculis
2646 2835 2923 2889 hominum
2972 2834 3285 2905 dignissima
3332 2844 3489 2889 erant
3542 2837 3624 2890 of-

2044 2926 2301 2990 ferentes,
2332 2924 2464 2980 karo
2493 2924 2604 2979 filio
2628 2924 2675 2955 "
2714 2924 3014 2979 doctrinam
3043 2938 3237 2993 magno
3264 2923 3446 2993 precio
3473 2940 3623 2980 cme-

2045 3028 2189 3072 runt.
2236 3016 2331 3072 llle
2378 3030 2507 3070 vero
2549 3013 2819 3070 indefesso
2851 3029 3010 3069 cursu
3052 3015 3119 3068 ad
3156 3029 3318 3069 omne
3363 3015 3623 3070 virtutum

2044 3107 2361 3163 exercitium
2412 3114 2583 3161 semet
2641 3105 2816 3175 ipsum
2864 3119 3076 3173 semper
3104 3104 3422 3165 extendens,
3480 3105 3619 3159 inter

2046 3215 2173 3256 suos
2216 3197 2451 3268 collegas
2484 3195 2882 3266 pulcherrimus
2920 3196 3207 3264 processit.
3243 3194 3477 3249 Recessu
3510 3211 3625 3249 ma-

2044 3293 2219 3363 gistri,
2249 3290 2462 3361 quando
2491 3288 2669 3344 ett-teri
2704 3286 2958 3341 inanibus
2988 3286 3127 3341 ludis
3154 3286 3350 3356 etjoco
3382 3286 3624 3341 laborem

2042 3384 2251 3453 legendi
2288 3383 2389 3438 sibi
2420 3381 2751 3444 minuerunt,
2775 3378 2863 3433 ille
2894 3394 3023 3434 vero
3050 3377 3095 3409 “
3128 3378 3350 3431 Davitici
3388 3379 3624 3434 nectaris

2043 3476 2199 3530 mella
2240 3473 2555 3544 degustans,
2598 3468 2826 3540 spiritali
2869 3470 2979 3523 risu
3022 3485 3081 3523 se
3119 3468 3343 3523 solatur.
3398 3467 3625 3534 Quando

2042 3566 2115 3619 illi
2150 3564 2475 3634 prandentes
2505 3560 2557 3614 in
2586 3559 2794 3629 angulis
2837 3558 2997 3613 scolae
3021 3558 3199 3612 dulcia
3232 3556 3458 3611 obsonia
3501 3572 3620 3610 tua-

2041 3658 2209 3729 gistro
2259 3654 2529 3717 furantur,
2598 3650 2689 3705 ille
2757 3648 2985 3704 furtivas
3037 3648 3310 3703 orationes
3390 3647 3624 3703 dominas

2042 3762 2152 3802 sum
2186 3746 2230 3777 ⁸⁸
2271 3743 2384 3815 (5-2)
2436 3742 2683 3807 mittens,
2741 3739 3039 3810 angelicam
3079 3737 3271 3808 dapem
3321 3737 3422 3792 sibi
3476 3752 3624 3792 mer-

2041 3850 2217 3894 catur.

2110 3950 2165 4004 5.
2197 3946 2483 4002 Videamus
2536 3958 2679 3999 nunc
2730 3943 2871 3997 inter
2915 3941 3050 3996 alias
3098 3940 3324 3995 virtutes
3347 3955 3481 4010 quas
3523 3941 3618 3995 ha-

2039 4040 2239 4104 buit“,
2278 4047 2481 4093 sanctae
2531 4034 2893 4105 simplicitatis
2932 4048 3094 4103 quam
3144 4032 3438 4087 ditissimus
3484 4043 3619 4088 erat.

2039 4132 2277 4200 Quadam
2308 4130 2395 4184 die
2431 4127 2558 4182 dum
2584 4127 2685 4180 iret
2708 4127 2775 4179 de
2798 4123 2979 4189 scolis,
3010 4139 3149 4178 unus
3175 4124 3267 4193 qui
3293 4133 3410 4179 erat
3441 4125 3621 4178 socius

2040 4224 2268 4283 itineris,
2316 4226 2732 4291 prmtereuntem
2758 4215 2988 4287 puellam
3019 4215 3182 4269 humo
3212 4216 3526 4285 prostravit,
3568 4224 3623 4269 et

2039 4333 2199 4374 causa
2246 4314 2354 4368 ludi
2380 4327 2506 4368 eum
2548 4311 2780 4380 desuper
2807 4309 3053 4379 projecit.
3084 4308 3426 4363 Concurrunt
3452 4309 3623 4362 scola-

2039 4423 2146 4471 res,
2191 4414 2246 4460 et
2294 4403 2552 4473 quidnam
2602 4399 2739 4455 foret
2788 4408 3028 4464 acturus,
3073 4413 3195 4453 eum
3242 4408 3444 4468 Ingenti
3490 4400 3622 4453 eba-

2039 4500 2235 4555 chinno
2266 4502 2569 4565 expectant.
2616 4491 2708 4546 Ille
2745 4506 2873 4546 vero
2901 4491 3026 4560 quia
3068 4491 3320 4546 vestitam
3361 4489 3622 4560 virginem

342 4578 551 4648 regalia
583 4583 751 4646 rexit;
786 4598 929 4640 nunc
953 4595 1132 4641 autem
1160 4603 1256 4658 pro
1280 4592 1515 4658 peccatis
1538 4592 1650 4663 (51)
1676 4598 1932 4652 semiruta
1968 4614 2012 4673 ι)
2041 4591 2239 4662 tetigit,
2280 4604 2314 4644 ο
2351 4589 2488 4644 bona
2538 4584 2765 4640 stultitia
2786 4584 2863 4637 ‘7!
2891 4582 3003 4652 jam
3043 4596 3102 4638 se
3146 4582 3393 4653 nupsisse
3448 4582 3623 4639 veris-

336 4672 345 4700 1

1633 4746 1868 4805 VARUE
1909 4745 2315 4808 LECTIONES.

422 4869 468 4902 "
499 4871 664 4925 turhte
704 4870 738 4926 5
768 4872 857 4937 4a,
903 4871 958 4926 b.
1049 4874 1093 4913 ³ο
1126 4872 1309 4930 lavare
1355 4876 1407 4929 1.

433 4940 679 5019 (largi/iw,
708 4943 971 5019 vigentius
998 4942 1103 5019 41).-
1116 4946 1431 5019 _w_oitbee_5.
1460 4949 1765 5019 woythicch
1794 4952 1935 5019 quod
1962 4964 2156 5004 nomen
2184 4955 2341 5003 sonat
2367 4943 2663 5019 consolatio
2685 4940 2957 5019 exercitus
2983 4944 3067 4999 5c.

341 5012 394 5086 ’f
421 5011 627 5086 vcl_§:_t_._
692 5012 1011 5086 if‘llentdb.
1088 5015 1134 5047 "
1161 5015 1319 5069 factis
1344 5016 1434 5071 5a.
1468 5011 1704 5086 peractis
1726 5011 1824 5082 4a;
1846 5022 1899 5075 b.

343 5081 399 5154 ς.
501 5080 547 5113 ’⁸
576 5080 856 5137 libralibus
897 5084 945 5136 1.
1046 5085 1186 5141 “ibi
1233 5087 1432 5141 addunt
1462 5080 1553 5154 Ita,
1600 5089 1652 5144 lt.

348 5151 396 5182 ”
445 5166 656 5221 semper
702 5154 925 5207 :zzvidus
984 5155 1033 5208 1.
1086 5156 1333 5210 inviduus
1377 5156 1465 5211 4a.

343 5221 436 5277 5c.
515 5222 561 5253 "
587 5233 708 5277 erat
753 5222 840 5276 Λα.

342 5308 398 5374 9.-
431 5292 737 5374 ξ¹)ίτιιι,εξ.ἐ¹);

341 5360 391 5392 ⁸³
431 5360 546 5398 ιρινῖ
582 5362 673 5398 filii
711 5362 745 5397 ὓ
796 5363 857 5398 ’ζα
914 5374 937 5398 c
992 5364 1047 5398 ιη

913 5222 959 5255 ⁸⁸
984 5224 1199 5280 inutiles
1226 5225 1280 5279 2.
1315 5227 1404 5292 Sa,
1442 5244 1491 5283 c.
1544 5229 1638 5285 41).

1113 5368 1139 5398 h
1199 5365 1229 5398 βξ

1730 5089 1773 5120 ³⁸
1802 5083 2063 5147 Olttricus
2086 5091 2176 5154 5a,
2218 5104 2267 5144 c.
2317 5086 2549 5141 clericus
2572 5083 2662 5137 4a.
2705 5083 2938 5154 sterictts
2966 5083 3055 5138 4b.

1560 5159 1607 5191 ³³
1658 5161 1830 5215 currit
1871 5163 1961 5227 4a,
2014 5152 2254 5214 currenti
2308 5156 2400 5211 4h.
2465 5155 2796 5227 curruut_2.
2847 5152 2961 5227 ξεί
2999 5152 3143 5227 ολδ.

1737 5230 1780 5261 ³⁷
1809 5222 1991 5304 aliquo
2017 5231 2102 5304 3a.
2136 5230 2228 5304 4a,
2254 5230 2308 5304 b_.
2339 5228 2390 5282 5.
2426 5223 2818 5304 aliquantulum
2850 5222 2938 5304 ξε.

827 5293 873 5329 ⁸⁹
903 5303 1026 5348 votu
1057 5313 1193 5350 corr.
1230 5308 1350 5350 vota
1380 5300 1430 5352 1.
1507 5298 1553 5330 ⁸ο
1577 5316 1630 5354 ο.
1668 5301 1717 5355 ei
1739 5316 1779 5355 s.
1811 5303 1868 5358 2.
1901 5293 1917 5304 ’
1942 5303 1986 5335 δι
2022 5303 2162 5355 deest
2192 5301 2247 5355 2.
2276 5299 2362 5354 ιι.
2438 5298 2485 5329 δ’
2520 5293 2748 5365 quaeque
2778 5295 2824 5347 ι.
2854 5294 2911 5347 2.
2936 5309 3149 5365 quoque
3180 5295 3241 5349 4a
3283 5295 3335 5347 5.
3370 5293 3508 5345 deest
3537 5293 3631 5348 ιιι.

827 5375 857 5398 ηδ
914 5374 937 5398 c
992 5364 1047 5398 ιη
1113 5368 1139 5398 h
1199 5365 1229 5398 βξ
1329 5367 1373 5398 ιδ
1406 5371 1541 5398 ιιι-...ο
1571 5370 1606 5398 ο
1676 5372 1703 5398 ε
1802 5374 1850 5398 ι..
1889 5376 1959 5398 ξ...
1986 5374 2002 5398 ι
2061 5372 2169 5398 :.....
2209 5388 2322 5398 --.ω
2371 5368 2590 5398 ΑΛΜῖηΛ
2617 5380 2751 5398 anno
2798 5367 2960 5398 mne»:
2994 5365 3190 5398 .lnmin:
3225 5365 3306 5398 ωεῖ
3348 5363 3411 5398 λιιι
3486 5361 3533 5393 ιϐ
3573 5362 3606 5398 1-

1986 5374 2002 5398 l
2061 5372 2169 5398 .‘.....
2209 5388 2322 5398 --.η-
2371 5368 2590 5398 ΑΛΜῖηΛ
2617 5380 2714 5398 cura
2738 5380 2751 5393 ο
2798 5367 2960 5398 πιαιθηῖ
2994 5366 3190 5398 ιΙΛπιηῖηἷ
3225 5366 3306 5398 uni

1486 4876 1528 4907 ¹¹
1558 4877 1812 4933 woietetlt
1848 4880 1901 4935 in
1941 4879 2053 4933 loco
2087 4894 2206 4932 raso
2234 4893 2335 4931 sec.
2366 4890 2527 4928 manu
2562 4872 2611 4926 1.
2652 4871 2899 4943 woytbec
2928 4873 2982 4927 2.
3010 4871 3261 4929 uvéntius
3291 4873 3375 4928 La.
3420 4881 3467 4926 et
3502 4875 3620 4928 cod.

3148 4944 3192 4973 ”
3226 4959 3331 4997 non
3364 4943 3537 4996 solum
3568 4944 3623 4998 5.

2757 5014 2801 5045 "’
2834 5029 2995 5080 supra
3020 5013 3272 5067 scribitur
3292 5013 3627 5069 adelbertus.

2757 5083 2938 5137 ericus
2966 5083 3055 5137 4b.
3146 5083 3188 5114 ³¹
3220 5083 3509 5137 liberorum
3536 5083 3627 5137 3a.

3246 5154 3291 5185 "’
3338 5153 3515 5206 oratio
3565 5154 3621 5207 2.

3028 5223 3075 5256 ³⁸
3117 5223 3205 5278 ubi
3236 5226 3285 5279 1.
3313 5240 3339 5277 e
3366 5238 3503 5275 corr.
3538 5222 3633 5288 5a,

2048 5034 2223 5090 p—ne
2246 5032 2381 5090 conj.
2411 5014 2663 5090 p—ni_i.

3294 5363 3411 5398 ilh
3486 5361 3533 5393 ιο
3573 5362 3606 5398 1-
