4494 5520
812 340 914 401 861

1822 342 1880 396 S.
1922 340 2311 397 ADALBERTI
2354 336 2659 393 EPISCOPI
2696 332 3079 391 PliACENSlS

3983 331 4087 387 868

813 460 947 511 sime
976 455 1019 485 "
1051 454 1296 509 credidit.
1330 454 1453 506 lude
1479 453 1692 521 erigens
1720 467 1778 505 se
1803 453 1845 484 ’⁸³
1873 454 1938 506 de
1968 454 2135 507 invisa
2168 454 2392 521 virgine.
2425 456 2475 512 Α
2503 450 2733 519 (tumqui
2760 448 3098 503 adhuchodie
3126 447 3200 500 nil
3225 447 3395 500 sciunt
3425 446 3498 500 vel
3519 446 3739 515 faciunt,
3776 458 3922 502 extra
3944 453 4084 519 quod

810 540 957 599 dedit
988 559 1047 597 sc
1080 545 1213 598 lene
1234 543 1459 614 simplex
1491 559 1623 612 puer
1650 543 1700 596 in
1737 544 2106 598 amarissimas
2130 544 2396 597 lamenta-

813 637 1006 698 tiones,
1056 644 1220 703 atque
1268 635 1522 687 continuo
1571 634 1742 688 imbre
1792 634 1977 689 oculos
2021 635 2338 688 qunectans
2381 652 2393 688 :

812 723 934 777 Heu
964 724 1079 777 me!
1117 739 1393 793 nupserant
1417 722 1483 787 ⁸ο,
1517 722 1727 793 inquid,
1756 732 1811 777 et
1840 724 2085 778 criminis
2122 724 2400 777 machina-

816 824 991 868 torem
1025 814 1192 884 digito
1237 824 1544 867 monstrans
1575 831 1586 866 :
1624 812 1726 865 llic
1755 830 1833 867 me
1861 814 2051 868 nubere
2080 814 2236 883 fecit!
2275 813 2399 869 llzec

813 913 870 957 et
900 903 985 957 his
1009 903 1206 956 similia
1238 902 1345 956 Deo
1371 901 1559 971 plenus
1587 901 1882 957 infantulus
1924 902 2036 971 jam
2082 913 2207 958 tunc
2233 920 2398 973 agen-

811 999 899 1062 do,
957 996 1250 1051 multorum
1300 996 1484 1051 oculos
1534 997 1588 1050 in
1636 1011 1695 1051 se
1746 996 2024 1061 delixit“,
2081 998 2395 1051 mirantium

805 1088 921 1158 ejus
950 1096 1069 1142 acta
1106 1102 1168 1141 ac
1205 1085 1496 1140 dicentium
1529 1103 1541 1140 :
1592 1085 1909 1140 Beued‘eens
1951 1087 2211 1141 benedixit
2253 1089 2393 1141 hanc

808 1193 1027 1246 puerum
1061 1175 1222 1241 Deus,
1261 1176 1350 1245 qui
1386 1175 1525 1243 infra
1571 1176 1753 1228 limina
1787 1177 2033 1245 puericia:
2058 1178 2227 1230 adhuc
2252 1179 2392 1245 posi-

807 1279 912 1331 tus,
944 1268 1012 1319 ad
1040 1269 1232 1335 optima
1259 1282 1475 1335 qua’qtte
1502 1267 1575 1319 sic
1618 1266 1817 1319 arduus
1856 1269 2041 1336 surgit.
2093 1266 2137 1320 0
2164 1278 2241 1320 ter
2268 1284 2393 1337 qua-

805 1369 983 1428 terque
1009 1360 1211 1421 beatus,
1232 1360 1275 1412 si
1290 1358 1400 1413 htt'c
1428 1358 1771 1411 humanitatis
1795 1359 1970 1411 studia
1998 1368 2104 1411 tota
2128 1359 2396 1411 devotione

805 1448 1183 1517 adimpleverit,
1220 1458 1266 1501 et
1312 1448 1507 1516 arrepti
1533 1446 1702 1515 operis
1745 1463 1954 1500 cursum
1983 1464 2210 1516 congruo
2254 1448 2395 1499 exitu

804 1540 1195 1593 terminaverit!
1250 1539 1455 1605 Quibus
1511 1553 1640 1593 vero
1692 1540 1940 1609 cognitus
1987 1549 2103 1593 erat
2145 1547 2297 1607 pater
2341 1548 2395 1592 et

807 1628 927 1696 ejus
957 1629 1185 1684 miriﬁca
1216 1640 1388 1684 mater
1415 1648 1427 1684 :
1470 1628 1583 1684 Non
1606 1639 1679 1682 est
1711 1630 1925 1693 ntirum,
1949 1630 2118 1693 aiunt,
2150 1630 2195 1681 si
2217 1640 2393 1682 tantus

804 1729 878 1771 est
910 1720 973 1771 de
1008 1720 1168 1772 tantis
1188 1719 1492 1787 parentibus
1523 1728 1690 1771 ortus.
1724 1715 1907 1771 I’atris
1927 1718 2138 1787 justitia
2168 1720 2315 1787 ﬂoret
2339 1718 2393 1772 in

2501 540 2696 608 digitus
2721 538 2766 568 ⁸⁸
2795 549 2998 591 satantv
3024 540 3077 590 in
3101 553 3280 591 eorum
3306 538 3546 591 cordibus
3571 540 3794 608 scripsit.
3839 538 3906 594 Ve
3930 543 4079 607 mihi,

2498 633 2622 700 quia
2653 631 2810 684 silui!
2846 629 2962 683 Hoc
2992 640 3088 693 est,
3130 630 3269 700 quod
3318 629 3478 693 dolet,
3507 641 3554 683 et
3589 631 3781 685 dolebit
3809 632 3862 687 in
3889 648 4077 687 meum.

2502 720 2643 773 Nam
2669 738 2783 774 ecce
2807 722 2827 773 .'
2849 720 2979 774 dine
3003 723 3183 773 mortis
3213 721 3416 774 victima
3449 722 3503 774 in
3545 720 3806 790 infernum
3834 732 3971 776 recta
4001 724 4083 775 tia

2498 813 2822 881 proﬁciscar,
2841 812 2928 865 ubi
2943 828 3135 865 vermes
3153 812 3252 865 ntei
3275 828 3377 865 non
3397 812 3701 877 morientur,
3719 825 3764 867 et
3788 814 3923 883 ignis
3938 830 4081 869 meus

2498 903 2693 955 ardebit
2711 903 2762 955 in
2780 912 3105 965 (ctermtnt,et
3122 902 3286 954 ultra!
3301 900 3391 956 Sic
3408 902 3481 955 ait
3497 911 3552 956 et
3565 902 3723 956 citius
3737 887 4085 974 dicto“(th-

2499 1009 2606 1049 GlL.
2638 992 2767 1047 Λῖη.
2805 1009 2841 1056 ι.
2876 992 2997 1063 142)
3029 992 3386 1053 obdormivit;
3418 991 3699 1061 factusque
3732 1002 3815 1048 est
3841 992 4086 1063 planctus

2498 1100 2727 1155 magnus
2757 1099 2918 1153 super
2942 1099 3085 1138 cum.
3137 1083 3457 1137 'l‘imuerunt
3475 1093 3653 1137 autem
3676 1084 3721 1114 ⁷ο
3751 1083 3943 1138 timore
3972 1099 4084 1137 ma-

2496 1189 2620 1245 gno,
2646 1176 2740 1229 sed
2765 1190 2872 1244 pra:
2892 1174 3142 1229 omnibus
3166 1174 3481 1229 adolescens
3514 1176 3581 1226 ⁷³.
3620 1174 3963 1240 Adalbertus,
3989 1174 4083 1243 qui

2499 1266 2585 1320 his
2609 1266 2796 1319 diebus
2823 1265 3111 1320 deliciosus
3142 1264 3295 1319 miles
3320 1274 3457 1319 erat.
3477 1262 3641 1320 Nocte
3654 1265 3841 1320 eadem
3858 1266 3903 1296 "
3926 1281 4083 1320 sacco

2497 1356 2720 1410 indutus
2747 1356 2963 1411 cilicino
2992 1365 3047 1410 et
3075 1365 3387 1425 caputeauo
3408 1356 3590 1410 cinere
3620 1371 3955 1427 respergens,
3971 1358 4085 1410 sin-

2492 1446 2647 1514 gttlus
2678 1445 2871 1499 circuit
2906 1445 3164 1499 ecclesias
3190 1461 3203 1508 ;
3233 1446 3557 1514 pauperibus
3590 1460 3804 1514 quoque
3836 1461 3955 1513 qua:
3982 1447 4077 1500 ha-

2496 1534 2615 1589 buit
2646 1536 2793 1604 large
2822 1536 3152 1605 dispergens,
3192 1550 3251 1589 se
3277 1544 3331 1588 et
3374 1551 3593 1589 causam
3642 1551 3793 1589 suam
3835 1536 4085 1605 precibus

2495 1627 2719 1681 Domino
2743 1628 3157 1681 commendavit.
3207 1626 3309 1695 Ipsi
3340 1637 3517 1681 autem
3547 1628 3889 1697 episcopatus
3914 1630 4083 1685 bono-

2495 1730 2606 1770 rem
2632 1716 2744 1786 jam
2789 1725 2913 1772 tunc
2942 1716 3103 1786 aliqui
3138 1716 3313 1771 tacitis
3369 1718 3895 1787 reprotnissionibus,
3944 1736 4079 1776 nou-

803 1828 884 1874 co,
933 1821 981 1865 et
1023 1822 1274 1866 materna:
1312 1811 1522 1880 pietatis
1560 1812 1734 1881 imago
1784 1812 1839 1863 in
1880 1827 2141 1879 purpureo
2186 1822 2391 1879 pectore
2423 1807 2466 1867 Β
2495 1810 2625 1863 nulli
2659 1809 2872 1878 publico
2898 1825 3147 1864 sermone
3173 1809 3558 1878 promiserunt.

802 1914 1001 1959 vernat.
1038 1904 1177 1972 Quot
1209 1906 1364 1959 armis
1405 1905 1626 1966 studuit,
1665 1906 1927 1959 incertum
1971 1914 2084 1967 est;
2131 1906 2223 1959 sed
2264 1905 2390 1972 quia

801 1992 1078 2049 szeeularis
1119 1994 1472 2065 philusOphire
1494 1995 1539 2025 "
1570 2004 1653 2049 sat
1697 1995 2088 2049 scientissimus
2130 2003 2266 2054 erat.
2297 2010 2393 2048 no-

798 2087 974 2139 vimus
1001 2100 1207 2140 omnes.
1244 2085 1413 2151 Quem
1452 2086 1728 2148 Dmninus.
1767 2084 1950 2147 credo,
1980 2087 2045 2139 ad
2074 2085 2173 2139 hoc
2201 2085 2395 2138 huma-

799 2194 883 2232 na:
934 2178 1288 2248 philosophiae
1313 2178 1358 2209 °'
1406 2178 1622 2231 studere
1672 2176 1860 2239 voluit,
1916 2184 1975 2228 ut
2032 2184 2153 2244 post
2196 2175 2391 2229 divinat

798 2268 1077 2338 sapientia:
1121 2278 1330 2322 montes
1376 2266 1615 2320 faciliore
1646 2281 1834 2335 gressu
1875 2267 2135 2320 scandere
2177 2275 2388 2334 posset;

798 2368 891 2412 aut
924 2357 1111 2427 pocius
1140 2358 1321 2413 saeculi
1359 2373 1544 2410 amara
1568 2356 1824 2425 parvulus
1864 2366 2049 2427 potare
2089 2357 2291 2422 debuit,
2334 2365 2391 2410 ut

794 2457 916 2518 post
951 2449 1033 2503 vir
1077 2448 1252 2503 factus
1300 2449 1392 2503 Dei
1428 2447 1606 2502 dulcia
1637 2448 1878 2500 avidiore
1902 2448 2084 2501 animo
2126 2448 2387 2501 hauriret.

868 2540 921 2593 6.
954 2538 1082 2594 Post
1109 2539 1221 2594 haec
1247 2540 1503 2610 magister
1531 2538 1802 2593 scolarum
1826 2538 1871 2568 ⁸³
1900 2539 2243 2607 imperatoris
2269 2553 2389 2592 ser-

792 2632 929 2686 vitio
951 2632 1240 2701 ascriptus,
1269 2635 1501 2686 accessit
1529 2632 1579 2685 in
1611 2630 1814 2700 regiam
1848 2638 2059 2684 curtem
2088 2628 2199 2699 (an.
2237 2628 2388 2698 981).

796 2725 868 2777 At
922 2722 1415 2777 archimandrita“
1460 2721 1783 2776 Adalhertus
1820 2720 1866 2751 ⁸⁸
1897 2719 2136 2774 debitum
2182 2729 2387 2774 natura:

794 2814 1129 2885 persolvens,
1190 2829 1256 2869 ex
1299 2814 1400 2868 hoc
1454 2812 1641 2882 pelago
1694 2812 1760 2866 ad
1810 2810 1993 2865 littora
2040 2810 2386 2877 sempiterna:

792 2906 1151 2961 beatitudinis
1191 2905 1570 2959 trau'svolarat.
1625 2903 1888 2956 Alumnus
1936 2912 2116 2956 autem
2152 2902 2240 2955 ille
2286 2916 2385 2969 pa-

796 2997 957 3051 triam
984 3010 1249 3063 carosque
1276 2995 1608 3063 propinquos
1636 2993 1898 3057 revisens,
1928 2993 2029 3045 sub
2056 3006 2224 3046 sacra:
2254 2990 2385 3044 civi-

790 3089 925 3143 tatis
952 3087 1138 3158 Praga;
1158 3087 1411 3155 episcopo
1432 3086 1477 3117 "
1503 3100 1653 3139 arma
1677 3084 1991 3139 christiana:
2033 3085 2247 3139 milieia:
2284 3084 2385 3138 mi-

2567 1903 2619 1955 7.
2664 1901 2792 1957 Post
2819 1912 3048 1957 mortem
3079 1917 3207 1956 vero
3236 1902 3471 1971 episcopi
3504 1919 3610 1957 non
3652 1903 3806 1974 longe
3855 1904 3920 1959 ab
3951 1905 4083 1958 urbe

2494 1993 2666 2063 Praga
2695 1992 2865 2047 factus
2892 2003 2976 2047 est
3002 2003 3298 2047 conventus
3329 1992 3581 2047 desolata:
3620 1993 3790 2062 plebis
3818 2010 3921 2047 una
3959 2010 4082 2048 cum

2493 2083 2735 2154 principe
2763 2082 2907 2139 illius
2936 2095 3121 2149 terrae;
3152 2094 3207 2139 et
3236 2084 3295 2138 ﬁt
3324 2082 3551 2153 diligens
3590 2083 3884 2153 inqu‘sitio,
3924 2100 4082 2154 quem

2492 2189 2591 2243 pro
2621 2173 2709 2227 illo
2740 2184 3022 2243 ponerent.
3074 2173 3497 2242 Responderunt
3541 2184 3720 2227 autem
3750 2189 3938 2228 omnes
3977 2190 4082 2227 uno

2492 2282 2588 2321 ore
2623 2285 2635 2319 :
2671 2265 2737 2319 Et
2763 2266 2879 2336 quis
2912 2266 3073 2328 alius,
3104 2267 3205 2320 nisi
3232 2266 3477 2336 indigena
3521 2277 3694 2320 noster
3737 2266 4077 2330 Adalbertus,

2492 2359 2644 2428 cujus
2690 2369 2862 2421 actus,
2908 2358 3171 2421 nobilitas,
3205 2358 3405 2411 divicia:
3456 2374 3518 2411 ac
3564 2359 3668 2411 vita
3719 2374 3837 2412 cum
3877 2357 4075 2411 honore

2491 2450 2854 2503 concordant?
2887 2448 2988 2502 llic
3008 2466 3109 2520 quo
3145 2450 3252 2519 ipse
3275 2449 3553 2519 gradiatur
3580 2450 3771 2519 optime
3802 2449 3939 2503 novit
3960 2466 3976 2514 δ
3996 2449 4078 2502 hic

2490 2544 2646 2596 etiam
2708 2542 2957 2597 ducatum
3010 2542 3308 2595 animarum
3359 2542 3643 2611 prudenter
3706 2543 4080 2598 amministrat.

2490 2633 2692 2688 Eodem
2724 2634 2812 2688 die
2842 2633 3136 2697 dominico,
3165 2633 3382 2702 quando
3418 2634 3531 2687 haec
3554 2632 3745 2688 electio
3789 2632 3929 2688 facta
3975 2644 4079 2698 est,

2491 2724 2711 2792 quidam
2740 2724 3075 2779 validissimo
3105 2723 3332 2778 demone
3376 2733 3561 2794 raptus
3591 2722 3764 2779 fertur
3810 2725 3861 2778 in
3899 2725 4075 2779 eccle.

2489 2814 2568 2869 sia
2596 2814 2643 2844 "
2672 2814 2760 2869 ubi
2789 2815 2943 2869 sedes
2967 2815 3288 2885 episcopalis
3313 2824 3427 2880 est;
3460 2824 3516 2871 et
3540 2816 3706 2885 empit
3728 2815 3908 2886 palam
3949 2830 4087 2886 con;

2490 2903 2632 2957 literi
2662 2902 2800 2957 mala
2826 2906 2873 2934 ⁷⁵
2899 2919 3015 2966 sua,
3046 2920 3275 2973 quorum
3306 2904 3411 2959 sibi
3456 2910 3705 2960 conscius
3746 2914 3885 2961 erat.
3930 2905 4081 2960 Tunc

2487 3006 2858 3052 convenerunt
2913 2998 3143 3053 ministri
3193 2997 3535 3054 dominicalis
3582 3014 3812 3065 mensa},
3860 3011 4081 3053 orantes

2494 3106 2593 3159 pro
2621 3107 2686 3145 eo
2710 3101 2763 3145 et
2788 3090 2956 3145 sacris
2990 3091 3167 3145 verbis
3212 3090 3489 3144 inimicum
3521 3100 3925 3160 persequentes.
3976 3088 4084 3143 Es-

795 3180 1052 3235 litaturus
1083 3178 1397 3246 assumpsit.
1440 3176 1552 3231 Nec
1593 3176 1763 3230 multo
1803 3186 1927 3246 post
1975 3178 2118 3246 cepit
2162 3176 2389 3246 languor
2417 3160 2461 3222 C
2494 3182 2747 3235 clamavit
2776 3190 2956 3233 autem
2998 3196 3095 3249 per
3140 3194 3201 3234 os
3258 3178 3401 3233 illius
3434 3178 3828 3248 impurissimus
3868 3178 4078 3232 damon

697 3254 706 3265 ’
792 3273 1062 3344 pessimus
1112 3272 1340 3327 eundem
1397 3269 1751 3340 episcopum,
1811 3278 1865 3323 et
1917 3269 2222 3324 detestabili
2282 3271 2387 3323 line

791 3363 1045 3419 clausura
1079 3361 1241 3416 vitam
1260 3361 1409 3415 venit
1430 3360 1478 3414 ei
1510 3360 1697 3414 ultima
1725 3358 1841 3414 dies
1865 3359 1977 3429 (an.
2004 3359 2150 3430 989.).
2175 3358 2308 3413 Nam
2333 3360 2385 3414 in

791 3465 1039 3510 extremo
1087 3453 1350 3515 anhelitu,
1395 3468 1517 3507 cum
1565 3463 1743 3506 tamen
1794 3453 1969 3506 adhuc
2012 3468 2205 3519 magna
2261 3467 2386 3521 pars

794 3545 988 3598 anima:
1019 3553 1294 3613 superstes
1323 3543 1482 3606 foret,
1517 3541 1843 3607 astantibus,
1874 3557 2103 3612 quorum
2129 3542 2215 3597 ille
2261 3544 2388 3597 ado-

800 3636 1020 3690 lescens
1052 3636 1092 3667 ⁵⁷
1144 3651 1282 3689 unus
1322 3641 1460 3697 erat,
1495 3634 1636 3688 hanc
1679 3633 1927 3687 fabellam
1949 3634 1995 3664 ⁵⁸
2025 3635 2227 3705 :rgra”
2260 3650 2387 3690 voce

792 3728 1020 3783 retulit:
1062 3725 1127 3780 Ei
1152 3727 1196 3758 ⁶⁰
1244 3727 1404 3779 mihi!
1438 3725 1609 3796 qualis
1641 3742 1782 3779 eram
1830 3735 1877 3777 et
1923 3736 2175 3795 quantum
2219 3727 2388 3780 diver-

791 3835 880 3872 sus
908 3817 945 3847 θ’
984 3818 1047 3871 ab
1078 3816 1168 3869 illo
1198 3814 1457 3885 (Vmetu,
1482 3814 1614 3868 .‘En.
1647 3832 1703 3873 tt,
1730 3814 1878 3879 ΞΗ),
1914 3815 2118 3885 qualem
2144 3834 2221 3869 me
2251 3834 2387 3871 nunc

791 3927 901 3964 esse
927 3909 1103 3963 vellem
1120 3909 1140 3961 .'
1169 3906 1236 3960 Ei
1268 3924 1348 3960 me
1372 3908 1617 3960 miserunt
1638 3908 1656 3958 .'
1684 3907 1889 3975 perdidi
1925 3907 2036 3959 dies
2068 3907 2243 3971 meos;
2269 3909 2387 3977 jam

790 4001 1107 4070 paenitentia:
1162 3998 1367 4067 fructus
1415 4014 1670 4066 nusquam
1713 3998 1793 4050 “!
1829 3995 1973 4051 Perii
2001 3998 2081 4049 ⁸³]
2110 3998 2210 4051 Ubi
2250 4015 2387 4051 nunc

793 4092 963 4143 honor
991 4105 1135 4141 meus
1177 4098 1224 4141 et
1272 4088 1454 4142 inanes
1486 4088 1741 4140 diricite?
1793 4084 1837 4140 0
1867 4103 1990 4141 caro
2026 4088 2287 4156 putribilis
2338 4104 2387 4141 et

793 4198 912 4235 esca
954 4181 1224 4240 verminat,
1276 4178 1364 4231 ubi
1401 4195 1537 4232 nunc
1575 4178 1743 4247 gloria
1772 4189 1818 4231 et
1864 4178 2197 4247 pulchritudo
2242 4181 2387 4232 vani-

794 4272 920 4325 tatis
977 4271 1121 4323 tum?
1158 4269 1421 4338 Decepiin
1466 4286 1570 4333 me,
1601 4270 1867 4339 decepisti,
1901 4270 2070 4337 fallax
2111 4271 2384 4336 sa’culum,

792 4366 1099 4437 promittens
1141 4365 1266 4417 mihi
1295 4381 1549 4417 annosam
1590 4375 1814 4426 a‘tatem,
1848 4373 1896 4418 ct
1926 4365 2073 4418 ecce!
2108 4366 2387 4434 insperata:

793 4458 977 4513 mortis
1006 4456 1183 4528 gladio
1214 4466 1269 4509 ut
1296 4455 1432 4509 male
1458 4456 1768 4509 interemisli
1794 4455 2025 4509 animant
2050 4456 2252 4509 meam!
2277 4454 2385 4511 Sed

796 4563 968 4602 meum
997 4547 1165 4601 scelus
1204 4558 1481 4615 utcumque
1512 4545 1766 4600 veniabile
1795 4556 1965 4599 tamen
1995 4546 2039 4578 ⁸⁵
2079 4564 2200 4615 erga
2238 4548 2379 4615 pium

794 4638 1081 4693 Dominum
1108 4643 1258 4707 foret,
1294 4639 1394 4691 nisi
1419 4637 1559 4704 quod
1594 4636 1638 4668 ⁸⁸
1684 4637 2058 4692 commendata'
2076 4639 2248 4708 plebis
2278 4656 2387 4693 see-

796 4729 906 4784 lera
938 4730 1007 4784 ad
1034 4728 1303 4783 cumulum
1328 4730 1659 4783 miseriarum
1691 4714 1943 4783 accedunt
1965 4730 2029 4783 ⁸⁸.
2085 4729 2388 4785 l’oluutates

796 4841 934 4877 enim
964 4834 1010 4877 et
1048 4823 1308 4877 desideria
1334 4822 1405 4876 eis
1435 4839 1528 4890 pro
1557 4821 1664 4890 lege
1690 4834 1873 4884 erant;
1909 4839 1998 4875 nec
2018 4824 2263 4890 prohibui
2297 4823 2388 4892 fu,-

798 4924 1015 4977 rentem,
1048 4928 1138 4965 nec
1179 4912 1453 4980 prohibere
1472 4914 1619 4981 potui
1649 4911 1886 4979 sponte67
1910 4921 2205 4979 pereuntem
2220 4928 2394 4981 papu-

2490 3271 2715 3325 (licens:
2754 3269 2893 3335 Quid
2941 3270 3067 3323 mihi
3096 3285 3159 3323 ac
3191 3269 3367 3322 vobis?
3416 3266 3641 3321 Venistis
3690 3268 3965 3321 detrudere
4000 3284 4082 3320 me

2489 3363 2553 3415 de
2584 3362 2679 3415 hoc
2717 3360 3017 3414 habitacula
3044 3360 3195 3413 meo!
3231 3359 3369 3425 Quid
3406 3358 3613 3429 prodest
3626 3359 3835 3427 jactare
3858 3375 3941 3413 vos
3965 3357 4081 3411 ina-

2489 3454 2575 3506 nia
2609 3454 2799 3508 rerba?
2838 3452 2948 3522 Ego
2975 3452 3146 3517 illum,
3191 3454 3277 3522 qui
3309 3468 3550 3506 sessurus
3598 3462 3673 3505 est
3711 3453 3763 3505 in
3808 3452 3908 3505 ista
3934 3452 4078 3516 sede,

2490 3544 2638 3599 valde
2663 3545 2853 3608 timeo;
2883 3543 3190 3614 ubicumque
3220 3561 3337 3598 eum
3369 3543 3517 3598 video
3544 3544 3619 3598 vel
3647 3545 3828 3609 audio,
3857 3560 3957 3598 non
3981 3560 4079 3596 au-

2488 3652 2577 3689 sus
2605 3653 2718 3690 sum
2741 3646 2901 3690 stare.
2927 3636 2991 3690 Et
3018 3637 3275 3691 continuo
3304 3650 3567 3706 spumans
3586 3636 3779 3690 demon
3802 3651 4077 3706 murmura

2489 3735 2541 3780 et
2569 3726 2852 3780 horrisoua
2881 3725 3042 3780 verba
3077 3726 3401 3795 ingeminat;
3435 3736 3490 3781 et
3518 3726 3652 3780 diris
3689 3726 3937 3781 dentibus
3984 3727 4078 3780 diu

2490 3818 2831 3878 infrendens,
2886 3817 2952 3869 ad
3005 3816 3248 3870 ultimum
3306 3817 3474 3871 exivit
3524 3818 3741 3872 homine
3793 3832 3947 3872 sano.
3985 3818 4081 3873 Dic

2488 3919 2705 3979 postero
2733 3918 2856 3961 ante
2880 3917 3059 3961 ortum
3085 3908 3215 3961 solis
3245 3910 3390 3962 venit
3427 3910 3655 3963 nuncius
3700 3910 3905 3975 dicens,
3951 3911 4080 3979 quia

2490 4002 2604 4056 heri
2642 3999 3219 4055 domnusAdalbertus
3261 4015 3525 4054 consensu
3552 4001 3597 4030 ⁷⁸
3628 4001 3842 4068 publico
3871 4002 4079 4057 electus

2488 4102 2571 4146 est
2613 4093 2663 4145 in
2718 4093 3047 4161 episcopum.
3090 4091 3431 4146 Concurrunt
3485 4092 3712 4161 populus
3761 4108 3883 4148 cum
3933 4093 4081 4147 clero

2489 4182 2857 4253 gloriﬁcantes
2887 4192 2940 4237 et
2963 4182 3167 4252 gratias
3201 4191 3426 4252 agentes
3459 4182 3706 4247 Domino,
3741 4184 3865 4253 quia
3894 4183 4081 4238 volens

2490 4275 2786 4343 nolensque
2844 4288 3074 4344 nequam
3126 4273 3350 4343 spiritus
3398 4271 3678 4327 confessus
3723 4282 3806 4328 est
3857 4273 4079 4329 electio—

2490 4384 2611 4421 nem
2646 4368 2807 4421 illius.

2559 4460 2612 4513 8.
2641 4458 2762 4529 (Au.
2794 4458 2944 4525 985.)
2975 4460 3206 4513 lledTens
3229 4460 3429 4514 interea
3455 4461 3518 4515 de
3539 4461 3827 4517 Sarracino
3848 4463 3891 4495 ⁷⁸
3916 4463 4081 4529 bella,

2497 4549 2627 4602 adiit
2674 4549 2940 4603 Veronam
2964 4550 3005 4578 ⁷⁷
3061 4549 3440 4618 imperatorius
3479 4565 3637 4620 apex,
3688 4551 3893 4607 scilicet
3952 4551 4083 4608 Otto

2490 4640 2781 4705 secundus,
2811 4640 2893 4693 cui
2943 4638 3046 4693 fuit
3090 4654 3280 4693 manus
3306 4641 3356 4693 in
3404 4641 3592 4710 praelio
3620 4641 3793 4708 fortis,
3820 4644 3873 4698 in
3912 4660 4081 4714 parvo

2490 4746 2715 4800 corpore
2740 4730 2974 4783 maxima
3003 4732 3203 4796 virtus;
3236 4741 3494 4803 angustus
3530 4732 3717 4787 melior
3739 4733 3878 4788 bono
3900 4744 4079 4804 patre,

2491 4833 2546 4876 et
2582 4830 2639 4875 ut
2670 4820 2813 4874 fama
2847 4821 3107 4883 meminit,
3142 4836 3237 4890 per
3280 4823 3465 4876 omnia
3507 4838 3661 4879 cesar
3690 4826 4085 4882 chrisianissi-

2496 4926 2633 4965 mus.
2677 4911 2816 4965 Idem
2846 4920 2970 4965 tunc
3016 4912 3187 4967 victor
3216 4913 3468 4972 etvictus
3511 4931 3609 4986 pro
3649 4917 4007 4989 recolligendo
4033 4920 4084 4950 ’⁸

2118 5043 2354 5100 VARI/13
2398 5044 2801 5100 LECTIONES.

1742 5176 1788 5211 ⁵ο
1827 5178 2086 5232 miserum
2136 5179 2222 5233 δα.

868 5179 914 5212 ⁸⁸
952 5179 1094 5233 deest
1145 5170 1234 5233 ἓξ
1305 5179 1350 5212 δ’
1389 5180 1530 5234 deest
1585 5180 1631 5233 l.

2324 5180 2364 5211 ⁸¹
2409 5179 2460 5233 d.
2506 5195 2577 5232 m.
2628 5196 2676 5235 e.
2733 5196 2786 5234 a.
2822 5181 2874 5234 (Ι.
2920 5180 2978 5233 Β.
3027 5180 3081 5234 b.
3113 5181 3165 5234 h.
3204 5181 3391 5235 desunt
3450 5183 3537 5238 4³.

3640 5184 3685 5216 ⁸⁸
3722 5186 4083 5257 philosophia:

801 5251 1141 5333 -—-.bumau:e
1173 5251 1357 5304 desunt
1518 5249 1565 5282 ⁸³
1603 5266 1647 5303 s.
1677 5249 1958 5334 Asterictts
1998 5251 2342 5334 imperatoris
2363 5250 2594 5334 Othonis
2634 5250 3281 5334 secundiset'vitiojh._
3321 5252 3368 5334 ξ*
3402 5249 3827 5334 archimandrita
3859 5249 4082 5327 proprie
