4494 5520
372 416 473 473 869

1882 408 2135 464 PASSIO.

3528 417 3630 471 870

372 532 539 585 milite
568 532 669 584 huc
701 537 937 591 venerat,
967 526 1149 579 volens
1174 524 1340 577 ultum
1366 523 1441 577 ire
1469 524 1657 575 «lamna
1685 522 1941 583 victoria),
1978 530 2014 584 Α
2052 520 2243 587 plumis
2294 528 2346 574 et
2385 528 2530 574 ostro
2583 520 2781 589 rigidus
2805 530 2871 584 θ’,
2901 522 2983 576 die
3016 523 3200 578 oculos
3228 525 3503 579 hominum
3537 540 3631 595 pa-

369 622 462 675 sel
506 622 770 681 nescetis,
802 618 925 687 quia
969 631 1113 669 mors
1161 629 1282 669 eum
1320 614 1568 684 proxima
1616 612 1809 682 pulsat.
1868 611 1946 664 Ad

372 713 515 766 hunc
542 727 667 781 ergo
702 708 1017 764 Selavonica
1047 707 1091 737 ⁷³
1124 722 1317 759 manus
1358 706 1617 775 perrexit,
1662 705 1837 757 ferens
1869 702 1945 756 le-

369 802 640 871 gatinnem
686 799 751 854 de
786 806 939 868 parte
964 796 1009 827 ⁸⁰
1052 795 1225 857 ducis,
1274 804 1329 849 et
1355 793 1547 849 obtuth
1578 793 1804 847 electum
1836 792 1948 861 epi-

369 905 611 958 scopum,
660 903 851 959 rogans
900 886 1016 955 ejus
1069 900 1227 938 manu
1274 882 1585 953 popularem
1638 881 1946 936 confirmari

367 983 706 1036 electionem.
744 979 859 1033 Non
905 979 1081 1033 minus
1114 977 1407 1045 imperator
1435 989 1622 1028 eorum
1655 973 1827 1044 digna:
1856 988 1948 1043 pe-

370 1074 551 1127 licioni
584 1072 959 1141 adquiescens,
1002 1071 1092 1123 dat
1135 1069 1182 1122 ei
1235 1066 1553 1137 pastoralem
1592 1065 1831 1135 virgam;
1870 1074 1945 1129 et,

368 1167 519 1235 cijus
550 1165 917 1235 suﬂ'raganeus
966 1172 1104 1226 erat,
1150 1159 1455 1231 Mogontino
1486 1157 1850 1227 archiprwsuli
1893 1158 1944 1210 in

367 1258 676 1326 episc0pznu
727 1255 923 1309 direxit
954 1252 1397 1307 consecrandum.
1452 1249 1809 1305 Consecratus
1861 1248 1948 1302 ille

368 1345 518 1413 (Jun.
551 1347 641 1413 29)
672 1344 807 1399 festo
830 1344 1126 1396 amicorum
1150 1341 1349 1394 domini
1379 1340 1545 1394 nostri
1570 1338 1691 1393 Jesu
1720 1337 1944 1400 Christi,

369 1438 510 1491 Petri
547 1448 599 1491 et
645 1436 817 1499 Pauli,
874 1435 1040 1488 nndlo
1087 1436 1341 1488 comitatu
1376 1434 1583 1502 equitat
1634 1433 1684 1485 in
1737 1431 1944 1485 dulcem

366 1538 618 1597 patriam.
662 1526 844 1596 Equus
874 1536 1052 1579 autem
1091 1525 1243 1592 cujus
1295 1532 1444 1593 tergo
1494 1522 1786 1584 insederat,
1838 1536 1943 1574 non

369 1635 516 1671 more
544 1616 883 1671 frementium
928 1630 1186 1685 equorum
1221 1630 1319 1668 nec
1351 1613 1593 1682 pr0peris
1623 1613 1662 1643 "
1698 1613 1945 1666 cursibus

366 1709 728 1777 gratliebatur,
760 1722 935 1774 neque
966 1721 1099 1759 auro
1140 1714 1191 1757 et
1223 1715 1444 1773 argento
1477 1714 1654 1774 portat
1686 1702 1946 1771 fulgentia

368 1797 549 1862 frena;
601 1798 693 1852 sed
738 1798 788 1851 in
840 1798 1099 1851 rusticum
1131 1812 1333 1850 morem
1367 1806 1504 1849 torta
1534 1810 1735 1864 cauape
1766 1795 1809 1825 ⁸³
1850 1810 1943 1847 ora

2052 626 2239 675 secus;
2277 621 2431 665 nocte
2462 626 2589 665 vero
2632 622 2725 666 aut
2775 613 2961 666 habuit
3010 614 3233 669 fratrem
3265 614 3626 674 Gaudentium

2052 712 2145 756 aut
2176 719 2375 757 cmeum
2402 714 2585 757 natum
2620 706 2705 766 ‘°°,
2740 715 2894 760 extra
2925 723 3056 776 quos
3081 723 3178 763 suo
3205 710 3364 764 cubili
3416 713 3631 767 amicis-

2050 793 2185 846 sima
2245 793 2609 849 familiaritate
2662 795 2899 863 junctos,
2954 806 3008 850 et
3060 814 3118 853 se
3170 800 3421 866 tercium,
3472 817 3629 857 nemo

2048 891 2271 951 quartus
2298 882 2540 936 recubuit
2565 884 2615 937 in
2636 900 2737 938 una
2762 886 2939 941 domo.
2967 888 3066 957 Ipsi
3094 904 3222 943 vero
3245 892 3386 945 nuda
3412 893 3624 958 humus,

2048 971 2131 1024 vel
2165 970 2282 1025 lene
2316 972 2378 1002 ¹⁰¹
2412 972 2665 1036 eilitium,
2718 984 2772 1028 et
2820 975 2955 1045 lapis
3000 994 3097 1046 pro
3137 981 3330 1049 capitis
3366 993 3632 1038 sustenta-

2048 1062 2208 1125 culo,
2269 1078 2517 1117 somnum
2576 1066 2794 1119 dabant.
2851 1066 3153 1139 Numquam
3203 1081 3387 1127 saturo
3441 1085 3630 1131 ventre

2049 1152 2144 1206 ivit
2166 1153 2232 1184 ¹⁰¹
2272 1154 2586 1218 dormitum,
2617 1166 2671 1210 et
2704 1159 2937 1213 nondum
2965 1162 3180 1231 expleto
3208 1179 3431 1233 sopore,
3460 1169 3632 1237 surgit

2049 1244 2113 1297 ad
2148 1246 2318 1300 solita:
2354 1249 2615 1302 orationis
2651 1251 2915 1305 convivia.
2951 1252 3160 1323 Corpus
3195 1271 3323 1311 vero
3353 1269 3405 1313 et
3441 1275 3629 1330 corpo-

2048 1336 2123 1389 ris
2178 1337 2448 1392 incentiva
2498 1342 2782 1396 acerrimis
2831 1346 3112 1400 attriverat
3142 1346 3381 1417 jejuniis,
3434 1352 3629 1406 nec‘”

2046 1427 2138 1481 ulli
2174 1429 2238 1459 '°"
2286 1446 2539 1499 tnnquam
2589 1432 2847 1501 voluptati
2910 1437 3148 1490 animum
3206 1442 3333 1494 dare
3390 1442 3629 1500 volebat.

2047 1514 2217 1570 Parva
2264 1519 2415 1587 quies
2455 1520 2625 1574 oculis
2660 1531 2713 1575 et
2761 1525 2906 1577 nulla
2960 1528 3114 1580 venia
3156 1538 3239 1582 est
3274 1532 3498 1586 delectis
3536 1550 3628 1603 pe-

2048 1608 2226 1661 dibus.

2119 1698 2202 1751 10.
2248 1699 2598 1755 Lustraverat
2640 1704 2783 1756 enim
2825 1721 3098 1762 carcerem
3131 1712 3197 1741 ¹⁰⁸
3224 1720 3277 1765 et
3304 1712 3369 1744 ¹⁰⁶
3410 1728 3627 1769 carcere

2048 1788 2271 1855 positos,
2325 1806 2553 1857 quorum
2600 1792 2754 1862 longa
2802 1797 2971 1850 series
3023 1808 3078 1851 et
3118 1801 3383 1856 infinitum
3435 1820 3625 1873 agmen

365 1890 601 1952 strictus,
640 1888 856 1941 incessit
880 1889 943 1940 ad
975 1886 1256 1940 arbitrium
1290 1886 1547 1941 sedentis.
1598 1884 1828 1937 Ventum
1860 1894 1941 1937 est
1973 1880 2014 1938 Β
2045 1887 2178 1929 ατη·
2220 1875 2359 1932 Num
2390 1880 2505 1948 P'US
2535 1890 2661 1933 ηοω
2687 1884 2899 1950 Prol”in
2925 1886 3137 1951 άυιηυες
3166 1906 3326 1958 (illam
3356 1892 3455 1945 Sibi
3488 1905 3623 1959 01'1".

363 1982 429 2033 ad
459 1990 697 2035 sanctam
741 1981 1013 2034 civitatem
1056 1978 1304 2048 Pragam,
1343 1978 1430 2031 ubi
1469 1978 1572 2029 dux
1605 1978 1868 2046 pncelnns
1895 1977 1939 2009 ⁸³

363 2068 720 2125 Weneezlaus
740 2070 787 2101 “
821 2070 1090 2137 quondam
1143 2084 1363 2137 regnum
1409 2068 1602 2130 tenuit,
1644 2082 1705 2120 ac
1751 2068 1800 2119 in
1847 2067 1939 2121 Dei

362 2162 586 2215 servitio
614 2163 792 2215 vivere
839 2176 991 2214 suum
1040 2162 1252 2231 egregie
1285 2161 1565 2229 perduxit;
1602 2170 1784 2229 postea
1814 2175 1939 2214 vero

361 2252 460 2305 sub
491 2252 638 2321 impii
678 2251 858 2304 fratris
910 2251 1050 2304 ferro
1092 2251 1265 2303 nobile
1318 2251 1633 2323 martyrium
1690 2266 1939 2304 consum-

362 2341 601 2403 mans",
642 2341 939 2393 manifestis
969 2340 1171 2393 inditiis
1209 2356 1269 2393 ac
1302 2340 1605 2409 iungentibus
1648 2355 1814 2408 usque
1847 2342 1939 2392 ho-

362 2432 450 2486 die
507 2432 781 2486 miraculis
817 2448 913 2485 sua
955 2433 1144 2485 merita
1186 2433 1394 2499 probat.
1446 2431 1518 2485 lbi
1562 2442 1670 2485 tum
1696 2433 1741 2462 ⁸⁸
1773 2447 1939 2485 novus

361 2522 449 2577 ille
481 2523 715 2592 pontifex
744 2524 912 2577 vincla
941 2524 1131 2592 pedum
1166 2522 1402 2587 solvens,
1436 2524 1577 2577 nudo
1610 2526 1742 2591 pede
1777 2524 1940 2577 intrat

361 2616 547 2669 urbem
575 2633 587 2679 ;
621 2616 745 2670 hinc
782 2616 967 2669 humili
995 2624 1047 2669 et
1078 2616 1311 2669 contrito
1342 2614 1504 2669 corde
1526 2615 1785 2668 orationis
1814 2614 1937 2681 jura

358 2707 691 2776 persolvens.
713 2722 906 2777 magno
929 2707 1123 2775 gaudio
1147 2707 1343 2759 civium
1370 2705 1729 2776 episcopalem
1754 2708 1940 2760 cathe-

364 2798 514 2851 dram
544 2798 778 2852 obsedit.

431 2890 481 2943 9.
528 2887 657 2943 Erat
702 2896 881 2942 autem
934 2888 1142 2942 cunctis
1192 2886 1377 2941 diebus
1429 2885 1774 2957 pontificatus
1820 2886 1936 2955 epi-

362 2982 528 3049 scopii
569 2981 648 3035 sui
682 2981 781 3049 pia:
812 2995 875 3033 ac
907 2978 1136 3032 ﬁdeliter
1184 2978 1425 3032 serviens
1471 2977 1718 3040 Domino,
1751 2978 1841 3032 sed
1890 2977 1933 3008 ⁸⁷

360 3070 528 3125 multo
578 3081 814 3140 tempore
856 3069 900 3102 ⁸⁸
963 3085 1024 3123 ac
1057 3068 1101 3101 ⁸³
1161 3068 1455 3138 inproficuo
1486 3068 1530 3099 ’°
1575 3070 1757 3123 labore
1794 3070 1937 3123 chri-

360 3161 650 3215 stianitatis
706 3174 947 3212 normam
996 3173 1255 3211 exercens
1325 3158 1377 3211 in
1430 3157 1646 3227 populo.
1695 3157 1800 3213 Res
1846 3174 1934 3212 ec-

2046 1967 2185 2035 quis,
2220 1985 2328 2037 quo
2372 1971 2585 2024 nomine
2614 1982 2668 2025 et
2696 1974 2746 2025 in
2786 1990 2886 2041 qua
2922 1988 3069 2044 parte
3098 1981 3320 2033 cubaret
3360 1982 3625 2050 infirmus,

2046 2064 2139 2107 aut
2166 2068 2294 2125 quot
2324 2059 2497 2126 capita
2530 2061 2762 2114 rediviva
2793 2064 2936 2118 salus
2968 2068 3108 2130 vitae,
3140 2079 3268 2137 quot
3293 2070 3469 2126 falalis
3495 2076 3627 2129 hora

2046 2146 2283 2200 mitteret
2319 2147 2457 2201 lmto.
2484 2149 2722 2215 Quorum
2742 2154 2979 2207 omnium
3004 2166 3124 2224 post
3150 2159 3232 2227 pia
3257 2160 3508 2230 obsequia
3534 2162 3627 2229 “7,

2042 2235 2086 2287 si
2117 2238 2339 2289 seminis
2371 2246 2581 2307 tempus
2609 2250 2749 2304 erat,
2779 2240 2843 2293 ad
2875 2257 3121 2314 campum
3156 2248 3387 2301 decurrit
3412 2292 3425 2313 ,
3457 2260 3509 2305 et
3542 2268 3628 2305 sa-

2042 2326 2198 2380 cione
2226 2340 2443 2397 peracta
2479 2331 2618 2384 unde
2647 2332 2851 2387 viveret
2880 2335 2968 2398 ¹⁰⁸,
3005 2340 3233 2406 propriis
3281 2344 3523 2396 manibus
3570 2360 3627 2400 se

2044 2418 2314 2473 laborasse
2359 2421 2645 2490 gaudebat.
2694 2422 2829 2476 [line
2876 2426 3050 2479 viator
3096 2429 3393 2499 intrepidus
3438 2433 3628 2489 aderat

2043 2510 2211 2563 sacris
2241 2510 2471 2575 mdibus;
2503 2512 2699 2580 saepius
2744 2513 2971 2568 Domino
2998 2528 3248 2584 precator
3290 2520 3627 2590 importunus

2043 2600 2280 2655 cmlestes
2326 2602 2470 2656 fores
2508 2602 2723 2671 pulsat:
2759 2619 2900 2659 nunc
2933 2605 3106 2678 longis
3144 2610 3508 2679 genuﬂexibus
3536 2616 3623 2680 ‘°’,

2042 2693 2339 2747 orationem
2380 2694 2681 2763 protrahit,
2725 2712 2864 2751 nunc
2892 2715 3032 2768 aegra
3073 2702 3138 2731 “°
3171 2705 3400 2772 suspiria
3446 2709 3625 2765 cordis

2041 2780 2210 2835 multo
2236 2780 2455 2835 flumine
2486 2783 2622 2853 rigat
2651 2785 2736 2836 ¹¹¹.
2771 2785 2844 2839 De
2877 2789 2942 2817 ¹¹²
2974 2791 3327 2860 completorio
3360 2810 3527 2866 usque
3558 2801 3625 2854 ad

2041 2872 2270 2939 primam
2304 2889 2407 2927 non
2450 2876 2581 2929 exiit
2625 2890 2803 2930 sermo
2836 2878 2901 2909 ³³³
2936 2880 2999 2933 de
3044 2897 3140 2937 ore
3191 2883 3327 2952 ejus,
3359 2897 3413 2941 et
3460 2890 3523 2942 ad
3558 2892 3625 2925 “3

2042 2962 2211 3015 instar
2235 2964 2564 3018 monachiczc
2586 2965 2936 3034 professionis
2971 2980 3235 3027 nocturna
3264 2975 3474 3032 silentia
3507 2994 3622 3034 ser-

2043 3061 2150 3104 vat.
2185 3050 2311 3105 Post
2340 3053 2570 3121 primam
2599 3058 2962 3124 pastoralibus
2992 3064 3171 3117 causis
3194 3066 3368 3121 studia
3400 3082 3494 3121 sua
3526 3054 3637 3123 im-'

2038 3141 2221 3209 pendit
2247 3142 2336 3207 ωδ,
2388 3143 2613 3197 audiens
2662 3145 2975 3217 diligenter,
3036 3153 3163 3220 quid
3214 3168 3334 3207 eum
3384 3157 3623 3226 prmdato

362 3250 694 3305 clesiasticas
744 3248 845 3303 sub
887 3262 1036 3316 aqua
1088 3247 1350 3301 divisione
1398 3247 1669 3301 distribuit
1706 3247 1758 3300 in
1798 3265 1934 3317 qua-
1965 3228 2008 3288 (ἶ
2043 3247 2137 3301 [⁵³⁸

1847 3265 1934 3301 ιη-
1965 3228 2008 3288 C
2043 3247 2277 3301 paupere
2322 3235 2640 3304 peregrinus
2683 3245 2738 3289 et
2779 3239 2934 3292 vidua
2980 3239 3242 3307 ejularent
3272 3245 3357 3300 ¹⁸⁶.
3401 3246 3622 3312 Quando

363 3349 483 3394 tuor
532 3347 745 3409 partes;
806 3336 1033 3407 primam
1086 3346 1291 3405 partem
1336 3352 1435 3404 pro
1488 3338 1807 3391 necessariis
1854 3338 1937 3391 vel

359 3430 638 3485 ornatibus
658 3428 932 3492 ecclesize;
977 3427 1262 3481 secundam
1292 3427 1671 3483 canonicorum
1699 3428 1763 3493 ",
1794 3445 1937 3483 com-

358 3510 707 3577 moditatibus
759 3520 803 3550 ν’
848 3518 1153 3586 asscripsit;
1209 3517 1427 3571 terciam
1476 3532 1603 3573 vero
1631 3518 1681 3571 in
1724 3518 1935 3587 agmina

358 3626 651 3680 pauperum
700 3607 903 3679 proflua
960 3608 1304 3662 miseratione
1358 3608 1687 3677 expendens,
1739 3609 1937 3663 ultima:

358 3702 529 3769 partis
575 3700 895 3755 summulam
952 3715 1050 3769 pro
1107 3700 1219 3754 suis
1265 3699 1452 3753 usibus
1525 3708 1723 3753 servat.
1799 3700 1937 3754 Prm-

361 3774 598 3846 terea."
642 3793 787 3847 onmi
842 3792 927 3846 die
977 3790 1111 3845 festo
1154 3790 1411 3858 plurimos
1435 3792 1480 3821 "
1531 3804 1794 3859 pauperes
1836 3791 1934 3844 cli-

358 3882 681 3937 mosinarios
706 3882 754 3914 ”
784 3882 849 3935 ad
897 3880 1281 3935 misericordiae
1310 3894 1471 3948 opera
1505 3887 1679 3943 vocat,
1712 3894 1829 3947 quae.
1858 3880 1936 3934 eis

358 3975 661 4029 necessaria
710 3982 865 4029 erant
915 3972 1163 4027 afﬂuente
1213 3973 1364 4042 copia
1421 3972 1755 4025 ministraus.
1806 3972 1935 4026 item

357 4068 644 4123 cotidianis
689 4068 876 4123 diebus
930 4076 1010 4121 ter
1043 4074 1334 4136 quaternos
1366 4066 1477 4137 (53)
1516 4066 1716 4121 habere
1744 4066 1936 4122 solitus

356 4166 493 4219 erat,
525 4172 659 4226 quos
705 4158 755 4210 in
797 4157 1076 4225 apostolici
1124 4157 1358 4211 nominis
1406 4157 1662 4209 honorem
1710 4156 1845 4226 dape
1882 4167 1937 4210 et

354 4253 484 4313 potu
526 4244 765 4299 saciat“
824 4243 970 4299 Raro
1007 4255 1184 4298 autem
1215 4254 1367 4297 extra
1409 4242 1603 4298 festum
1651 4244 1865 4312 aliquod
1888 4244 1931 4277 "

355 4334 487 4388 vidit
513 4349 636 4389 eum
658 4333 983 4389 meridianus
1008 4332 1085 4386 sol
1115 4333 1546 4396 manducantem,
1568 4341 1617 4386 ct
1644 4348 1931 4401 numquam

355 4427 531 4481 media
565 4442 670 4481 nox
702 4440 887 4481 somno
915 4425 1295 4495 indulgentem.
1346 4423 1464 4479 Stat
1492 4423 1662 4479 lectus
1689 4424 1859 4492 paleis
1882 4424 1929 4459 ⁸⁸

1618 4584 1848 4639 VARUE

2041 3334 2219 3377 autem
2248 3324 2519 3379 exteriore
2546 3340 2673 3379 cura
2704 3328 2945 3393 vacabat,
2974 3347 3142 3401 usque
3172 3335 3237 3388 ad
3277 3337 3451 3391 missa:
3483 3339 3622 3393 cele-

2018 3414 2343 3468 'brationem
2388 3414 2655 3471 Davidicis
2702 3420 2869 3473 utitur
2913 3421 3213 3491 colloquiis.
3256 3425 3466 3483 llomini
3516 3446 3619 3484 non

2039 3503 2251 3561 loeutus
2285 3518 2367 3560 est
2394 3509 2637 3575 verbum,
2670 3512 2922 3579 quamdiu
2947 3514 3311 3571 dominicze'”
3333 3536 3531 3577 mensae
3557 3524 3622 3554 ¹¹⁸

2042 3602 2297 3659 infulatus
2339 3606 2509 3659 astitit
2539 3615 2592 3659 et
2621 3622 2781 3678 supra
2814 3620 2997 3665 sancta
3028 3621 3337 3668 sanctorum
3382 3616 3622 3673 immolat

2040 3696 2337 3765 angelicum
2370 3712 2583 3766 panem.
2630 3698 2758 3754 Post
2786 3710 2877 3756 aut
2902 3717 3062 3772 opera
3104 3720 3356 3760 manuum
3391 3706 3619 3777 laborat,

2041 3796 2132 3838 aut
2157 3800 2277 3838 cum
2303 3787 2445 3839 caris
2471 3788 2759 3857 erpellanis
2804 3807 2971 3845 sacrie
3015 3792 3258 3849 lectionis
3290 3796 3489 3850 cibaria
3530 3798 3621 3851 de-

2040 3886 2219 3945 gustat
2252 3876 2335 3930 ¹¹⁹.
2372 3876 2466 3931 llis
2504 3879 2634 3933 ociis
2678 3880 2893 3949 longum
2940 3883 3100 3946 diem,
3154 3885 3350 3939 talibus
3391 3890 3621 3956 negotiis

2043 3976 2205 4020 tatam
2229 3968 2294 3998 ¹²⁰
2319 3969 2515 4023 ducere
2541 3982 2773 4025 noctem.
2796 3971 2858 4025 lli
2884 3972 2985 4027 sibi
3008 3988 3206 4039 mores,
3234 3975 3333 4030 hoc
3356 3979 3617 4042 studium,

2040 4060 2153 4113 haec
2181 4070 2298 4114 erat
2329 4072 2467 4115 meta
2500 4062 2732 4116 vivendi.

2111 4149 2198 4203 11.
2232 4149 2361 4205 Post
2392 4152 2455 4182 ⁸⁸⁸
2486 4153 2895 4221 completmium
2927 4170 3048 4209 cum
3082 4156 3255 4213 solitis
3280 4159 3619 4214 orationibus

2039 4242 2353 4309 incoharet,
2384 4246 2602 4315 quidam
2634 4261 2856 4316 pauper,
2899 4250 2983 4302 cui
3024 4250 3095 4302 nil
3124 4261 3318 4319 pra-ter
3350 4253 3509 4305 vitam
3564 4262 3620 4306 ct

2040 4336 2281 4387 memlira
2341 4336 2535 4404 impius
2590 4336 2729 4391 latro
2792 4339 3031 4408 reliquit,
3066 4342 3278 4395 miseris
3330 4342 3617 4396 ululatibus

2039 4424 2218 4492 templi
2273 4426 2409 4479 ostia
2458 4424 2653 4495 pulsat.
2703 4426 2819 4491 Quo
2864 4430 3047 4483 audito
3100 4445 3222 4483 cmn
3272 4431 3338 4484 de
3384 4432 3617 4500 crogatis

1908 4583 2307 4640 LECTIONES.

428 4702 474 4733 "
510 4700 791 4755 hohemica
822 4699 881 4752 5c
916 4698 1219 4753 sclavonica
1254 4698 1601 4753 bohemorum
1629 4696 1759 4751 cleri
1788 4704 1841 4749 et
1872 4697 2049 4766 populi
2092 4712 2283 4766 manus
2312 4698 2399 4751 ιιι).
2477 4698 2523 4729 ⁸⁰

2566 4714 2615 4767 p.
2650 4698 2875 4753 Boleslai
2902 4698 3055 4752 ducis
3077 4687 3200 4751 4b..
3242 4699 3281 4731 ⁸¹
3315 4703 3610 4769 prosperis.

353 4773 421 4842 ῥα
452 4771 797 4842 perproperis
832 4770 898 4823 ιδ
973 4770 1358 4842 "__eanalie_5a
1397 4768 1482 4842 ιιι).
1530 4768 1772 4842 cannabe
1800 4764 2094 4842 5c'canapa
2122 4764 2253 4820 Cod.
2282 4765 2344 4842 S._
2370 4764 2597 4842 Caecilia:
2630 4769 2710 4837 (4c
2733 4770 2797 4837 ?).
2848 4769 2919 4842 A”
2961 4770 3207 4842 prmcluis
3235 4770 3289 4823 2.
3315 4764 3609 4838 ’ρνιιξὲιίνίε.

353 4836 422 4895 3-
455 4836 747 4911 praicla'rns
774 4841 861 4893 4b.
895 4840 1235 4909 praedilectus
1268 4840 1350 4893 5ο.
1373 4839 1513 4911 deest
1544 4838 1596 4891 5.
1632 4838 1678 4869 ⁸⁸
1718 4838 2037 4911 uuecezlaus
2061 4839 2111 4891 1.
2144 4838 2449 4911 vvenezlaus
2477 4838 2564 4892 5⁸.
2596 4836 2973 4911 uuentiselauo
3020 4836 3102 4893 ια.
3151 4836 3482 4895 wenzeslaos
3522 4842 3611 4897 ιιι.

356 4916 405 4948 ⁸⁸
433 4907 753 4967 consul-iens
774 4907 911 4965 corr.
934 4925 1259 4964 consumans
1288 4912 1336 4963 1.
1370 4910 1453 4962 5°.
1476 4912 1803 4962 consumam
1824 4907 1877 4960 2.
1906 4910 1994 4968 4ο.
2024 4908 2074 4962 δ.

356 4984 405 5017 ⁸⁸
449 4984 586 5036 deest
630 4982 685 5036 2.
730 4982 818 5045 3⁸,
873 4990 919 5033 ο.
946 4979 1032 5043 4⁸,
1063 4980 1114 5033 b.
1210 4978 1254 5010 ⁸⁸
1290 4988 1345 5032 et
1390 4979 1474 5031 ιδ.
1507 4996 1719 5033 erasum
1747 4977 1801 5031 in
1832 4978 1881 5031 1.

354 5056 405 5087 "
434 5053 715 5123 Pr0pterea
742 5053 806 5123 71.
836 5066 977 5123 corr.
1039 5050 1109 5123 _“
1155 5049 1562 5123 quinquagenos
1600 5049 1689 5123 ιμ’
1718 5048 1767 5123 b:

356 5139 517 5193 quem
552 5129 632 5179 4⁸.

356 5191 427 5230 ’δ’
458 5195 498 5247 it
530 5195 608 5249 vel
647 5192 802 5247 vadit
829 5191 889 5245 ὅθ

324 5266 425 5303 ἰοτ
450 5280 484 5304 η
538 5266 673 5304 κηριιὶ
730 5260 971 5304 numinis-
1027 5274 1215 5304 curvus
1258 5268 1387 5304 erat,
1439 5259 1502 5304 ml
1535 5265 1821 5304 numinum
1851 5259 2090 5304 «lentim-il
2117 5258 2181 5304 3a

1853 5048 1897 5085 ’³
1938 5048 2077 5101 deest
2101 5048 2153 5101 9..
2180 5049 2271 5107 5ο.
2306 5062 2352 5103 ε.

708 5122 757 5161 ’⁸
800 5120 923 5175 altis
951 5119 1124 5189 2.75‘,
1152 5131 1197 5170 ε.
1245 5120 1330 5181 4⁸,
1376 5118 1421 5173 δ.
1448 5119 1587 5172 deest
1616 5120 1670 5176 5.
1746 5119 1791 5152 "
1843 5118 2045 5189 rignlus

995 5188 1061 5222 ⁸⁸³
1092 5207 1146 5244 n.
1180 5205 1230 5241 ιι.
1264 5205 1316 5242 u.
1350 5205 1399 5242 v.
1436 5206 1484 5242 a.
1514 5190 1567 5243 d.
1594 5206 1650 5247 v.
1684 5190 1866 5246 desum
1902 5188 1965 5242 4⁸
2041 5188 2109 5220 ⁸⁸⁵³
2154 5207 2365 5246 erasum
2394 5192 2444 5244 1.

2149 4908 2194 4939 “
2212 4909 2351 4962 deest
2375 4911 2425 4962 1.
2452 4910 2577 4963 dum
2603 4909 2655 4962 ἓ.
2684 4920 2792 4964 ιιιιιι
2815 4910 2898 4962 δυ.
2928 4908 3017 4961 4°;
3047 4919 3171 4963 tunc
3193 4911 3278 4964 4b.
3356 4911 3398 4941 ⁸⁷
3435 4926 3497 4966 ac
3525 4912 3611 4965 ιδ.

2149 4979 2283 5032 lieno
2308 4978 2394 5033 ιδ.
2472 4979 2519 5019 ⁰⁶
2558 4979 2877 5033 clericorum
2905 4978 2991 5033 4η.
3021 4980 3068 5030 b.
3144 4980 3188 5010 ⁰²
3231 4980 3416 5033 usibus
3444 4982 3529 5033 4ο.
3564 4984 3611 5023 b-

3278 4995 3416 5021 ἰιΙὶΙΙΕ
3444 4995 3503 5021 ΔΩ
3566 4995 3612 5021 ιι·

3144 4982 3188 5010 ⁰²
3231 4982 3416 5033 usibus
3444 4982 3529 5045 4ο,
3564 4984 3612 5023 ιι·

3121 5052 3166 5085 9"
3198 5052 3396 5117 aliquid
3437 5051 3489 5105 2.
3522 5054 3617 5105 ali-

2472 4979 2519 5019 ⁰¹
2558 4979 2877 5036 clericorum
2905 4978 2991 5039 40,
3021 4980 3068 5030 δ.

2432 5050 2478 5081 ⁸⁸
2507 5051 2749 5105 saciabat
2796 5050 2883 5112 4⁸,
2916 5048 2966 5101 δ.
2992 5048 3045 5102 5.

2208 5121 2275 5152 ¹⁰⁰
2304 5138 2356 5175 n.
2410 5120 2496 5175 vel
2538 5121 2791 5181 alterum,
2829 5130 2979 5174 extra
3012 5120 3095 5172 δε.
3176 5122 3241 5154 ¹⁰ι
3275 5123 3390 5175 leve
3416 5123 3502 5175 5ο.
3528 5123 3615 5176 ιι).

2529 5192 2594 5224 ³⁰⁸
2624 5206 2876 5248 carceres
2897 5192 2954 5244 2.
2986 5190 3071 5242 4ο.
3151 5191 3217 5223 *οδ
3242 5194 3293 5247 in
3324 5207 3373 5245 c.
3396 5191 3451 5243 2.
3476 5193 3618 5257 48,5.

2284 5262 2352 5295 ιθθ
2384 5264 2459 5302 ειη
2510 5263 2839 5302 diuinas-un!
2870 5261 2891 5300 4
2948 5260 2983 5299 9.
3048 5259 3109 5300 3c
3167 5262 3229 5299 Ᾱιι
3296 5261 3480 5298 υοΙίηηὸ
3511 5276 3623 5298 nn“

2042 4979 2283 5046 profieuo
2308 4978 2394 5033 ιδ.
