4494 5520
867 449 963 509 871

1850 441 1906 495 S.
1946 440 2334 495 ADALBEMTI
2373 436 2679 493 EPISCOPI
2717 435 3096 492 PRAGENSIS

4013 425 4118 486 872

867 556 1059 624 apibus
1086 554 1224 609 nulla
1262 555 1327 586 η’
1358 553 1765 622 superfuissent,
1797 552 1960 620 empit
1986 566 2252 605 curtosms
2278 563 2437 603 exeo-
2464 549 2513 608 Δ
2542 546 2682 614 etpia
2725 545 3165 606 christianorum,
3216 554 3350 610 quos
3397 548 3666 594 mercator
3690 538 3903 596 Judaeus
3930 541 3995 580 ’δ’
4030 540 4116 593 in-

868 651 1062 719 gitare,
1097 650 1223 720 quid
1256 651 1327 705 illi
1355 652 1485 705 dare
1510 659 1727 720 posset;
1767 660 1822 705 et
1867 665 1988 705 cum
2024 648 2160 703 nihil
2185 648 2326 701 aliud
2349 661 2445 701 oe-

867 752 1131 806 curreret,
1166 743 1439 813 ingressus
1485 742 1682 804 cubile,
1715 742 1857 811 quod
1886 740 2060 795 solum
2104 739 2290 793 habuit
2326 737 2449 791 tulit

868 833 991 886 inde
1019 832 1250 886 sericum
1282 831 1548 900 pulvinar,
1582 830 1666 884 cui
1692 828 2012 883 abstrahens
2039 827 2297 889 sericum,
2324 824 2444 894 plu-

869 937 985 976 mas
1015 922 1081 954 ¹¹³
1108 923 1528 990 circumquaque
1557 934 1653 988 per
1682 920 1896 973 domum
1929 916 2223 987 respersit;
2253 913 2446 968 deinde

868 1012 936 1065 ad
979 1012 1212 1080 jacentis
1264 1010 1494 1065 mendici
1539 1008 1831 1063 clamorem
1878 1020 2186 1069 recurrens,
2231 1004 2446 1057 inanem

868 1116 1159 1171 purpuram
1199 1100 1251 1155 in
1309 1114 1469 1169 rugas
1516 1097 1856 1168 complicavit
1901 1094 1990 1161 ιιι,
2037 1104 2093 1149 et
2126 1107 2221 1164 per
2248 1106 2445 1146 coeun-

870 1193 1003 1247 tium
1033 1192 1099 1227 ’⁸⁸
1148 1190 1433 1260 januarnm
1483 1189 1746 1244 foramina
1800 1187 2072 1250 emittens,
2128 1185 2231 1239 hoc
2280 1182 2444 1237 fertili

869 1280 1010 1335 dono
1045 1295 1262 1334 manum
1311 1280 1563 1349 pauperis
1612 1276 1989 1332 accumulavit.
2028 1274 2193 1345 Cujus
2220 1272 2349 1326 furti
2377 1272 2446 1303 ¹²⁶

868 1379 1060 1425 auctor
1106 1384 1229 1424 eum
1279 1369 1489 1434 lateret,
1531 1382 1761 1437 cumque
1791 1365 1931 1436 Myzl
1981 1365 2045 1395 ³⁸⁷
2091 1362 2284 1417 domus
2333 1376 2446 1417 sua:

867 1459 1200 1515 eamerarins
1252 1459 1321 1491 “3
1362 1460 1464 1514 hoc
1512 1458 1654 1514 inter
1699 1473 1897 1528 pueros
1951 1459 2197 1528 asperius
2266 1459 2447 1528 requi-

869 1565 989 1604 rere
1012 1549 1080 1580 ¹²⁹
1126 1548 1303 1611 vellet,
1348 1548 1774 1617 prohibuiteum
1823 1547 2049 1603 dicens:
2098 1547 2443 1620 Nequaquam

868 1637 1110 1692 inimicus
1152 1639 1305 1691 homo
1353 1637 1449 1690 hoc
1478 1637 1541 1668 ¹³⁰
1569 1637 1708 1706 fecit,
1756 1636 1847 1690 sed
1894 1637 1983 1707 qui
2030 1637 2266 1707 indigem
2307 1648 2441 1704 erat,

867 1730 1091 1799 forsitan
1111 1745 1204 1799 pro
1225 1728 1477 1798 explenda
1505 1729 1806 1782 necessitate
1834 1730 2131 1798 assumpsit.

939 1822 1027 1877 η.
1076 1820 1355 1875 Interluec
1399 1830 1587 1875 saneta
1632 1835 1794 1890 opera
1850 1836 1954 1875 non
1985 1821 2219 1876 desierat
2259 1822 2442 1891 pluere

2547 637 2687 692 felici
2715 652 2844 692 auro
2866 644 3075 691 emerat
3099 641 3413 703 emptosque
3435 639 3512 686 lot
3541 632 3826 703 episcopus
3854 632 4119 686 redimere

2547 742 2651 782 non
2680 727 2871 796 potuit.
2902 725 2958 779 In
2988 724 3192 780 somnis
3219 738 3430 792 quoque
3456 723 3704 792 apparuit
3751 722 3798 777 ei
3839 721 4115 784 Dominus,

2547 817 2815 872 suscitans
2859 831 2984 871 eum
3030 815 3181 869 etde
3228 811 3375 869 lento
3420 828 3612 883 sopore
3661 810 4115 883 surgerejubens.

2546 905 2734 974 lnquid
2774 904 2902 960 ille:
2937 903 3066 969 Quis
3111 918 3163 957 es
3202 912 3257 955 tu
3307 912 3414 955 tant
3455 886 3742 969 imperiosa:
3768 900 4116 964 auctoritatis,

2546 992 2622 1047 vel
2656 993 2805 1062 cujus
2836 994 2908 1047 rei
2938 993 3107 1063 gratia
3137 991 3358 1061 quietem
3389 989 3628 1060 frangam
3645 989 3796 1059 jubes
3821 990 3845 1042 .9
3875 988 4119 1060 Respon-
4154 1034 4155 1037 η

2547 1084 2663 1138 dit:
2697 1081 2810 1155 Ego
2852 1100 2968 1138 sum
3002 1082 3159 1137 Iesus
3188 1081 3452 1145 Christus,
3482 1082 3571 1151 qui
3612 1081 3850 1134 venditus
3889 1094 4040 1145 sum;
4068 1092 4117 1136 et

2546 1189 2661 1228 ecce
2700 1174 2891 1228 iterum
2921 1174 3112 1229 reutlor
3156 1173 3384 1238 Judwis,
3423 1182 3471 1227 et
3498 1183 3555 1225 tu
3596 1171 3767 1225 adhuc
3808 1174 3982 1227 stertis
4012 1174 4028 1204 ¹
4060 1172 4118 1224 '?

2545 1264 2639 1321 ille
2686 1264 3116 1336 expergefactus,
3164 1280 3347 1320 secum
3393 1264 3556 1320 tacito
3598 1265 3760 1319 corde
3803 1274 4117 1334 pertractat,

2545 1356 2803 1426 quidnam
2852 1356 2967 1411 haec
2993 1356 3133 1412 visio
3161 1355 3339 1410 vellet.
3379 1355 3645 1410 Admovet
3684 1354 3950 1409 solvenda:
3977 1368 4122 1424 qna:-

2546 1445 2835 1502 stiuncula‘.
2877 1446 3083 1502 socium
3113 1445 3184 1483 ιιι
3207 1446 3506 1517 elegantem
3534 1446 3708 1501 virum
3755 1445 4114 1501 Williconem.

2545 1534 2644 1590 llic
2695 1536 2899 1591 honore
2924 1536 3291 1606 praepositum:
3314 1545 3541 1606 praeerat
3567 1536 3797 1602 caeteris,
3845 1538 3986 1591 hunc
4038 1536 4122 1589 vir

2544 1626 2925 1682 sanctissimus
2969 1626 3208 1681 omnium
3254 1626 3601 1682 consiliorum
3648 1642 3867 1681 suorum
3904 1626 4123 1695 partici-

2543 1734 2665 1790 pem
2738 1719 2885 1773 fecit.
2948 1718 3046 1774 Cui
3092 1733 3214 1774 cum
3262 1732 3414 1772 suam
3480 1717 3737 1772 visionem
3804 1724 4120 1785 exponeret,

2546 1808 2823 1878 respondit
2873 1808 2927 1862 in
2955 1807 3022 1842 “'
3059 1808 3275 1879 propria
3324 1807 3490 1863 verba
3535 1817 3591 1863 et
3632 1808 3982 1877 cogitationes
4032 1806 4121 1860 ille

866 1909 1262 1979 prtedicationis
1289 1910 1481 1973 verba;
1527 1923 1626 1963 nec
1657 1888 1759 1963 sibi
1788 1908 1959 1961 solum
1989 1910 2179 1970 bonus,
2209 1888 2307 1965 nec
2336 1910 2439 1966 nisi
2474 1888 2517 1947 Β
2546 1903 2866 1957 mitissimus
2938 1901 3133 1956 heros:
3203 1900 3427 1966 Quando
3495 1900 3788 1955 venduntur
3846 1898 4119 1953 christiani

866 2014 987 2053 eum
1014 1999 1258 2070 pluribus
1281 1998 1346 2030 ¹³¹
1374 1998 1672 2053 εωιοειίυῐη
1696 1999 2012 2068 gaudiorum
2034 2001 2301 2070 particeps
2324 2015 2444 2058 esse

865 2090 1066 2157 voluit;
1113 2089 1338 2160 singulis
1362 2090 1429 2122 ¹³¹
1465 2090 1843 2160 compassione
1879 2092 2188 2160 proximus,
2232 2104 2288 2149 et
2334 2111 2443 2166 pra:

864 2180 1076 2234 eunetis
1120 2180 1175 2233 in
1214 2179 1663 2249 contemplatione
1706 2194 2027 2249 suspensus;
2080 2182 2158 2237 sic
2208 2183 2314 2237 alta
2352 2199 2444 2255 pe-

867 2280 1005 2331 tens,
1036 2278 1095 2324 ut
1143 2270 1518 2339 proximorum
1560 2268 1774 2323 infirma
1818 2285 1923 2324 non
1978 2271 2312 2340 despiceret;
2364 2274 2444 2329 sic

866 2362 1097 2416 infirmis
1126 2362 1194 2394 ¹³³
1234 2363 1602 2431 proximorum
1654 2375 1978 2429 congruens,
2004 2372 2063 2417 ut
2107 2363 2211 2419 alta
2261 2374 2443 2435 petere

868 2469 974 2507 non
1004 2453 1291 2508 desisteret
1315 2470 1329 2517 ;
1360 2454 1439 2507 sic
1462 2451 1805 2507 discretionis
1825 2461 1996 2506 artem
2024 2467 2243 2508 servare
2270 2455 2440 2519 novit,

862 2550 924 2596 ut
950 2549 1097 2597 esset
1126 2541 1177 2595 in
1208 2555 1274 2595 eo
1300 2550 1355 2595 et
1376 2542 1521 2611 juste
1545 2540 1833 2595 consulens
1877 2541 2244 2596 misericordia
2274 2553 2328 2597 et
2356 2545 2443 2613 pie

863 2632 1092 2686 steviens
1121 2630 1189 2663 m
1215 2630 1519 2698 disciplina.
1542 2629 1645 2699 Ipsi
1670 2636 1849 2684 autem
1874 2630 2145 2686 contraria
2166 2630 2443 2689 voluntate

863 2721 931 2775 ad
981 2720 1252 2776 carnalem
1306 2734 1523 2775 sensum
1579 2718 1716 2790 lapsi
1771 2720 1863 2785 ¹³⁸,
1912 2721 2111 2775 bonum
2169 2732 2441 2791 pastorem

862 2811 1019 2879 sequi
1051 2809 1358 2864 noluerunt.
1386 2808 1535 2864 Novo
1563 2810 1759 2879 quippe
1785 2814 1945 2864 modo
1971 2825 2093 2865 cum
2116 2820 2300 2867 essent
2327 2827 2439 2867 ete—

863 2898 1087 2954 lestibns
1108 2899 1264 2954 bonis
1287 2899 1448 2970 pasti,
1471 2908 1813 2969 peccatorum
1838 2899 2046 2955 fecibus
2065 2900 2436 2972 espleltantur.

867 2997 962 3051 llle
999 2997 1068 3031 m
1097 2997 1431 3066 spiritalibus
1452 2997 1734 3068 adjutoriis
1762 2999 1943 3054 caulas
1968 3000 2034 3032 ⁸³⁷
2062 3015 2187 3055 suas
2212 3016 2443 3070 praemu-

862 3085 980 3139 nire
1002 3084 1195 3150 instat;
1242 3085 1316 3138 illi
1344 3086 1641 3151 destruere,
1668 3086 1811 3157 quod
1852 3085 2001 3152 fecit,
2024 3087 2309 3143 diabolicis
2334 3090 2438 3143 im-

860 3175 1277 3245 pugnationibus
1308 3174 1585 3230 festinant.
1616 3176 1706 3231 llle
1736 3192 1766 3231 a
1796 3178 2109 3248 captivitate
2135 3180 2437 3234 dmmonum

2544 1990 2932 2055 Judteis,hanc
2977 1988 3318 2044 venditionem
3347 1989 3549 2057 patitur
3594 1987 3658 2018 ¹⁸⁶
3702 1987 3808 2053 ipse
3857 1985 4118 2050 Christus,

2544 2082 2696 2151 cujus
2750 2097 2843 2136 nos
2879 2080 2942 2112 “7
3003 2097 3189 2148 corpus
3211 2091 3257 2133 et
3287 2079 3537 2143 membra,
3586 2095 3617 2132 α
3648 2094 3749 2149 quo
3780 2061 4044 2132 movemur
4071 2088 4120 2129 et

2541 2189 2743 2227 sumus.

2616 2264 2707 2319 15.
2747 2262 2871 2318 11πο
2906 2272 3127 2317 sanctus
3175 2261 3460 2331 episcopus
3510 2275 3661 2330 :cqua
3694 2259 3848 2314 lance
3889 2272 4121 2329 perpen-

2545 2351 2697 2414 dens,
2729 2360 2783 2407 et
2824 2350 2893 2406 ab
2935 2351 3043 2405 imo
3084 2351 3261 2404 cordis
3293 2350 3447 2420 longa
3477 2350 3708 2420 suSpiria
3740 2349 3976 2414 trahens,
4006 2362 4122 2401 am-

2543 2443 2686 2513 plius
2708 2452 2853 2498 stare
2876 2442 2941 2475 “5
2970 2442 3178 2506 timuit;
3206 2442 3392 2512 sicque
3406 2442 3631 2497 consilio
3653 2442 3789 2497 dolor
3805 2442 3851 2497 is
3873 2450 4114 2509 accepto.

2544 2536 2692 2589 venit
2719 2536 2946 2590 Romam
2986 2535 3097 2605 (an.
3131 2534 3280 2604 989),
3327 2543 3381 2588 et
3423 2534 3731 2604 apostolica:
3761 2533 3906 2590 sedis
3943 2533 4120 2604 ponti-

2546 2627 2701 2681 ficem
2732 2627 2879 2699 (54),
2909 2627 3038 2697 quid
3072 2627 3123 2680 in
3155 2635 3301 2681 tanto
3343 2641 3441 2682 suo
3480 2626 3769 2697 populique
3806 2626 4120 2681 discrimine

2543 2715 2682 2771 foret
2708 2726 2948 2783 acturus,
2982 2718 3333 2788 gemebumlis
3360 2718 3425 2749 ¹⁴⁹
3450 2719 3727 2788 questibus
3758 2716 3825 2750 ¹⁸⁰
3850 2715 4075 2788 inquirit
4102 2734 4115 2772 :

2544 2806 2968 2873 Commendatus,
2997 2808 3181 2878 inquid
3202 2848 3217 2874 ,
3245 2809 3374 2861 mihi
3392 2824 3519 2879 grex
3545 2809 3730 2863 audire
3754 2825 3835 2863 me
3860 2825 3962 2863 non
3988 2809 4116 2874 vult,

2543 2915 2635 2952 nec
2688 2901 2825 2970 capit
2855 2917 3020 2955 sermo
3056 2917 3199 2956 meus
3228 2902 3281 2955 in
3312 2900 3437 2967 illis,
3462 2904 3516 2957 in
3552 2918 3774 2972 quorum
3811 2903 3876 2937 ¹⁸¹
3904 2900 4120 2971 pectori-

2542 2989 2637 3043 bus
2658 2989 2997 3045 dwmoniaca:
3022 2991 3283 3045 servitutis
3308 2990 3525 3061 imperia
3554 3001 3800 3061 regnant;
3826 3001 3874 3046 et
3896 3009 3958 3047 ea
3982 2993 4119 3062 regio

2542 3090 2637 3146 est,
2669 3083 2756 3135 ubi
2781 3098 2875 3151 pro
2888 3082 3035 3153 justo
3064 3085 3227 3138 virtus
3255 3085 3506 3153 corporis,
3536 3100 3630 3150 pro
3652 3084 3760 3155 lege
3788 3085 4024 3156 voluptas
4053 3084 4118 3118 ³⁸³

2543 3172 2849 3228 dominatur
2902 3175 3081 3246 (loaa.
3127 3190 3245 3240 vnt,
3291 3174 3403 3247 57).
3450 3176 3532 3230 Ad
3581 3175 3698 3233 haec
3738 3178 4062 3247 apostolicus
4106 3197 4118 3232 :

859 3273 914 3319 et
940 3265 1203 3319 viciorum
1253 3264 1505 3335 populum
1536 3264 1770 3321 liberare
1812 3275 2000 3337 parat;
2047 3268 2120 3323 illi
2150 3284 2216 3323 eo
2257 3253 2513 3325 arcius'C
2548 3263 2677 3330 Fili.
2702 3265 2911 3336 inquid,
2943 3268 3066 3338 quia
3089 3277 3139 3321 te
3176 3268 3321 3339 sequi
3348 3267 3530 3322 nolunt
3553 3308 3567 3334 ,
3598 3269 3720 3339 fuge
3760 3270 3899 3338 quod
3952 3281 4120 3325 necet.

859 3367 920 3406 se
947 3352 1000 3407 in
1029 3352 1177 3407 omni
1206 3362 1427 3422 peccato
1458 3353 1697 3424 obligare
1736 3370 1841 3409 non
1871 3365 2110 3411 cessant.
2136 3357 2283 3413 Vidit
2310 3374 2438 3431 ergo

857 3443 1164 3514 episcopus,
1204 3447 1329 3515 quia
1367 3444 1565 3501 divinis
1604 3445 1811 3517 legibus
1838 3448 2124 3504 adversum
2153 3449 2232 3504 ire
2260 3452 2438 3506 omni-

855 3534 959 3590 bus
1009 3538 1184 3593 modis
1232 3537 1563 3595 festinarunt
1617 3540 1719 3606 ⁸³⁸;
1774 3542 1926 3609 vidit,
1983 3545 2125 3614 quod
2177 3547 2441 3602 obdurato

855 3625 1017 3681 corde
1064 3627 1115 3682 in
1162 3628 1331 3683 Dentn
1381 3630 1608 3699 grandia
1658 3646 1885 3702 quaeque
1934 3642 1988 3688 et
2039 3649 2178 3690 nova
2233 3636 2440 3691 scelera

858 3717 1153 3786 adimplere
1193 3720 1555 3785 meditantur;
1598 3721 1732 3775 vidit
1775 3722 1991 3791 Optima:
2032 3726 2441 3796 gubernationis

856 3807 1107 3864 frustrari
1156 3811 1412 3872 lacertos,
1444 3811 1563 3881 plus
1593 3814 1756 3867 etiam
1785 3816 1979 3870 obesse
2023 3820 2125 3874 sibi
2148 3834 2310 3889 quam
2345 3836 2441 3891 po-

856 3902 981 3969 pulo
1008 3903 1285 3972 prodesse.
1328 3903 1490 3959 Dellet
1523 3905 1589 3936 "'
1621 3920 1749 3975 ergo
1776 3918 2078 3976 peceatum,
2112 3919 2165 3965 et
2212 3916 2443 3971 amaris-

855 3996 996 4048 simo
1043 3996 1190 4050 luctu
1231 3998 1577 4067 prosequitur
1598 3999 1828 4068 dampna
1859 4003 2081 4071 perdita:
2110 4007 2305 4075 gentis.
2356 4008 2439 4064 Ad

854 4086 1103 4141 ultimum
1151 4089 1383 4159 cogitat,
1432 4091 1625 4146 melius
1667 4107 1789 4149 esse
1830 4094 2135 4166 relinquere
2183 4115 2344 4170 quam
2386 4103 2436 4158 in

854 4192 1000 4232 eateo
1051 4186 1106 4233 et
1152 4188 1344 4247 sponte
1389 4190 1650 4249 pereunte
1688 4182 1884 4251 populo
1927 4199 2146 4255 operam
2188 4191 2434 4259 perdere.

854 4268 1006 4336 Quod
1034 4271 1268 4325 maxime
1299 4271 1365 4326 de
1414 4272 1585 4326 tribus
1627 4274 1805 4329 causis
1849 4286 2029 4330 actum
2072 4293 2196 4334 esse
2230 4281 2435 4349 dicunt,

853 4360 944 4427 qui
976 4358 1132 4427 lmjus
1159 4362 1233 4415 rei
1280 4362 1525 4416 ordinem
1560 4362 1676 4433 ipso
1708 4375 1964 4421 narrante
2010 4373 2435 4439 comperieruut.

852 4449 1033 4505 Prima
1085 4461 1140 4505 et
1182 4451 1327 4505 velut
1352 4452 1665 4523 principalis
1700 4454 1768 4486 “°
1807 4471 1969 4512 causa
2015 4472 2234 4531 prepter
2258 4463 2438 4533 plures

853 4557 1052 4597 uxores
1078 4544 1238 4597 unius
1264 4544 1399 4610 viri;
1433 4545 1667 4600 secunda
1699 4556 1920 4618 propter
1955 4552 2274 4609 detestanda
2306 4573 2437 4612 con-

844 4631 995 4705 jugia
1023 4634 1381 4701 clericorum;
1417 4636 1570 4691 tertia
1603 4647 1822 4708 propter
1845 4638 1908 4672 ¹⁸¹
1940 4643 2180 4712 captivos
2200 4660 2253 4701 et
2279 4665 2433 4704 man-

2548 3356 2735 3429 Opera:
2770 3359 3001 3427 precium
3026 3369 3099 3413 est
3136 3359 3296 3425 enim,
3326 3361 3371 3414 si
3400 3376 3517 3413 cum
3558 3360 3678 3414 aliis
3708 3360 3937 3429 fructum
3972 3378 4125 3432 agere

2544 3464 2646 3502 non
2674 3459 2836 3519 potes,
2866 3450 2945 3505 vel
2984 3460 3032 3505 te
3074 3452 3243 3520 ipsum
3274 3466 3375 3504 non
3412 3450 3620 3521 perdas.
3648 3449 3824 3516 Quare
3862 3468 3973 3506 meo
4001 3468 4126 3505 con-

2542 3541 2661 3595 silio
2715 3543 2888 3611 arripe
2915 3542 3011 3597 tibi
3042 3544 3159 3596 ocia
3208 3541 3661 3613 contemplationis
3686 3583 3701 3608 ,
3736 3552 3785 3598 et
3822 3543 3941 3598 sede
3988 3545 4125 3597 inter

2542 3648 2652 3695 eos,
2691 3634 2781 3702 qui
2824 3634 2980 3687 vitam
3023 3635 3249 3705 quietam
3284 3634 3337 3687 in
3385 3633 3572 3688 studiis
3615 3634 3855 3689 dulcibus
3899 3644 3949 3689 et
3980 3634 4127 3689 salu-

2543 3728 2719 3782 bribus
2757 3737 2937 3798 agunt.
2986 3727 3098 3783 Hae
3143 3728 3322 3797 itaque
3364 3727 3511 3782 velut
3551 3726 3733 3782 divina
3777 3729 4126 3798 responsione

2544 3818 2816 3873 animatus
2845 3833 2968 3873 cum
3002 3818 3070 3873 ad
3119 3817 3299 3872 futura
3336 3826 3647 3873 sanctorum
3680 3818 3873 3887 gaudia
3912 3818 4125 3872 ardenti

2542 3910 2813 3967 desiderio
2841 3911 3145 3975 anhelaret.
3185 3914 3372 3967 statuit
3398 3927 3582 3967 secum
3613 3912 3787 3966 natale
3817 3910 3987 3967 solum
4022 3926 4124 3964 no-

2542 4004 2815 4072 tioresque
2845 4002 2913 4035 ¹⁵³
2938 4002 3160 4073 populos
3189 4002 3582 4073 derelinquere.
3618 4000 3744 4056 Vult
3768 4017 3866 4071 pro
3896 4002 4124 4056 Domino

2539 4106 2766 4161 peregre
2809 4092 3098 4162 proﬁcisci,
3133 4103 3294 4162 atque
3321 4092 3468 4147 velut
3503 4094 3601 4147 sub
3636 4092 3740 4147 alio
3762 4091 3873 4148 sole
3907 4091 4123 4160 inepcm

2541 4184 2738 4239 ducere
2761 4191 3057 4238 senectam.
3087 4182 3280 4239 Omnia
3312 4184 3447 4237 dura
3490 4194 3543 4238 et
3571 4199 3760 4254 aspera
3806 4199 3903 4254 pro
3924 4182 4125 4238 dilecto

2538 4273 2665 4331 Jesu
2694 4275 2868 4331 dulcia
2918 4276 3020 4331 sibi
3049 4276 3162 4331 visa
3190 4285 3344 4341 sunt;
3385 4290 3481 4346 pro
3502 4276 3667 4331 divite
3704 4276 3921 4332 Christo
3944 4292 4123 4347 angn-

2540 4375 2680 4422 stam
2711 4366 3018 4437 pauperiem
3071 4366 3202 4434 pati,
3252 4380 3357 4419 non
3398 4375 3505 4419 tam
3550 4366 3702 4421 labor
3723 4382 3884 4436 quam
3932 4367 4125 4436 ingens

2541 4475 2695 4515 amor
2723 4466 2859 4513 erat.
2889 4457 3019 4513 Post
3044 4459 3182 4512 hanc
3205 4472 3316 4512 suae
3352 4457 3549 4513 mentis
3577 4457 4016 4513 deliberationem
4052 4457 4126 4489 m

2543 4561 2823 4623 argenturm
2855 4552 3179 4622 pauperibus
3208 4551 3354 4622 large
3385 4550 3736 4619 distribuens,
3761 4552 4123 4623 episcopalem

2540 4656 2812 4698 cameram
2837 4649 3064 4696 evacuat
3093 4639 3180 4694 ηδ.

2157 4776 2388 4835 ΥΑΒΙᾹΞ
2443 4775 2847 4849 LECTIONES.

926 4882 992 4914 η’
1033 4881 1191 4937 nullm
1251 4881 1339 4937 '50.
1391 4883 1479 4937 41).
1565 4886 1634 4919 ¹¹³

850 4951 1163 5025 eou‘tplieuit
1190 4952 1275 5006 5ο.
1307 4954 1513 5025 collig?t
1539 4955 1626 5009 4⁸.

853 5023 1031 5076 rarius
1060 5023 1107 5075 1.
1142 5023 1461 5093 praepositus
1483 5026 1537 5080 2.
1564 5026 1649 5090 5⁸,
1686 5038 1732 5081 ο.
1765 5023 1853 5082 4⁸.

1676 4884 1927 4957 plumans
1974 4906 2125 4947 eraso
2163 4910 2216 4947 n.
2264 4895 2316 4949 1.

1708 4958 1774 4990 ιη
1802 4969 1985 5028 aperta
2017 4961 2072 5015 ε.

2363 4897 2601 4967 plumam
2629 4897 2683 4951 ‘2.
2712 4896 2766 4951 5.

2151 4964 2220 4995 “"
2246 4964 2378 5022 facti
2399 4968 2453 5023 5.

1934 5031 2007 5103 “’A
2032 5032 2143 5103 iuq.
2176 5033 2262 5097 5⁸,
2297 5047 2343 5090 ο.
2369 5038 2456 5091 4b.

2844 4894 2915 4927 ⁸⁸⁸
2938 4896 3011 4949 ita
3034 4894 3089 4948 2.
3113 4896 3199 4965 5°.
3228 4894 3518 4965 complevit
3546 4910 3687 4965 corr.
3710 4896 4032 4965 compressit
4064 4896 4118 4951 1.

2532 4970 2599 5002 ¹¹⁷
2624 4967 2762 5021 deest
2787 4966 2870 5020 δί’.
2911 4965 3131 5021 uuillieo
3161 4964 3214 5019 2.
3240 4964 3325 5018 5⁸.
3352 4964 3437 5018 la.
3465 4965 3645 5019 uillico
3667 4964 3753 5018 41).
3830 4965 3899 4997 ¹¹⁸
3934 4982 4120 5019 eama-

2538 5038 2605 5071 ¹³⁰
2634 5038 2773 5091 deest
2804 5038 2855 5090 1.
2936 5037 3000 5069 ¹³¹
3031 5051 3130 5089 nec
3161 5036 3278 5091 sine
3306 5050 3359 5104 p.
3385 5051 3450 5088 ea:
3497 5051 3635 5089 corr.
3664 5036 3716 5089 1.
3755 5036 3847 5089 sed
3873 5050 3994 5090 cum
4024 5036 4118 5089 ὅι.

850 5093 918 5177 ‘ff
958 5106 1012 5173 _s.
1047 5107 1185 5177 _e_._p.
1214 5102 1269 5175 et
1305 5110 1355 5163 p.
1398 5110 1449 5177 ρ.
1490 5096 1524 5151 i.
1554 5112 1620 5177 ρ.
1653 5112 1698 5151 s.
1732 5109 1849 5177 pos_t
1898 5093 2182 5177 desistei-et
2210 5093 2514 5177 scribuntur
2552 5109 2606 5163 in
2637 5107 2692 5161 2.
2737 5107 2823 5177 5ο.
2873 5093 3338 5177 UndediSputan's
3372 5105 3649 5177 degregno
3675 5105 3765 5159 Dei
3803 5114 3857 5160 et
3883 5107 4122 5177 suadens

848 5163 916 5248 {lg
951 5163 1180 5248 l,"-j}i“iE_
1206 5163 1343 5248 8,195.
1395 5165 1451 5248 i_n_
1496 5163 1966 5248 Ilgtllasl;‘sc6rum
2019 5173 2388 5248 (eorum__4b.)
2426 5179 2738 5247 iniquitates
2790 5163 3201 5231 1εννειιῐθ’ῑθἸο
3250 5175 3510 5230 excurrit.
3545 5163 3648 5244 ipsi
3695 5184 3873 5248 autem
3908 5175 3995 5248 μ.
4061 5176 4117 5248 _b.

849 5231 916 5263 ’⁸³
958 5231 1368 5289 inﬁrmitatibus
1394 5235 1481 5299 5ο,
1533 5236 1587 5290 5.
1696 5237 1764 5270 ¹³⁸
1800 5231 2046 5296 δεΐυίεηὲ
2074 5243 2127 5297 2.

849 5301 915 5332 ’³⁷
943 5302 1130 5357 caules
1156 5319 1294 5357 corr.
1327 5306 1513 5361 caulas
1544 5307 1593 5359 1.
1626 5306 1811 5363 claues
1838 5309 1926 5363 5⁸.

941 5445 1081 5520 deest
1109 5444 1172 5520 2ζ
1244 5445 1311 5520 “_°
1339 5446 1544 5520 pariter
1567 5446 1621 5500 2.
1672 5443 1766 5481 ’³³⁷
1796 5466 1849 5504 n.
1883 5443 2071 5508 sumus
2100 5469 2149 5508 e.
2183 5456 2268 5509 5ο.

2236 5245 2302 5278 ¹³⁸
2352 5245 2549 5313 relapsi
2582 5250 2670 5311 5⁸,
2703 5257 2749 5300 ε.
2781 5248 2865 5307 4⁸.
2894 5248 2941 5299 δ.

943 5313 1513 5403 cantes-cqrrbt-ﬂtlas
1544 5313 1811 5403 thelaues
1838 5313 1931 5392 5⁸.
1980 5381 1990 5393 .
2069 5314 2135 5345 ¹³⁸
2164 5313 2421 5396 festinant
2452 5320 2537 5383 5°,
2573 5316 2901 5373 festinarent
2930 5316 2993 5370 4⁸
3025 5316 3078 5370 5.

949 5374 1347 5450 primieialisg,
1378 5375 1463 5450 5°.
1573 5376 1639 5450 ξδ’
1671 5394 1722 5447 p.
1754 5381 2024 5450 mancipia
2056 5393 2111 5437 et
2137 5385 2347 5442 animas
2373 5389 2462 5442 ch.
2495 5374 2582 5442 4ἰι.

2348 5458 2415 5490 ¹³⁸
2442 5460 2543 5514 ista
2575 5458 2624 5511 1.

3047 5247 3116 5279 ¹³⁶
3140 5248 3232 5302 Ille
3255 5276 3327 5285 -
3349 5260 3454 5298 non
3486 5255 3701 5300 cessant
3724 5245 3906 5299 desunt
3936 5246 4027 5310 4⁸,
4059 5246 4114 5299 δ.

3223 5317 3287 5349 ιδ’
3316 5314 3484 5369 Deﬂet
3506 5346 3577 5355 --
3604 5315 3779 5386 gentis
3805 5316 3991 5386 desunt
4021 5316 4111 5370 ιι·

2712 5387 2777 5417 ¹δ¹
2805 5388 2993 5441 videns
3018 5387 3104 5441 5⁸.
3251 5386 3319 5418 ⁸⁵³
3345 5387 3562 5441 steteris
3593 5385 3643 5439 1.
3795 5385 3864 5418 ⁸⁸⁸
3888 5385 4027 5438 deest
4060 5387 4113 5439 1.

2707 5456 2772 5488 ¹⁸⁹
2800 5458 3141 5520 gemibundis
3173 5460 3195 5513 1
3223 5501 3237 5520 ,
3267 5458 3639 5520 gemebundus
3662 5456 3719 5520 2,
3741 5456 3793 5510 5.
3872 5456 3940 5487 "°
3963 5471 4117 5520 quae-
