4494 5520
364 370 465 427 875

372 586 455 633 sta
480 575 812 644 Theuphanu
840 572 930 635 m,
984 577 1153 623 mater
1181 566 1295 633 ejus
1322 564 1411 633 qui
1457 562 1614 617 modo
1652 568 1840 629 regnat
1866 558 1929 589 ¹⁵⁷

373 665 573 720 tercius
598 672 654 717 et
692 662 799 715 Deo
819 659 1039 727 juvaute
1070 658 1332 710 maximus
1365 651 1488 707 Otto
1513 652 1624 711 (an.
1652 648 1931 715 989990);

370 752 457 805 cui
489 752 575 820 pia
617 764 745 804 cura
785 749 927 802 circa
958 759 1217 815 pauperes
1245 757 1367 797 eum
1402 740 1757 795 summatibus
1785 737 1932 799 viris,

374 852 429 895 et
470 843 603 895 bene
644 836 1005 908 quierentibus
1035 834 1305 889 Christttm
1332 831 1691 886 sincerissima
1722 827 1936 881 dilectio

372 930 491 983 fuit.
538 929 660 984 llaec
693 936 987 997 comperto,
1012 925 1155 995 quod
1205 923 1374 993 gratia
1408 920 1666 975 orationis
1714 918 1937 971 exulans

372 1020 459 1073 ille
510 1033 678 1087 usque
740 1016 1146 1071 “ierosolimam
1193 1026 1414 1081 pergere
1465 1009 1656 1069 vellet,
1700 1008 1836 1059 claui
1871 1005 1937 1036 ¹⁵⁸

370 1110 553 1165 venire
598 1110 743 1163 illum
792 1107 936 1170 fecit,
977 1114 1031 1159 et
1078 1107 1143 1142 ’⁸⁸
1190 1104 1394 1173 argenti
1425 1110 1649 1163 tantum,
1678 1108 1937 1168 quantum

365 1201 578 1270 juvenis
618 1198 944 1254 Gaudentius
984 1197 1066 1249 vix
1120 1197 1295 1249 levare
1344 1203 1544 1264 posset,
1589 1207 1685 1260 pro
1744 1192 1939 1245 viatico

369 1289 613 1358 accipere
663 1288 807 1341 fecit.
854 1286 1003 1353 Quod
1038 1286 1105 1316 ¹⁸⁰
1154 1286 1341 1359 eadem
1394 1284 1742 1351 consequenti
1786 1291 1940 1337 nocte

367 1377 690 1446 pauperibus
737 1375 961 1430 fideliter
1008 1374 1209 1437 divisit,
1267 1384 1424 1443 atque
1472 1372 1539 1425 ab
1578 1388 1681 1424 uno
1720 1372 1941 1425 denario

367 1474 537 1518 totum
561 1465 885 1535 expendens,
920 1464 993 1518 nil
1023 1464 1122 1517 sibi
1154 1464 1393 1517 retinuit.
1424 1463 1621 1515 Deinde
1645 1462 1825 1529 pueris
1855 1476 1939 1514 re-

369 1555 552 1608 missis
581 1556 632 1608 in
661 1555 910 1623 patriam,
943 1562 1114 1607 mutat
1136 1553 1409 1615 habitum;
1440 1562 1493 1605 et
1522 1552 1727 1605 asinum
1758 1551 1818 1582 "'
1845 1567 1943 1619 pro

366 1646 643 1713 portandis
683 1645 938 1698 oneribus
988 1652 1273 1705 mercatus,
1325 1657 1445 1695 cuin
1494 1641 1661 1694 tribus
1719 1655 1943 1694 numero

369 1733 634 1788 fratribus
682 1735 885 1788 socium
910 1735 1013 1787 iter
1039 1734 1345 1801 assumpsit.
1378 1732 1586 1785 llabens
1615 1731 1725 1800 (55)
1763 1734 1943 1799 itaque

1889 348 2070 403 Vl'l'A.

441 485 525 537 H.
544 485 671 539 Erat
692 491 867 537 autem
896 480 1024 549 ipsis
1038 478 1225 531 diebus
1239 474 1422 529 Roma:
1449 468 1756 541 imperatrix
1772 482 1937 537 augu—
1967 472 2013 529 Α

3508 342 3609 397 874

2113 462 2198 516 15.
2239 460 2363 515 “me
2402 475 2466 515 eo
2512 458 2801 529 cogitante,
2851 457 3143 512 frustratur
3188 456 3251 532 “3
3298 468 3419 508 eum
3450 452 3609 515 Deus,

2036 554 2240 615 volens,
2276 552 2453 607 dilecti
2501 551 2731 605 hominis
2760 549 3023 603 desideria
3059 546 3446 617 aliquantulum
3472 543 3608 597 dila-

2040 654 2178 707 tare,
2208 654 2266 698 ut
2288 652 2488 711 quanto
2514 658 2653 696 nunc
2684 654 2867 694 amara
2898 640 3130 709 primum
3177 647 3232 692 et
3260 638 3441 691 labore
3485 649 3610 704 par-

2040 747 2087 788 ta
2124 734 2190 769 ¹⁶⁸
2220 742 2367 787 tanto
2398 741 2515 802 post
2543 732 2779 785 dulciora
2812 729 3053 783 fuissent.
3085 726 3217 782 Nam
3246 742 3367 782 cum
3392 726 3463 780 ibi
3495 738 3611 779 mo-

2037 825 2240 878 nastica
2269 824 2383 893 lege
2408 824 2585 876 vivere
2609 821 2789 883 vellet,
2815 836 3045 889 cumque
3062 820 3169 872 m‘a
3200 819 3418 871 minimo
3441 831 3609 886 usque

2038 919 2104 972 ad
2154 918 2443 970 maximum
2493 929 2681 967 omnes
2728 914 2827 967 hoc
2879 912 3228 967 libentissime
3263 911 3478 974 vellent,
3530 925 3614 964 re-

2039 1021 2197 1080 pente
2218 1009 2474 1061 attonitas
2498 1006 2735 1061 terribile
2760 1006 2975 1059 verbum
2999 1005 3393 1058 transverberat
3415 1018 3607 1057 aures:

2040 1104 2107 1157 Et
2148 1105 2336 1157 bonum
2372 1112 2444 1154 est
2499 1102 2589 1164 ⁸⁷⁸,
2641 1101 2901 1167 inquiunt,
2957 1108 3010 1151 ut
3045 1108 3145 1151 stes
3196 1098 3478 1150 nobiscum.
3511 1095 3614 1150 llic

2042 1193 2401 1247 monachicum
2456 1191 2643 1242 induas
2696 1190 2962 1250 habitum;
3005 1188 3087 1239 hic
3140 1186 3244 1239 Deo
3296 1186 3615 1255 placiturum

2043 1284 2207 1335 cicere
2238 1281 2399 1333 ducas
2432 1280 2527 1342 ‘7‘;
2564 1289 2765 1331 nostras
2793 1293 2991 1348 quoque
3019 1276 3261 1329 ecclesias
3308 1292 3435 1328 noro
3463 1290 3612 1342 apere

2042 1382 2385 1433 constructas,
2406 1386 2521 1422 cum
2562 1370 2631 1421 sis
2654 1370 2941 1437 episcopus,
2963 1383 3173 1420 sacrare
3214 1366 3279 1397 ’⁷⁸
3304 1376 3465 1435 potes.
3498 1364 3615 1430 Quo

2043 1465 2223 1519 audito
2249 1465 2336 1525 ¹⁷³,
2386 1463 2472 1517 ille
2504 1464 2662 1517 heros
2699 1462 2809 1529 jam
2865 1463 3061 1515 dudum
3095 1462 3231 1515 intra
3263 1476 3319 1516 se
3347 1460 3613 1521 turbatus,

2044 1555 2156 1607 hcce
2187 1555 2261 1606 ira
2309 1554 2544 1607 dictante
2593 1553 2856 1607 reddidit:
2887 1549 3071 1605 Utrum
3114 1570 3191 1605 me
3237 1553 3493 1605 hominem
3539 1552 3615 1604 rel

2044 1646 2244 1697 asinum
2268 1644 2481 1712 putatis,
2514 1654 2567 1695 ut
2602 1660 2716 1696 cum
2750 1653 2921 1696 amota
2944 1642 3171 1710 ﬁliorum
3197 1659 3321 1695 cura
3345 1643 3614 1711 episcopus

2046 1752 2156 1788 esse
2178 1736 2496 1797 desisterem,
2536 1751 2670 1787 nunc
2698 1734 2790 1787 sub
2821 1735 3025 1787 nomine
3051 1734 3273 1801 epismpi
3300 1744 3494 1785 vestras
3524 1733 3616 1785 do-

369 1824 607 1877 animum
641 1824 1010 1878 llierosolimis
1053 1822 1356 1891 sepulcrum
1390 1821 1599 1876 Domini
1632 1822 1820 1885 visere,
1849 1836 1941 1875 ve-
1974 1826 2014 1883 Β
2044 1843 2157 1879 mus
2199 1826 2593 1879 consecrarem?
2646 1824 2753 1879 Nec.
2796 1839 2965 1888 mora,
2999 1825 3095 1877 ivit
3129 1824 3196 1855 ’⁷³
3227 1825 3474 1878 deorsum
3522 1837 3618 1892 per

366 1915 447 1967 nit
470 1915 532 1968 ad
564 1925 796 1970 montem
827 1914 1077 1969 Casinum
1109 1914 1196 1979 "ﬁ,
1232 1915 1283 1967 in
1322 1914 1474 1983 cujus
1520 1914 1799 1967 cacumine
1826 1926 1942 1966 mo-

368 2008 659 2063 nasterium
693 2009 841 2062 sedet
887 2007 977 2071 ¹⁶³,
1021 2007 1163 2076 quod
1190 2007 1241 2059 in
1276 2007 1375 2060 hoc
1420 2006 1536 2060 loco
1563 2006 1766 2075 primus
1818 2019 1945 2057 cou-

368 2111 580 2154 struere
618 2100 779 2167 ccepit
826 2098 1170 2153 beatissimus
1211 2107 1383 2167 pater,
1435 2096 1818 2150 monachorum
1849 2095 1945 2149 llos

366 2200 421 2242 et
449 2190 618 2259 gloria
650 2189 739 2251 m,
769 2189 1124 2252 Benedictus;
1160 2188 1230 2241 ibi
1262 2201 1475 2257 quoque
1499 2186 1587 2248 ⁸⁸⁸,
1612 2194 1670 2238 ut
1700 2183 1943 2253 Gregorii

366 2278 676 2333 melliﬂuum
712 2293 772 2332 os
812 2278 923 2348 (56)
969 2286 1144 2343 sonat,
1188 2276 1426 2330 ultimam
1461 2285 1667 2344 partem
1697 2275 1819 2329 vita:
1848 2273 1943 2329 de-

366 2370 499 2439 guit,
530 2378 585 2424 et
615 2382 753 2423 vera:
800 2368 1071 2438 religionis
1114 2366 1387 2435 exemplar
1428 2365 1699 2429 omnibus,
1749 2366 1841 2434 qui
1892 2366 1943 2418 in

367 2458 580 2512 Christo
608 2460 691 2527 pie
716 2458 894 2512 vivere
916 2457 1121 2522 volunt,
1142 2457 1309 2527 digito
1335 2457 1675 2523 conscripsit.
1708 2454 1805 2509 Hic
1832 2464 1942 2509 tum

368 2546 493 2601 licet
518 2547 733 2616 agnitus
776 2561 881 2599 nou
929 2545 1134 2609 fuisset,
1169 2555 1346 2599 tamen
1383 2545 1608 2599 Domino
1638 2546 1779 2613 quod
1805 2544 1947 2597 futu-

370 2653 486 2690 rutu
516 2646 635 2689 erat
684 2637 1017 2705 providente,
1061 2636 1354 2690 honorifice
1400 2636 1633 2705 hospitio
1662 2643 1944 2703 susceptus

368 2736 470 2779 est.
502 2726 628 2779 Post
655 2740 852 2794 paucos
878 2734 1057 2779 autem
1082 2726 1195 2779 dies
1224 2740 1346 2778 eum
1379 2724 1479 2777 iter
1510 2732 1744 2791 emptum
1783 2738 1944 2792 agere

368 2817 548 2882 vellet,
577 2816 807 2871 accessit
828 2817 893 2869 ad
920 2831 1041 2870 eum
1072 2816 1213 2870 illius
1244 2816 1345 2869 loci
1385 2816 1551 2869 abbas
1578 2815 1711 2884 (57),
1741 2824 1794 2868 et
1820 2829 1942 2868 cum

368 2907 487 2976 ipso
517 2907 802 2961 admodum
845 2906 1098 2961 inlustres
1127 2907 1250 2970 viri,
1285 2906 1417 2973 .hzee
1447 2905 1670 2959 consilia
1702 2905 1844 2958 velut
1878 2905 1944 2959 ab

370 2996 549 3049 divina
578 3010 701 3050 arce
741 2995 807 3027 ¹⁶⁶
852 2996 1086 3050 ferentes
1119 3014 1130 3048 :
1172 2993 1344 3058 Viam,
1376 2994 1644 3063 inquiunt,
1674 3010 1829 3062 quam
1860 3009 1945 3047 ac-

369 3090 633 3159 quirendae
669 3090 1001 3144 beatitudinis
1033 3106 1196 3143 causa
1221 3089 1437 3158 crepisti,
1462 3086 1609 3156 longe
1648 3098 1720 3140 est
1745 3103 1777 3140 a
1806 3097 1944 3141 recta

2048 1916 2247 1968 montis
2270 1929 2529 1975 convexa,
2561 1924 2615 1967 et
2642 1915 2791 1984 quasi
2825 1915 3047 1968 duorum
3092 1915 3155 1946 "'
3176 1913 3382 1968 dierum
3429 1915 3619 1969 itinere

2047 2016 2185 2067 acto,
2217 2004 2282 2058 ad
2313 2019 2561 2073 magnum
2606 2004 2781 2056 virum
2813 2002 2985 2055 Nilum
3023 2003 3134 2072 (59)
3180 2004 3434 2071 perrexit,
3467 2003 3621 2073 cujus

2047 2094 2222 2147 nobile
2270 2095 2517 2147 meritum
2567 2093 2617 2145 iu
2684 2092 2979 2145 monastico
3026 2090 3212 2145 ordine
3262 2092 3405 2145 velut
3450 2108 3620 2147 novus

2048 2184 2234 2238 lucifer
2287 2185 2337 2237 in
2384 2185 2606 2238 aetherio
2652 2183 2719 2214 ’⁷⁸
2764 2198 2864 2237 axe
2906 2182 3158 2253 refulget;
3195 2185 3293 2239 sub
3322 2198 3427 2253 quo
3456 2185 3619 2237 etiam

2047 2276 2179 2330 duce
2210 2291 2272 2329 ac
2303 2275 2498 2329 divina:
2524 2274 2658 2327 artis
2692 2274 2949 2341 magistro
2976 2274 3354 2342 discipulorum
3388 2274 3619 2343 plurima

2048 2382 2237 2420 manus
2277 2366 2384 2420 Deo
2439 2366 2847 2419 militaruut’".
2896 2365 2957 2419 lii
3012 2381 3138 2419 vero
3174 2382 3361 2420 omnes
3389 2368 3620 2435 propriis

2047 2459 2294 2512 manibus
2323 2458 2519 2511 victum
2548 2466 2870 2526 qumreutes,
2908 2458 3201 2510 secundum
3239 2458 3469 2525 regulam
3498 2473 3623 2510 san-

2046 2550 2117 2605 cti
2164 2550 2230 2580 "3
2275 2550 2443 2617 patris
2492 2548 2657 2603 nostri
2706 2548 2769 2579 ¹⁷⁹
2811 2548 2991 2601 Basilii
3037 2547 3345 2602 coelestibus
3376 2549 3614 2617 vestigiis

2051 2643 2370 2696 innituntur.
2424 2639 2534 2694 Hac
2572 2639 2709 2693 fama
2758 2640 2969 2701 ductus,
3020 2639 3326 2708 aggreditur
3373 2648 3619 2693 sanctum

2047 2747 2250 2796 senem,
2296 2740 2349 2783 et
2379 2729 2669 2797 provolutis
2699 2728 2922 2798 genibus
2950 2728 3037 2781 ditt
3072 2726 3308 2796 profudit
3343 2727 3615 2790 lacrimas,

2047 2837 2292 2892 quaerens
2328 2823 2395 2875 ab
2418 2820 2507 2874 illo
2539 2822 2604 2851 ’κο
2630 2834 2884 2889 respousa
2914 2830 2965 2874 et
2994 2821 3164 2875 amica
3195 2821 3414 2875 solacia.
3450 2822 3619 2886 Quem

2047 2913 2273 2966 intuitus
2310 2911 2538 2965 domnus
2583 2910 2747 2963 abbas
2787 2909 2957 2974 Nilus,
3005 2908 3156 2976 cujus
3196 2910 3370 2962 meriti
3409 2910 3460 2963 iu
3494 2926 3622 2963 con-

2046 3012 2228 3073 spectu
2254 3001 2460 3055 Domini
2492 3001 2837 3070 viveret,jam
2870 3001 2921 3053 in
2951 3002 3123 3069 primo
3149 3015 3395 3054 sermone
3419 3016 3620 3070 cogun-

2047 3099 2151 3161 vit;
2181 3096 2271 3164 qui
2293 3104 2348 3149 et
2372 3108 2541 3163 usque
2564 3093 2722 3147 hodie
2753 3092 2862 3161 (40)
2911 3093 2983 3147 ita
3031 3108 3213 3147 amore
3253 3091 3453 3146 Christi
3518 3092 3621 3147 fer—

367 3184 454 3235 via
490 3191 538 3236 et
582 3182 646 3235 ab
684 3181 777 3235 illa
818 3197 933 3251 qua:
970 3182 1110 3234 ducit
1161 3188 1226 3233 ad
1276 3183 1453 3234 vitam.
1506 3178 1943 3248 Ρενριειτίιαιίὺιιε
1969 3187 2015 3252 C
2045 3198 2257 3243 ventem
2301 3201 2405 3240 non
2464 3186 2707 3240 meminit
2740 3200 2797 3239 se
2827 3186 3023 3239 vidisse
3050 3184 3284 3253 aliquem
3335 3184 3613 3250 juvenem.

368 3274 557 3343 quippe
603 3273 805 3342 fugacis
857 3272 1035 3326 swculi
1078 3288 1253 3325 carere
1293 3272 1469 3340 magni
1498 3272 1657 3323 animi
1701 3280 1810 3333 est;
1853 3271 1941 3324 sed

365 3365 561 3419 cotidie
604 3364 718 3417 loca
753 3380 887 3417 nova
924 3372 1125 3415 mutare
1166 3362 1336 3414 minus
1376 3360 1639 3414 laudabile
1673 3371 1768 3413 est.
1796 3357 1942 3413 Sicut

368 3456 505 3508 enim
551 3455 750 3508 hiberni
786 3454 947 3506 maris
992 3452 1349 3507 inconstancia
1399 3452 1594 3504 malum
1644 3451 1836 3516 nautis,
1868 3452 1943 3504 ita

370 3547 581 3614 uagacio
611 3546 674 3599 de
701 3546 813 3599 loco
847 3547 901 3598 in
947 3544 1117 3598 locum
1168 3543 1453 3613 periculum
1493 3544 1602 3597 suis
1642 3543 1943 3613 sequacibus

371 3635 619 3688 minatur.
649 3634 801 3689 Stare
828 3644 998 3687 autem
1028 3633 1139 3687 loco
1177 3645 1221 3687 et
1256 3635 1494 3703 supernis
1528 3634 1706 3687 usibus
1735 3650 1793 3687 eo
1824 3633 1946 3687 libe-

373 3723 483 3776 rius
508 3722 724 3791 perfrui,
756 3738 859 3775 non
881 3739 995 3786 nos,
1018 3722 1105 3775 sed
1127 3732 1383 3790 praecepta
1404 3721 1663 3790 majorum
1686 3723 1942 3775 virorum-

373 3832 471 3884 que
492 3817 704 3883 fortium
728 3825 963 3885 exempta
984 3816 1076 3869 tibi
1102 3816 1298 3868 dicunt.
1324 3813 1476 3880 Quod
1502 3815 1783 3870 consilium
1816 3830 1944 3884 pro-

374 3906 530 3958 vidus
560 3906 716 3960 heros
744 3920 851 3960 non
881 3920 1035 3960 secus
1069 3920 1228 3975 quam
1282 3904 1537 3958 divinitus
1584 3906 1765 3958 datum
1796 3904 1941 3959 acci—

374 3995 547 4063 piens,
602 3996 675 4049 ibi
731 3995 891 4049 linem
938 3995 1136 4051 laboris
1181 4004 1235 4051 et
1284 3995 1598 4050 errabunda:
1643 3996 1946 4066 vagaeiouis

374 4101 575 4155 ponere
607 4087 861 4157 cegitavit
886 4086 1019 4155 (38).

2044 3280 2111 3334 Et
2140 3281 2439 3347 recepissem
2466 3289 2536 3340 te,
2567 3279 2757 3345 inquit,
2788 3277 2953 3329 dulcis
2993 3276 3054 3307 ¹⁶¹
3085 3286 3220 3337 nate,
3254 3276 3353 3329 nisi
3374 3278 3480 3329 liter
3502 3292 3618 3330 sus-

2044 3370 2205 3438 ceptio
2232 3369 2359 3421 mihi
2384 3369 2609 3437 meisque
2652 3367 2909 3433 nocitura,
2938 3366 3029 3419 tibi
3056 3376 3226 3419 tamen
3258 3367 3465 3419 minime
3488 3377 3618 3420 esset

2046 3461 2342 3531 profutura.
2384 3458 2588 3512 Etenim
2632 3469 2685 3510 ut
2729 3459 2823 3511 iste
2876 3458 3081 3510 habitus
3122 3468 3168 3510 et
3217 3457 3281 3487 ¹⁶¹
3314 3457 3485 3510 barba:
3525 3459 3620 3525 pili

2048 3561 2326 3614 testantur,
2355 3566 2455 3603 non
2479 3549 2545 3580 ’⁸⁸
2570 3550 2811 3618 indigena
2835 3549 2924 3602 sei
2963 3549 3116 3601 homo
3144 3548 3356 3603 Cra'cus
3386 3549 3453 3583 ""
3477 3567 3613 3603 sum.

2051 3639 2211 3694 Terra
2254 3651 2424 3693 autem
2470 3638 2942 3709 quantulacumque
2964 3648 3061 3703 est,
3090 3656 3244 3708 quam
3287 3657 3378 3709 ego
3427 3651 3472 3694 et
3518 3644 3621 3695 mei

2050 3747 2247 3784 mecum
2276 3730 2523 3791 incolunt,
2557 3729 2768 3783 illorum
2791 3729 2859 3760 ¹⁸⁸
2881 3728 3012 3799 (41),
3052 3745 3179 3799 quos
3205 3740 3257 3781 tu
3289 3731 3411 3784 bene
3455 3730 3615 3800 fugis,

2049 3820 2258 3889 propria
2287 3830 2380 3873 est.
2430 3817 2509 3883 Si,
2542 3819 2680 3889 quod
2723 3818 2831 3871 Deo
2860 3819 3056 3872 volente
3101 3819 3255 3873 nimis
3280 3820 3477 3885 vellem,
3512 3837 3618 3873 una

2050 3911 2313 3965 nobiscum
2355 3911 2746 3971 coltabitaveris,
2776 3910 2960 3964 tollunt
3003 3911 3077 3963 illi
3112 3911 3178 3941 ¹⁸⁶
3197 3927 3314 3979 qua:
3339 3929 3435 3964 sua
3464 3923 3617 3975 sunt;

2046 4016 2136 4069 ego
2164 4016 2279 4052 cum
2301 4001 2434 4052 caris
2459 3998 2585 4065 ﬁliis
2614 3999 2841 4067 expellor
2872 3999 2937 4030 ⁸⁸⁷
2967 4009 3123 4062 totus,
3151 4011 3205 4053 tu
3236 4002 3299 4054 de
3328 4000 3392 4033 ⁸⁸⁸
3421 4002 3620 4054 incerta

2050 4104 2103 4140 re
2131 4087 2246 4155 plus
2272 4088 2493 4139 incertus
2525 4088 2643 4140 eris.
2679 4085 2816 4152 Quin
2864 4088 3019 4141 immo
3058 4090 3233 4158 accipe
3260 4091 3421 4153 patris
3449 4092 3620 4143 consi-

1650 4177 1883 4233 VARIAE
1917 4178 2317 4234 LECTIONES.

452 4267 521 4338 ‘i‘
549 4266 950 4338 sthephaniae,
984 4268 1305 4338 the0phania
1334 4270 1422 4332 5⁸,
1449 4268 1536 4332 ιι»,
1573 4269 1857 4336 teophania
1887 4268 1973 4333 5ο,
2008 4270 2274 4337 teuplianu
2307 4269 2393 4332 ια,
2426 4269 2726 4338 theophanu
2756 4272 2807 4324 5.

377 4337 578 4417 gnabat
607 4338 693 4390 3°.
774 4336 839 4368 ¹³⁸
864 4336 916 4389 in
946 4337 1058 4391 loco
1086 4336 1203 4417 raso
1232 4340 1283 4392 1.

2887 4274 2951 4304 ¹⁵⁷
2981 4274 3117 4327 deest
3144 4276 3200 4337 ‘2,
3234 4277 3326 4343 qui
3363 4284 3487 4333 tunc
3533 4297 3621 4333 rc-

1362 4339 1426 4372 ¹⁸⁹
1457 4346 1513 4392 et
1536 4338 1745 4407 argenti
1778 4346 2075 4414 tantum_—
2099 4339 2227 4414 fecit
2252 4339 2434 4414 desunt
2460 4342 2547 4393 sed
2578 4358 2744 4414 manu
2763 4341 2868 4414 alia
2896 4342 2947 4395 in
2976 4346 3207 4412 margine
3236 4338 3469 4414 suppleta
3500 4364 3621 4405 sunt

374 4408 481 4481 ita:
498 4420 847 4481 magnamque
868 4420 1059 4461 census
1073 4409 1280 4481 copiam
1297 4410 1348 4481 in
1366 4424 1493 4463 usus
1514 4422 1807 4481 pauperum
1831 4408 2252 4481 distribuendam
2272 4408 2368 4481 ipsi
2388 4410 2567 4481 desqu
2590 4410 2703 4481 dari
2725 4408 2883 4481 jussit
2900 4408 3258 4481 gazopiiilatio
3275 4408 3393 4473 ilict
3410 4425 3617 4475 tantum

374 4476 426 4529 ei
454 4476 566 4548 auri
590 4472 803 4544 pondus
816 4472 1320 4548 proamoreChristi
1348 4472 1593 4540 contulit,
1616 4472 1874 4548 quantum
1909 4476 2015 4531 Deo
2040 4479 2263 4548 dilectus
2276 4472 2743 4548 Carude'ntius,viri
2775 4472 2945 4535 saucii
2974 4472 3279 4548 germanus,
3299 4472 3383 4537 vix
3417 4487 3468 4539 in
3498 4472 3620 4543 siuti

382 4545 683 4628 suoulev‘are
710 4546 883 4628 potuit
902 4546 953 4599 5.
998 4546 1095 4628 ut.“
1116 4549 1218 4615 qué
1241 4547 1299 4628 _in
1311 4548 1585 4628 ioco-raso
1611 4545 1661 4599 1.
1691 4546 1753 4577 ¹⁶¹
1773 4561 2032 4628 ouagmm
2052 4546 2139 4599 ιδ.
2166 4548 2231 4628 ξ⁶⁹
2255 4547 2495 4628 casinum
2519 4548 2849 4628 5°._“’_s_edit
2877 4550 2927 4602 1.
2955 4545 3022 4583 ’⁸⁸
3042 4554 3214 4628 gratia
3243 4545 3299 4607 2.
3324 4554 3389 4586 ⁸⁸⁵
3415 4570 3627 4628 quoque

374 4643 449 4654 —
476 4614 601 4667 licet
624 4614 808 4667 desunt
835 4614 919 4667 4⁸.
998 4615 1063 4646 ¹⁸⁶
1096 4614 1210 4671 arte
1237 4618 1285 4669 1.
1310 4616 1363 4670 2.

378 4698 485 4751 que
524 4685 569 4735 l.

1440 4616 1503 4649 ¹⁶¹
1533 4614 1705 4684 glossa
1733 4630 1750 4667 :
1785 4616 1837 4671 id
1864 4614 1948 4670 est
1975 4632 2082 4689 non
2105 4616 2551 4689 adquievitdeus
2599 4619 2624 4672 1
2708 4618 2774 4651 ¹¹⁸
2804 4631 2990 4689 parata
3037 4614 3092 4675 Ξ.
3120 4621 3207 4685 5η,
3245 4639 3296 4678 c.

650 4682 716 4713 ’⁷⁵
742 4692 843 4747 est,
869 4686 944 4738 ait
970 4686 1185 4753 quidam
1223 4688 1400 4741 minus
1422 4682 1614 4740 cautus
1644 4700 1829 4749 senex,
1872 4696 1929 4740 ut
1975 4688 2061 4740 4⁸.

380 4754 665 4823 charitatis
703 4754 866 4807 verba
915 4755 1158 4822 deposuit
1186 4774 1199 4808 :
1225 4755 1427 4809 Bonum
1473 4764 1555 4809 est
1599 4754 1848 4823 inquiens
1891 4756 1980 4810 ιδ.

3376 4624 3441 4657 169

2116 4642 2388 4684 auqutcvu
2420 4642 2551 4672 ucus
2599 4642 2624 4672 ι
2709 4642 2774 4651 ’σν
2804 4642 2990 4689 parata
3037 4642 3092 4675 Ζ.
3120 4642 3207 4685 0",
3245 4642 3296 4678 c.
3376 4642 3441 4657 “"
3471 4642 3621 4682 eum-

2094 4685 2334 4757 Qnadam
2363 4687 2447 4741 die
2475 4688 2523 4741 ei
2557 4689 2776 4757 quidam
2824 4691 3237 4746 venerabundns
3282 4694 3463 4750 senior
3509 4698 3623 4753 hare

2059 4757 2123 4787 ⁸⁷³
2148 4754 2471 4825 placituram
2499 4754 2663 4811 vitam
2694 4759 2749 4813 d.
2799 4776 2863 4814 ea:
2896 4777 3032 4813 corr.
3061 4762 3083 4815 1
3169 4761 3236 4797 ⁸⁷³
3277 4764 3529 4823 dedicare
3570 4778 3627 4821 et

379 4832 611 4907 nostros,
624 4822 850 4907 clericos
881 4825 947 4907 ad
977 4824 1600 4907 gradus_ecelesiastico_s
1644 4822 1966 4907 promovere
1999 4822 2378 4907 decentissime
2415 4828 2626 4907 poteris
2667 4827 2771 4907 Leo
2802 4828 3081 4907 Ostiensis.
3152 4830 3220 4861 ¹⁷³
3256 4849 3308 4888 a.
3341 4836 3498 4890 vehul
3527 4840 3623 4907 qui

381 4893 559 4946 hiulco
586 4891 807 4945 fulmine
838 4891 1149 4947 ictus—certa
1178 4895 1318 4962 loqui
1352 4896 1539 4956 nescit,
1568 4891 1681 4948 haec
1706 4894 1795 4949 4⁸.
1831 4896 1984 4949 aliter
2012 4896 2096 4949 ιδ.

383 4962 449 5033 Ψ
479 4962 711 5033 militans
739 4978 877 5033 corr.
908 4979 1067 5015 manu
1093 4966 1363 5033 posteriori
1396 4964 1589 5017 militat
1614 4965 1662 5017 1.
1697 4965 1961 5019 militabat
1985 4966 2067 5019 ιδ.
2095 4966 2148 5019 5.

384 5032 449 5070 ¹⁶¹
479 5032 626 5085 ducis
655 5034 699 5084 l.
733 5031 841 5084 alia
865 5048 1023 5084 manu
1052 5031 1230 5086 addito
1261 5034 1311 5086 1.

379 5101 449 5133 ¹⁸⁵
487 5115 700 5170 gressus
744 5103 793 5155 1.

376 5186 485 5225 nou
512 5171 645 5225 bene
669 5173 755 5226 4ο.

835 5171 900 5203 m
928 5171 1017 5224 alii
1047 5171 1099 5225 5,
1179 5173 1242 5203 “7
1273 5172 1507 5237 expellar
1532 5172 1585 5225 5.

2176 4896 2245 4927 ³⁷⁸
2291 4899 2393 4950 iter
2424 4896 2479 4949 2.
2560 4897 2807 4953 "'unius
2851 4900 2937 4952 ιδ.

3016 4901 3083 4932 ³⁷⁸
3118 4902 3340 4959 ethereo
3371 4904 3425 4958 2.
3453 4901 3624 4970 δείξει.

2631 4967 2718 4997 ~"’
2745 4968 2884 5022 deest
2923 4969 3010 5025 41³.

2230 4966 2297 5044 ¹¹ξ⁸
2323 4970 2460 5021 deest
2487 4966 2572 5044 ἂνξ.
2631 4967 2718 4997 ’π’
2745 4968 2894 5044 deest
2923 4969 3010 5044 ᾁδ.
3088 4970 3156 5002 ⁸⁸⁸
3194 4973 3314 5044 ipso
3343 4974 3398 5028 2.
3449 4991 3513 5031 eo
3527 4966 3625 5030 ὗε.

1422 5034 1487 5065 η’
1516 5042 1569 5106 et
1592 5043 1839 5106 patenter
1865 5036 1918 5089 Ι).
1942 5049 1995 5105 ρ.
2039 5036 2124 5089 4⁸.
2162 5046 2219 5092 et
2254 5038 2478 5090 intonsa:
2523 5037 2575 5090 b.
2637 5053 2691 5106 p.
2740 5037 2808 5090 41³
2884 5039 2953 5078 ¹⁶¹
2976 5057 3135 5095 manu
3174 5034 3235 5096 ’ἐξ
3294 5045 3533 5098 additum
3580 5048 3633 5099 1.

842 5103 1458 5175 corr.__m_anu_secund_a
1504 5104 1568 5175 de
1609 5104 1763 5175 longe
1790 5103 2038 5175 egressus
2066 5120 2143 5160 es.

1667 5173 1734 5205 ‘“
1758 5173 1897 5230 deest
1926 5176 1979 5229 1.

2256 5108 2323 5140 ¹⁸⁵
2350 5109 2387 5162 i.
2412 5115 2720 5162 sanctorum
2750 5109 3023 5167 seniorum
3048 5121 3103 5167 et
3141 5108 3374 5171 fratrum
3401 5130 3535 5183 quos
3579 5126 3635 5169 tu

447 5331 561 5417 (15:5)
590 5333 672 5390 Cf.
696 5336 896 5391 Leonis
919 5333 1178 5391 Ostiensis
1198 5333 1396 5390 Chron.
1424 5333 1742 5402 Casinense,
1765 5337 1855 5393 lib.
1883 5267 2247 5417 $113139)
2282 5345 2339 5403 In
2360 5342 2691 5417 menasteriq
2707 5341 3075 5417 S.__Michaelis
3107 5361 3304 5417 prope
3332 5349 3573 5404 Barream
3605 5348 3657 5401 in

370 5417 425 5457 ιτ.
464 5403 549 5455 17.

447 5470 559 5520 (561
591 5472 706 5520 Vim
736 5476 793 5520 9.-
823 5475 1093 5520 Benedicti
1122 5490 1241 5520 nan-
1270 5474 1302 5520 8
1332 5488 1452 5520 una-

2062 5425 2205 5489 egro
2233 5412 2517 5489 Capuauo,
2545 5412 2634 5489 ubi
2662 5412 2718 5489 S_.
2758 5413 2919 5489 N_ilus‘
2937 5412 3380 5481 anuis-978.994
3405 5417 3660 5489 vixitLCf.

2061 5479 2253 5520 Vit-sm
2284 5479 2329 5520 ρ’
2372 5485 2473 5520 Nili
2505 5486 2557 5520 in
2606 5482 2746 5520 Δριία
2781 5484 2862 5520 ες
2924 5489 3049 5520 Ωιι...
3122 5495 3246 5520 ιηι-ν.
3293 5479 3392 5520 ⁷ιῖιι
3452 5504 3484 5520 ιιι
3539 5486 3638 5520 καθ’]
