4494 5520
811 343 913 398 875

1795 344 1852 399 S.
1895 344 2277 400 ADALBERTI
2317 347 2618 404 EPISCOPI
2658 347 3043 403 PIHGiiNSlS

3954 353 4058 408 876

808 462 958 523 (ium,
986 465 1030 511 et
1059 425 1479 525 unde‘digressus
1507 473 1578 520 es,
1610 467 1773 526 repete
1798 458 1969 511 urbem
2002 457 2236 510 Romam.
2270 458 2384 521 Quo
2415 464 2461 521 Λ
2562 461 2646 512 17.
2680 460 2794 527 Ipse
2825 476 2952 511 vero
2980 461 3122 513 omni
3153 460 3274 513 oboo
3298 462 3477 514 iieutia
3506 478 3568 514 ac
3612 465 3911 519 luuuilitate
3944 482 4060 519 ain-

804 562 920 599 enm
967 544 1149 613 angelo
1181 545 1311 598 bono
1350 554 1398 597 le
1439 547 1654 598 ducente
1694 545 2000 613 perveneris,
2029 546 2271 598 dormtum
2297 547 2381 597 ab-

804 636 968 688 batem
1028 634 1094 667 ¹⁸²
1151 634 1373 687 Leonem
1426 636 1569 687 nobis
1638 635 2011 687 amicissimum
2081 651 2144 687 ex
2205 646 2379 687 nostra

801 724 1133 793 onmiumque
1161 740 1380 792 persona
1422 724 1634 785 salutes,
1666 734 1816 793 atque
1853 724 2123 792 epistolam
2149 739 2378 777 nostrum

800 815 939 882 feras
968 816 1020 867 in
1051 821 1159 867 ha'c
1188 815 1334 868 verba
1359 829 1375 865 :
1405 829 1492 867 aut
1542 826 1589 867 te
1618 816 1758 883 apud
1805 831 1879 878 se,
1930 818 2066 882 quod
2094 815 2209 882 plus
2242 815 2375 876 volo,

802 907 1039 967 retineat,
1067 916 1155 957 aut
1181 906 1224 957 si
1252 906 1299 957 ei
1347 905 1550 974 di/Iieile
1580 916 1814 973 apparet,
1846 906 1913 958 ad
1943 906 2181 958 abbatem
2209 908 2377 959 sancti

800 998 958 1051 Salue
984 1013 1097 1050 mea
1130 998 1232 1049 rice
1264 997 1598 1049 commendet.

870 1087 955 1142 16.
984 1086 1097 1141 llac
1128 1101 1221 1155 spe
1257 1085 1627 1151 confirmatus,
1662 1087 1960 1155 regreditur
1999 1087 2063 1140 ad
2110 1096 2373 1140 sacratam

798 1194 996 1245 arcem,
1034 1179 1245 1232 urbium
1286 1178 1555 1232 dominam
1607 1188 1659 1233 ct
1692 1188 1851 1248 caput
1898 1178 2079 1233 mundi
2127 1179 2373 1232 Romam.

797 1266 941 1332 lude,
966 1268 1048 1321 eui
1074 1268 1399 1321 monasterio
1421 1267 1585 1321 abbas
1612 1268 1718 1322 Leo
1747 1267 2066 1337 praefuisset,
2093 1268 2375 1337 diligenter

799 1358 1091 1425 inquirens,
1118 1358 1182 1410 ad
1199 1367 1507 1411 sanctorum
1534 1358 1713 1411 limina
1731 1358 1984 1411 Bonil'acii
2004 1368 2055 1412 et
2074 1360 2241 1411 Alexii
2263 1358 2370 1428 (4‘2)

796 1457 1128 1503 monstrante
1158 1449 1351 1518 populo
1395 1448 1683 1517 perductus
1728 1458 1829 1501 est.
1867 1449 2154 1517 Postquam
2195 1450 2259 1479 ¹⁹⁰
2295 1450 2372 1501 in-

792 1557 1009 1612 gressus
1035 1552 1117 1596 est
1147 1550 1200 1595 et
1226 1557 1348 1594 cum
1383 1542 1575 1595 abbate
1612 1542 1768 1593 datur
1796 1542 1943 1609 capia
1972 1540 2110 1593 fandi
2136 1542 2367 1608 (VIRCIL.

793 1633 920 1686 Ᾰίη.
956 1650 991 1695 ι,
1023 1632 1171 1702 520),
1220 1631 1415 1685 obtulit
1460 1632 1835 1685 salutationem
1882 1640 1933 1683 et
1989 1632 2195 1684 litteras
2238 1646 2371 1697 quas

792 1722 1012 1775 miserat
1055 1722 1190 1774 abba
1234 1720 1400 1774 Nilus.
1445 1720 1648 1786 Quibus
1684 1720 1956 1790 perlectis,
2000 1730 2055 1773 ut
2105 1736 2170 1774 ex
2206 1720 2363 1789 longo

2485 548 2676 601 hulans
2724 549 2863 601 inter
2912 550 3127 611 fratres,
3173 559 3355 602 contra
3409 551 3543 604 bella
3586 554 3955 620 temptantium
3990 557 4057 608 vi-

2485 640 2685 691 ciorum
2719 640 3014 708 intrepidus
3043 650 3160 709 tyro
3191 640 3513 710 accingitur.
3548 641 3601 694 In
3646 644 4063 712 cogitationibus

2483 730 2594 780 suis
2622 731 2686 781 ad
2733 730 2983 782 humilem
3025 730 3416 784 confessionem
3465 748 3679 801 semper
3724 733 4059 804 confugiens.

2480 828 2747 885 quassata:
2799 820 2991 872 tuentis
3031 823 3263 874 archaua
3313 822 3643 890 spiritalibus
3676 824 3803 876 viris
3826 826 4060 892 pandere

2482 924 2584 961 non
2614 911 2863 962 cessavit.
2908 910 3163 964 Cessante
3196 928 3321 965 vero
3352 914 3754 981 temptatioaum
3790 916 3978 979 imbre,
4008 918 4059 970 in

2480 1014 2669 1051 novam
2720 1015 2945 1053 messem
2986 1001 3241 1054 virlulmn
3294 1002 3493 1065 floruit,
3528 1019 3590 1056 ac
3644 1014 3765 1071 post
3799 1006 4057 1058 vieiorum

2480 1087 2757 1141 victoriam
2790 1088 2948 1142 solito
2978 1089 3175 1142 clarior
3203 1091 3387 1144 elusit.
3422 1092 3687 1146 Processit
3716 1109 3844 1163 ergo
3877 1104 3935 1148 ut
3964 1094 4058 1148 lux

2478 1177 2781 1245 splendens,
2827 1189 2880 1232 et
2908 1182 3080 1232 crevit
3106 1197 3275 1248 usque
3299 1184 3362 1234 ad
3390 1182 3685 1251 perfectum
3710 1185 3847 1237 diem
3874 1184 4053 1253 (Prov.

2479 1285 2548 1329 iv,
2583 1269 2687 1334 18).
2715 1269 3048 1333 Ohedienliri,
3087 1286 3188 1338 qua
3218 1272 3432 1324 douiavit
3460 1290 3579 1326 eum
3612 1289 3740 1327 suus
3771 1274 3840 1303 '°"
3868 1273 4053 1337 abbas,

2479 1359 2841 1425 hujuscemodi
2887 1372 3023 1425 erat,
3062 1372 3116 1413 ut
3152 1364 3394 1430 eoquina:
3427 1364 3649 1415 fratrum
3679 1380 3830 1431 aqua:
3864 1364 3933 1393 ⁹⁰⁵
3957 1362 4057 1417 mi-

2477 1453 2815 1506 nistratorios
2853 1454 2922 1483 ¹⁰⁶
2972 1470 3100 1507 usus
3151 1455 3375 1508 humero
3415 1466 3747 1523 apportarct,
3807 1456 4055 1509 manibus

2473 1557 2685 1610 quoque
2708 1556 2893 1595 eorum
2919 1542 3159 1596 lavandis
3189 1544 3360 1596 simile
3384 1545 3699 1610 obsequuuu
3729 1555 3933 1612 ageret.
3961 1544 4053 1597 Sic

2472 1648 2526 1680 se
2568 1632 2777 1685 cunctis
2824 1631 3079 1684 fratribus
3127 1634 3327 1685 servire
3379 1632 3608 1685 Ιιειςιιυι.
3650 1631 3757 1686 Nec
3809 1643 4052 1687 moratur

2474 1720 2676 1772 interea
2709 1720 2933 1773 tumulus
2974 1721 3159 1783 hostis,
3205 1737 3346 1774 nunc
3376 1732 3561 1791 aperto
3594 1722 3754 1785 bello,
3789 1738 3929 1774 nunc
3973 1723 4049 1773 la-

791 1826 886 1864 nsu
917 1812 1163 1879 spiritum
1197 1811 1425 1878 probare
1470 1811 1657 1865 doctus
1693 1820 1827 1876 erat,
1870 1812 2179 1878 priusquam
2214 1825 2363 1864 rece-
2403 1820 2442 1875 ιι
2474 1811 2704 1863 tentibus
2745 1810 2952 1863 insidiis
2982 1811 3249 1863 hominem
3278 1812 3367 1864 Dei
3405 1812 3808 1879 inpugnaturus.
3840 1812 3899 1863 Et
3924 1826 4047 1864 cum

791 1902 956 1969 pisset
998 1901 1165 1965 illmn,
1196 1910 1383 1971 arguta
1429 1912 1541 1955 arte
1589 1913 1779 1955 cuncta
1830 1900 2094 1968 explorat.
2130 1900 2365 1953 Primum

790 1993 951 2059 cmpit
977 1992 1398 2062 indignationem
1423 1992 1708 2053 simulare;
1734 1992 1873 2059 quis,
1902 2006 2003 2058 qua
2031 2000 2208 2043 mente
2235 2006 2367 2057 prm-

789 2084 931 2135 ditus
959 2091 1124 2146 esset,
1157 2096 1348 2135 averso
1392 2081 1539 2134 vultu
1584 2082 1859 2148 indagare,
1894 2095 2083 2148 aspera
2133 2090 2185 2133 et
2233 2080 2364 2132 dura

787 2170 862 2223 illi
893 2170 1205 2239 prdidit-eus,
1239 2180 1535 2239 cunctaque
1561 2171 1792 2225 archana
1827 2171 2020 2223 mentis
2046 2170 2159 2239 ejus
2188 2170 2364 2239 sagaci

787 2264 1002 2332 ingenio
1036 2263 1371 2333 perquirens.
1406 2261 1617 2317 Justum
1651 2277 1773 2316 vero
1803 2277 1865 2315 ac
1897 2272 2135 2315 tenacem
2168 2275 2362 2330 propo-

786 2357 873 2408 siti
927 2356 1097 2407 virum
1159 2352 1389 2422 (llonn.
1442 2354 1543 2406 0d.
1591 2371 1671 2418 ιιι,
1724 2353 1776 2424 5)
1830 2370 1927 2407 nec
1972 2354 2085 2407 dira
2134 2354 2365 2406 hominis

788 2447 1066 2513 responsio
1113 2443 1361 2511 frangere
1392 2444 1575 2508 valuit,
1622 2459 1718 2498 nec
1752 2444 2016 2496 venientia
2066 2443 2366 2511 temptami-

786 2554 852 2591 na
889 2540 949 2568 ‘9’
983 2552 1012 2590 a
1042 2538 1206 2591 semel
1231 2547 1445 2606 arrepta
1479 2536 1753 2590 voluntate
1782 2549 2034 2589 revocare
2058 2543 2362 2604 potuerunt.

783 2628 966 2682 Abbas
993 2643 1117 2682 vero
1160 2627 1267 2681 Leo
1313 2628 1400 2681 ubi
1439 2642 1542 2680 non
1572 2627 1743 2679 solum
1788 2626 1898 2696 (45)
1928 2638 2171 2678 avertere
2201 2640 2229 2677 a
2267 2639 2365 2679 suo

784 2720 1077 2790 proposito,
1109 2720 1199 2774 sed
1224 2720 1384 2773 etiam
1412 2719 1527 2772 dira
1554 2719 1890 2788 praedicando
1922 2717 2039 2785 plus
2068 2719 2365 2771 accendere

786 2818 1018 2878 poterat,
1054 2818 1398 2878 accepturum
1432 2822 1489 2861 se
1517 2808 1631 2861 fore
1656 2807 1800 2859 illum
1828 2807 2129 2876 pollicetur.
2163 2805 2363 2859 Statuit

786 2911 988 2965 autem,
1013 2901 1266 2953 domuum
1290 2898 1641 2968 apostolicqu
1663 2912 1783 2951 cum
1812 2898 2091 2952 lutuuilialo
2123 2897 2363 2950 antistite

782 2992 934 3062 prius
975 2991 1281 3056 convenire,
1322 2998 1381 3042 ut
1427 2989 1678 3057 quicquid
1725 2988 1987 3056 agendum
2029 2991 2188 3047 foret.
2229 2987 2361 3040 tanti

783 3082 952 3152 patris
979 3081 1243 3136 sententia
1273 3094 1603 3149 suormnque
1635 3080 1987 3134 cardiualium
2019 3079 2241 3133 consilia
2270 3079 2361 3133 de-

782 3171 1090 3225 liberarent.
1126 3169 1252 3223 Post
1281 3170 1394 3223 ha3c
1421 3169 1523 3222 rite
1555 3169 1786 3238 peractis
1814 3168 2087 3231 omnibus,
2116 3182 2220 3236 qua
2277 3168 2363 3223 die
2391 3162 2436 3221 C

786 3263 1046 3316 Dominus
1090 3262 1157 3293 ¹⁹¹
1183 3261 1561 3331 discipulorum
1604 3276 1821 3315 suorum
1853 3261 2017 3330 pedes
2051 3261 2179 3315 lavit
2204 3261 2270 3291 ¹⁹³
2299 3276 2362 3315 ac

783 3353 989 3406 linthco
1015 3358 1263 3416 extersit,
1287 3352 1643 3407 monachilcm
1666 3352 1903 3405 habitum
1940 3362 2160 3406 sanctus
2184 3351 2271 3405 ille
2298 3352 2362 3384 ‘9‘

783 3444 1064 3515 episcopus
1118 3444 1344 3513 accepit.
1401 3443 1635 3497 Sabbato
1683 3453 1886 3507 sancto,
1928 3444 2139 3512 quando
2190 3442 2364 3512 bapti-

784 3537 891 3590 zati
940 3537 1263 3591 catccumini
1317 3536 1383 3567 ¹⁹⁸
1419 3535 1787 3589 eriminahbus
1814 3535 1881 3575 ὀδ
1913 3535 2101 3589 vinclis
2147 3535 2365 3589 solvun-

786 3640 893 3693 tur,
920 3626 1095 3681 soluta
1120 3638 1203 3680 est
1230 3641 1284 3680 et
1314 3627 1409 3695 ipsi
1438 3627 1612 3695 capite
1631 3627 1691 3658 “’7
1708 3626 1947 3695 pendens
1970 3626 2197 3680 cuculla.
2227 3627 2364 3683 llinc

782 3719 1077 3787 secundum
1112 3717 1305 3787 regula:
1339 3732 1540 3771 morem
1584 3716 1808 3770 fratrum
1840 3734 2062 3772 innuero
2093 3720 2359 3785 addictus,

781 3808 1129 3877 qumreudum
1159 3816 1386 3877 angusto
1417 3807 1550 3860 calle
1580 3807 1645 3837 ¹⁹⁸
1675 3807 1839 3875 ςωμίι
1864 3808 2139 3861 ardentius
2169 3824 2365 3878 cupere

783 3901 1074 3956 Christum.
1104 3902 1215 3954 Duo
1235 3908 1413 3953 autem
1442 3915 1505 3952 ex
1540 3898 1798 3954 fratribus
1821 3900 1911 3968 qui
1939 3914 2061 3953 cum
2095 3916 2159 3955 eo
2187 3910 2361 3965 erant,

777 3994 891 4063 jam
921 3994 1118 4049 dudum
1155 3993 1395 4047 videntes
1433 3993 1554 4062 quia
1596 4008 1651 4047 se
1680 3994 2005 4047 monachum
2044 3993 2220 4047 facere
2251 3995 2362 4049 vel-

781 4087 854 4140 let
880 4085 965 4149 m,
992 4101 1097 4139 non
1127 4086 1259 4139 bene
1279 4085 1466 4139 relicto
1493 4085 1559 4115 ²⁰⁰
1586 4085 1755 4153 clipeo
1778 4084 2123 4153 ²⁰¹(11οιυιτ.,
2153 4084 2253 4140 0d.
2281 4103 2363 4149 ιιι,

782 4177 946 4244 7,10)
973 4175 1150 4246 fugam
1178 4175 1461 4229 dederunt.
1492 4174 1648 4228 Solus
1682 4190 1809 4228 vero
1829 4174 2161 4229 Gaudentius
2186 4192 2365 4230 exeru-

780 4270 869 4338 plo
918 4270 1216 4324 constantis
1269 4269 1367 4322 viri
1414 4271 1813 4335 remanens’",
1872 4286 1994 4324 cum
2044 4270 2201 4324 beato
2252 4272 2366 4325 viro

780 4360 1158 4415 mouachatmn
1189 4369 1345 4429 atque
1377 4359 1706 4429 probabilem
1735 4360 2201 4415 conversationem
2233 4377 2364 4415 eou-

782 4460 999 4508 secutus
1045 4459 1154 4515 est;
1202 4451 1291 4521 qui
1339 4452 1499 4506 etiam
1538 4452 1637 4506 sibi
1670 4467 1832 4507 carne
1860 4462 1913 4507 et
1940 4454 2128 4521 spiritu
2170 4454 2361 4522 duplex

2476 1899 2694 1951 testaeia
2727 1900 2793 1928 ²⁰⁷
2829 1915 2953 1951 vasa
3008 1915 3150 1952 nunc
3197 1915 3353 1968 aqua,
3394 1900 3682 1967 aliquando
3730 1901 3850 1952 vino
3893 1901 4048 1969 plena

2471 1999 2730 2055 portaret,
2760 1989 3047 2057 prtedictus
3078 1990 3248 2043 hostis
3297 1990 3486 2043 callido
3517 2000 3635 2042 astu
3667 1990 3846 2057 lapsus
3870 2001 4045 2056 parat,

2470 2099 2531 2135 ac
2582 2091 2639 2133 ut
2688 2080 2962 2135 confracta
3016 2081 3067 2133 in
3124 2091 3302 2150 partes
3362 2091 3744 2151 spargerentur
3788 2081 4043 2144 ειΠίιςῑειιε,

2469 2171 2606 2223 sacri
2635 2171 2731 2223 viri
2764 2168 2952 2223 faciem
2978 2170 3177 2240 ingenti
3205 2172 3396 2223 rubore
3421 2169 3754 2239 perfudit’“.
3776 2171 3899 2224 lltec
3920 2173 4045 2225 dum

2469 2262 2789 2316 multocicus
2804 2264 3013 2325 tierent,
3034 2272 3086 2315 et
3108 2262 3218 2330 ipse
3238 2270 3314 2314 tot
3330 2262 3535 2315 vicibus
3550 2261 3757 2314 veniam
3777 2270 4047 2329 prostrato

2466 2370 2692 2423 corpore
2724 2362 2947 2422 peteret,
2984 2353 3195 2406 tamlem
3220 2353 3377 2406 -ultor
3428 2351 3543 2419 ejus
3577 2353 3905 2406 confusionis
3960 2368 4047 2404 re-

2468 2449 2641 2517 spexit
2665 2448 2728 2501 ad
2754 2448 2865 2500 haec
2890 2446 3109 2516 negocia
3138 2446 3378 2500 Deus'”.
3398 2444 3528 2498 Nam
3556 2463 3657 2499 una
3689 2447 3890 2499 diermn
3920 2459 4041 2498 cum

2467 2537 2692 2591 fratrum
2708 2554 2905 2592 mensa!
2919 2548 3295 2607 apportaturus
3312 2538 3446 2591 foret
3464 2537 3897 2601 merum,oli‘elkso
3910 2540 4045 2606 pede

2466 2634 2670 2687 corruit
2697 2634 2807 2703 ipse
2838 2650 3001 2702 super
3024 2649 3135 2697 vas,
3161 2642 3213 2687 et
3235 2650 3328 2688 vas
3355 2652 3372 2684 ι
3396 2635 3593 2702 ingenti
3646 2635 3838 2688 cecidit
3884 2650 4045 2701 super

2467 2742 2736 2780 marmora
2795 2726 2964 2794 lapsu.
2992 2745 3008 2777 ι
3051 2728 3209 2780 Audit
3262 2744 3291 2779 a
3334 2728 3487 2798 longe
3528 2737 3680 2797 pater
3710 2729 4040 2787 monasterii,

2464 2820 2752 2889 cunctique
2784 2819 2975 2873 fratres
3002 2834 3095 2888 per
3116 2821 3379 2884 ordinem,
3419 2820 3688 2889 quomodo
3720 2820 3917 2873 labitur
3954 2820 4042 2872 ille

2466 2913 2645 2978 heros,
2678 2912 3002 2973 nescientes,
3032 2912 3152 2981 quia
3180 2913 3317 2965 hunc
3348 2927 3530 2966 casum
3562 2912 3922 2980 prosperrima
3946 2913 4041 2963 ad-

2466 3003 2698 3056 versitas
2728 3002 3103 3055 comitari-tur.
3162 3002 3237 3056 Ita
3284 3003 3426 3056 enim
3473 3017 3568 3055 vas
3613 3018 3802 3055 sanum
3852 3010 3905 3056 et
3935 3002 4041 3053 vini

2468 3096 2650 3164 porcio
2680 3110 2784 3148 non
2819 3095 3020 3147 minuta
3055 3096 3453 3163 repperitur,ac
3484 3095 3526 3148 si
3560 3093 3701 3147 nulla
3736 3092 3872 3147 facta
3905 3093 4046 3148 foret

2468 3188 2645 3240 ruina.
2689 3185 2821 3239 Item
2872 3184 3068 3239 nobilis
3108 3186 3346 3254 quredam
3378 3186 3447 3216 ¹¹⁰
3481 3185 3676 3238 femina
3710 3185 3820 3253 (14)
3855 3199 4044 3237 mona-

2467 3276 2689 3330 sterium
2719 3276 2820 3329 boc
2849 3290 3009 3329 causa
3042 3275 3306 3329 orationis
3334 3275 3673 3343 ingreditur;
3717 3284 3765 3326 et
3798 3289 3919 3328 cum
3954 3289 4045 3327 ca-

2468 3368 2681 3421 ritatem
2746 3368 2818 3420 ibi
2871 3366 3049 3421 facere
3080 3368 3144 3404 ’³⁸
3172 3367 3321 3436 jussa
3352 3368 3419 3398 ’⁸³
3460 3365 3619 3431 foret,
3668 3367 3776 3436 jam
3838 3376 4041 3435 septem

2469 3460 2623 3513 annis
2652 3474 2842 3528 panem
2892 3473 2950 3513 se
2981 3474 3085 3513 non
3144 3469 3392 3525 gustasse
3446 3458 3744 3528 profitetur.
3780 3458 3869 3513 Ille
3917 3473 4044 3511 vero

2466 3551 2611 3604 hunc
2656 3550 2995 3605 abstinentia:
3046 3566 3249 3605 morem
3283 3566 3379 3619 pro
3412 3550 3725 3605 infirmitate
3754 3550 4044 3604 adlnesisse

2465 3642 2515 3695 ei
2543 3654 2948 3711 recognoscens,
2976 3640 3138 3695 allato
3167 3657 3301 3709 pane
3335 3640 3629 3696 salutiferre
3666 3640 3841 3695 crucis
3866 3641 4043 3709 signa-

2467 3733 2644 3787 culum
2676 3733 2968 3802 impressit,
2992 3748 3054 3786 ac
3077 3734 3267 3787 deinde
3298 3733 3583 3803 prandenti
3616 3742 3874 3785 matrona:
3919 3747 4042 3785 eum

2469 3842 2742 3896 apponens
2767 3845 2779 3879 :
2813 3827 2878 3879 In
2908 3827 3112 3880 nomine
3134 3826 3341 3880 Domini
3389 3827 3488 3879 mei
3512 3824 3637 3879 Iesu
3666 3822 3876 3885 Christi,
3905 3823 4042 3898 ﬁlia,

2470 3918 2675 3985 inquid,
2708 3919 2969 3970 manduca
2993 3917 3062 3948 ²¹³
3095 3934 3299 3985 panem.
3349 3916 3470 3969 Non
3517 3915 3633 3968 licet
3670 3916 3761 3967 tibi
3802 3922 4045 3966 sanctam

2469 4008 2740 4059 caritatem
2774 4006 3001 4070 violare;
3054 4024 3147 4075 pro
3188 4008 3298 4075 ejus
3341 4008 3478 4060 enim
3528 4021 3702 4058 amore
3733 4004 3828 4057 hoc
3854 4019 4043 4071 parum

2466 4096 2677 4165 prandii
2700 4098 2929 4164 accipere
2955 4098 3109 4165 jussa
3151 4114 3225 4150 es.
3280 4098 3363 4152 Ad
3418 4096 3557 4151 hanc
3582 4110 3768 4150 vocem
3823 4094 4043 4149 credula

2470 4186 2661 4239 mulier
2692 4187 2845 4255 panis
2876 4201 3098 4239 munera
3130 4187 3438 4256 degustans,
3469 4201 3589 4240 cum
3630 4186 3920 4253 gratiarum
3950 4198 4047 4238 ac-

2471 4278 2615 4331 tione
2646 4278 2946 4347 regreditur
2974 4279 3028 4331 in
3061 4278 3276 4332 domum
3299 4292 3470 4331 suam.
3501 4276 3710 4330 Exhinc
3740 4290 3864 4345 ergo
3894 4290 4013 4329 com

2470 4370 2615 4423 muni
2660 4370 2779 4423 cibo
2809 4385 2923 4431 usa,
2958 4385 3068 4423 rem
3121 4385 3313 4423 novam
3372 4369 3473 4422 sibi
3512 4369 3799 4438 contigisse
3836 4367 4046 4421 civibus

2470 4468 2689 4524 narrat;
2718 4474 2781 4512 ac
2815 4459 3079 4529 glorificat
3108 4475 3203 4512 vox
3237 4461 3475 4513 omnium
3527 4458 3803 4512 dominum
3849 4458 4041 4511 Deum.

783 4558 1107 4616 germanus,
1153 4556 1208 4599 et
1267 4546 1334 4599 ab
1380 4545 1603 4601 infantia
1663 4560 1875 4616 semper
1936 4545 2227 4601 ﬁdissimus
2273 4562 2363 4601 co-
2393 4526 2439 4584 D
2470 4550 2673 4604 Nee'”
2703 4526 3133 4619 praetereundum
3189 4561 3288 4611 est.
3347 4549 3579 4619 qualiter
3630 4548 3905 4616 cujusdam
3952 4547 4047 4601 Jo-

783 4651 900 4693 mes
936 4636 1008 4669 ⁸⁰³
1045 4638 1276 4693 adhesit.

2472 4642 2664 4696 haunis
2692 4642 2878 4705 filiam,
2909 4644 2998 4711 qui
3048 4659 3187 4697 nunc
3241 4641 3397 4696 Urbis
3442 4640 3726 4711 praefectus
3752 4654 3869 4695 esse
3890 4639 4046 4693 ditto-

2066 4751 2294 4807 VARIAS
2339 4751 2629 4809 LECTION
2637 4753 2739 4808 ES.

858 4870 924 4902 ¹³⁹
953 4872 1199 4925 abbatem
1222 4900 1291 4910 -—
1315 4879 1537 4940 apparet
1561 4869 1625 4923 ad
1650 4870 1832 4922 desunt
1864 4870 1909 4921 1.
1940 4868 2027 4940 sed
2056 4867 2287 4940 manu
2320 4867 2543 4940 margini
2568 4867 2853 4940 adscripta.

2932 4867 2996 4897 ¹⁹⁰
3020 4866 3079 4919 Ρ.
3108 4865 3497 4921 monasterium
3527 4864 3562 4917 i.
3591 4865 3644 4917 :2.
3727 4865 3787 4897 ¹⁹¹
3818 4862 4043 4916 venien-

786 4942 919 4995 tium
964 4932 1560 5010 Iemptationum'mine
1600 4940 1653 4993 “2.
1686 4941 1879 5010 75°.c.
1925 4938 2011 5001 4ο,
2042 4940 2091 4991 b.
2139 4932 2469 5010 venientium
2517 4932 2926 5010 temptaminum
2965 4937 3279 5010 yinbres__5._
3354 4936 3418 5010 ᾖξ’
3449 4935 3728 5010 D._panern
3765 4932 4046 5010 discipulis

783 5011 965 5093 fregit.
992 5026 1053 5093 ac
1088 5010 1490 5093 benedixit‘nba:
1685 5010 1719 5061 l.
1750 5010 1904 5093 ,ᾠδός

786 5078 1117 5136 ’"infaules
1157 5080 1242 5133 4⁸.
1322 5079 1708 5134 ¹θ⁶ριίιιτι1ἱιιιιε
1750 5078 1834 5131 5⁸.
1888 5079 1942 5130 in
1993 5094 2158 5145 marg.

1590 5010 1655 5041 ¹⁹³
1685 5009 1719 5061 l.
1765 5009 2079 5075 eisdemque
2126 5006 2468 5061 eueharistiac
2515 5004 2703 5075 panem
2748 5008 2904 5077 fregit
2942 5004 3005 5061 ac
3036 5006 3307 5060 benedixit
3346 5004 3431 5058 ὁὶ).

1591 5080 1708 5130 ibus
1750 5078 1834 5130 5⁸.
1888 5079 1942 5130 in
1993 5094 2158 5130 marg.
2238 5077 2303 5107 ¹⁹⁷
2337 5076 2476 5130 collo
2507 5078 2561 5130 2.
2643 5077 2708 5108 ¹⁹⁸
2738 5078 2883 5130 calce
2919 5079 2977 5130 5°
3054 5078 3118 5107 ¹⁹⁹
3161 5076 3431 5130 fecissetE

2337 5092 2476 5130 COIIO
2507 5092 2561 5130 'Z.

3508 5004 3575 5035 ⁸9⁵
3611 5006 3661 5057 in
3688 5004 3799 5055 loco
3837 5019 3956 5055 raso
3989 5005 4040 5055 1.

2643 5077 2708 5108 ¹⁹⁸
2738 5074 2883 5132 calce
2919 5079 2977 5132 5°
3054 5078 3118 5107 ¹⁹⁹
3161 5077 3379 5131 fecisset
3410 5075 3463 5129 5.
3542 5074 3611 5104 ¹⁰⁰
3644 5084 3790 5127 recto
3830 5074 3878 5125 1.
3916 5087 4047 5139 pro-

778 5153 924 5221 jecto
956 5152 1010 5205 εὶ..
1038 5152 1096 5204 5c
1137 5221 1145 5225 _
1174 5152 1239 5185 ¹⁰¹
1273 5152 1488 5220 clippcti
1597 5166 1755 5225 supra
1780 5149 1972 5225 scriptg
2004 5143 2161 5198 manu
2195 5147 2229 5199 2
2260 5161 2271 5199 :
2306 5162 2467 5225 cursu
2497 5147 2692 5225 occulti
2720 5160 2764 5200 et
2790 5148 3100 5225 in_rnargine
3122 5144 3513 5225 clippcti'quasi
3542 5143 4041 5225 clamgradientes.

784 5220 853 5306 ’ξ’
885 5223 963 5303 ita
1016 5222 1073 5306 il.
1112 5221 1404 5306 distinguit.
1459 5220 1553 5306 3‘.”
1596 5220 1735 5306 deest.
1779 5220 1882 5306 p1.“

1914 5218 1983 5247 ὀδ
2030 5232 2075 5271 s.
2118 5228 2270 5284 pater
2314 5232 2363 5269 a.
2402 5218 2454 5268 ‘2.

3575 5215 3643 5243 ¹⁰⁷
3680 5215 3732 5265 in
3757 5213 3991 5279 margine
4023 5226 4043 5260 :

2534 5217 2605 5248 ²⁰⁸
2628 5218 2765 5271 deest
2841 5219 2890 5272 1.
2945 5218 3014 5248 ²⁰⁶
3057 5216 3419 5271 ministrarios
3450 5216 3496 5265 l.

2537 5288 2570 5306 ·.
2614 5288 2627 5306 ι
2736 5288 2805 5306 ..α
2916 5288 2955 5306 n
3028 5288 3039 5306 ι
3178 5297 3189 5306 .
3220 5286 3251 5306 Δ
3376 5285 3442 5306 om
3484 5285 3614 5306 1---.
3659 5284 3675 5306 ι
3783 5282 3846 5306 an
3902 5282 4019 5306 tua.“

2916 5288 2955 5306 ἢ
3028 5288 3039 5306 Ι
3178 5286 3251 5306 ,Δ
3376 5285 3442 5306 ειη
3484 5285 3614 5306 1---.
3659 5284 3675 5306 Ι
