4486 5544
429 390 531 445 877

1976 388 2156 445 VITA.

3586 396 3687 448 878

425 502 596 558 scitur
628 500 766 571 (45),
802 501 1180 558 atrocissimus
1209 501 1439 558 febrium
1493 502 1645 558 dolor
1680 516 1876 557 vexare
1902 516 2008 556 cce.
2040 507 2086 566 Α
2114 501 2357 558 ecclesite
2404 506 2612 559 custodi
2664 505 2892 559 ﬁdeliter
2938 505 3304 571 commendat;
3353 509 3596 573 credens,
3634 520 3693 561 nt

424 595 523 664 pit.
560 596 731 660 Quam
760 610 881 648 cum
913 597 1076 650 homo
1124 596 1218 650 Dei
1278 597 1642 650 sacratissima
1692 612 1788 650 sua
1844 611 2003 650 manu

429 694 694 755 tangeret,
724 688 901 742 oumis
949 688 1175 758 languor
1203 690 1447 760 corporis
1476 688 1591 758 ejus
1628 691 1855 761 imperio
1879 690 2004 744 abs-

431 779 617 833 cessit.

498 865 582 919 i8.
631 866 754 935 (An.
795 867 945 938 994.)
998 868 1446 941 Archiepiscopus
1489 886 1616 925 vero
1670 871 2007 942 Mogontinus

426 957 570 1011 beati
602 959 847 1027 praesulis
896 976 1110 1033 gregem
1153 964 1269 1017 sine
1298 972 1514 1031 pastore
1538 965 1616 1018 ire
1646 965 2005 1033 conspiciens,

428 1048 575 1101 misit
597 1047 800 1118 legatos
820 1064 941 1104 cum
964 1051 1178 1113 litteris,
1203 1067 1298 1120 per
1315 1066 1449 1120 quos
1488 1052 1745 1106 domuum
1794 1064 2009 1122 aposto-

428 1138 591 1195 licum
613 1142 680 1196 de
707 1144 878 1198 sancti
911 1143 1008 1197 viri
1056 1144 1233 1198 reditu
1272 1143 1595 1213 interpellat.
1629 1144 1901 1215 Factaque
1928 1154 2010 1199 est

428 1231 615 1288 Romae
638 1234 858 1289 sinodus
884 1235 996 1305 (ιδ)
1029 1251 1127 1305 pro
1156 1236 1255 1289 hac
1298 1251 1489 1299 causa;
1518 1245 1573 1290 et
1618 1238 1794 1291 oritur
1821 1238 2010 1291 utrim—

424 1339 533 1393 que
564 1324 792 1396 litigium
818 1329 1043 1395 grande,
1072 1343 1140 1382 ex
1179 1343 1280 1381 una
1305 1339 1459 1399 parte
1487 1344 1674 1383 eorum
1699 1330 1788 1399 qui
1824 1345 2010 1384 mona-

427 1416 592 1471 chum
623 1419 852 1487 perdere
884 1419 1200 1484 timuerunt,
1231 1435 1296 1474 ex
1329 1420 1432 1474 alia
1466 1437 1653 1475 eorum
1686 1424 1778 1492 qni
1830 1436 2011 1493 pasto-

434 1522 548 1563 rem
580 1524 736 1565 suum
765 1525 888 1566 cum
915 1516 1244 1568 auctoritate
1289 1515 1639 1594 qngesierunt.
1665 1516 1907 1587 Cumque
1936 1518 2012 1571 in-

431 1599 607 1653 vicem
635 1602 1001 1670 pugnantibus
1032 1604 1315 1658 sententiis
1344 1613 1572 1674 utraque
1613 1621 1737 1673 pars
1781 1607 1867 1661 diu
1918 1606 2011 1660 de-

424 1695 663 1740 certaret
692 1688 783 1752 ¹¹⁸,
820 1690 1033 1744 tandem
1066 1690 1284 1746 dubiam
1322 1693 1643 1749 nunciorum
1691 1695 1895 1764 primas
1924 1696 2011 1750 vix

2111 593 2308 647 femina
2340 596 2480 649 inter
2518 595 2746 651 feminas
2790 596 2985 651 solacia
3018 597 3220 653 doloris
3265 608 3318 652 et
3360 600 3458 654 sub
3499 600 3689 655 altaris

2110 684 2425 741 defensione
2450 688 2569 741 vitae
2592 690 2933 743 securitatem
2964 690 3205 745 haberet.
3233 690 3448 745 Crimen
3474 708 3690 762 quoque

2112 773 2165 827 in
2202 788 2260 828 se
2284 772 2488 829 referre
2519 775 2708 842 voluit,
2737 787 2793 830 ut
2830 794 2885 832 se
2933 779 3152 834 sceleris
3180 790 3400 835 auctore
3431 798 3687 851 magnum

2111 862 2311 932 aliquid
2340 864 2492 919 ﬁeret
2517 881 2528 915 :
2554 867 2762 919 scilicet
2799 868 2867 902 "'*
2896 878 2947 921 ut
2977 885 3072 936 per
3113 870 3179 899 m
3211 869 3687 939 pmuitcutiae‘fru-

2111 964 2231 1009 ctus
2260 966 2355 1010 aut
2386 956 2530 1009 illam
2562 959 2681 1011 vita:
2730 970 2992 1025 servaret,
3036 972 3123 1014 aut
3175 962 3334 1015 ambo
3365 962 3523 1015 simul
3547 960 3686 1030 jussi

2114 1060 2455 1107 morerentur
2481 1052 2568 1105 ”‘.
2616 1052 2730 1120 Qua
2773 1053 3047 1108 voluntate
3080 1058 3201 1123 quia
3236 1056 3480 1125 martyrii
3532 1069 3691 1109 coro-

2114 1156 2236 1194 nam
2261 1156 2561 1211 exposcens
2580 1153 2719 1207 erat,
2754 1144 3069 1213 adimplet-et
3094 1145 3278 1213 utique
3326 1144 3468 1215 quod
3496 1144 3688 1210 voluit,

2115 1234 2215 1288 nisi
2247 1249 2368 1287 eum
2410 1238 2703 1303 prudenter
2731 1238 2957 1290 domnus
2986 1235 3199 1291 Willico
3245 1238 3311 1267 '"
3352 1237 3687 1307 prohiberet.

2114 1322 2278 1392 Impia
2307 1339 2497 1378 manus
2532 1326 2733 1381 interea
2789 1327 3067 1381 ahsconsm
3117 1328 3322 1381 mulieri
3356 1327 3555 1380 ferrum
3593 1342 3690 1381 uc-

2114 1427 2343 1481 cemque
2375 1430 2596 1483 parans,
2630 1426 2837 1470 armato
2879 1417 3047 1471 milite
3083 1418 3387 1486 episcopale
3408 1419 3477 1449 ”‘
3508 1418 3685 1473 forum

2115 1504 2447 1573 irruperunt.
2484 1507 2741 1573 Quarruut
2798 1509 2957 1562 ruinis
2989 1508 3058 1538 ²²⁹
3090 1517 3143 1561 ct
3186 1508 3595 1564 contumacibus
3621 1510 3689 1542 ³⁸⁸

2114 1593 2273 1647 dictis
2300 1595 2632 1664 episcopum,
2674 1598 2762 1665 qui
2796 1607 2984 1651 contra
3015 1598 3254 1651 divinum
3284 1598 3353 1628 ¹³¹
3416 1599 3495 1654 fas
3525 1610 3579 1654 et
3609 1600 3689 1654 le-

2115 1684 2391 1754 galiajura
2427 1686 2727 1740 adulteram
2752 1688 3040 1742 defendere
3076 1688 3254 1743 vellet.
3296 1689 3446 1755 Quod
3498 1690 3585 1745 ille
3612 1692 3692 1746 tli-

424 1779 726 1845 promeruit
761 1780 1069 1835 victoriam.
1123 1780 1221 1837 Hic
1266 1783 1378 1852 ipse
1430 1784 1637 1853 primas
1695 1784 1863 1840 frater
1891 1794 2041 1841 erati
2117 1776 2195 1827 Vi“

1907 1794 2041 1841 erat.
2117 1776 2252 1828 vince
2278 1776 2749 1845 contemplationis
2774 1780 2894 1831 ocio
2921 1794 3119 1834 vacans
3145 1778 3233 1834 ubi
3258 1796 3388 1833 aure
3417 1782 3678 1851 percepit.

425 1868 599 1929 ducis.
629 1867 783 1937 cujus
816 1880 973 1925 [erm
1002 1872 1092 1940 qui
1131 1873 1453 1941 exigebatur
1481 1874 1766 1944 episcopus
1794 1876 2004 1944 ρηρίυίι
2041 1858 2081 1915 Β
2108 1880 2231 1918 cum
2260 1865 2404 1919 velut
2424 1868 2610 1921 leiSII)
2658 1870 2831 1923 ηυοιίδ
2864 1870 2991 1923 IlOl‘ﬂ
3020 1882 3183 1936 esset,
3206 1872 3348 1928 (ἰίςῑο
3374 1890 3528 1929 VCI’SII
3576 1874 3679 1929 [ω’

424 1958 558 2027 (47).
585 1958 719 2013 Tum
750 1963 1074 2030 apostolicus
1108 1978 1212 2017 non
1247 1973 1356 2019 tam
1396 1964 1675 2019 voluntate
1703 1966 2007 2035 quamjure

425 2050 518 2104 Dei
544 2061 842 2120 permotus,
869 2053 992 2107 talia
1024 2056 1303 2122 respondit
1330 2073 1341 2109 :
1371 2054 1655 2110 Reddimas
1684 2059 1822 2127 quod
1864 2058 2010 2125 juste

420 2151 690 2211 quierunt,
717 2148 954 2212 quamvis
1000 2146 1062 2198 de
1098 2146 1229 2198 bono
1257 2156 1403 2214 patre
1444 2146 1558 2214 jam
1612 2147 2007 2216 degenerassent

420 2231 545 2299 filii,
578 2242 625 2284 et
646 2233 888 2287 dabimus
912 2250 1029 2287 eum
1056 2236 1153 2287 hac
1182 2235 1329 2304 lege:
1362 2234 1421 2290 Si
1458 2237 1720 2290 audierint
1750 2253 1889 2300 eum,
1941 2246 2007 2289 te-

423 2334 578 2373 neant
606 2338 724 2375 cum
752 2320 847 2376 Dei
892 2323 1269 2388 benedictione,
1310 2324 1612 2395 faciantque
1660 2327 1754 2379 sub
1783 2344 1841 2380 eo
1886 2326 2005 2395 fru-

420 2425 562 2467 ctum
611 2415 931 2483 centuplum.
962 2414 1021 2470 Si
1071 2426 1243 2469 autem
1271 2434 1301 2470 a
1325 2428 1571 2471 consueta
1604 2418 1879 2487 iniquitate
1909 2436 2006 2472 sua

423 2506 662 2559 recedere
687 2506 893 2572 nolunt,
921 2508 1005 2561 hic
1029 2518 1203 2561 noster
1232 2508 1425 2577 absque
1446 2509 1676 2577 periculo
1699 2511 1783 2562 sui
1822 2510 2006 2579 capitis

421 2597 685 2651 malorum
713 2600 986 2652 consorcia
1036 2598 1271 2652 declinet.
1311 2597 1435 2653 ilice
1458 2600 1546 2653 ubi
1571 2600 1711 2653 dicta
1749 2601 1914 2664 dedit,
1946 2600 2007 2653 li-

422 2685 535 2739 nita
560 2696 644 2741 est
667 2688 917 2754 sinodus;
960 2699 1015 2746 et
1042 2691 1217 2746 soluto
1260 2700 1425 2756 ctetu,
1475 2690 1749 2744 redierunt
1778 2690 2007 2758 quisque

422 2774 478 2828 in
503 2774 723 2831 domum
772 2793 947 2833 suam.
986 2780 1296 2836 Absccdunt
1342 2780 1524 2852 legati,
1570 2782 1852 2836 monachis
1906 2782 2003 2834 tri-

421 2864 620 2931 stibus,
650 2878 704 2921 et
728 2867 851 2924 laeto
873 2871 1054 2925 animo
1114 2886 1177 2925 ac
1228 2887 1423 2942 magna
1452 2872 1810 2927 exultatione.
1842 2871 2004 2927 Cum-

421 2972 529 3027 que
549 2972 771 3016 emenso
798 2962 993 3018 itinere
1011 2962 1242 3034 Pragam
1272 2966 1540 3031 venirent,
1564 2975 1693 3021 eunt
1714 2968 1761 3021 ei
1791 2967 2004 3022 obviam

423 3047 603 3102 omnis
624 3060 758 3103 retas
780 3058 835 3103 et
862 3066 1045 3116 sexus,
1076 3062 1130 3106 et
1151 3054 1302 3122 quasi
1327 3069 1449 3108 cum
1478 3054 1684 3125 ingenti
1717 3055 1787 3086 ’³⁸
1808 3055 2005 3125 gaudio

422 3149 751 3206 acceperunt
804 3155 948 3196 eum.
995 3142 1137 3197 Dant
1177 3160 1370 3199 manus
1404 3160 1467 3199 ac
1513 3146 1834 3216 promittunt
1882 3162 2002 3202 om—

2110 1954 2438 2022 gitsileutia,
2464 1966 2517 2009 et
2557 1958 2607 2009 iu
2640 1973 2746 2026 quo
2774 1958 2988 2012 clausus
3016 1970 3134 2014 erat
3159 1962 3327 2016 exivit
3377 1963 3442 2016 de
3471 1964 3685 2033 templo.

2112 2043 2313 2098 Deinde
2358 2046 2449 2113 qui
2482 2059 2665 2101 secum
2719 2057 2872 2101 erant
2915 2047 3172 2103 fratribus
3212 2052 3360 2120 pacis
3410 2053 3591 2106 oscula
3622 2053 3692 2105 liv

2110 2132 2280 2185 haus:
2313 2132 2450 2188 Bene
2472 2135 2653 2198 valete,
2685 2138 2892 2205 inquid,
2922 2147 2967 2191 et
2997 2155 3092 2207 pro
3114 2156 3194 2192 me
3229 2142 3417 2195 misero
3442 2143 3568 2209 ferte
3598 2144 3687 2211 pia

2110 2234 2223 2275 cata
2263 2224 2509 2279 Christo!
2544 2227 2669 2281 Inde
2720 2238 2862 2282 totus
2897 2230 3091 2285 ardore
3138 2234 3380 2302 martyrii
3426 2234 3682 2303 flagrans,

2110 2329 2213 2366 non
2247 2316 2483 2370 tardiore
2509 2318 2777 2372 desiderio
2802 2330 2855 2373 et
2879 2335 3066 2384 cursu,
3098 2337 3259 2391 quam
3285 2324 3375 2392 qui
3423 2323 3559 2395 fugit
3591 2326 3687 2378 ho.

2108 2415 2475 2475 stem,sponte
2498 2410 2643 2463 venit
2667 2409 2719 2461 in
2752 2410 2960 2465 hostem
2991 2411 3092 2475 ’3';
3127 2428 3189 2465 ac
3233 2414 3467 2467 medium
3495 2429 3688 2484 agmen

2110 2497 2379 2567 intrepido
2404 2514 2588 2568 gressu
2645 2499 2897 2554 incedens
2927 2519 2938 2552 :
2966 2500 3026 2556 Si
3063 2519 3141 2555 me
3163 2505 3419 2571 qua’ritis,
3481 2505 3687 2573 inquid,

2108 2600 2296 2656 prtesto
2318 2606 2454 2642 sam.
2498 2589 2648 2644 Unus
2693 2600 2874 2646 autem
2906 2608 2970 2647 ex
3006 2592 3130 2655 illis,
3160 2595 3247 2647 cui
3279 2610 3398 2648 cum
3426 2596 3581 2650 bonis
3611 2597 3680 2628 ³³⁸

2108 2694 2322 2750 scruper
2353 2680 2481 2735 laeva
2509 2682 2759 2737 voluntas
2795 2684 2861 2714 ³³⁸
2891 2695 3029 2749 erat,
3053 2686 3291 2739 omnium
3317 2702 3411 2743 ore
3440 2689 3563 2743 talia
3606 2706 3692 2744 rc-

2110 2774 2325 2840 spnudit
2357 2792 2369 2825 :
2402 2773 2564 2827 Cassa
2596 2792 2709 2844 spes
2736 2777 2977 2846 martyrii
2999 2789 3045 2831 te
3066 2789 3196 2832 tenet
3225 2790 3273 2832 et
3302 2781 3488 2835 nobilis
3524 2783 3693 2852 gloria

2107 2861 2219 2916 leti.
2249 2860 2408 2915 Errat
2438 2881 2532 2932 pro
2555 2877 2693 2918 certo
2737 2868 2846 2919 lta'c
2879 2869 3152 2932 sanctitas,
3180 2885 3298 2938 qua:
3323 2881 3559 2924 nostrum
3586 2872 3690 2925 rult

2105 2952 2223 3019 fieri
2245 2962 2534 3020 peccatum.
2563 2952 2611 3005 Ν
2621 2972 2685 3007 on
2716 2954 3013 3023 implebitur
3056 2968 3146 3011 tua
3177 2958 3443 3025 voluntas,
3469 2964 3557 3014 sed
3585 2962 3695 3031 agi-

2108 3056 2194 3095 tur
2220 3044 2440 3115 aliquid,
2464 3048 2602 3114 quod
2648 3048 2765 3117 plus
2791 3048 2967 3114 dolet;
2996 3052 3118 3116 quia
3170 3052 3271 3105 nisi
3312 3052 3421 3105 lucc
3448 3054 3695 3106 meretrix

2109 3133 2255 3186 nobis
2282 3134 2433 3188 citius
2465 3135 2735 3199 reddatur,
2765 3138 3013 3193 habemus
3049 3141 3241 3209 fratres
3283 3153 3418 3206 tuos,
3455 3142 3511 3194 in
3561 3158 3696 3210 quo-

422 3228 511 3282 "ia
548 3230 642 3295 υτ,
682 3230 829 3286 velut
854 3233 944 3301 qui
976 3234 1042 3289 de
1091 3250 1186 3288 sua
1240 3208 1551 3291 reversio";
1592 3237 1755 3307 opido
1805 3238 2007 3309 gaude-
2034 3208 2079 3268 Ε
2113 3241 2225 3277 rum
2250 3227 2496 3281 uxoribus
2524 3228 2668 3296 prole
2689 3238 2737 3282 et
2756 3230 2971 3297 prwdiis
3001 3231 3097 3283 hoc
3127 3232 3324 3285 malum
3351 3232 3691 3285 alciscamur.

421 3329 544 3376 rent
570 3323 660 3389 "0,
685 3326 982 3380 secundum
1016 3326 1131 3395 ejus
1150 3336 1415 3398 prmcepta
1440 3329 1673 3398 priorem
1705 3330 1870 3384 vitam
1898 3330 2009 3400 ple.

421 3410 645 3468 nissime
670 3415 960 3471 emendare
980 3417 1176 3472 vellent
1199 3417 1290 3472 ¹¹⁹.

492 3502 581 3558 l9.
613 3502 724 3559 Sed
760 3506 923 3575 paulo
958 3517 1081 3577 post
1108 3508 1249 3579 cepit
1280 3523 1374 3565 eos
1409 3510 1480 3541 "°
1512 3511 1701 3582 ignava
1740 3513 1808 3543 ¹²¹
1835 3512 2010 3566 molli-

421 3594 555 3662 cies,
586 3604 641 3651 et
666 3597 924 3667 neglectis
968 3601 1452 3671 praedicationibus
1483 3605 1595 3660 itur
1625 3606 1679 3660 in
1709 3621 1871 3661 omne
1916 3620 2009 3661 ne-

424 3685 527 3743 fas.
559 3686 815 3743 Veterum
839 3691 1043 3762 quippe
1073 3693 1340 3749 viciorum
1374 3696 1842 3751 recordationibus
1863 3711 2003 3766 prte-

420 3777 596 3845 venti;
620 3777 675 3833 in
712 3781 986 3837 carnalem
1029 3793 1243 3853 partem
1290 3785 1633 3851 relabuntur,
1672 3796 1728 3842 et
1778 3796 2009 3858 pereunt

420 3866 574 3924 labor
595 3870 884 3937 pastoralis
933 3880 990 3926 et
1032 3872 1261 3944 diligens
1287 3890 1421 3931 cura
1474 3877 1598 3932 boni
1645 3879 1835 3946 patris.
1864 3877 2008 3933 lnter

425 3959 543 4013 hac
570 3958 872 4016 luctuosum
900 3971 955 4018 et
984 3963 1294 4021 miserabile
1321 3967 1527 4022 crimen
1553 3969 1796 4022 exoritur
1823 3969 2001 4041 (Vina.

422 4045 556 4101 ΑΞη.
591 4064 663 4114 tv,
715 4050 864 4121 226).
913 4051 1104 4108 Mulier
1150 4054 1427 4124 cujusdam
1460 4057 1656 4113 nobilis
1688 4074 1811 4113 cum
1851 4059 2008 4114 cleri-

420 4154 486 4194 co
512 4141 581 4179 ἠ
607 4141 941 4199 adulterasse
969 4144 1179 4215 publice
1206 4148 1469 4217 arguitur.
1499 4147 1669 4215 Quam
1698 4165 1819 4203 cum
1856 4165 2007 4205 more

419 4230 704 4287 barbarico
765 4244 1017 4303 parentes
1067 4236 1372 4292 dedecorati
1413 4240 1659 4311 conjugis
1698 4241 2006 4311 decapitare

419 4334 749 4392 quaererent,
778 4325 915 4397 fugit
944 4326 1033 4382 illa
1084 4345 1180 4399 per
1208 4329 1415 4384 celeres
1464 4347 1645 4395 auras,
1677 4332 1848 4388 donec
1874 4349 2006 4390 voce

418 4420 477 4468 et
500 4429 661 4470 cursu
703 4431 875 4487 usque
910 4418 976 4472 ad
1019 4427 1262 4487 optatum
1296 4430 1623 4490 pervenerat
1664 4422 2001 4491 episcopum.

422 4502 619 4560 Volens
644 4516 823 4561 autem
855 4507 921 4563 de
966 4508 1179 4562 illorum
1212 4509 1462 4565 manibus
1491 4510 1770 4566 mulierem
1810 4512 2002 4567 libera—

2112 3313 2237 3370 Hth
2264 3317 2388 3371 dum
2417 3316 2603 3373 furens
2654 3318 2879 3374 Sclavus
2906 3331 3092 3375 contra
3123 3323 3431 3392 episcopum
3472 3322 3695 3377 dilatra-

2110 3408 2208 3472 vit,
2237 3423 2362 3464 ecce
2411 3418 2695 3478 corruptus
2719 3424 2855 3466 auro
2904 3412 3146 3479 proditor
3175 3414 3361 3477 adest;
3394 3412 3483 3481 qui
3509 3427 3698 3467 cxcer-

2110 3514 2244 3568 pcns
2267 3514 2359 3554 ens
2384 3500 2521 3554 clam
2547 3514 2609 3554 ex
2636 3502 2848 3571 agmine
2872 3510 3047 3567 vocat,
3080 3518 3242 3572 seque
3272 3504 3481 3558 itineris
3503 3504 3695 3559 ducena

2110 3588 2373 3658 praebens,
2431 3588 2675 3656 domum,
2714 3591 2769 3646 in
2811 3606 2915 3661 qua
2963 3592 3147 3647 clausa
3204 3602 3338 3658 erat,
3398 3594 3696 3664 domusque

2109 3682 2387 3737 custodem
2444 3681 2768 3737 manifestat.
2818 3684 3015 3739 Custos
3048 3700 3174 3738 vero
3222 3693 3401 3741 tentus
3457 3687 3524 3741 ab
3565 3686 3693 3752 illis,

2111 3788 2253 3827 nunc
2280 3774 2458 3839 minis,
2496 3790 2639 3829 nunc
2666 3775 2856 3831 amicis
2894 3774 3163 3841 all‘atibns,
3198 3786 3253 3830 ut
3298 3778 3442 3832 illam
3476 3779 3529 3833 in
3582 3795 3695 3833 ma-

2109 3882 2212 3921 nus
2261 3880 2447 3920 eorum
2495 3867 2761 3930 redderet,
2820 3867 2909 3921 diu
2970 3871 3264 3937 probatur;
3330 3871 3396 3925 ad
3442 3870 3694 3927 ultimum

2112 3958 2302 4013 mortis
2334 3959 2525 4012 timore
2557 3961 2900 4027 perterritus,
2927 3976 3031 4014 non
3057 3960 3128 3991 ’³⁸
3172 3962 3249 4016 sie
3298 3962 3399 4015 sibi
3428 3963 3695 4017 creditam

2109 4051 2347 4106 cruentis
2388 4051 2635 4107 hostibus
2676 4052 2910 4123 prodidit
2945 4052 3223 4107 feminam.
3254 4053 3478 4124 Rapitur
3507 4054 3693 4111 infelix

2110 4144 2219 4208 illa,
2259 4142 2458 4198 frustra
2492 4144 2697 4212 pressis
2729 4144 3012 4207 altaribus,
3039 4154 3095 4199 et
3120 4145 3221 4200 sub
3252 4161 3411 4200 manu
3446 4148 3691 4217 conjugis

2106 4234 2389 4303 capitalem
2428 4234 2578 4303 jussa
2622 4243 2706 4288 est
2745 4234 2928 4289 subire
2955 4235 3309 4290 sentenciam.
3366 4234 3518 4303 Quod
3564 4251 3690 4292 eum

2108 4325 2213 4389 ille,
2246 4325 2389 4379 velut
2430 4326 2508 4379 vir
2536 4326 2735 4392 justus,
2769 4325 2945 4381 facere
2984 4326 3170 4391 nollet,
3220 4329 3319 4383 sub
3367 4329 3544 4399 gladio
3573 4330 3694 4385 vilis

2106 4414 2344 4470 vernulae
2398 4424 2663 4482 truncata,
2706 4430 2893 4485 pmnas
2933 4416 3073 4471 male
3114 4417 3191 4471 usi
3238 4418 3480 4488 corporis
3512 4418 3691 4488 capite
3728 4415 3735 4423 ’

2106 4507 2354 4562 exsolvit.

422 4611 502 4662 re,
524 4597 716 4652 clausit
740 4614 859 4654 eam
884 4600 937 4654 in
964 4600 1292 4655 monasterio
1314 4600 1828 4665 sanctimonialium,
1858 4604 2002 4672 quod
2034 4566 2081 4626 υ
2178 4598 2248 4652 20
2272 4598 2363 4652 ¹³⁶.
2397 4597 2492 4654 liis
2515 4608 2677 4669 atque
2714 4600 2906 4654 horum
2928 4600 3244 4670 ~majoribus
3291 4602 3357 4632 ⁸³⁷
3421 4601 3692 4671 popularis

420 4685 521 4742 sub
546 4688 802 4743 vocabulo
830 4698 883 4744 et
913 4690 1263 4745 veneratione
1289 4691 1459 4745 sancti
1484 4691 1698 4759 Georgii
1721 4707 2004 4747 consecra-

418 4787 554 4847 tum,
581 4779 907 4837 firmissimis
950 4782 1220 4838 mcenibus
1246 4781 1480 4836 vallatur
1510 4782 1600 4836 ³³³.
1627 4780 1830 4837 Clavim
1872 4798 2000 4840 vero

2110 4691 2365 4761 nequitiae
2409 4693 2604 4747 studiis
2636 4709 2759 4748 cum
2795 4709 2974 4749 sermo
3002 4694 3246 4750 docentis
3288 4696 3525 4765 episcopi
3563 4711 3693 4750 con-

2109 4783 2274 4837 traire
2300 4782 2574 4852 nequiret,
2603 4781 2695 4839 flet
2736 4783 2908 4839 bonus
2939 4794 3143 4855 pastor,
3184 4786 3307 4854 quia
3351 4786 3404 4840 in
3434 4786 3691 4853 morbido

1724 4916 1958 4972 VARI/IS
1996 4916 2401 4974 LECTIONES.

491 5026 561 5057 ¹¹³
584 5026 922 5081 decertarent
937 5028 1025 5091 3a,
1054 5038 1099 5091 ε,
1129 5029 1211 5081 ba.

1284 5028 1353 5060 ³³³
1381 5028 1517 5100 deest
1553 5028 1600 5100 l.
1662 5029 1730 5100 ⁸>¹⁷
1754 5028 2043 5100 emendare
2059 5029 2145 5100 ὅθ.
2207 5030 2342 5100 “Eg.
2366 5038 2418 5084 et
2434 5029 2598 5100 5.75:,
2625 5040 2670 5093 ε,
2696 5034 2781 5095 μ,
2812 5032 2861 5083 ι),
2881 5032 2934 5086 5,
2990 5032 3057 5066 m
3080 5032 3289 5089 αεεδιε,
3315 5033 3401 5087 δα.
3470 5034 3622 5089 non
3643 5034 3692 5087 ι.

418 5095 795 5173 “Lignaviag.
812 5097 896 5151 5ο.
914 5099 998 5151 4ο.
1018 5098 1071 5153 5.
1098 5098 1864 5173 ignaviaet§P_.__:"_c_lero1:
1884 5095 2374 5173 5?__f",velatur'l.
2433 5099 2504 5173 ’ξι
2522 5099 2556 5152 f.
2584 5099 2839 5173 [credito]
2857 5112 2913 5173 ut
2929 5103 3136 5157 scilicet
3157 5102 3243 5156 5ο.
3303 5105 3369 5135 ’⁸⁵
3388 5119 3483 5173 pro
3508 5119 3560 5173 p.
3590 5106 3698 5158 fru-

414 5164 595 5240 ctibus
610 5167 665 5240 ἓ.
703 5167 865 5240 _"‘re
888 5185 1047 5222 manu
1065 5164 1383 5240 secunda}.
1415 5166 1810 5240 “’_Wiollitona
1826 5170 1937 5240 ὃς
1960 5167 2031 5199 ³⁸⁸
2060 5164 2510 5240 episcopalem.l.
2570 5164 2638 5205 ³³⁸
2672 5164 2851 5227 nimiis
2876 5172 2927 5226 5.
2951 5174 3109 5227 deest.
3148 5173 3233 5227 5ο.
3296 5172 3366 5210 ⁸³⁸
3390 5164 3699 5228 minacibus

420 5236 474 5289 1.
582 5237 646 5269 ²³¹
676 5238 815 5289 deest
853 5240 936 5291 '50.
1036 5239 1103 5269 ⁸³³
1136 5253 1182 5291 s.
1213 5252 1263 5288 v.
1292 5238 1343 5290 in
1376 5239 1429 5291 h.
1457 5238 1642 5291 desunt
1678 5238 1730 5291 5.

415 5305 490 5340 ³³⁰
512 5310 650 5363 deest
674 5308 731 5360 2.
807 5307 877 5338 ’³⁸
909 5307 1009 5363 Hic
1031 5310 1116 5364 3°.
1147 5321 1249 5359 non
1278 5308 1574 5377 distinguit.

1826 5238 1895 5270 ³³³
1928 5239 2064 5293 bona
2098 5238 2161 5298 ἓ.
2193 5238 2277 5299 cui
2316 5243 2492 5297 minus
2523 5254 2736 5310 semper
2766 5243 2895 5296 heva
2922 5243 3029 5296 vol.
3060 5242 3143 5295 5ο.

1652 5310 1720 5341 ’⁸⁷
1754 5312 2020 5379 tnajorum
2043 5310 2101 5366 2.

3248 5243 3317 5275 ’³⁵
3343 5242 3587 5313 voluptas
3607 5244 3700 5298 4³.

1933 5425 2177 5495 NOTAE,
