4494 5520
820 330 923 387 879

1824 337 1877 393 S.
1921 339 2305 397 ADALBERTI
2344 343 2647 399 EPISCOPI
2682 344 3063 403 PRACENSIS

3961 354 4062 408 880

820 460 981 518 grege
1004 446 1161 516 signa
1193 448 1381 504 salutis
1420 450 1562 504 nulla
1602 450 1777 507 inesse
1826 456 2097 524 prospexit
2124 457 2211 508 ηε.
2257 457 2393 511 llinc
2423 463 2468 519 Α
2497 458 2755 510 acerrima
2806 458 2955 513 febre
3006 468 3306 527 correptus,
3352 476 3547 530 corpus
3600 471 3775 527 terrae,
3823 465 4056 518 animam

820 554 916 607 pro
965 539 1277 606 spectandis
1333 542 1680 609 sequentibus
1725 544 1879 598 malis
1912 546 2096 599 oculos
2141 546 2391 601 claudere

815 629 1022 691 volens,
1046 632 1224 687 dulcis
1253 633 1321 664 ³³⁸
1374 632 1556 688 Romae
1614 636 1809 689 mtenia
1864 638 2048 691 revisit
2096 638 2204 705 (an.
2238 638 2388 707 995).

813 727 867 773 et
893 732 1028 773 nave
1065 720 1132 752 “°
1160 723 1473 776 monasterii
1520 732 1689 777 mutat
1738 725 2023 792 pastoralia
2051 724 2221 780 frena.
2254 726 2388 781 Con-

814 809 1054 880 gaudent
1105 811 1191 866 illo
1220 812 1473 867 redeunte
1504 814 1812 868 monasticae
1841 814 2009 884 plebis
2044 831 2196 871 sacra
2221 805 2385 873 'colle-

812 900 922 967 gia,
954 914 1021 958 ac
1051 902 1357 957 sanctitatis
1384 902 1447 933 ’δ’
1488 918 1597 956 sua:
1659 918 1839 958 amore
1897 907 2103 974 pariter
2138 917 2190 962 et
2242 911 2384 963 utili-

815 1001 923 1044 tate
947 991 1019 1023 ιδ’
1049 993 1416 1063 perfruuntur.
1450 994 1759 1049 Dilexerunt
1780 1011 1899 1050 eum
1924 1012 2128 1064 omnes,
2154 999 2246 1053 sed
2274 1016 2384 1069 pra:

811 1084 1066 1141 omnibus
1096 1085 1260 1139 abbas
1308 1099 1457 1150 suus,
1485 1086 1575 1154 qui
1603 1096 1657 1142 et
1688 1096 1808 1155 post
1838 1102 1896 1142 se
1926 1089 2049 1144 totis
2071 1091 2382 1145 cohortibus

810 1172 1040 1228 fratrum
1091 1174 1402 1245 prchecerat
1431 1176 1575 1229 illum
1620 1176 1750 1247 (48).
1783 1177 1863 1249 [8.
1903 1178 2100 1233 Bent-:0.
2156 1180 2377 1251 Regula,

812 1276 862 1315 ο..
893 1263 969 1334 7.]
992 1264 1083 1319 llle
1112 1273 1288 1318 autem
1321 1264 1463 1318 omni
1494 1265 1695 1320 vilitate
1714 1276 1766 1319 et
1788 1269 2129 1325 extremitate
2155 1280 2376 1324 conten-

751 1364 757 1373 '
811 1360 899 1407 tus
920 1353 990 1384 ¹δ³
1019 1364 1219 1424 quanto
1258 1368 1480 1425 magnus
1511 1354 1580 1395 ι’δδ
1608 1364 1748 1420 erat,
1775 1365 1922 1412 tanto
1953 1373 2012 1412 se
2056 1360 2263 1415 cunctis
2294 1363 2373 1416 in-

813 1443 1060 1499 feriorem
1086 1447 1342 1515 prmhuit;
1372 1457 1573 1515 quanto
1604 1448 1933 1515 spiritalibus
1981 1451 2182 1507 divitiis
2203 1454 2370 1515 dives,

812 1542 961 1589 tanto
990 1536 1040 1587 in
1064 1534 1233 1590 oculis
1262 1536 1535 1589 hominum
1561 1551 1779 1604 parvus,
1802 1554 2001 1608 pauper
2022 1540 2373 1611 etdespectus

808 1638 926 1678 esse
953 1626 1230 1694 cupiverat
1253 1624 1339 1677 ³⁸⁸.
1375 1624 1569 1678 Dicunt
1589 1634 1763 1681 autem
1793 1628 1927 1684 abba
1956 1640 2009 1684 et
2039 1631 2236 1687 fratres
2258 1633 2374 1699 ejus

806 1716 871 1770 de
897 1730 981 1781 eo,
1010 1717 1133 1784 quia
1185 1716 1410 1770 inomni
1457 1717 1655 1770 virtute
1708 1719 1773 1772 ad
1817 1736 2044 1790 unguem
2100 1722 2371 1792 perfectus

2493 550 2652 613 coelo,
2680 559 2908 620 utraque
2931 552 2982 604 in
3019 566 3113 605 sua
3142 553 3345 607 dimisit
3368 555 3438 586 "'
3466 556 3707 610 exordia.
3741 555 3854 609 Rex
3878 564 4056 610 autem

2492 636 2617 691 Otto
2642 639 2854 707 Alpium
2878 638 3027 694 nives
3049 640 3214 695 multo
3236 643 3401 697 milite
3426 646 3946 713 trausmeans,juxta
3970 661 4055 700 sa-

2490 742 2636 780 cram
2654 729 2839 782 urbem
2864 728 3175 783 Ravennam
3202 733 3399 801 regalia
3416 742 3590 787 castra
3614 743 3845 788 metatus
3858 744 3959 789 est.
3976 734 4053 789 lbi

2489 815 2540 868 in
2557 815 2669 883 ejus
2683 832 2965 873 occursum
3004 820 3221 874 veniunt
3253 822 3492 889 epistola:
3511 838 3632 876 cum
3669 824 3894 885 nunciis,
3922 839 4057 893 quas

2486 909 2703 961 mittunt
2718 908 2939 963 Romani
2958 925 3205 979 proceres
3217 914 3712 969 etsenatoriusordo
3725 914 3930 984 (996,M
3935 915 4052 984 ai.).

2485 994 2663 1050 Primo
2696 998 2835 1053 illius
2864 999 3171 1063 adventum,
3201 1001 3340 1054 velut
3381 1011 3491 1055 toto
3540 1012 3776 1070 tempore
3818 1014 4057 1073 paterna:

2484 1089 2673 1142 mortis
2703 1105 2807 1144 non
2840 1090 3033 1155 visum,
3066 1092 3190 1146 totis
3213 1093 3503 1147 visceribus
3533 1094 3835 1147 desiderare
3868 1109 3931 1147 ac
3965 1095 4054 1147 de-

2481 1179 2588 1233 bita
2620 1180 2882 1234 fidelitate
2913 1182 2978 1211 ’⁸⁷
3010 1182 3371 1252 pollicitantur
3396 1191 3738 1252 exspectare;
3767 1184 3959 1237 deinde
3999 1185 4051 1236 in

2480 1281 2652 1325 morte
2686 1272 2865 1326 domui
2896 1273 3169 1341 apostolici
3207 1284 3313 1327 tam
3340 1274 3437 1328 sibi
3471 1290 3632 1343 quam
3663 1274 3765 1327 illis
3802 1288 3907 1327 non
3949 1274 4049 1326 mi-

2478 1362 2676 1415 nimam
2705 1364 2965 1417 invectam
2992 1379 3110 1417 esse
3140 1364 3209 1395 ¹³⁸
3236 1374 3438 1433 partem
3466 1365 3924 1419 incommodorum
3954 1379 4054 1416 an-

2478 1452 2756 1517 nuuciant,
2798 1460 2851 1507 et
2886 1467 3041 1522 quem
3072 1468 3167 1521 pro
3196 1468 3259 1506 eo
3289 1463 3571 1522 ponerent,
3604 1453 3833 1523 regalem
3864 1454 4049 1520 exqui-

2478 1551 2600 1595 runt
2626 1544 2972 1596 sentenciam.
3029 1543 3159 1595 Erat
3190 1544 3315 1595 item
3343 1544 3394 1595 in
3430 1543 3631 1610 capella
3662 1545 3799 1611 regis
3829 1544 4044 1609 quidam

2474 1633 2700 1685 clericus
2732 1633 2944 1686 nomine
2985 1632 3052 1662 "9
3084 1632 3281 1695 Bruno,
3316 1632 3645 1687 secularibus
3674 1631 3868 1686 litteris
3895 1647 4048 1703 egre-

2472 1721 2555 1789 gie
2599 1720 2666 1750 ¹⁸⁰
2710 1721 2950 1775 eruditus
2991 1728 3043 1774 et
3093 1720 3205 1788 ipse
3252 1722 3396 1787 regio
3443 1721 3699 1791 sanguine
3750 1736 3917 1789 genus
3964 1721 4045 1776 fe-

803 1813 903 1869 est,
929 1813 980 1860 et
1003 1814 1156 1859 extra
1182 1804 1495 1874 martyrium
1524 1806 1592 1837 “°
1624 1821 1749 1862 vere
1772 1819 1990 1864 sanctus
2020 1811 2086 1841 "7
2115 1823 2249 1865 erat.
2281 1815 2368 1870 Sic
2403 1806 2444 1865 Β
2474 1823 2596 1863 rcus
2639 1808 2782 1877 (50);
2824 1822 3027 1878 magna:
3062 1809 3266 1862 scilicet
3286 1809 3350 1839 ’⁸⁸
3386 1808 3593 1873 indolis,
3629 1810 3745 1872 sed,
3778 1812 3918 1879 quod
3946 1812 4048 1863 nii-

802 1898 867 1950 tle
898 1896 981 1951 die
1013 1896 1063 1949 iu
1113 1896 1252 1949 diem
1293 1911 1506 1965 semper
1556 1912 1724 1952 novus
1756 1909 1809 1953 et
1838 1915 1894 1953 se
1946 1902 2059 1969 ipso
2100 1903 2372 1959 robustior

801 2001 1171 2047 succrescens,
1203 1986 1269 2041 ad
1283 1987 1475 2041 divinae
1500 1989 1965 2058 contemplationis
1990 1992 2199 2063 fastigia
2225 1997 2371 2049 velut

799 2077 1097 2132 castissima
1141 2077 1209 2109 "*3
1259 2086 1434 2131 turtur
1460 2078 1783 2134 evolaverat.
1818 2082 2012 2136 Volcns
2041 2095 2219 2138 autem
2268 2086 2369 2140 Do-

797 2170 976 2223 minus
1004 2170 1286 2223 ostcndere
1322 2184 1477 2225 servo
1508 2186 1625 2237 suo,
1676 2172 1826 2241 cujus
1859 2176 2033 2227 meriti
2067 2176 2265 2230 viveret
2315 2178 2365 2230 in

796 2270 1084 2329 conspectu
1116 2275 1233 2325 suo,
1277 2269 1541 2315 monstrat
1563 2263 1610 2316 ei
1648 2278 1743 2330 per
1774 2266 1943 2320 visum
1985 2267 2117 2321 duos
2139 2270 2361 2324 ordines

799 2353 852 2405 in
884 2352 1040 2416 cmlo,
1073 2368 1235 2405 unum
1263 2367 1532 2422 purpureo
1573 2354 1658 2416 Μ,
1686 2355 1915 2409 alterum
1956 2358 2111 2412 niveo
2138 2362 2362 2425 amictu,

794 2442 990 2511 quibus
1019 2442 1116 2495 sub
1144 2442 1351 2496 diversa
1380 2443 1558 2511 specie
1588 2444 1858 2515 singulare
1890 2450 2140 2503 meritum
2170 2460 2221 2505 et
2243 2467 2365 2519 pro-

791 2532 909 2601 pria
946 2546 1191 2594 merces;
1228 2529 1485 2585 ambobus
1538 2540 1715 2586 tamen
1764 2548 1887 2588 esca
1932 2544 1985 2589 et
2034 2546 2192 2605 potus
2248 2549 2366 2593 erat

793 2625 910 2678 laus
948 2632 1202 2693 perpetua
1262 2620 1549 2676 Creatoris.
1592 2623 1657 2677 Et
1686 2624 1826 2678 facta
1863 2634 1945 2681 est
1999 2642 2099 2681 vox
2139 2630 2202 2682 ad
2242 2645 2362 2684 eum

792 2710 977 2765 dicens
1010 2729 1023 2763 :
1059 2710 1204 2765 Inter
1230 2722 1471 2782 utrosque
1493 2723 1565 2766 est
1595 2714 1687 2767 tibi
1712 2714 1876 2781 locus,
1905 2719 2198 2773 convivacio
2223 2736 2366 2776 meu-

790 2819 862 2857 ste
886 2813 932 2857 et
980 2805 1274 2873 aptissimus
1320 2806 1504 2858 honor.
1540 2805 1704 2876 Cujus
1753 2809 1827 2862 rei
1864 2811 2122 2865 visionem
2180 2815 2361 2869 abbati

790 2909 887 2948 suo
918 2909 1038 2948 cum
1071 2903 1385 2965 exponeret,
1409 2911 1512 2950 non
1544 2898 1644 2951 hoc
1664 2898 1728 2952 de
1744 2914 1821 2964 se,
1851 2902 1945 2954 sed
1972 2900 2115 2955 velut
2136 2904 2361 2958 sanctis-

789 2984 957 3038 simus
990 2976 1186 3040 Paulus
1214 2986 1553 3042 revelationis
1586 3003 1694 3043 suae
1722 2992 1975 3060 mysteria
2013 2994 2076 3046 de
2105 2993 2211 3047 alio
2269 2995 2366 3048 ho-

790 3078 935 3131 mine
963 3086 1149 3131 narrat
1177 3078 1227 3148 (I
1255 3078 1375 3132 Cor.
1397 3080 1495 3149 xu)
1524 3098 1536 3133 :
1572 3080 1695 3135 Scio
1720 3083 1810 3148 “°,
1839 3084 2042 3152 inquid,
2062 3085 2361 3153 lmjusmodi

2473 1916 2571 1953 nus
2602 1899 2820 1963 bonum,
2851 1898 3072 1951 multum
3105 1897 3320 1953 fervidae
3349 1898 3643 1967 juventutis
3678 1898 3809 1969 (51).
3870 1900 4041 1963 lluuc,

2469 1992 2591 2060 quia
2625 1992 2732 2059 regi
2766 1989 2982 2059 placuit,
3022 2005 3050 2042 a
3096 1990 3385 2053 majoribus
3432 1990 3660 2044 electum
3706 1989 4045 2058 Magontinus

2468 2076 2812 2144 archipraesul
2843 2076 3137 2148 Willigisus
3173 2078 3239 2107 ²⁶²
3269 2087 3323 2131 et
3364 2093 3493 2131 suus
3531 2078 3728 2147 collega
3778 2077 4047 2132 llildcbal-

2467 2169 2563 2222 dus
2588 2168 2655 2198 ’⁸³
2684 2170 2965 2237 episcopus
2995 2168 3106 2237 (52)
3142 2169 3482 2222 adduxerunt
3520 2167 3774 2233 Romam;
3819 2170 4042 2238 proinde

2464 2277 2493 2314 a
2521 2260 2775 2314 Romanis
2805 2260 3099 2314 honorifice
3125 2270 3402 2328 acceptum
3436 2260 3524 2325 ’“,
3553 2260 3617 2312 ad
3658 2261 3757 2313 hoc
3801 2261 4035 2313 ordinati

2464 2350 2703 2417 episcopi
2754 2348 3044 2417 apostolico
3086 2349 3287 2401 honore
3314 2347 3735 2417 promulgarunt.
3780 2346 4041 2415 Superve-

2465 2437 2619 2491 niens
2663 2438 2824 2490 etiam
2867 2451 2960 2490 rex
3001 2436 3241 2490 Romano
3288 2450 3437 2490 more
3493 2438 3704 2505 egregie
3747 2436 4038 2505 accipitur;

2465 2528 2652 2581 deinde
2680 2536 2733 2581 et
2757 2542 2949 2595 magno
2971 2526 3164 2596 gaudio
3190 2528 3425 2580 omnium
3456 2527 3831 2595 imperatorum
3864 2528 4040 2596 attigi;

2465 2622 2669 2687 apicem
2696 2618 2853 2684 (Mai.
2875 2618 2986 2689 21).
3013 2617 3288 2670 Laztantur
3317 2632 3436 2670 cum
3464 2616 3779 2686 primatibus
3807 2617 4038 2670 minores

2466 2711 2701 2764 civitatis
2731 2711 2831 2776 "5;
2867 2726 2986 2765 cum
3030 2708 3224 2763 aﬂlicto
3270 2723 3506 2776 paupere
3541 2709 3781 2761 exultant
3823 2710 4035 2778 agmina

2464 2802 2767 2863 viduarum,
2797 2801 2921 2870 quia
2954 2800 3023 2830 ³⁸⁸
3046 2815 3214 2854 novus
3242 2798 3535 2867 imperator
3555 2800 3777 2869 datjura
3807 2800 4033 2869 populis,

2464 2889 2690 2958 datjura
2719 2907 2886 2946 novus
2914 2906 3048 2961 papa
3079 2892 3168 2944 ³⁸⁷.

2534 2984 2621 3037 22.
2681 2983 2776 3038 His
2825 2984 3153 3053 temporibus
3196 2986 3673 3040 christianissimus
3717 2986 3801 3040 ille
3844 3002 4034 3050 cmsar,

2464 3075 2548 3128 cui
2595 3074 2662 3105 ³⁸⁸
2695 3075 2837 3129 circa
2866 3090 3048 3129 servos
3084 3075 3175 3129 Dei
3210 3076 3500 3129 maximqu
3548 3076 3778 3130 studium
3822 3092 4035 3145 semper

785 3168 1067 3234 hominem,
1098 3171 1183 3222 cui
1223 3170 1477 3223 Dominus
1527 3187 1618 3240 per
1675 3174 1838 3226 visum
1868 3175 1934 3207 ’δι
1978 3174 2105 3227 talia
2136 3176 2355 3229 ostendit
2384 3158 2428 3221 C
2460 3177 2514 3223 et
2560 3169 2785 3237 diligens
2833 3185 2958 3223 cura
3005 3169 3101 3222 fuit
3129 3208 3143 3230 ,
3197 3170 3385 3223 crebro
3444 3169 3733 3236 alloquitur
3785 3178 4031 3223 sanctum

785 3269 831 3311 et
867 3259 976 3311 htec
1007 3261 1117 3328 ipsa
1140 3260 1457 3312 donaturum
1485 3278 1538 3313 se
1560 3263 1810 3329 promittit
1840 3264 1971 3331 (49).

853 3350 941 3402 21.
974 3349 1094 3418 (An.
1130 3350 1277 3418 996.)
1310 3350 1422 3403 Hoc
1454 3351 1566 3419 ipso
1602 3360 1840 3420 tempore
1861 3354 1964 3407 iter
1987 3353 2097 3423 agit
2127 3352 2351 3408 Romam

784 3455 878 3494 rex
926 3440 1258 3494 Francorum
1316 3440 1442 3495 Otto
1473 3441 1694 3506 tercius,
1731 3442 1938 3511 pulchri
1969 3444 2184 3497 caesaris
2235 3445 2351 3513 pul-

782 3532 1051 3586 cherrima
1087 3532 1285 3600 proles.
1320 3532 1566 3587 Decursis
1597 3534 1792 3603 quippe
1832 3534 2126 3603 puerilibus
2173 3535 2348 3598 anuis,

781 3636 905 3675 cum
928 3619 1042 3687 jam
1064 3620 1207 3675 velut
1239 3622 1412 3690 prima
1437 3621 1506 3651 ’δ’
1532 3620 1781 3690 lanugine
1811 3622 1991 3677 barbae
2020 3621 2235 3677 floreret
2256 3624 2347 3687 ¹⁸³,

782 3724 993 3782 tempus
1022 3721 1075 3768 et
1098 3714 1268 3767 virtus
1306 3713 1476 3782 major
1501 3714 1655 3767 annis
1692 3713 2085 3783 imperatoriam
2113 3714 2214 3769 sibi
2255 3730 2343 3768 ex-

777 3814 1065 3875 poscerant
1120 3804 1189 3834 ²⁸⁸
1234 3803 1566 3874 dignitatem.
1603 3802 1769 3857 Roma
1820 3811 1995 3858 autem
2038 3819 2157 3857 cum
2188 3815 2347 3866 caput

778 3898 961 3952 mundi
998 3906 1053 3951 et
1080 3897 1291 3952 urbium
1332 3896 1544 3951 domina
1578 3897 1647 3950 sit
1674 3905 1729 3952 et
1753 3908 1997 3961 vocetur,
2033 3900 2144 3953 sola
2192 3914 2345 3969 reges

779 3989 1044 4057 imperare
1073 3986 1201 4041 facit
1226 4004 1239 4051 ;
1268 4002 1499 4054 cumque
1527 3988 1782 4057 principis
1813 3997 2120 4043 sanctorum
2148 4005 2342 4057 corpus

778 4095 876 4133 suo
898 4080 1016 4133 sinu
1065 4077 1326 4143 refoveat,
1383 4078 1578 4131 merito
1612 4077 1905 4147 principem
1939 4089 2201 4133 terrarum
2232 4080 2343 4147 ipsa

775 4170 1106 4224 constituere
1140 4167 1313 4224 debet.
1376 4168 1540 4237 Suus‘
1573 4166 1642 4197 ⁸⁸⁸
1686 4166 1814 4235 ipsis
1857 4168 2044 4223 diebus
2099 4166 2339 4237 pontifex

2459 3261 2825 3324 Adalberttun,
2868 3272 2921 3315 et
2952 3262 3183 3316 habebat
3219 3277 3337 3315 eum
3392 3262 3491 3315 sibi
3543 3261 3879 3322 familiarem,
3931 3277 4030 3313 au-

2457 3352 2610 3405 diens
2659 3351 2886 3405 libenter
2927 3366 3275 3420 quacumque
3319 3352 3420 3406 sibi
3479 3353 3697 3406 diceret.
3751 3352 4032 3420 Archiepi-

2455 3458 2647 3512 scepus
2670 3458 2799 3497 vero
2830 3442 3123 3514 Willigisus
3154 3444 3219 3475 ¹⁶⁹
3254 3452 3487 3498 veterem
3519 3444 3905 3512 querimoniam
3931 3457 4027 3495 ca-

2454 3546 2586 3586 nens
2624 3534 2691 3563 ¹⁷⁰
2722 3533 2973 3586 domuum
3001 3532 3066 3563 ²⁷¹
3100 3531 3446 3598 apostolicum
3487 3532 3552 3586 de
3595 3533 3763 3586 sancti
3795 3532 4030 3586 hominis

2452 3624 2626 3679 reditu
2675 3622 3007 3693 interpellat;
3058 3623 3398 3691 congeminat
3444 3623 3510 3652 ²⁷¹
3551 3632 3673 3675 vota
3712 3637 3832 3676 cum
3866 3624 4024 3687 votis,

2449 3722 2502 3768 et
2546 3723 2601 3767 ut
2645 3721 2939 3783 reportaret
2983 3712 3168 3775 illum,
3222 3713 3394 3767 modis
3438 3715 3684 3767 omnibus
3732 3714 3911 3767 instat.
3966 3714 4026 3767 ln

2450 3806 2740 3873 apostolica
2791 3818 2999 3873 quoque
3043 3803 3231 3857 sinodo
3289 3818 3551 3857 canonum
3599 3804 3667 3834 ’⁷³
3722 3804 4027 3875 testimonia

2452 3894 2749 3958 revolvens,
2779 3908 2961 3948 coram
2992 3894 3238 3947 omnibus
3284 3893 3519 3960 se‘justa
3567 3902 3748 3963 petere
3796 3895 4023 3959 clamat;

2450 3994 2725 4054 peceatum
2778 3999 2915 4049 esse,
2964 3984 3185 4053 singulis
3232 3984 3473 4038 ecclesiis
3517 3986 3808 4049 maritalis,
3852 3987 4023 4049 solam

2451 4077 2674 4147 Pragam
2705 4092 2800 4131 suo
2828 4084 3041 4144 pastore
3067 4076 3301 4139 viduari;
3328 4074 3471 4142 juste
3496 4077 3564 4106 ’⁷⁵
3593 4078 4022 4145 poscentibus”

2450 4169 2749 4225 benivolam
2777 4184 2961 4223 aurem
2993 4168 3081 4235 '7“,
3120 4167 3289 4223 vidum
3316 4167 3554 4223 ecclesia:
3585 4171 3832 4223 maritum
3864 4185 4021 4224 suum

2088 4278 2317 4335 VARIZE
2361 4278 2761 4334 LECTIONES.

851 4354 925 4384 '3“
958 4352 1234 4421 conspexit
1268 4353 1349 4405 5°.
1427 4352 1495 4384 ’³ο
1533 4352 1683 4409 ducis
1714 4353 1763 4405 1.

784 4424 851 4456 ³⁸³
878 4423 1028 4500 ﬂtra
1064 4425 1110 4477 1.

777 4505 843 4540 W
876 4508 955 4559 t'cs
978 4504 1032 4556 2.

1841 4351 1909 4383 “°
1940 4352 2058 4404 navi
2090 4351 2143 4404 2.
2172 4350 2230 4403 5ο
2264 4352 2373 4404 otio
2402 4350 2487 4403 ιμ’.
2514 4367 2695 4402 amore
2725 4350 2777 4402 5.

1187 4423 1256 4453 ’³³
1292 4430 1569 4475 contectus
1608 4437 1864 4492 superscr.
1919 4420 1997 4474 vel
2035 4430 2319 4474 contentus
2347 4422 2395 4474 1.

1110 4504 1179 4533 ’⁸⁸
1235 4502 1572 4556 castissimus
1624 4503 1677 4556 2.
1705 4502 1766 4554 5ο
1845 4500 1933 4552 ³³³.
1978 4514 2304 4569 purpureum
2346 4515 2478 4551 corr.
2545 4514 2809 4568 purpureo
2841 4498 2887 4550 .1
2967 4496 3035 4527 ¹⁸⁰
3078 4497 3188 4569 scio
3228 4513 3387 4565 usque
3436 4497 3699 4569 promittit
3735 4497 3931 4569 desunt;
3955 4498 4012 4551 2.

2854 4350 2919 4379 ω
2948 4364 2992 4400 s.
3024 4348 3161 4401 illius
3192 4350 3542 4403 contubernio
3565 4359 3618 4403 et
3648 4350 3900 4404 societate
3924 4352 4013 4404 4b.

2476 4418 2544 4450 N
2569 4419 2739 4488 major
2774 4419 2858 4471 ὅσ.
2934 4419 3001 4450 ’⁸⁸
3024 4433 3245 4487 concup.
3271 4418 3324 4471 2.
3400 4419 3469 4449 ⁸⁵⁸
3518 4420 3895 4473 monasterium
3926 4420 4013 4474 5ο.

775 4574 843 4606 ⁸⁸³
888 4575 1059 4627 visum
1103 4573 1335 4625 ostendit
1381 4571 1623 4626 caelestes
1660 4572 1820 4634 acies,
1872 4566 2095 4637 quarum
2134 4584 2237 4621 una
2287 4583 2440 4622 roseo
2476 4566 2732 4621 vernabat
2780 4575 3033 4637 aspectu,
3050 4566 3244 4637 altera
3292 4582 3441 4637 vero
3470 4567 3713 4637 liliorum_
3749 4567 4015 4621 candebat

772 4645 1005 4704 amictu;
1037 4653 1089 4695 et
1137 4642 1274 4694 facta
1304 4651 1387 4695 est
1437 4655 1536 4693 vox
1569 4642 1633 4695 ad
1658 4656 1778 4695 eum
1811 4636 2029 4693 dicens:
2063 4639 2204 4691 inter
2232 4639 2329 4692 hos
2362 4639 2580 4692 ordines
2610 4638 2782 4691 locum
2826 4637 2989 4689 habes
3009 4636 3096 4695 μ’.

1755 4712 1841 4762 ⁸⁸⁸.
1877 4724 2118 4762 summus
2141 4707 2227 4771 ὅθ,
2263 4719 2306 4761 ο.
2334 4709 2487 4778 cujus
2510 4709 2593 4760 μ’.

776 4723 811 4765 ι.
836 4713 885 4767 2.
914 4714 964 4766 5.

771 4785 840 4815 ²⁸⁹
865 4787 1001 4836 deesl
1031 4782 1117 4835 5η.

1063 4712 1133 4743 ’⁸³
1159 4720 1585 4778 cxpoposcerant
1624 4711 1677 4763 ὅ.

1194 4782 1262 4811 ²⁶⁰
1294 4781 1431 4834 deest
1455 4779 1508 4833 2.
1583 4781 1651 4811 ⁹⁸¹
1682 4780 1820 4834 deest
1841 4782 1925 4833 3-.

2002 4778 2070 4808 ²⁶²
2104 4778 2338 4845 wilgisus
2366 4780 2413 4831 1.

3173 4636 3240 4667 ²⁶¹
3269 4637 3404 4688 deest
3433 4636 3517 4689 δα.
3594 4636 3662 4667 ’⁸³
3692 4635 3725 4687 f.
3766 4637 4015 4690 inventus

2668 4706 2737 4737 ³⁵⁸
2767 4706 2947 4759 divisit
2978 4707 3027 4758 1.
3104 4705 3172 4735 ’⁸⁷
3196 4705 3447 4759 felicitate
3473 4707 3521 4759 1.
3557 4706 3611 4760 2.
3686 4705 3754 4736 ’⁸⁸
3782 4706 3917 4757 deest
3959 4708 4008 4759 1-

2485 4778 2553 4809 '”
2582 4776 2917 4831 hildehaldus
2947 4774 2999 4828 2.
3036 4774 3298 4829 ildebaldo
3326 4775 3410 4827 4°.
3445 4775 3755 4829 udelbaldus
3792 4774 3853 4825 5⁸
3884 4776 4014 4829 nde-

767 4854 955 4908 baldus
986 4852 1070 4904 4b.
1114 4849 1422 4905 adelhaldus
1463 4850 1545 4903 5ο.
1615 4850 1683 4881 ³⁸⁸
1715 4850 1980 4917 totiusque
2024 4847 2155 4901 cleri
2199 4844 2494 4917 populique
2544 4862 2838 4909 consensu,
2891 4845 3103 4917 favente
3139 4846 3310 4917 etiam,
3345 4859 3491 4917 rege,
3538 4845 3686 4898 urbis
3714 4844 4014 4917 'episcupus

766 4925 1047 4976 ordinatur
1076 4922 1163 4974 ιίδ.
1253 4919 1321 4951 ⁸⁸⁵
1353 4935 1399 4973 c.
1430 4936 1478 4973 a.
1510 4935 1561 4989 p.
1594 4935 1643 4974 e.
1677 4935 1727 4973 a.
1757 4935 1805 4969 v.
1842 4917 2141 4989 desunt-11.

767 4993 834 5031 ρετ
868 4994 920 5045 d.
972 4993 1004 5044 i.
1041 5009 1094 5045 n.
1135 5007 1187 5060 p.
1228 4990 1413 5043 desunt
1446 4990 1492 5041 1.
1571 4991 1638 5024 ’⁸⁸
1670 4991 1807 5043 deest
1830 4989 1880 5041 2.

765 5065 950 5136 desunt
1090 5058 1174 5136 δεῖ,
1200 5061 1286 5121 4⁸,
1316 5060 1379 5136 δ’..
1442 5060 1881 5136 "lcognominat
1910 5058 1962 5110 2.

2223 4911 2291 4949 ³⁸⁸
2322 4911 2441 4971 eum
2476 4933 2611 4971 novo
2644 4918 2966 4983 imperatore
3015 4916 3105 4967 dat
3135 4914 3342 4983 populis
3366 4911 3484 4983 jura
3512 4928 3680 4967 novus
3704 4911 3833 4982 papa
3864 4911 3925 4964 46
3958 4915 4009 4970 b.

1987 4988 2055 5019 “9
2099 4986 2365 5057 vulgizsus
2410 4988 2458 5039 1.

2041 5057 2111 5087 ’⁷³
2134 5053 2395 5109 canonum
2428 5072 2588 5125 usque
2613 5062 2832 5124 agerent
2858 5056 3039 5106 desunt
3064 5053 3150 5125 4ο.

2561 4986 2631 5017 ’⁷ο
2670 5000 2915 5053 qumrens
2959 4984 3011 5036 2.
3048 4999 3237 5037 carens
3287 4984 3373 5035 4-.
3448 4985 3515 5014 ¹⁷¹
3541 4983 3593 5035 (1.
3620 4998 3670 5034 a.
3714 4984 3779 5034 de
3805 4996 3849 5034 s.
3876 4983 3929 5035 b.
3960 5000 4009 5036 r.

2563 5072 2588 5106 ε
2613 5062 2832 5106 agerent
2858 5056 3039 5106 desunt
3064 5053 3150 5105 Δια.
3228 5054 3294 5084 ³⁷⁸
3321 5052 3455 5106 iusta
3486 5053 3754 5106 inquiebat
3783 5067 3835 5106 υ.
3866 5052 3918 5105 b.
3954 5068 4006 5105 a.

3314 5067 3455 5120 justa
3486 5067 3754 5122 inquiebat
3783 5067 3835 5121 p.
3866 5067 3918 5105 υ.
3954 5068 4006 5105 a.

768 5135 931 5187 indue
988 5132 1073 5185 3ο.
1137 5122 1282 5199 justa
1329 5128 1414 5181 11).
1489 5130 1556 5160 ⁸⁷⁸
1598 5122 1745 5198 justa
1781 5128 2081 5198 petentibus
2130 5126 2183 5180 2.
2258 5127 2328 5157 ’⁷⁸
2379 5122 2790 5179 accommodare
2832 5125 2884 5177 in
2927 5124 3162 5193 margine
3216 5123 3412 5191 supplet
3460 5122 3512 5177 5.

2278 5218 2505 5272 NOTAE.

2278 5218 2320 5271 N
2374 5218 2505 5272 ΤΑΞ.

833 5316 942 5386 (48)
974 5316 1223 5371 Fortasse
1248 5332 1334 5369 an.
1367 5313 1489 5377 995,
1516 5328 1633 5367 cum
1665 5311 1770 5367 Leo
1786 5310 1992 5381 legatus
2019 5309 2071 5363 in
2099 5218 2403 5375 Galliamou
2436 5309 2633 5386 tellexit
2659 5309 2850 5363 Petrus
2877 5308 3027 5360 Dam.
3056 5322 3110 5386 .c.
3146 5308 3232 5364 27,
3275 5315 3433 5375 atque
3460 5307 3524 5360 de
3549 5306 3795 5360 Brunone
3829 5308 4011 5361 archi-

759 5388 1214 5462 proficisceretur.
1280 5457 1291 5462 -

2435 5382 2768 5462 episcopo'et
2797 5386 3030 5462 martyre
3056 5377 3436 5462 interpretatus
3464 5386 3606 5462 est.“

3612 5445 3677 5462 ΛΔ
3764 5445 3776 5462 I
3840 5442 3929 5462 ΠΙ
