4494 5520
375 417 469 471 881

1884 403 2062 457 VITA.

3505 384 3608 439 889Ι

373 535 608 597 praebere
654 529 742 590 '",
790 525 952 578 libera
1003 534 1178 580 mente
1217 525 1489 595 postulans
1526 533 1658 579 erat.
1702 524 1932 576 Rursum
1965 523 2009 581 Α
2038 536 2155 574 cum
2183 525 2490 587 carpseraut
2515 527 2776 574 somnum,
2806 509 3152 564 calciamenta
3179 518 3362 558 eorum
3387 514 3602 569 compo-

375 635 439 672 ex
466 619 656 671 itinere
683 632 788 686 quo
816 630 1000 670 versus
1025 626 1106 669 est
1132 616 1194 667 ad
1221 616 1468 684 patriam,
1501 613 1766 668 continuis
1796 612 1936 664 litte-

377 710 452 762 ris
479 709 578 762 hoc
607 708 742 761 idem
769 707 1024 760 reiterare
1058 720 1160 758 non
1190 713 1391 768 cessat;
1426 719 1523 756 nec
1547 703 1745 756 dimisit
1772 701 1937 769 prius,

378 797 546 850 donec
581 797 844 865 pollicitus
890 803 970 849 est
1014 797 1240 848 domnus
1289 792 1630 862 apostolicus,
1679 791 1940 844 facturum

378 902 438 940 se
478 901 594 940 esse
629 900 745 954 quae
787 885 960 938 vellet.
1011 884 1274 938 Tristatus
1309 893 1390 937 est
1429 891 1605 936 autem
1642 882 1799 934 homo
1829 880 1939 942 Dei,

377 977 501 1045 quia
561 976 858 1042 relinquere
917 973 1122 1043 cogitur
1171 973 1571 1026 monasterium.
1632 968 1946 1022 Praescierat

380 1069 546 1131 enim,
573 1067 694 1136 quia
723 1065 992 1135 populum,
1035 1066 1118 1117 cui
1163 1064 1232 1094 ’⁷⁸
1273 1061 1594 1131 pastoralem
1625 1074 1808 1113 curam
1851 1058 1945 1111 de-

380 1158 514 1221 buit,
539 1172 568 1210 a
602 1159 684 1210 via
707 1171 800 1210 sua
830 1156 967 1209 mala
997 1170 1153 1209 nemo
1182 1153 1396 1208 flectere
1437 1151 1658 1221 quisset.
1704 1149 1810 1204 Sed
1857 1148 1948 1202 tri—

383 1257 517 1302 stem
540 1246 652 1315 ejus
690 1247 923 1300 animum
956 1246 1056 1300 hoc
1085 1245 1234 1299 valde
1257 1244 1479 1307 solatur,
1507 1243 1629 1312 quia
1656 1242 1699 1296 si
1730 1242 1781 1295 in
1805 1255 1948 1295 com-

385 1337 563 1392 missis
600 1337 698 1390 sibi
724 1336 1000 1390 animabus
1038 1335 1226 1402 dignos
1250 1335 1455 1389 fructus
1482 1348 1639 1403 agere
1661 1332 1947 1400 nequisset,

383 1426 656 1479 extraneis
704 1425 772 1456 ’7’
816 1434 868 1478 et
922 1439 1024 1478 non
1072 1425 1353 1492 baptizatis
1399 1423 1712 1492 praedicator
1759 1424 1952 1477 missus

384 1512 580 1566 fuerat.
621 1513 761 1582 Ergo
792 1512 971 1565 multis
1001 1512 1236 1566 lacrimis
1273 1511 1496 1565 fratrum
1538 1512 1606 1542 '”
1643 1510 1796 1565 dulce
1843 1527 1954 1565 mo-

387 1604 674 1658 nasterium
715 1603 979 1672 linquens,
1028 1620 1145 1657 cum
1194 1619 1412 1658 summa:
1459 1603 1804 1658 discrecionis
1842 1605 1955 1658 viro

389 1692 642 1748 Notherio
677 1694 925 1763 episcotio
961 1694 1074 1763 (53)
1112 1695 1249 1748 ultra
1288 1695 1445 1764 Alpes
1482 1695 1858 1764 proﬁciscitur.

456 1784 544 1836 25.
597 1783 834 1852 Cumque
879 1784 1019 1837 velut
1069 1785 1292 1839 dunrum
1333 1802 1498 1856 prope
1547 1789 1806 1842 mensium
1860 1792 1958 1842 iter

2040 623 2167 662 nere
2197 622 2324 662 cura
2349 607 2415 640 ’³ο
2441 603 2564 667 fuit;
2608 601 2674 654 ab
2714 599 2944 669 jauitorc
2990 610 3154 663 usque
3200 594 3266 646 ad
3314 589 3606 660 principem

2041 699 2198 768 regiae
2224 701 2412 751 domus
2436 694 2669 749 omnium
2695 691 2892 758 caligas
2916 701 3051 756 aqua
3075 684 3261 745 abluit,
3284 690 3336 736 et
3356 689 3606 751 purgatos

2042 789 2287 843 sordibus
2317 787 2382 816 ²⁹⁷
2413 800 2504 840 eos
2531 797 2626 836 suo
2652 781 2769 836 loco
2797 778 3045 832 restituit.
3087 775 3167 828 Ad
3213 775 3352 826 hunc
3396 771 3610 824 modum

2045 878 2269 946 plurima
2311 875 2533 928 servicia
2580 872 2688 942 egit
2736 871 2786 924 in
2836 882 3082 928 camera;
3145 871 3345 933 quanto
3391 876 3615 932 qumque

2045 967 2302 1021 vilissima
2344 973 2517 1024 erant,
2560 971 2709 1014 tanto
2739 959 2990 1014 libentius
3012 971 3071 1010 ea
3105 971 3200 1023 pro
3228 951 3523 1006 humilitate
3546 950 3614 980 ’⁸³⁸

2049 1059 2334 1112 ministrat.
2375 1055 2478 1111 Sed
2508 1052 2812 1109 serviminis
2856 1060 3044 1104 auctor
3074 1048 3160 1101 diu
3208 1044 3503 1112 incognitus
3544 1043 3617 1095 Ia-

2051 1152 2170 1214 luit,
2195 1149 2360 1202 donec
2387 1147 2600 1215 quidam
2628 1142 2972 1212 Wolpharius
3004 1140 3093 1204 "’,
3132 1135 3420 1205 imperialis
3459 1134 3615 1187 mini-

2050 1251 2162 1294 s'.er
2185 1249 2238 1293 et
2259 1238 2326 1269 ³⁸⁸
2349 1235 2448 1291 sibi
2471 1235 2692 1289 dilectus
2719 1230 3095 1291 cubicularius,
3126 1234 3365 1282 sanctum
3389 1223 3623 1292 prouidit

2053 1333 2242 1387 furem.

2120 1423 2209 1478 ει.
2257 1421 2392 1474 Vidit
2429 1434 2638 1490 quoque
2686 1418 2754 1471 ibi
2797 1414 3061 1470 somnium
3112 1419 3265 1465 nocte
3315 1424 3441 1472 una,
3482 1405 3621 1475 quol

2054 1513 2354 1583 hujusmodi
2393 1519 2527 1564 erat.
2570 1509 2797 1562 Putabat
2845 1519 2901 1560 se
2946 1503 3128 1556 fratris
3178 1500 3256 1554 sui
3301 1507 3503 1552 curtem
3559 1495 3620 1525 ³⁶¹

2057 1604 2224 1665 adire,
2253 1611 2304 1654 et
2338 1600 2508 1653 Inedia
2537 1607 2685 1652 curte
2715 1606 2854 1650 stare
2882 1593 3120 1653 domum,
3170 1591 3320 1658 cujus
3359 1594 3625 1640 structura

2060 1702 2275 1759 aspectu
2324 1699 2439 1744 erat
2484 1687 2845 1750 delectabilis,
2901 1685 3134 1754 parietes
3187 1691 3241 1734 et
3295 1689 3430 1732 tecta
3490 1679 3626 1730 nivci

2063 1781 2336 1844 candoris;
2370 1780 2511 1833 intus
2546 1779 2649 1832 duo
2679 1777 2822 1840 lecti,
2849 1789 2985 1828 unus
3010 1774 3125 1831 sibi,
3157 1773 3289 1824 alter
3337 1769 3488 1821 fratri
3534 1783 3631 1820 suo

388 1881 626 1941 agerent,
677 1882 935 1927 venerunt
985 1873 1313 1942 Magunciam
1367 1876 1584 1946 (Sept.),
1641 1877 1728 1930 ubi
1766 1879 1829 1909 ³⁸³
1871 1894 1954 1932 re-
1988 1863 2031 1920 Β
2060 1871 2344 1940 deputatus
2370 1879 2482 1922 erat
2512 1886 2522 1919 :
2551 1880 2773 1935 uterque
2811 1865 3034 1927 scilicet,
3076 1872 3131 1916 ut
3174 1861 3368 1922 decuit,
3403 1857 3628 1911 multum

389 1977 604 2029 gressus
663 1962 729 2015 ab
786 1961 982 2016 Italicis
1046 1965 1189 2019 horis
1253 1965 1542 2034 imperator
1598 1977 1958 2034 commoratus

390 2058 490 2102 est.
557 2051 686 2103 Cum
743 2067 848 2118 quo
904 2053 982 2105 vir
1037 2053 1127 2107 Dei
1188 2057 1382 2109 mansit
1438 2058 1633 2111 bonum
1704 2027 1908 2130 tempth
1943 2102 1958 2126 ,

391 2141 514 2208 quia
555 2139 703 2194 valde
732 2141 799 2172 ’⁸⁸
830 2140 1278 2198 familiarissimus
1308 2147 1407 2199 sibi
1450 2148 1518 2178 ’⁸³
1563 2157 1681 2202 erat
1724 2159 1778 2202 et
1808 2161 1960 2204 nocte

391 2231 594 2298 pariter
636 2245 698 2284 ac
733 2231 817 2284 die
853 2232 994 2284 velut
1037 2234 1376 2289 dulcissimus
1411 2236 1480 2276 ’⁸⁵
1508 2237 1867 2294 cubicularius
1893 2241 1961 2272 ’⁸⁵

393 2322 659 2390 imperiali
710 2323 778 2354 ’⁸⁸
826 2338 1049 2377 camera:
1096 2326 1162 2356 ⁸⁸⁷
1213 2325 1438 2382 adhzesit
1482 2329 1568 2382 ⁸³⁸.
1624 2329 1733 2384 Hoc
1784 2343 1962 2386 autem

395 2425 501 2465 non
550 2411 627 2463 sic
658 2451 670 2474 ,
721 2411 865 2464 velut
919 2414 1097 2468 saeculi
1154 2415 1333 2483 aliquo
1385 2433 1566 2472 amore
1613 2420 1680 2450 ’⁸⁸
1733 2433 1959 2490 captus,

395 2503 489 2555 sed
539 2502 661 2569 quia
706 2504 889 2556 dilexit
928 2505 1120 2573 ipsum,
1165 2517 1217 2559 et
1254 2508 1494 2563 dulcibus
1529 2511 1686 2566 dictis
1720 2514 1784 2566 ad
1819 2529 1965 2566 amo-

398 2606 510 2644 rem
569 2592 802 2646 etelestis
858 2597 1043 2662 patriae
1105 2598 1396 2653 accendere
1450 2601 1632 2654 voluit.
1699 2603 1830 2656 Nam
1881 2604 1965 2658 die

396 2681 508 2735 sive
554 2691 729 2746 nocte,
780 2698 900 2736 cum
949 2684 1098 2737 turba
1148 2686 1320 2740 locum
1371 2690 1534 2754 dedit,
1587 2694 1789 2746 sanctis
1835 2693 1964 2746 allo-

397 2773 538 2839 quiis
607 2774 914 2842 aggreditur
970 2774 1116 2828 illum
1151 2818 1164 2839 ,
1216 2779 1414 2834 docens
1483 2796 1548 2834 ne
1597 2783 1664 2812 ’νδ
1717 2799 1963 2853 magnum

397 2870 608 2929 putaret
663 2863 768 2926 “‘,
821 2878 878 2917 se
925 2863 1298 2934 imperatorem
1350 2884 1507 2932 esse;
1566 2873 1864 2940 cogitaret,
1911 2889 1970 2928 se

398 2952 669 3006 hominem
722 2956 1038 3010 moriturum
1079 3000 1092 3024 ,
1147 2963 1382 3016 cinerem
1432 2979 1499 3016 ex
1551 2965 1912 3033 pulcherrimo
1951 3009 1965 3032 ,

397 3046 730 3111 putredinem
772 3057 824 3100 et
874 3053 1134 3105 vermium
1183 3068 1362 3108 escam
1410 3071 1530 3111 esse
1577 3057 1845 3123 futurum;
1896 3062 1972 3115 vi-

340 3136 352 3148 '
399 3132 518 3187 duis
572 3150 628 3190 se
679 3138 933 3193 exhibere
987 3143 1054 3173 ²⁹¹
1096 3145 1379 3210 maritum,
1426 3148 1746 3215 pauperibus
1780 3159 1833 3203 et
1870 3165 1970 3218 pu-

400 3223 540 3291 pillis
580 3237 879 3282 monstrare
919 3245 975 3284 se
1016 3243 1252 3301 patrem;
1289 3238 1472 3292 timere
1502 3240 1664 3293 Deum
1697 3248 1751 3292 ut
1771 3239 1971 3307 justum

402 3326 466 3366 ac
505 3315 800 3371 districtum
823 3317 1079 3388 judicem,
1110 3339 1290 3380 amare
1315 3339 1370 3382 ut
1399 3330 1541 3397 pium
1567 3331 1733 3384 veniae
1761 3332 1973 3402 largito-

405 3420 515 3459 rem
544 3422 605 3462 ac
636 3409 1012 3468 misericordiae
1034 3414 1230 3470 fontem
1252 3435 1265 3482 ;
1289 3419 1510 3476 sollicite
1539 3437 1786 3492 pensare,
1814 3439 1971 3492 quam

405 3508 626 3565 angusta
656 3501 737 3552 via
766 3516 881 3570 qua:
908 3503 1051 3558 ducit
1081 3507 1147 3559 ad
1178 3508 1338 3562 vitam
1364 3550 1378 3574 ,
1422 3520 1474 3564 et
1504 3527 1662 3580 quam
1702 3513 1972 3581 perpauci.

406 3585 496 3653 qui
528 3585 727 3640 intrant
749 3605 844 3657 per
866 3607 1013 3656 eam;
1053 3595 1187 3650 bene
1210 3600 1488 3666 agentibus
1511 3611 1651 3655 esset
1685 3619 1776 3671 per
1798 3604 1973 3656 humi-

407 3672 610 3727 litatem
643 3678 839 3740 socius,
863 3690 1047 3732 contra
1083 3683 1499 3752 delinquentium
1523 3689 1657 3742 vicia
1689 3704 1782 3757 per
1804 3692 1976 3744 zelum

403 3764 624 3832 iustitia:
667 3778 876 3822 erectus
919 3771 1006 3822 ’9'.
1047 3772 1128 3827 Ad
1166 3774 1306 3829 hunc
1335 3778 1548 3832 modum
1580 3779 1729 3848 plura
1756 3781 1824 3811 ’9’
1853 3783 1976 3835 sub-

408 3866 650 3924 nectens,
691 3871 870 3915 monet
909 3877 1090 3917 carum
1137 3866 1322 3931 filium,
1363 3871 1640 3936 praesentis
1677 3872 1800 3925 vita:
1841 3872 1978 3924 bona

409 3946 704 4016 despicere,
740 3953 1052 4008 aeternitatis
1091 3955 1403 4009 electionem
1449 3959 1775 4021 desiderare,
1833 3976 1980 4014 man~

411 4051 534 4089 sura
563 4052 823 4105 qumrere,
857 4042 908 4092 in
940 4042 1097 4095 rebus
1142 4046 1522 4112 temporalibus
1564 4058 1616 4100 et
1656 4048 1981 4104 trausitoriis

411 4124 661 4179 fiduciam
711 4144 816 4181 non
859 4129 1070 4184 habere.
1123 4130 1357 4197 Cunctis,
1410 4137 1498 4203 qui
1540 4137 1592 4188 in
1636 4138 1780 4207 regia
1828 4139 1984 4193 domo

412 4227 586 4282 erant,
618 4221 928 4276 servitutem
951 4224 1018 4253 m
1042 4224 1299 4292 serviens,
1334 4227 1476 4280 velut
1515 4243 1699 4284 servus
1723 4231 1981 4295 omnium,

415 4308 493 4361 sic
515 4324 695 4362 eorum
717 4311 972 4365 vilissima
997 4329 1220 4383 quaeque
1253 4317 1495 4370 manibus
1519 4326 1732 4384 tractat,
1760 4329 1813 4373 et
1839 4323 1982 4375 omni

2064 1961 2283 2014 honoris
2313 1973 2531 2027 gerens;
2565 1955 2656 2009 sed
2695 1954 2922 2008 lectulus
2969 1967 3095 2007 suus
3144 1964 3356 2004 omnem
3410 1947 3630 2016 gloriam

2063 2053 2282 2106 alterius
2312 2051 2466 2119 longe
2498 2047 2822 2119 prmcellens,
2854 2055 2997 2100 totus
3036 2056 3305 2114 purpureo
3355 2041 3635 2109 splendore

2061 2155 2114 2198 et
2145 2144 2331 2198 sericis
2368 2147 2698 2196 ornamentis
2738 2139 2980 2198 amictus,
3023 2135 3087 2188 ad
3127 2141 3283 2202 caput
3322 2147 3449 2186 vero
3487 2131 3633 2184 aurei

2063 2234 2307 2287 staminis
2361 2231 2563 2285 linthco
2612 2227 2969 2297 pulcherrime
3030 2225 3311 2279 redimitus
3364 2223 3449 2272 ³⁰¹.
3510 2222 3639 2274 διινο

2063 2339 2180 2376 sum
2221 2337 2344 2376 vero
2384 2323 2435 2373 in
2475 2321 2645 2387 capite
2684 2327 2800 2372 erat
2829 2317 3005 2370 aureis
3037 2315 3226 2368 litteris
3250 2314 3508 2380 scriptum
3536 2311 3633 2363 ³⁰³;

2249 2413 2421 2461 Munus
2443 2412 2532 2458 hoc
2556 2416 2829 2458 auctentum
2853 2408 2920 2440 ⁸⁸⁸
2945 2407 3038 2455 lilia
3062 2418 3234 2467 sponsa
3253 2407 3335 2454 tibi
3363 2407 3448 2450 ⁸⁸⁵.

2065 2510 2225 2579 Cujus
2256 2509 2474 2562 visionis
2507 2509 2748 2560 ordinem
2776 2521 2896 2560 cum
2938 2504 3202 2572 aliquibus
3245 2501 3514 2556 narrando
3549 2515 3642 2555 ex-

2067 2609 2285 2670 poneret
2319 2618 2328 2650 :
2364 2596 2510 2662 Vide,
2541 2597 2782 2664 inquiunt
2811 2596 2902 2658 illi,
2931 2597 3051 2663 quia
3083 2592 3287 2645 Christo
3319 2592 3530 2642 domino
3558 2606 3639 2642 se-

2068 2691 2323 2743 cundante
2352 2689 2419 2719 ³⁰⁶
2449 2698 2646 2756 martyr
2667 2690 2764 2740 eris
2795 2688 3024 2756 futurus.
3065 2683 3215 2752 Regis
3244 2683 3378 2750 ﬁlia,
3406 2699 3520 2751 qum
3548 2683 3640 2733 dat

2069 2782 2159 2832 tibi
2191 2781 2327 2848 regia
2354 2780 2512 2841 dona,
2541 2779 2635 2830 hoc
2666 2777 2730 2808 ³⁸⁷
2765 2787 2835 2830 est
2862 2776 3070 2828 domina
3113 2774 3244 2836 cmli,
3291 2771 3645 2825 sacratissima

2070 2873 2208 2940 virgo
2253 2870 2444 2922 Maria.
2505 2868 2615 2922 lloc
2661 2868 2882 2922 audiens
2914 2866 3013 2926 ille,
3048 2865 3220 2918 factus
3251 2871 3333 2917 est
3372 2862 3645 2914 lmtiSsimo

2072 2962 2279 3025 animo;
2309 2969 2362 3014 et
2392 2961 2664 3028 ingressus
2709 2957 3010 3012 cubiculum
3060 2957 3261 3019 cordis,
3296 2954 3405 3024 egit
3450 2953 3649 3023 gratias

2074 3062 2262 3107 sancto
2307 3061 2613 3105 sanctorum
2675 3050 2983 3119 angelorum
3033 3047 3249 3100 domino
3304 3055 3357 3096 ct
3408 3043 3652 3111 omnipo-

2077 3142 2207 3196 tenti
2264 3141 2331 3172 ³⁰⁸
2377 3140 2606 3194 Christo.
2669 3137 2801 3190 llinc
2855 3147 3078 3190 matrem
3135 3135 3424 3205 gratiarum
3467 3173 3480 3195 ,
3534 3146 3651 3199 qua:

2077 3233 2217 3302 regis
2267 3231 2404 3285 solio
2460 3231 2700 3299 proxima
2753 3228 2898 3283 sedet
2947 3227 3014 3258 ³⁸³
3045 3267 3057 3288 ,
3117 3241 3282 3294 prona
3342 3224 3552 3279 cervice
3600 3231 3654 3275 et

2076 3325 2269 3394 gavisa:
2310 3323 2500 3377 mentis
2529 3321 2698 3390 jubilo
2738 3321 2924 3374 adorat
2955 3339 2965 3373 :
2996 3319 3179 3373 Gloria
3219 3318 3332 3378 tibi,
3385 3315 3648 3383 inquiens,

2076 3418 2217 3484 virgo
2264 3414 2332 3445 ⁸¹⁰
2367 3455 2379 3476 ν
2431 3415 2590 3465 maris
2643 3411 2791 3465 stella
2825 3452 2838 3474 ,
2891 3426 3004 3478 qua:
3061 3426 3140 3462 me
3191 3417 3244 3460 ut
3299 3408 3384 3474 pia
3442 3404 3653 3458 domina

2077 3505 2420 3559 humillimum
2461 3520 2659 3557 servum
2708 3515 2852 3556 tuum
2908 3503 3154 3569 respicere
3204 3500 3416 3567 dignata
3468 3512 3541 3548 es.

2150 3597 2237 3652 25.
2282 3596 2390 3649 liae
2423 3599 2533 3664 ipsa
2568 3603 2879 3662 tempestate
2906 3592 3034 3646 adiit
3065 3590 3354 3643 Turoniam
3383 3587 3472 3650 ’“,
3505 3600 3651 3654 qua:-

2081 3701 2205 3741 rens
2256 3685 2453 3739 auxilio
2517 3695 2759 3738 sanctum
2813 3696 2994 3737 senem
3053 3681 3354 3734 Martiuum.
3424 3676 3530 3731 Nec
3586 3677 3654 3707 ³¹¹

2082 3777 2339 3847 praeteriit
2387 3775 2690 3830 Floriacum
2723 3814 2735 3837 ,
2782 3775 2870 3843 qui
2927 3773 2994 3803 ³¹³
3051 3771 3413 3825 beatissimum
3461 3783 3655 3837 corpus

2082 3867 2406 3923 confessoris
2449 3868 2622 3921 nostri
2672 3867 2740 3899 ³¹δ
2784 3874 2837 3920 et
2884 3865 3052 3935 patris
3094 3862 3362 3916 Benedicti
3405 3876 3500 3915 suo
3539 3876 3660 3930 gre-

2085 3964 2192 4016 mio
2251 3961 2319 3992 ³¹⁸
2377 3960 2643 4015 collocare
2707 3960 2948 4022 meruit;
3009 3958 3094 4011 ubi
3148 3957 3306 4009 etiam
3339 3996 3352 4017 ,
3401 3955 3519 4023 quis
3574 3952 3660 4006 ille

2085 4055 2154 4108 sit
2186 4053 2411 4108 Domino
2435 4051 2502 4081 ³³⁸
2531 4051 2659 4120 (54),
2689 4064 2948 4103 caecorum
2975 4049 3138 4110 visus,
3169 4046 3475 4101 claudorum
3506 4057 3657 4114 gres-

2086 4159 2198 4207 sus,
2225 4142 2506 4196 surdorum
2537 4139 2748 4192 auditus
2772 4138 2835 4168 ³¹⁷
2862 4146 2915 4190 et
2945 4135 3241 4190 cmlestium
3279 4133 3655 4187 miraculorum

2086 4234 2250 4288 multa
2296 4231 2440 4285 milia
2490 4237 2874 4298 protestantur.
2923 4224 3121 4280 Horum
3172 4226 3394 4278 duorum
3437 4221 3660 4276 karissi-

2086 4338 2292 4378 morum
2339 4331 2550 4391 patrum
2598 4319 2766 4372 sacris
2817 4316 3334 4373 confabulationibus
3355 4316 3625 4382 mpastus
3647 4353 3660 4375 ,

417 4399 718 4455 humilitate
764 4417 945 4458 eorum
978 4406 1202 4460 servicia
1251 4407 1400 4462 facit.
1471 4407 1722 4465 Noctibus
1766 4427 1978 4481 quoque
2013 4409 2057 4467 D
2083 4414 2203 4467 ιωιο
2230 4413 2409 4466 animo
2440 4409 2736 4480 regreditur
2765 4407 2830 4462 ad
2861 4408 3133 4477 imperiale
3160 4405 3503 4460 domicilium.
3529 4403 3661 4456 lude

1717 4526 1948 4580 VARI/IS
1991 4523 2390 4582 LECTIONES.

488 4610 559 4642 m
578 4612 756 4680 pmbe
787 4614 871 4668 5c,
890 4616 958 4646 ’τε
982 4616 1070 4683 qui
1094 4617 1145 4668 2.
1219 4617 1286 4646 ’⁷³
1312 4625 1364 4669 et
1392 4630 1440 4669 e.
1471 4625 1524 4668 et
1550 4617 1598 4669 1.

417 4751 505 4803 4b.
583 4751 651 4782 η’
681 4753 817 4808 deest
847 4756 896 4807 1.
925 4757 1008 4809 5⁸.
1041 4755 1125 4807 4b.
1162 4751 1385 4808 multum
1419 4754 1501 4807 4³.

419 4819 668 4874 cissimus
691 4821 774 4876 ὅτ.
801 4839 851 4875 v.
886 4824 938 4877 d.
968 4825 1152 4878 desunt
1182 4823 1270 4877 41).

420 4890 560 4942 curti
597 4891 682 4944 vel
721 4908 949 4947 camerae
979 4894 1065 4950 5ο.

419 4958 529 5009 dito
567 4959 672 5012 alia
707 4978 866 5015 manu
896 4964 940 5017 si
973 4965 1022 5016 1.

1340 4824 1407 4854 ’⁸⁵
1439 4823 1685 4880 cubiculo
1715 4824 1765 4875 1.

1113 4964 1180 4995 ²⁹²
1207 4963 1503 5017 exhiberet.
1536 5003 1549 5016 .
1584 5003 1597 5015 .

421 5027 489 5057 ἠ
519 5031 776 5085 servitute
801 5031 854 5083 2.
887 5033 947 5086 3°
979 5033 1064 5086 4ο.
1093 5035 1228 5088 deest
1259 5032 1324 5085 ιδ
1354 5047 1398 5085 s.
1429 5048 1472 5087 s.
1508 5033 1692 5086 desunt
1731 5033 1816 5085 5³.

451 4616 558 4691 ,ιττ
578 4616 756 4691 ψωὺεξ
787 4616 1070 4691 5c._m__qui
1094 4617 1145 4691 ε,
1219 4617 1286 4646 ’τ’
1312 4625 1364 4669 et
1392 4630 1440 4669 e.
1471 4625 1524 4668 et
1550 4617 1598 4669 ι.
1669 4616 1737 4646 ’⁸ο
1765 4617 1903 4670 deest
1927 4619 2009 4671 δα.

418 4681 556 4734 riam
585 4683 836 4738 deserens
874 4680 1078 4738 Italiam
1127 4687 1418 4753 imperator
1457 4694 1819 4740 commoratus
1847 4696 1929 4740 est
1959 4687 2176 4757 alpium.
2249 4680 2444 4737 mansit
2489 4680 2548 4733 ια
2598 4682 2636 4747 (.
2669 4721 2680 4733 .
2711 4720 2722 4732 .

418 4751 505 4803 4b.
583 4751 651 4782 ’θ’
681 4753 817 4807 deest
847 4756 896 4807 1.
925 4757 1008 4807 5a.
1041 4755 1125 4807 μ.
1162 4755 1385 4807 multum
1419 4754 1501 4807 4a.
1603 4754 1672 4784 ’⁸³
1694 4770 1738 4806 s.
1768 4769 1815 4807 e.
1845 4770 1896 4807 e.
1926 4773 1980 4807 n.
2015 4772 2066 4807 υ.
2095 4770 2158 4807 ac
2181 4753 2234 4807 d.
2261 4767 2312 4804 v.
2343 4752 2393 4804 d.
2423 4751 2603 4803 desunt
2634 4750 2681 4802 1.

1694 4770 1738 4806 S.
1768 4769 1815 4808 e.
1845 4770 1896 4808 6.
1926 4773 1980 4808 n.
2015 4772 2066 4808 ι).
2095 4770 2158 4808 ac
2181 4766 2234 4807 α.
2261 4767 2312 4804 ν.
2343 4766 2393 4804 α.
2423 4766 2603 4803 uesunt
2634 4766 2681 4802 ‘I.

1768 4769 1815 4808 e.
1845 4770 1896 4808 e.
1926 4773 1980 4810 n.
2015 4772 2066 4825 p.
2095 4770 2158 4808 ac
2181 4769 2234 4807 α.
2261 4769 2312 4804 v.
2343 4769 2393 4804 α.
2423 4769 2603 4803 uesum
2634 4769 2681 4802 ι.

1840 4825 1908 4855 ³⁸⁸
1940 4825 2184 4889 imperali
2215 4837 2351 4875 corr.
2383 4819 2675 4889 imperialis
2703 4821 2753 4873 1.

1144 4893 1212 4925 ³⁸⁸
1246 4910 1361 4960 qua:
1386 4905 1671 4963 sequuntur
1700 4909 1860 4961 usque
1884 4909 1988 4948 non
2012 4888 2210 4950 habere
2238 4892 2421 4945 desunt
2452 4888 2580 4963 4‘._
2610 4888 2678 4920 ¹⁸⁹
2710 4902 2857 4963 more

1653 4971 1889 5017 monstra
1899 4973 2000 5017 ret.
2031 5004 2043 5017 .
2079 5004 2092 5018 .

1893 5033 1962 5064 ’³⁸
1995 5048 2179 5088 carum
2209 5032 2259 5084 1.

2089 4614 2156 4646 ¹⁸¹
2188 4614 2276 4669 ubi
2300 4621 2515 4681 propter
2542 4610 2854 4680 pestiferum
2879 4618 3049 4681 cstum
3073 4608 3170 4661 sibi
3195 4608 3410 4674 suisque
3437 4615 3658 4681 cotitra.

2777 4679 3104 4732 contrarium
3131 4716 3144 4728 .
3177 4715 3188 4728 .
3217 4716 3228 4728 .
3283 4685 3382 4729 est.
3449 4674 3662 4742 Mansit)

2783 4748 2852 4779 ‘“
2887 4747 3258 4801 sanctissimus
3286 4748 3370 4798 3a.
3406 4745 3488 4797 ια.
3520 4744 3658 4797 θηιίιι

2841 4818 2908 4848 ’⁸⁷
2941 4831 3156 4871 camare
3189 4831 3325 4868 corr.
3357 4827 3570 4867 caluere
3603 4815 3652 4867 1.

3005 4886 3073 4916 ¹⁹⁰
3095 4886 3231 4940 deest
3267 4886 3316 4938 1.
3389 4884 3455 4913 ¹⁹¹
3484 4899 3537 4951 p.
3569 4884 3664 4936 ad-

2745 4958 2814 4989 m
2862 4957 3065 5010 electus
3099 4956 3150 5008 1.
3258 4956 3327 4986 ’³⁵
3358 4953 3584 5022 plurima
3606 4952 3662 5006 2.

2725 5029 2793 5059 ⁸⁸⁸
2828 5028 2881 5081 h.
2914 5035 3094 5081 servat
3119 5036 3174 5079 et
3198 5042 3268 5077 rn.
3297 5023 3353 5076 2.
3448 5024 3516 5053 m
3547 5023 3664 5076 vol-

2151 4963 2385 5021 timeret,
2409 4969 2517 5013 etc.
2551 4958 2636 5012 5ο.

2336 5030 2403 5060 ¹⁹⁷
2433 5030 2571 5083 deest
2598 5030 2647 5082 1.

420 5097 724 5173 phariusl.
766 5102 1081 5173 woltharius
1103 5103 1280 5173 regius
1301 5101 1425 5173 i359
1458 5102 1734 5173 cujusdam
1772 5101 1982 5173 volfarii
2012 5100 2148 5157 bone
2181 5099 2374 5173 indolis
2399 5099 2596 5153 nobilis
2617 5098 2816 5152 alumni
2849 5096 3016 5173 dictio
3041 5094 3124 5147 «1ο.
3151 5111 3285 5173 _c._u.
3313 5095 3370 5173 Ib.
3411 5094 3444 5144 i.
3475 5092 3664 5172 relatio

421 5166 511 5218 ιι».
590 5167 659 5200 ³⁸⁸
696 5179 822 5225 ets.
855 5171 908 5225 d.
933 5187 982 5225 c.
1015 5166 1197 5227 desun't
1219 5171 1270 5224 2.

422 5252 584 5308 usque
608 5239 822 5308 dignata
854 5256 910 5295 es
937 5241 1120 5296 desunt
1145 5243 1231 5296 4⁸.

1346 5171 1412 5201 ³⁰¹
1439 5187 1650 5226 currem
1683 5170 1736 5224 2.

1832 5172 1899 5202 ³⁰¹
1923 5182 1977 5226 et
2006 5171 2232 5236 capitale
2262 5183 2426 5224 aureo
2457 5183 2637 5236 panno
2668 5179 2865 5224 tectum
2891 5168 2977 5228 4ο,
3004 5167 3052 5217 b.

1304 5241 1372 5271 '°*
1398 5241 1471 5293 ita
1509 5242 1559 5294 1.
1592 5242 1760 5309 glossa
1793 5258 1954 5295 manu
1982 5238 2159 5294 eadem
2188 5256 2204 5293 :
2239 5238 2556 5309 aucloriale,
2593 5241 2873 5309 optimum.

421 5305 486 5358 3°
514 5306 584 5358 M.
610 5305 742 5361 hfa.
768 5311 931 5362 donat
960 5312 1053 5364 tibi
1079 5326 1268 5373 sponsa
1300 5310 1404 5362 ﬁlia
1439 5315 1578 5373 regis
1592 5305 1652 5364 Ξ.
1683 5311 1749 5364 Μ.
1779 5311 1835 5364 h.
1866 5314 2030 5367 donat
2066 5310 2159 5363 tibi
2194 5310 2299 5364 lilia
2340 5309 2485 5373 regis
2510 5306 2596 5360 4b.

3150 5165 3219 5195 ³⁰³
3251 5164 3449 5230 rel’qua
3485 5163 3668 5230 capitis

2950 5237 3018 5268 ³⁰⁸
3047 5244 3331 5302 sponsautr
3376 5232 3460 5284 5°.
3508 5232 3672 5302 donat

2694 5309 2761 5341 ⁸⁸⁸
2793 5307 2893 5360 lec.
2941 5307 2996 5360 2.
3075 5299 3164 5335 ’³οτ
3222 5305 3335 5357 haec
3373 5301 3460 5354 5η.
3496 5299 3678 5373 μ’.
