4494 5520
354 346 457 401 885

1915 344 2094 398 Vl'l'A.

3513 348 3615 403 886

354 461 454 514 bus
485 468 538 513 et
594 468 866 514 vectorum
915 460 1134 515 domino
1172 476 1356 531 agetis,
1410 464 1667 517 remansit
1706 463 1776 517 ibi
1808 480 1929 517 cum
1963 470 2005 525 Α
2040 467 2089 518 in
2121 466 2186 497 ³⁸⁸
2218 468 2517 522 naviculam
2544 467 2954 536 inponebanlur,
2981 476 3033 521 et
3062 476 3203 519 retro
3228 467 3371 520 ducti
3406 482 3615 520 manse-

355 550 583 619 gemiuis
630 548 928 615 fratribus;
977 566 1207 620 quorum
1242 552 1380 607 alter
1438 556 1718 623 presbyter
1768 552 1937 606 Bene-

354 643 551 704 dictus,
581 642 718 697 alter
763 643 994 698 dilectus
1033 654 1086 699 et
1114 659 1143 698 a
1182 659 1348 715 puero
1400 648 1500 701 sibi
1553 663 1731 701 comes
1772 647 1938 701 frater

353 734 690 790 Gaudentius
723 746 859 790 erat.
896 734 1047 792 Tunc
1070 752 1261 807 magna
1294 737 1487 792 fiducia
1507 739 1775 793 Christum
1804 756 1934 810 pra:-

354 825 614 889 dicantes,
664 828 866 880 intrant
912 828 979 857 ³⁶³
1030 842 1250 896 parvam
1303 830 1548 890 insulani,
1606 847 1723 901 qua:
1776 848 1938 885 curvo

354 929 513 967 amne
577 914 687 984 (58)
744 916 1129 981 circumvecta,
1187 917 1415 971 formant
1454 920 1634 973 circuli
1683 921 1936 974 adeunti-

354 1006 838 1061 busmmonstrat.
861 1007 1143 1062 Venientes
1167 1023 1292 1062 vero
1317 1009 1418 1063 loci
1442 1024 1936 1078 possessores,cuni

352 1108 547 1177 pugnis
579 1108 901 1178 expulerunt
946 1122 1039 1161 eos
1086 1107 1174 1159 ³⁸⁷.
1234 1109 1299 1161 Et
1332 1109 1573 1176 quidam,
1624 1117 1838 1178 arrepto
1868 1107 1937 1137 ⁸⁸⁸

354 1197 615 1251 navicula:
644 1213 814 1261 remo,
847 1198 1015 1251 astitit
1061 1198 1313 1267 episcopo
1366 1199 1603 1269 propius,
1633 1208 1687 1252 et
1723 1208 1779 1252 ut
1801 1199 1937 1253 forte

355 1288 590 1357 psalmos
613 1288 665 1341 in
700 1288 835 1342 libro
865 1289 1271 1350 decantaverat,
1309 1289 1575 1357 ingentem
1607 1289 1770 1343 ictum
1798 1289 1938 1342 inter

354 1376 603 1445 scapulas
628 1378 792 1432 dedit.
831 1378 1102 1432 Excussus
1161 1380 1408 1433 manibus
1460 1379 1600 1433 volat
1651 1381 1702 1432 in
1727 1380 1937 1435 diversa

352 1469 545 1530 codex,
585 1476 639 1520 et
665 1468 775 1536 ipse
800 1477 1024 1522 extenso
1051 1469 1227 1537 capite
1250 1478 1303 1522 et
1328 1470 1587 1523 membris
1606 1470 1751 1537 jacet
1776 1471 1938 1524 humo

354 1566 659 1626 prostratus
688 1574 701 1621 ;
731 1560 822 1612 sed
846 1561 1084 1613 exterius
1106 1558 1303 1614 afﬂicto
1351 1576 1578 1629 corpore
1605 1562 1730 1630 quid
1758 1562 1842 1631 pia
1870 1561 1936 1593 “’

353 1668 506 1706 mens
530 1653 598 1683 ³⁷⁰
622 1653 769 1706 intus
820 1663 1023 1723 ngeret,
1049 1656 1191 1708 risus
1242 1656 1417 1708 cordis
1465 1672 1559 1724 per
1612 1657 1757 1709 vocis
1785 1672 1939 1726 orga-

353 1757 480 1794 num
518 1758 641 1795 mox
674 1742 741 1772 ³⁷⁸
771 1743 929 1811 ρθῑρΐν
952 1744 1045 1797 cit.
1087 1740 1298 1796 Gratias
1321 1744 1432 1807 tibi,
1465 1744 1668 1812 inquid,
1696 1743 1826 1797 Dom
1854 1762 1932 1808 ne,

2038 567 2159 611 runt
2183 560 2420 628 quinque
2443 559 2555 612 dies
2584 559 2633 611 in
2674 559 2903 627 quodam
2938 559 3051 610 vico
3076 559 3204 627 (UO).

2106 650 2193 703 29.
2228 650 2353 703 lla’c
2392 650 2517 702 dum
2554 650 2603 701 in
2635 648 2716 702 illa
2750 658 2901 718 parte
2940 658 3220 718 geruntur,
3254 663 3381 703 ecce
3414 648 3466 702 in
3502 665 3615 702 mo-

2039 742 2296 802 nasterio,
2332 741 2418 793 ubi
2462 740 2548 793 ille
2592 739 2711 791 talis
2746 739 2978 792 nutritus
3014 738 3208 803 fuerat,
3247 740 3456 793 cuidam
3489 754 3615 793 con-

2042 849 2194 886 verso
2232 833 2420 887 Juanui
2463 832 2762 901 Cauapario
2792 831 2854 864 ³⁸⁷
2887 831 3007 883 talia
3035 832 3291 885 Dominus
3319 847 3413 901 per
3438 832 3611 883 visum

2036 928 2288 981 ostendit.
2346 927 2384 979 E
2441 942 2650 979 summo
2700 925 2834 978 cci-lo
2876 924 3015 977 velut
3066 925 3302 977 volancia
3360 924 3610 976 deorsum

2040 1018 2259 1069 veniunt
2307 1033 2473 1085 usque
2514 1017 2577 1068 ad
2619 1026 2813 1070 terrain
2868 1016 2971 1068 duo
3003 1015 3070 1044 ³⁸⁸
3124 1013 3455 1075 linteamina,
3496 1013 3612 1064 alba

2038 1106 2175 1159 sicut
2204 1106 2292 1158 uix
2351 1115 2405 1159 et
2443 1106 2634 1158 munda
2677 1107 2877 1173 absque
2928 1105 3069 1157 omni
3104 1104 3261 1157 serde
3295 1112 3347 1158 et
3381 1103 3608 1157 macula.

2037 1194 2210 1248 Ambo
2268 1210 2361 1247 sua
2410 1194 2606 1247 honera
2640 1194 2726 1256 ³⁸³,
2791 1192 3030 1261 singulos
3068 1193 3283 1261 quidem
3344 1193 3509 1256 viros,
3549 1192 3615 1244 de

2042 1294 2181 1339 terra
2211 1287 2425 1351 levant;
2459 1287 2617 1340 ambo
2671 1285 2977 1337 felicissimo
3023 1285 3091 1315 ³⁹⁰
3152 1299 3308 1337 cursu
3356 1284 3525 1335 nubes
3564 1291 3618 1335 et

2039 1392 2201 1432 aurea
2250 1379 2436 1447 sydera
2472 1385 2807 1429 transimtant
2856 1376 2939 1425 3".
3008 1374 3173 1428 Unius
3237 1388 3429 1426 nomen
3463 1382 3615 1425 extra

2040 1470 2212 1538 ipsum
2234 1469 2301 1499 ³⁹¹
2326 1468 2415 1535 qui
2453 1469 2562 1520 lucc
2593 1468 2716 1519 \idil
2747 1465 3031 1518 admodum
3061 1464 3369 1533 paucissimi
3402 1464 3611 1525 sciunt;

2040 1559 2176 1613 alter
2214 1559 2283 1590 ³⁸³
2320 1574 2447 1611 vero
2500 1566 2636 1620 erat,
2679 1557 2929 1609 utadhuc
2964 1556 3119 1609 hodie
3161 1557 3272 1625 ipse
3314 1554 3381 1588 ³³⁵
3424 1555 3611 1607 memi-

2042 1653 2139 1716 nit,
2183 1652 2410 1705 domnos
2449 1649 2789 1711 Adalbertus,
2843 1650 2926 1702 cui
2973 1650 3244 1719 angelicus
3276 1649 3343 1684 '95
3374 1650 3616 1701 minister

2037 1745 2146 1811 jam
2177 1745 2408 1799 caelestis
2456 1760 2653 1799 mensm
2704 1745 2943 1798 conriria
2976 1746 3311 1813 praeparavit.
3369 1744 3435 1797 At
3465 1754 3616 1811 pater

350 1833 475 1899 quia
511 1833 603 1884 etsi
645 1833 869 1899 amplius
898 1850 999 1885 non
1027 1835 1144 1894 erit,
1168 1833 1342 1885 saltim
1376 1832 1452 1885 vel
1476 1850 1633 1885 unum
1660 1834 1815 1886 ictum
1842 1850 1935 1900 pro
1969 1805 2011 1863 Β
2042 1838 2189 1890 .\ilus
2222 1838 2460 1906 ignotum
2511 1846 2594 1889 est
2622 1837 2748 1905 quid
2789 1837 2853 1890 de
2884 1852 2947 1890 eo
2982 1836 3186 1891 videret
3211 1853 3226 1897 ;
3250 1835 3341 1888 sed
3370 1834 3615 1887 dulcibus

352 1920 620 1987 Cruci/iro
670 1938 778 1974 meo
838 1922 1071 1991 accipere
1121 1923 1306 1976 merui.
1352 1921 1643 1977 Transiens
1707 1939 1835 1977 VL'I‘O
1884 1925 1935 1977 in

351 2008 511 2061 aliam
548 2020 753 2078 partem
797 2011 1160 2079 tluininis(59)
1183 2012 1329 2065 stetit
1366 2012 1435 2065 ibi
1478 2012 1700 2066 sabbato
1744 2014 1932 2080 (.tpril.

352 2102 466 2171 17).
510 2100 739 2171 Vespere
759 2113 937 2156 autem
965 2105 1125 2168 facto,
1152 2105 1397 2159 dominus
1427 2106 1560 2158 villa:
1604 2105 1840 2159 divinum
1868 2106 1935 2137 ³⁷¹

350 2192 517 2245 heroa
543 2190 613 2221 ³⁷³
640 2193 985 2246 Adalbertum
1041 2195 1344 2248 transduxit
1382 2196 1431 2247 in
1458 2196 1657 2249 Villam.
1694 2196 1936 2267 Congre-

350 2294 441 2355 gat
494 2300 551 2337 se
594 2286 829 2353 undique
876 2287 1061 2339 inhers
1110 2286 1316 2356 vulgus,
1372 2298 1423 2341 et
1475 2290 1600 2357 quid
1652 2290 1719 2319 ³⁷⁵
1750 2292 1814 2343 de
1848 2292 1936 2344 illo

348 2373 491 2430 foret
539 2385 754 2430 acturus
801 2376 889 2441 ³⁷⁵,
943 2377 1226 2433 furibunda
1260 2380 1325 2409 ³⁷⁸
1382 2395 1510 2433 voce
1562 2382 1630 2443 "7.
1658 2392 1711 2435 et
1742 2384 1936 2436 mnino

352 2465 489 2518 rictu
531 2477 867 2535 exspectant.
921 2467 1069 2521 Tunc
1096 2479 1314 2523 sanctus
1358 2471 1696 2535 Adalbertus,
1731 2475 1850 2542 quis
1882 2485 1936 2527 et

352 2554 491 2607 unde
523 2565 684 2617 esset,
720 2556 801 2608 νυι
832 2556 899 2609 ob
952 2572 1112 2625 quam
1158 2572 1375 2615 causam
1409 2559 1533 2612 illuc
1579 2562 1807 2626 veniret,
1852 2563 1935 2615 in-

352 2651 675 2711 terrogatus,
738 2644 861 2697 talia
892 2654 1111 2698 econtra
1166 2646 1279 2699 miti
1330 2646 1397 2678 ³⁷⁸
1445 2665 1573 2704 voce
1621 2653 1930 2720 respondit:

351 2730 482 2784 Sum
536 2735 803 2786 natioitate
844 2731 1060 2787 Sclavus
1086 2735 1153 2766 ³⁷⁸
1188 2738 1393 2789 nomine
1438 2738 1769 2806 Adalbertus,
1808 2758 1933 2810 pro-

348 2821 570 2889 fessione
598 2825 904 2889 monachus,
934 2825 1114 2879 ordine
1141 2829 1403 2896 quandam
1433 2832 1724 2900 episcopus,
1770 2836 1933 2903 officio

348 2932 486 2969 nunc
524 2929 687 2971 vester
736 2918 998 2987 apostolus
1045 2919 1136 2973 ³⁸⁰.
1184 2921 1358 2975 Causa
1391 2926 1552 2976 nostri
1609 2925 1809 2979 itineris
1858 2939 1932 2980 est

348 3020 517 3061 vestra
548 3008 713 3074 salus,
746 3018 800 3061 ut
829 3009 1171 3079 relinquentes
1199 3012 1483 3067 simulacra
1506 3017 1668 3069 surda
1689 3026 1733 3069 et
1766 3027 1931 3084 muta,

349 3100 644 3168 agnoscatis
692 3099 990 3154 Creatorem
1031 3111 1279 3167 vestrum,
1328 3107 1417 3173 qui
1465 3106 1630 3172 solus,
1688 3117 1735 3160 et
1784 3120 1932 3163 extra

348 3207 501 3259 quem
548 3191 681 3245 alter
723 3193 849 3245 deus
890 3209 991 3246 non
1023 3206 1132 3257 est;
1176 3205 1221 3248 et
1254 3206 1307 3247 ut
1360 3196 1621 3251 credentes
1655 3199 1707 3250 in
1730 3199 1934 3251 nomine

349 3282 464 3350 ejus
497 3283 649 3335 vitam
681 3285 935 3348 habeatis,
961 3296 1007 3338 et
1059 3286 1113 3339 in
1148 3288 1297 3341 atriis
1341 3288 1838 3343 iinuarcescibilibus
1866 3289 1932 3322 ³⁸⁸

350 3371 630 3425 cazlestium
683 3375 997 3443 gaudiorum
1048 3378 1265 3444 pra'mia
1308 3382 1569 3447 percipere
1610 3380 1928 3433 mercamini.

348 3464 477 3519 llzec
517 3475 737 3521 sanctus
764 3468 1105 3522 Adatbertus.
1141 3470 1213 3522 Illi
1246 3480 1425 3523 autem
1464 3472 1576 3540 jam
1616 3472 1813 3526 dudum
1849 3473 1930 3525 in-

350 3556 635 3625 dignantes
683 3567 738 3612 et
791 3574 911 3612 cum
974 3559 1209 3615 clamore
1261 3562 1606 3632 blasphemia:
1651 3565 1720 3595 ³⁸²
1772 3567 1932 3620 verba

349 3646 609 3700 adversus
644 3661 765 3700 eum
794 3648 1205 3717 proclamantes,
1251 3663 1477 3707 mortem
1509 3654 1609 3708 sibi
1639 3656 1930 3710 minantur.

348 3736 417 3790 Et
454 3727 805 3808 "3'extiniplo
857 3750 1054 3795 terram
1105 3741 1308 3798 baculis
1357 3748 1739 3815 percutientcs,
1768 3748 1934 3802 fustes

347 3827 511 3896 capiti
536 3828 651 3897 ejus
682 3838 975 3897 apponunt,
1017 3842 1071 3885 et
1102 3832 1413 3888 infrendunt
1460 3837 1572 3891 dire
1602 3839 1848 3893 dentibus
1881 3840 1931 3893 in

345 3934 517 3971 cum:
571 3917 819 3989 Magnum
867 3922 931 3974 sit
992 3922 1106 3987 tibi,
1167 3924 1439 3995 inquiunt,
1488 3930 1626 3997 quod
1670 3930 1935 4000 hucusque

342 4013 543 4079 inpune
570 4014 792 4079 venisti,
836 4023 882 4069 et
912 4016 1047 4069 sicut
1103 4017 1238 4071 celer
1280 4019 1476 4073 reditus
1512 4038 1651 4089 spem
1683 4023 1820 4088 vitte,
1857 4027 1932 4078 ita

342 4102 441 4154 tibi
487 4120 661 4171 parvae
700 4122 859 4160 morte
900 4108 1039 4161 necis
1090 4110 1316 4179 dampna
1374 4112 1639 4167 creabant.
1690 4113 1854 4171 Nobis
1881 4128 1930 4171 et

340 4201 453 4245 toto
484 4192 553 4223 ³³⁸
577 4195 697 4248 huic
726 4212 901 4265 regno,
933 4199 1084 4267 cujus
1135 4217 1227 4254 nos
1258 4201 1434 4269 fauces
1454 4220 1655 4269 sumus,
1701 4222 1933 4260 commu-

343 4282 428 4334 nis
456 4282 540 4335 lea:
577 4284 796 4354 imperat
828 4296 874 4339 et
900 4305 1032 4342 unus
1078 4292 1204 4343 ordo
1253 4294 1485 4359 vivendi;
1535 4313 1624 4350 vos
1673 4315 1809 4365 vero,
1840 4300 1927 4369 qui

340 4375 471 4427 estis
495 4374 710 4430 alterius
733 4388 779 4431 et
816 4380 1005 4449 ignota:
1042 4380 1188 4451 legis,
1213 4385 1312 4436 nisi
1333 4386 1431 4438 hac
1457 4399 1601 4442 nocte
1626 4391 1928 4456 discedatis,

2037 1926 2256 1993 Scriptis
2294 1926 2522 1980 eundem
2584 1927 2755 1977 virum
2810 1924 2878 1955 ³⁸⁸
2936 1926 3008 1977 ita
3067 1924 3389 1992 alloquitur.
3440 1922 3612 1983 Scias,

2036 2016 2336 2069 dulcissime
2365 2016 2462 2083 ﬁli,
2487 2016 2609 2085 quia
2641 2016 2837 2067 amicus
2868 2025 3040 2067 noster
3088 2014 3397 2067 Adulbertm
3426 2014 3613 2065 (uului-

2037 2110 2106 2162 lat
2142 2127 2256 2164 cum
2294 2107 2495 2175 Spiritu
2520 2117 2721 2171 sancto,
2746 2118 2790 2159 et
2816 2108 3113 2160 beatissimo
3159 2107 3262 2173 fine
3310 2118 3613 2171 pra’scnlem

2037 2205 2193 2256 vitam
2235 2202 2331 2254 erit
2362 2201 2755 2254 terminaturus.
2784 2199 2913 2253 Item
2946 2199 3095 2251 fratri
3144 2197 3469 2257 Gaudentio,
3494 2215 3613 2268 qua:

2035 2310 2198 2365 Opere
2247 2294 2312 2324 "7
2371 2293 2546 2346 futura
2604 2300 2777 2352 eratit,
2830 2300 3091 2343 nocturna
3141 2289 3295 2358 quies
3355 2289 3421 2319 ³⁸⁸
3458 2291 3617 2343 textis

2035 2388 2349 2458 ambagibus
2374 2387 2525 2440 dixit.
2559 2383 2978 2453 Expergcfactus
3004 2396 3149 2451 ergo,
3177 2381 3219 2433 si
3248 2380 3398 2433 vellet
3424 2380 3611 2434 audire

2035 2481 2301 2535 soumium
2329 2478 2396 2510 3’”
2448 2493 2624 2538 suum,
2667 2477 2961 2544 interrogat
3010 2474 3262 2526 dilectum
3304 2480 3510 2540 patrem
3542 2470 3612 2502 ‘°°

2036 2574 2330 2643 Respondit
2363 2579 2537 2623 autem
2579 2570 2727 2637 ipse:
2773 2566 2885 2627 Dic,
2920 2566 2964 2619 si
2992 2564 3116 2634 quid
3149 2566 3324 2615 habes.
3364 2592 3432 2601 ——-
3471 2561 3607 2624 Vidi,

2037 2664 2243 2730 inquid,
2293 2663 2344 2713 in
2391 2660 2557 2711 medio
2607 2658 2788 2709 altaris
2840 2656 3050 2707 culiccttt
3102 2669 3337 2714 aureum,
3397 2662 3443 2704 et
3475 2652 3612 2704 hunc

2036 2754 2149 2809 riuo
2204 2752 2581 2820 semiplenam;
2630 2759 2803 2801 custos
2844 2764 2960 2801 vero
3000 2747 3114 2815 ejus
3157 2760 3306 2799 nemo
3353 2753 3485 2795 erat.
3528 2742 3613 2796 Me

2035 2849 2208 2914 itaque
2239 2844 2432 2897 volente
2462 2843 2631 2895 bibere
2652 2856 2874 2905 merum,
2903 2839 3137 2909 opposuit
3170 2854 3224 2891 se
3250 2836 3376 2889 mihi
3398 2836 3464 2865 ⁸⁸⁸
3510 2835 3610 2885 mi-

2036 2940 2194 2990 nister
2219 2934 2425 2997 altaris,
2458 2944 2506 2988 et
2541 2931 2828 2985 audacibus
2871 2931 2997 2983 meis
3028 2929 3200 2998 emptis
3232 2927 3364 2981 velut
3382 2925 3611 2995 quadam

2035 3027 2314 3096 imperiosa
2362 3024 2674 3077 auctoritate
2724 3021 3064 3084 contradixit,
3117 3019 3240 3089 quia
3262 3018 3331 3049 ⁸⁸⁸
3368 3032 3457 3069 nec
3484 3016 3611 3067 milii

2038 3136 2128 3172 nec
2157 3117 2319 3171 alicui
2344 3115 2610 3169 hominum
2634 3114 2767 3166 hanc
2791 3111 3052 3165 licentiam
3073 3110 3200 3162 dare
3245 3106 3413 3171 vellet,
3435 3122 3529 3176 pro
3551 3122 3611 3158 eo

2034 3210 2173 3281 quod
2214 3209 2304 3262 tibi
2353 3208 2407 3259 in
2448 3205 2736 3259 crastinum
2767 3219 2860 3272 pro
2907 3203 3110 3256 mistica
3162 3200 3436 3269 refectione
3478 3198 3610 3266 [oret

2034 3310 2309 3355 serratum.
2346 3299 2470 3353 llaec
2494 3313 2557 3352 eo
2588 3298 2859 3366 loquente,
2893 3293 3027 3364 fugit
3075 3309 3295 3348 somnus
3323 3293 3391 3346 ab
3416 3291 3609 3353 oculis,

2033 3396 2088 3443 et
2121 3397 2347 3458 occupat
2377 3388 2666 3443 tremencia
2695 3386 2934 3441 membra
2969 3394 3154 3454 torpor
3190 3384 3399 3454 ingens.
3442 3382 3607 3446 Deus,

2035 3480 2227 3550 inquit,
2259 3480 2362 3548 ﬁli,
2413 3488 2671 3549 prosperet
2715 3479 2851 3531 hunc
2897 3475 3096 3528 visum!
3147 3472 3356 3527 Fallaci
3412 3474 3614 3527 somnio

2035 3571 2289 3624 neminem
2322 3571 2529 3624 credere
2556 3579 2773 3638 oportet.

2103 3664 2191 3718 50.
2253 3663 2368 3718 Jam
2433 3670 2755 3731 exsurgente
2798 3661 2867 3692 ⁸⁰³
2899 3672 3169 3729 purpureo
3218 3659 3323 3722 die,
3374 3669 3611 3727 coeptum

2035 3756 2135 3809 iter
2161 3763 2325 3823 agunt
2383 3753 2570 3823 (April.
2630 3754 2741 3822 23),
2773 3760 2829 3805 et
2879 3752 3118 3806 Davitico
3170 3750 3411 3805 carmine
3470 3750 3609 3803 riam

2034 3846 2135 3902 sibi
2153 3845 2469 3899 adbreviant
2491 3842 2561 3875 ⁸⁸⁸
2580 3853 2633 3898 et
2659 3843 2828 3897 dulcis
2851 3842 2972 3896 vita:
2983 3841 3233 3912 gaudium
3251 3839 3613 3907 continnoap-

2033 3936 2229 4006 pellant
2257 3936 2550 3990 Christum.
2567 3935 2694 3988 Inde
2710 3948 2929 3987 nemora
2946 3932 3082 3987 "'et
3098 3929 3287 3985 feralia
3319 3930 3483 3984 lustra
3509 3929 3612 3981 li:-

2032 4036 2276 4096 qnentes,
2295 4026 2405 4080 sole
2420 4026 2742 4079 ascendente
2753 4024 2816 4077 ad
2836 4024 3133 4087 meridiem,
3155 4021 3477 4091 campestria
3494 4020 3606 4089 (61)

2032 4118 2145 4173 loca
2180 4118 2444 4171 adierunt.
2469 4116 2544 4171 lbi
2575 4115 2737 4169 fratre
2767 4114 3065 4169 Gaudentio
3092 4114 3310 4167 missam
3328 4111 3607 4166 CClcbl'ﬂll-

2035 4218 2104 4273 te,
2147 4219 2367 4263 sanctus
2408 4207 2495 4262 ille
2530 4207 2831 4262 monachus
2884 4206 3322 4267 communicavit,
3382 4213 3435 4257 et
3488 4211 3610 4272 post

2030 4318 2239 4358 sacram
2295 4303 2725 4356 communionem
2782 4315 2877 4369 pro
2942 4297 3242 4353 alleviando
3295 4296 3365 4328 ⁸⁸⁸
3426 4295 3609 4348 labore

2032 4399 2241 4455 itineris
2286 4398 2581 4469 pauxillum
2622 4397 2832 4452 obsonii
2877 4395 3104 4465 accepit.
3158 4394 3223 4448 Et
3272 4392 3415 4446 dicto
3454 4406 3613 4444 versu

338 4466 399 4519 in
457 4468 743 4522 crastinum
787 4470 1211 4541 decapitabimini
1275 4475 1364 4529 ³³⁸.
1414 4477 1529 4532 lnsa
1588 4496 1715 4535 vero
1773 4493 1928 4539 nocte
1959 4504 2007 4562 ι)
2032 4500 2087 4546 et
2116 4466 2362 4559 sequenti
2407 4490 2638 4561 psalmo,
2681 4488 2854 4557 surgit
2884 4488 2951 4543 de
2993 4485 3269 4557 gramineo
3294 4482 3517 4552 cespite,
3559 4488 3614 4533 et

1663 4594 1893 4655 VARIAE
1934 4601 2334 4659 LECTIONES.

421 4693 492 4726 ⁸⁸⁸
525 4695 745 4751 intravit
781 4698 829 4749 1.
929 4698 997 4731 “‘
1022 4701 1279 4757 adeuntes
1298 4703 1351 4757 2.
1434 4706 1502 4737 ⁸⁸⁷
1529 4708 1666 4762 deest
1692 4711 1746 4764 2.

333 4764 410 4798 ³⁷¹
440 4764 583 4819 deest
611 4767 666 4820 2.
744 4768 812 4797 ³⁷²
836 4769 1090 4824 domuum
1120 4772 1174 4825 2.
1255 4774 1324 4805 ³⁷³
1355 4776 1494 4830 deest
1517 4778 1571 4831 2.

332 4844 598 4916 bnndol.
700 4846 767 4878 m
798 4847 936 4901 deest
966 4850 1168 4905 1.2.5.
1266 4854 1336 4886 ’τε
1365 4858 1504 4910 mitti
1552 4875 1686 4912 corr.
1721 4844 1917 4916 m'iti'l.

334 4914 735 4983 (apostolicus).
850 4917 914 4950 ³⁸¹
944 4920 1319 4978 imnarcessib.
1354 4926 1405 4978 1.

332 4984 410 5061 18'
441 4984 615 5061 glossa
642 5003 761 5061 sec._
781 4986 883 5061 Xl.
909 4989 1192 5061 giliafdade
1220 4997 1487 5050 werthath
1521 4998 1570 5051 1.

1650 4713 1746 4764 t2.
1831 4713 1899 4745 ³⁸³
1926 4725 2111 4785 arepta
2145 4719 2193 4771 1.

1645 4780 1714 4821 ⁸7³
1749 4798 1800 4829 n.
1834 4786 2035 4829 nrimng
2060 4789 2123 4829 ιΙρ
2150 4788 2212 4829 Aa
2268 4790 2294 4829 b

1749 4798 1800 4850 Q~
1834 4788 2035 4852 primas
2060 4789 2123 4841 de
2150 4788 2235 4850 4⁸,
2268 4790 2314 4842 1),
2392 4788 2461 4819 ars

1749 4863 1838 4916 niti
1874 4864 1917 4916 Ι.
2010 4865 2078 4896 ³⁷³
2113 4866 2374 4920 bohemus
2397 4866 2485 4920 ὗε.

1518 4928 1585 4963 ³³¹
1614 4929 1927 4998 blasphema
1969 4934 2025 4988 2.
2071 4936 2157 4999 5°,
2188 4946 2233 4990 ο.
2267 4936 2353 4996 4ο,
2381 4937 2427 4988 b.
2462 4937 2513 4989 5.

1521 4998 1570 5051 1.
1647 4999 1714 5030 ³⁸⁸
1742 5001 1883 5055 deest
1913 5004 1961 5056 1.
1997 5006 2243 5062 navicule
2263 5007 2420 5061 2.50.
2497 5007 2513 5038 '

2304 4718 2372 4752 ³⁸⁸
2404 4718 2487 4785 pia
2520 4736 2583 4771 ex
2612 4734 2745 4769 corr.
2762 4717 2796 4791 ‘1
2829 4717 2954 4791 dira
3069 4786 3101 4791 __
3139 4715 3311 4791 "°_m.
3342 4710 3524 4791 ejus_i.

2392 4782 2461 4819 ⁵⁷⁸
2486 4797 2731 4843 acturum
2754 4787 2812 4841 2.
2890 4787 2958 4818 ³⁷⁸
2983 4786 3268 4841 furibunda
3305 4799 3443 4837 corr.
3474 4782 3611 4834 furi-

2580 4866 2648 4897 '°°
2672 4856 2825 4935 athis
2856 4869 2878 4921 1
2929 4883 3091 4920 manu
3130 4865 3238 4918 alia
3275 4862 3612 4935 _inscripto_c.

2628 4929 2858 4991 “"deest
2911 4938 2964 4992 2.
2996 4937 3093 5000 5⁸,
3120 4946 3167 4988 ο.
3272 4932 3341 4964 ³⁸⁸
3390 4929 3485 4987 toti
3522 4929 3613 4984 '50.

2497 5007 2563 5038 ⁸⁸⁷
2590 5006 2763 5075 glossa
2786 5007 3056 5064 sadulerie
3081 5007 3131 5059 1.
3154 5003 3504 5075 campanario
3526 5003 3587 5055 5ο
3605 5040 3617 5052 .

332 5053 542 5143 5.ώ.³ξ⁸
571 5056 711 5143 deest
742 5057 791 5110 1.
827 5053 937 5143 ib;
990 5060 1058 5143 '7”
1184 5062 1553 5143 hiberasu‘m
1584 5068 1629 5122 1.
1658 5053 2375 5141 reliqui—ouem:i-gigitail.
2403 5053 2488 5142 5⁸,
2521 5089 2565 5131 ε.
2590 5053 2762 5143 ἷῖξίῗ
2779 5053 3623 5143 ri'v’Vinr'ai—is-

329 5132 471 5177 eunt
491 5123 545 5176 2.
571 5133 857 5181 transuant
884 5130 969 5194 5³,
1000 5142 1044 5183 ε.
1077 5132 1165 5185 4b.

330 5195 582 5273 stutum!
633 5264 661 5273 Δ
783 5198 922 5273 alter
950 5218 1111 5269 usque
1140 5209 1463 5273 prteparavit
1484 5212 1668 5262 desunt
1696 5210 1744 5263 1.
1781 5195 1835 5266 5.

472 5277 603 5340 pera
630 5264 681 5319 2.
844 5270 912 5301 ³⁸⁸
942 5264 1097 5340 quies
1131 5264 1176 5325 l'.
1254 5264 1321 5306 ⁵⁸⁸
1353 5292 1596 5331 somnum
1621 5279 1671 5332 2.
1693 5281 1779 5334 5n.

328 5332 406 5365 ιο*
434 5336 554 5388 abr.
583 5334 632 5388 1.
710 5338 781 5369 ⁸⁸⁸
809 5357 869 5393 :::
904 5332 973 5394 ne
996 5356 1143 5395 mora
1179 5345 1221 5396 Ι.

330 5263 403 5294 ⁸9⁸1
434 5278 469 5316 ο

1264 5135 1331 5166 ³³⁸
1358 5137 1393 5189 i.
1421 5139 1717 5194 onicrotem
1752 5135 2044 5199 admodum
2075 5147 2161 5201 4⁸.
2202 5149 2316 5203 Vox
2342 5135 2492 5202 valde
2520 5135 2753 5202 modesta
2779 5190 2793 5214 ,
2847 5150 2897 5203 si
2923 5150 3220 5206 Johannem
3252 5161 3315 5198 ea
3352 5142 3624 5211 scripsisse

1264 5209 1463 5276 paravit
1484 5212 1668 5262 desunt
1696 5210 1744 5263 1.
1781 5212 1835 5266 5.
1940 5215 2008 5246 ³⁸⁸
2039 5218 2180 5274 deest
2208 5223 2271 5276 3⁸
2301 5219 2388 5272 ιδ.
2489 5219 2556 5251 ³⁸⁵
2581 5221 2803 5276 angelus
2835 5221 2926 5276 5n.
3040 5217 3109 5249 ³³⁸
3137 5232 3188 5267 v.
3211 5215 3506 5276 johannem
3532 5210 3623 5263 4".

2078 5230 2180 5274 eest
2208 5230 2271 5274 5⁸
2301 5230 2388 5272 4³³.

1858 5284 1927 5315 ⁸⁰⁰
1951 5284 2177 5345 fratrem
2199 5292 2250 5347 5.

1301 5346 1370 5376 ⁸⁰⁶
1400 5348 1537 5400 aleo.
1572 5366 1708 5402 corr.
1735 5352 1875 5409 alleu
1911 5355 1958 5407 1.

2489 5219 2556 5251 ³⁸⁵
2581 5210 2803 5292 angelus
2835 5221 2926 5277 5n.
3040 5217 3109 5249 ⁸³⁸
3129 5210 3506 5292 ,Υιὶοῗιδηιιθὶη

2330 5290 2397 5321 ⁸⁰¹
2428 5290 2570 5345 deest
2599 5280 2684 5344 2."
2732 5290 2802 5322 ⁸⁰¹
2834 5295 2929 5361 qui
2962 5296 3051 5349 5η.
3126 5280 3417 5356 ⁵⁸³⁸ἐχιιτς.
3459 5282 3507 5336 1.
3539 5280 3627 5338 ιδ.

1858 5462 2090 5520 NOTAE.
