4486 5544
345 320 449 373 889

1778 320 2123 377 MIRACULA
2138 361 2151 375 .

3483 326 3585 382 890

353 522 3556 558 ——-——-—————————————*_.

924 726 1427 829 MIRACULA
1496 727 1835 829 SANCTI
1892 730 2447 833 ADALBERTI
2500 730 2968 835 MABTIBIS

438 1152 490 1205 l.
548 1148 670 1203 Post
710 1155 937 1202 mortem
968 1161 1098 1202 vero
1130 1161 1233 1202 non
1258 1146 1540 1203 defuerunt
1592 1147 1770 1203 divina
1814 1162 1938 1218 pro-
1966 1151 2018 1211 Α
2044 1164 2251 1207 necnon
2303 1162 2358 1208 et
2389 1154 2540 1211 locus
2586 1173 2619 1211 n
2669 1160 2972 1212 reverencia
3028 1160 3344 1229 habebatur,
3389 1167 3601 1240 illicque

358 1240 499 1307 digia
552 1239 605 1291 in
655 1238 930 1291 miraculis
982 1238 1151 1291 eciam
1184 1238 1326 1292 inter
1378 1246 1583 1307 gentes.
1632 1236 1766 1291 Nam
1798 1239 1933 1308 digi-

361 1341 446 1383 tus
476 1329 586 1398 (65)
622 1328 737 1395 ejus
770 1329 821 1381 in
870 1343 1065 1397 aquam
1114 1328 1365 1383 decidens
1406 1337 1461 1383 et
1488 1344 1517 1382 a
1554 1329 1700 1398 pisce
1757 1329 1932 1398 ipsum

362 1420 606 1486 rapiente
633 1418 937 1477 devoratus,
977 1417 1042 1469 de
1078 1426 1262 1471 ventre
1283 1414 1399 1484 ejus
1440 1418 1506 1470 ad
1539 1418 1709 1471 instar
1737 1418 1933 1471 arden-

362 1510 429 1561 tis
457 1508 679 1563 candele
706 1509 852 1562 inter
874 1508 1065 1561 fluctus
1088 1511 1297 1563 cunctis
1320 1510 1625 1564 videntibus
1657 1510 1931 1563 rutilabat.

361 1598 478 1663 Quo
507 1598 766 1651 miraculo
812 1598 1023 1651 attoniti
1061 1598 1150 1630 ⁸³⁸⁸
1202 1598 1517 1667 piscatores,
1557 1600 1702 1653 omni
1758 1600 1938 1654 studio

364 1702 486 1739 eum
534 1702 727 1755 capere
771 1687 1069 1756 cupientes,
1130 1702 1470 1757 quocumque
1531 1703 1589 1744 se
1642 1689 1939 1744 diverteret

362 1776 747 1845 sequebantur.
782 1777 886 1830 Nec
918 1791 1069 1830 mora
1089 1817 1104 1841 ,
1135 1778 1334 1846 piscem
1373 1778 1589 1847 capiunt
1631 1788 1687 1832 et
1715 1794 1939 1833 excuce-

362 1874 564 1919 rantet
593 1881 659 1919 ex
706 1865 1005 1920 ventriculo
1057 1866 1225 1935 ipsius
1256 1883 1469 1921 sacrum
1512 1868 1735 1936 digitum
1769 1871 1939 1923 sancti

365 1955 658 2023 pontificis,
696 1955 1059 2009 flammantem
1094 1956 1144 2010 in
1175 1957 1415 2013 ardentis
1445 1958 1665 2013 candele
1689 1958 1939 2014 similitu-

364 2044 510 2106 dine,
539 2053 914 2098 extraxerunt.

434 2137 489 2190 2.
526 2138 681 2191 Circa
729 2138 868 2191 idem
926 2147 1135 2204 tempus
1175 2138 1441 2193 Prutenus
1487 2140 1702 2209 quidam
1748 2142 1943 2195 nobilis

366 2240 431 2278 ex
483 2226 798 2279 Pomeranis
830 2228 1186 2294 quorumdam
1219 2243 1378 2281 causa
1419 2231 1764 2297 negociorum
1799 2232 1944 2284 venit

367 2314 421 2367 in
452 2313 725 2369 Sambiatn
750 2328 968 2379 terram,
1000 2318 1201 2370 Stilllcel
1230 2319 1279 2370 in
1306 2318 1523 2373 Pruscie
1547 2322 1789 2388 partibus
1818 2337 1939 2389 spe-

370 2404 562 2457 cialem
613 2405 709 2467 δ”,
744 2407 795 2457 in
823 2421 926 2474 qua
984 2407 1051 2460 ab
1087 2407 1275 2461 incolis
1307 2409 1495 2462 beatus
1543 2422 1748 2481 martyr
1781 2412 1941 2464 Adal-

2035 1241 2173 1297 facta
2201 1244 2421 1313 pulchra
2451 1248 2707 1302 miracula
2732 1249 3061 1305 referuntur.

2103 1335 2156 1388 5.
2191 1334 2411 1405 Legitur
2431 1337 2625 1400 eciam,
2657 1340 2796 1407 quod
2830 1340 2881 1394 in
2908 1340 3140 1412 Ungaria
3179 1344 3449 1401 Christum
3472 1365 3600 1421 pre-

2038 1422 2245 1480 dicaret
2295 1427 2487 1482 beatus
2541 1430 2897 1496 Adalbertus;
2962 1435 3193 1504 primum
3232 1440 3445 1507 quidem
3510 1459 3606 1513 per

2037 1518 2263 1573 nuncios
2304 1534 2455 1584 suos,
2488 1521 2679 1575 deinde
2710 1538 2805 1591 per
2850 1540 2907 1579 se
2938 1526 3130 1593 ipsum,
3162 1538 3216 1582 et
3240 1529 3605 1588 innumerabi-

2037 1607 2141 1663 lem
2167 1608 2419 1677 p0pulnm
2447 1610 2612 1665 verbo
2636 1613 3027 1681 predieacionis
3049 1626 3209 1685 atque
3234 1619 3415 1675 multis
3446 1623 3609 1676 mira-

2038 1700 2173 1753 culis
2203 1700 2268 1753 ad
2319 1700 2479 1754 ﬁdem
2510 1713 2869 1759 converteret.
2912 1706 3121 1761 Accidit
3162 1723 3283 1763 eum
3325 1714 3610 1781 pervenire

2039 1788 2104 1839 ad
2136 1786 2332 1849 locum,
2368 1790 2455 1842 ubi
2500 1791 2654 1845 sedes
2681 1802 2765 1845 est
2799 1794 3111 1863 principalis
3152 1798 3324 1853 tocius
3353 1802 3606 1870 regionis.

2040 1875 2170 1929 Erat
2197 1885 2376 1929 autem
2410 1878 2480 1931 ibi
2506 1879 2721 1947 ydolum
2746 1882 3013 1949 quoddam
3038 1885 3247 1941 celebre
3274 1904 3367 1957 pre
3390 1892 3609 1954 ceteris.

2039 1980 2102 2019 ex
2128 1980 2235 2033 quo
2265 1968 2520 2021 demones
2552 1968 2861 2038 frequenter
2889 1974 3017 2027 dare
3049 1974 3334 2031 manifeste
3359 1994 3612 2046 responsa

2041 2056 2304 2110 solebant.
2340 2056 2449 2111 Hac
2482 2058 2641 2127 igitur
2670 2074 2829 2113 causa
2879 2062 3031 2116 turbc
3064 2064 3359 2119 vicinarum
3401 2068 3613 2121 urbium

2042 2145 2106 2197 ad
2136 2145 2293 2212 hujus
2341 2147 2417 2199 rei
2469 2148 2830 2215 spectaculum
2879 2152 3095 2205 statutis
3130 2154 3459 2221 temporibus
3488 2155 3618 2209 illud

2043 2236 2331 2290 adorature
2356 2239 2768 2293 conveniebant.
2806 2239 3035 2294 Maxima
3068 2244 3247 2311 itaque
3279 2245 3619 2300 multitudine

2044 2326 2220 2395 p0puli
2250 2330 2463 2397 ydolnm
2511 2332 2917 2396 circumstante,
2945 2344 3168 2388 sanctus
3216 2338 3477 2404 pontifex,
3508 2339 3611 2393 fide

2047 2420 2221 2485 fortis,
2270 2432 2487 2490 paratus
2518 2439 2613 2492 pro
2644 2423 2861 2478 Christo
2896 2427 3107 2480 tradere
3155 2427 3207 2479 in
3241 2438 3463 2483 mortem
3502 2432 3618 2483 ani-

371 2501 559 2556 bertus
606 2505 924 2572 martyrium
960 2506 1327 2564 consumavit;
1358 2507 1444 2559 ubi
1480 2523 1598 2559 cum
1639 2522 1668 2559 a
1714 2508 1943 2562 dicenti-
1976 2490 2019 2549 Β
2054 2528 2193 2566 mam
2218 2530 2385 2577 suam,
2420 2516 2673 2569 audacter
2714 2519 2962 2581 accessit,
3004 2528 3057 2571 et
3088 2519 3389 2574 videntibus
3414 2524 3623 2577 cunctis

373 2592 476 2647 bus
504 2596 864 2662 cognovisset.
903 2596 1043 2663 quod
1074 2597 1285 2665 ignotus
1314 2598 1552 2666 quidam,
1585 2601 1737 2667 cujus
1765 2600 1946 2669 loque-

374 2682 425 2737 la
451 2686 515 2738 ab
536 2687 613 2739 eis
639 2702 740 2739 non
773 2686 1192 2754 intelligebatur,
1224 2689 1362 2757 apud
1397 2690 1535 2757 ipsos
1582 2690 1753 2744 fuerat
1778 2692 1943 2745 inter-

376 2775 571 2841 fectus,
622 2792 689 2830 ex
738 2780 1008 2846 proposito
1064 2781 1418 2847 cognoscendi
1474 2779 1813 2861 defunctum,
1849 2799 1949 2836 nec

378 2874 594 2929 dubium
619 2874 747 2942 quin
792 2875 982 2943 spiritu
1025 2875 1114 2928 Dei
1141 2883 1349 2941 agente,
1380 2878 1623 2944 pervenit
1654 2878 1719 2930 ad
1749 2877 1945 2931 locum.

379 2965 675 3034 Reperiens
706 2964 867 3033 igitur
904 2974 1061 3029 caput
1094 2976 1369 3029 sanctum,
1400 2967 1601 3019 audivit
1623 2967 1674 3020 id
1719 2967 1859 3035 loqui
1893 2984 1950 3023 se

375 3073 440 3112 ac
470 3058 649 3111 dicere
691 3058 789 3109 sibi
826 3074 836 3107 :
879 3055 1021 3108 Tolle
1046 3073 1125 3108 me
1162 3056 1404 3125 deferque
1453 3074 1531 3109 me
1563 3060 1614 3109 in
1650 3057 1950 3122 Poloniam,

374 3148 430 3199 in
452 3147 707 3199 civitatem
739 3162 835 3215 que
878 3144 1079 3198 Gnesen
1125 3157 1356 3207 vocatur,
1388 3157 1432 3199 et
1458 3148 1501 3199 si
1528 3146 1652 3199 illuc
1682 3147 1749 3177 “°
1794 3165 1951 3217 usque

376 3240 567 3291 munde
598 3247 645 3290 te
672 3253 980 3290 conservans
1030 3253 1107 3288 me
1154 3237 1422 3300 detuleris,
1474 3248 1758 3291 reverenter
1785 3239 1952 3307 gloria

378 3339 425 3380 et
454 3328 653 3379 diriciis
681 3336 734 3377 tu
760 3336 806 3377 et
826 3326 1015 3393 posteri
1044 3326 1121 3377 tui
1142 3326 1193 3378 in
1220 3336 1520 3393 perpetuum
1545 3327 1952 3381 sublimabimini

374 3432 528 3483 super
557 3432 733 3468 omnes
755 3416 843 3483 qui
880 3416 1114 3467 habitant
1160 3416 1212 3466 in
1247 3415 1345 3467 hiis
1388 3417 1560 3467 terris.
1596 3414 1654 3469 Si
1695 3432 1809 3468 vero
1845 3415 1955 3484 pol-

374 3507 533 3560 lueris
563 3509 696 3559 viam
748 3516 912 3568 luant,
942 3508 1212 3574 generacio
1240 3517 1327 3558 tua
1353 3505 1537 3559 ultima
1587 3523 1688 3558 non
1719 3506 1953 3575 proﬁciet

374 3599 429 3650 in
460 3598 642 3649 melius
670 3614 757 3649 nec
780 3598 1032 3649 decrescet
1062 3596 1114 3648 in
1141 3598 1392 3660 deterius,
1416 3600 1504 3650 sed
1532 3598 1777 3650 mediocri
1803 3598 1953 3649 modo

380 3704 627 3753 conpares
659 3690 814 3739 vestri
853 3687 1109 3740 similibus
1135 3689 1436 3756 persistetis.
1480 3687 1591 3742 Hiis
1623 3688 1954 3758 stupefactus

378 3778 541 3831 homo
567 3777 783 3846 gentilis
813 3777 931 3829 tulit
964 3774 1112 3841 illud,
1162 3791 1534 3847 reponensque
1560 3779 1611 3831 in
1654 3793 1802 3842 vase,
1834 3794 1954 3847 pro-

383 3868 555 3923 fectus
583 3879 664 3923 est
694 3883 877 3921 versus
923 3866 1198 3921 Poloniam
1226 3868 1468 3921 tendens.
1510 3867 1641 3921 Cum
1675 3877 1854 3921 autem
1897 3868 1949 3921 in

381 3966 580 4011 terram
636 3973 785 4011 suam
827 3972 991 4026 prope
1039 3972 1068 4009 a
1114 3957 1274 4010 domo
1336 3956 1550 4026 propria
1592 3957 1949 4025 pervenisset,

381 4050 523 4117 cepit
570 4048 832 4116 cogitacio
881 4048 1094 4115 pulsare
1143 4048 1383 4100 animum
1438 4047 1553 4117 ejus
1590 4046 1657 4100 de
1710 4047 1955 4102 videndis

379 4140 563 4209 pueris
610 4140 721 4194 suis
769 4146 821 4192 et
849 4139 1130 4201 uxoribus,
1150 4152 1283 4206 quas
1314 4138 1449 4191 duas
1474 4137 1725 4191 habebat.
1766 4138 1955 4191 Victus

381 4232 687 4299 hujusmodi
719 4233 882 4301 igitur
914 4231 1221 4294 affectione,
1245 4242 1407 4299 caput
1436 4231 1795 4285 venerandum
1834 4247 1955 4285 cum

380 4337 510 4376 vase
543 4323 593 4375 in
630 4324 858 4391 quadam
892 4336 1123 4375 concava
1170 4336 1367 4389 quercu
1399 4321 1713 4385 recondens,
1739 4321 1954 4374 domum

380 4417 451 4467 ad
481 4428 605 4468 suos
636 4413 871 4481 perrexit
911 4426 1032 4465 cum
1071 4411 1345 4464 voluntate
1375 4426 1535 4479 quam
1576 4410 1745 4464 cicius
1777 4425 1956 4463 rever-

381 4505 551 4559 tendi.
603 4503 837 4557 Mundati
883 4504 1112 4571 denique
1144 4512 1512 4571 transgressor
1559 4501 1799 4565 effectus,
1832 4518 1955 4557 cum

377 4594 601 4648 rediens
647 4602 809 4663 caput
857 4608 1071 4647 sacrum
1122 4592 1441 4661 requireret,
1480 4594 1531 4644 in
1574 4592 1691 4646 loco
1720 4593 1805 4645 ubi
1832 4592 1957 4645 illud

378 4693 704 4751 reposuerat
733 4699 836 4738 non
861 4685 1103 4749 invenit;
1138 4685 1399 4754 cognacio
1435 4700 1561 4738 vero
1602 4684 1836 4737 hominis
1867 4699 1958 4737 su-

377 4773 630 4844 pradicti,
663 4782 721 4825 ut
769 4774 939 4827 eciam
966 4774 1066 4843 ipsi
1098 4775 1187 4843 qui
1218 4789 1283 4828 ex
1337 4790 1397 4827 ea
1446 4783 1571 4827 sunt
1600 4773 1921 4843 profitentur
1943 4814 1956 4837 ,

378 4877 565 4916 rerum
593 4862 963 4931 temporalium
1002 4879 1255 4918 successu
1287 4878 1455 4932 usque
1491 4864 1652 4917 hodie
1692 4863 1743 4916 in
1769 4866 1959 4920 eodem

380 4959 530 5007 statu
569 4963 868 5021 permanet,
920 4955 1060 5007 sicut
1107 4970 1203 5024 per
1233 4955 1361 5009 illud
1410 4954 1649 5007 divinum
1681 4957 1958 5011 oraculum

381 5040 585 5095 dudum
633 5040 809 5097 fuerat
866 5044 1213 5099 declaratum.
1256 5047 1313 5100 ln
1360 5045 1479 5099 loco
1524 5053 1723 5108 autem,
1759 5045 1811 5101 in
1854 5063 1961 5119 quo

2051 2602 2167 2657 face
2198 2619 2424 2657 accensa
2453 2606 2503 2657 in
2548 2617 2837 2674 conspectu
2881 2609 3219 2661 sacerdotum
3251 2610 3416 2679 ydoli,
3444 2614 3619 2665 omni-

2050 2692 2149 2745 bus
2172 2694 2371 2746 virtute
2400 2694 2493 2747 Dei
2526 2697 2885 2749 consternatis
2906 2707 3066 2765 atque
3092 2700 3451 2765 stupentibus,
3478 2710 3625 2755 tante

2053 2783 2392 2836 auctoritatis
2441 2786 2807 2838 constanciam
2855 2786 3000 2840 nullo
3036 2789 3456 2854 contradicente,
3498 2791 3626 2847 illud

2052 2873 2268 2942 penitus
2295 2877 2679 2929 concremavit.

2122 2964 2175 3017 4.
2223 2964 2568 3019 Postmodum
2600 2982 2727 3022 vero
2757 2984 2876 3022 cum
2925 2970 3115 3039 pagani
3143 2972 3373 3039 proximi
3406 2971 3629 3027 Polonie

2053 3055 2482 3123 predicacionem
2538 3056 2653 3124 ejus
2701 3060 2941 3128 recipere
3000 3060 3222 3121 nollent,
3277 3061 3426 3115 adire
3462 3062 3630 3115 voluit

2054 3145 2392 3214 metropolim
2421 3144 2765 3211 Polonorum,
2795 3163 2899 3217 que
2930 3149 3141 3203 Gncsen
3186 3150 3501 3219 appellatur,
3532 3150 3627 3205 de-

2056 3237 2304 3303 venitque
2333 3237 2385 3289 in
2407 3236 2675 3304 quandam
2701 3238 2900 3299 villam,
2936 3240 3024 3292 ubi
3056 3240 3120 3293 de
3153 3240 3231 3292 via
3257 3241 3321 3293 ad
3354 3240 3631 3295 civitatem

2055 3325 2348 3395 predictam
2401 3325 2727 3393 requirebat.
2763 3326 2869 3380 Sed
2901 3328 3144 3381 homines
3201 3328 3299 3381 loci
3348 3330 3627 3383 audientes

2054 3413 2292 3483 linguam
2333 3412 2447 3479 ejus
2490 3430 2517 3465 a
2568 3430 2661 3467 sua
2706 3415 2993 3483 plurimum
3030 3417 3336 3479 dessonare,
3369 3416 3633 3484 aspicien-

2056 3512 2245 3574 tesque
2294 3504 2534 3558 habitum
2584 3506 2767 3573 ipsius,
2810 3506 3019 3560 scilicet
3069 3505 3464 3569 monachalem,
3525 3505 3627 3559 sibi

2056 3596 2275 3650 omnino
2302 3595 2555 3658 invisum,
2582 3597 2747 3649 risum
2771 3607 3199 3661 commoverunt,
3227 3606 3279 3650 et
3302 3598 3539 3667 loquenti
3564 3598 3630 3652 ad

2056 3702 2150 3743 eos
2202 3703 2267 3742 ac
2320 3689 2675 3760 interroganti
2747 3692 2811 3745 de
2868 3692 3059 3745 itinere
3115 3706 3217 3744 non
3275 3691 3634 3759 dignabantur

2058 3777 2403 3845 respondere.
2455 3777 2605 3832 Tunc
2658 3787 2881 3833 sanctus
2912 3778 3003 3832 Dei
3050 3780 3239 3847 spiritu
3287 3779 3496 3847 plenus,
3544 3782 3636 3849 qui

2057 3882 2153 3937 per
2203 3868 2374 3937 ipsum
2426 3869 2576 3937 signa
2615 3878 2668 3921 et
2695 3870 2935 3939 prodigia
2967 3870 3216 3933 faciebat,
3266 3871 3341 3923 ait
3370 3871 3436 3924 ad
3470 3871 3588 3925 illos
3622 3888 3634 3924 :

2060 3957 2195 4023 Quia
2250 3976 2343 4027 pro
2385 3960 2581 4012 honore
2634 3959 2727 4012 Dei
2779 3960 2920 4025 loqui
2966 3976 3065 4014 non
3104 3961 3275 4019 vultis,
3312 3960 3379 4012 ad
3415 3960 3635 4029 gloriam

2057 4048 2167 4115 ejus
2198 4049 2251 4101 in
2278 4049 2483 4101 nomine
2517 4049 2677 4117 ipsius
2716 4048 2877 4116 jubeo
2934 4060 2987 4101 ut
3018 4050 3253 4103 lucentis.
3317 4049 3428 4103 Hoc
3469 4049 3637 4113 dicto,

2060 4138 2179 4191 inde
2208 4138 2359 4201 abiit,
2392 4149 2446 4192 et
2476 4148 2675 4191 rectam
2704 4140 2845 4191 viam
2894 4139 3111 4193 Christo
3150 4139 3381 4193 ducente
3409 4140 3637 4193 invenit.

2057 4226 2210 4294 ltnpii
2246 4226 2316 4279 illi
2367 4243 2488 4281 mox
2520 4227 2652 4280 muti
2675 4226 2872 4289 effecti,
2903 4228 3111 4296 pertriti
3144 4244 3207 4281 ac
3246 4226 3550 4282 conturbati
3580 4227 3635 4280 in

2058 4330 2122 4370 eo
2152 4317 2292 4385 quod
2341 4317 2612 4371 acciderat
2666 4318 2813 4385 ipsis,
2851 4318 2901 4369 in
2942 4318 3125 4371 dolore
3158 4329 3319 4387 atque
3350 4318 3641 4386 gemitibus

2060 4410 2138 4463 sic
2168 4410 2473 4463 manebant.
2510 4409 2660 4463 Ultra
2695 4409 2760 4461 ad
2816 4409 2975 4462 aliam
3026 4410 3203 4462 villam
3244 4410 3413 4473 venit,
3459 4418 3512 4463 et
3542 4423 3639 4478 pro

2059 4501 2143 4553 via
2203 4501 2500 4569 inquirens,
2533 4500 2781 4555 similiter
2820 4510 2873 4554 et
2908 4502 3236 4569 contemptui
3292 4500 3506 4554 habitus
3534 4509 3637 4564 est,

2063 4593 2311 4661 ipsosque
2343 4593 2498 4646 sicuti
2534 4594 2737 4661 primos
2766 4593 2954 4647 eodem
2988 4593 3231 4646 multavit
3276 4592 3557 4662 supplicio,
3585 4600 3642 4645 ut

2060 4700 2194 4753 quos
2238 4685 2533 4740 consimilis
2585 4687 2741 4755 culpe
2795 4696 2977 4740 reatus
3024 4686 3298 4755 obligabat
3350 4702 3446 4755 pro
3501 4700 3640 4754 pcna

2062 4775 2221 4845 digne
2278 4777 2691 4845 constringeret,
2742 4777 2793 4830 in
2854 4776 3099 4845 utrisque
3152 4792 3259 4828 non
3302 4774 3496 4842 injurie
3548 4790 3642 4828 sue

2064 4870 2351 4925 vindictam
2387 4870 2521 4923 mira
2575 4880 2890 4939 expectans,
2947 4870 3040 4923 sed
3074 4869 3125 4922 in
3164 4868 3356 4931 spiritu
3405 4865 3643 4919 levitatis

2062 4961 2402 5016 occasionem
2432 4960 2621 5013 salutis
2645 4975 2831 5014 eorum
2861 4971 2917 5013 et
2951 4960 3177 5030 gloriam
3209 4958 3415 5014 cbristo
3438 4956 3640 5011 Christi

2064 5064 2316 5118 querens.
2362 5050 2563 5105 Deinde
2607 5050 2675 5103 ad
2723 5050 2951 5105 terciam
2984 5050 3165 5103 villam
3196 5050 3306 5104 Deo
3332 5049 3466 5099 duce
3496 5044 3649 5099 deve-

380 5141 550 5201 caput
593 5135 847 5201 martyris
882 5135 1096 5204 gentilis
1128 5144 1461 5206 reposuerat.
1509 5135 1688 5188 exlilil
1710 5136 1840 5196 Olim
1872 5156 1963 5199 ec-
1992 5182 2043 5243 ι)
2068 5143 2242 5210 niens,
2284 5148 2349 5201 de
2380 5145 2569 5199 itinere
2598 5144 2910 5199 sciscitatus
2938 5153 3040 5208 est,
3069 5157 3133 5195 ac
3184 5140 3367 5196 villani
3418 5137 3652 5205 benigne

380 5222 553 5279 clesia
584 5224 634 5278 in
682 5230 885 5279 honore.
920 5226 1088 5295 ipsius
1118 5228 1370 5303 martyris
1398 5235 1733 5292 consecrata,
1760 5243 1813 5289 et
1843 5238 1963 5310 ipsa

2074 5241 2485 5306 reSpondentes,
2516 5234 2658 5287 viam
2701 5233 2802 5291 sibi
2830 5234 3105 5289 humiliter
3127 5232 3501 5289 ostenderunt.
3526 5225 3659 5291 Qui-

1666 5346 1903 5425 vanm;
1975 5352 2355 5416 LECTIONES

458 5434 548 5468 ⁸⁸⁸⁸
594 5438 804 5492 otloniti
834 5456 879 5492 c.
954 5439 1256 5508 "’spialem
1301 5461 1349 5498 c.
1436 5435 1505 5467 ⁸³⁸
1540 5436 1664 5493 illud
1694 5460 1742 5500 e.
