4486 5544
825 352 922 407 891

1822 355 1880 410 S.
1919 355 2309 411 ADALBERTI
2349 353 2657 412 EPISCOPI
2689 354 3076 414 PRAGENSIS

3976 369 4081 424 892

821 463 924 517 bus
961 461 1173 532 graeias
1224 476 1410 533 agens,
1442 474 1633 519 exacto
1665 464 1854 519 itinere
1880 465 2041 535 longo
2069 466 2215 519 brevi
2263 475 2397 519 tem-
2428 467 2477 526 Α
2506 466 2689 536 gracie
2714 466 2807 523 Dei
2835 483 2930 537 per
2948 469 3162 524 beatum
3196 469 3549 526 Adalbertum
3580 475 3890 543 prcdicante
3914 480 4076 534 multa

822 569 952 623 pore
976 552 1164 623 angelo
1193 554 1335 610 bono
1368 556 1661 616 comitante
1681 597 1695 620 ,
1725 556 1973 626 pervenit
1996 571 2164 626 usque
2185 555 2397 611 Gnesen

822 649 1032 710 urbem,
1065 645 1276 714 plenam
1306 647 1521 717 populo,
1550 649 1982 719 potentissimam
2022 664 2085 703 ac
2115 648 2395 703 famosam.

819 734 1091 789 Continuo
1119 735 1186 790 ad
1217 734 1393 792 forum
1427 753 1676 810 pergens,
1707 739 2035 796 multitudini
2073 755 2177 809 que
2213 740 2401 795 aderat

819 825 1095 882 Christum
1135 830 1471 886 conﬁdenter
1517 832 1782 903 predicat,
1833 834 2040 903 premia
2066 834 2176 888 vite
2216 843 2400 889 eterne

819 918 1115 973 annunciat
1138 918 1230 985 m,
1264 919 1482 991 Deoqtte
1507 931 1832 992 cooperante
1852 932 1906 978 et
1930 938 2180 979 sermone
2204 924 2400 979 conﬁr-

819 1016 1019 1072 mante,
1078 1012 1429 1077 sequentibus
1501 1013 1672 1084 signis
1732 1014 1981 1085 plurimis
2030 1023 2085 1069 et
2126 1016 2397 1082 diversis,

814 1095 1036 1154 Christo
1065 1099 1284 1155 domino
1331 1102 1598 1159 innumeri
1619 1106 1985 1161 crediderunt.
2017 1106 2170 1162 Unde
2193 1106 2397 1162 factum

814 1196 919 1251 est,
954 1198 1012 1243 ut
1064 1187 1205 1244 fama
1254 1192 1371 1260 ejus
1415 1194 1573 1249 modo
1614 1209 1711 1265 per
1750 1196 2056 1252 universam
2123 1199 2395 1270 regionem

814 1293 1144 1348 percurrens
1199 1284 1266 1336 ad
1326 1283 1448 1340 illos
1492 1287 1563 1319 δ”
1591 1288 1944 1359 pertingeret,
2000 1305 2135 1359 quos
2176 1301 2397 1348 sanctus

812 1372 995 1441 presul
1026 1373 1078 1427 in
1132 1376 1349 1431 nomine
1383 1377 1585 1434 Christi
1638 1382 1839 1435 dudum
1898 1398 2028 1439 voce
2057 1385 2394 1455 privaverat,

812 1481 919 1521 non
960 1468 1169 1535 auditu,
1222 1470 1408 1540 sicque
1457 1475 1817 1543 persisterant
1869 1476 2013 1533 nullo
2043 1493 2268 1549 prorsus
2303 1495 2397 1533 va-

812 1556 988 1612 lentes
1038 1560 1279 1616 subsidio
1336 1563 1586 1618 relevari.
1621 1567 1787 1635 Igitur
1834 1570 1900 1623 ad
1940 1570 2112 1624 virum
2162 1571 2254 1625 Dei
2300 1588 2395 1642 spe

809 1649 989 1718 gracie
1016 1650 1185 1719 ipstus
1225 1653 1544 1711 inveniende
1571 1659 1903 1714 unanimiter
1937 1663 2392 1731 proﬁciscuntur,

806 1744 1190 1814 reperiuntque
1215 1745 1389 1815 ipsum
1421 1748 1592 1804 multo
1621 1750 1819 1820 populo
1853 1752 2246 1820 predicantetn.
2282 1754 2390 1809 Re-

805 1844 1196 1903 cognoscentcs
1232 1845 1410 1891 autem
1463 1855 1607 1905 eum,
1665 1857 1848 1896 coram
1882 1859 1993 1911 Ipsa
2048 1845 2390 1901 multitudine

804 1924 1032 1993 pedibus
1056 1927 1171 1981 suis
1200 1929 1489 1997 provoluti,
1514 1932 1764 2001 suspiriis
1788 1948 1852 1988 ac
1882 1932 2095 1989 ﬂetibus
2120 1936 2392 2005 variisque

804 2015 1095 2084 gemitibus
1144 2017 1323 2073 delicti
1376 2022 1459 2075 sui
1509 2024 1721 2076 veniam
1764 2024 2132 2093 postulabant.
2177 2025 2288 2081 Hoc
2320 2027 2391 2058 ⁸³³

806 2105 994 2161 videns
1048 2106 1240 2164 beatus
1270 2110 1615 2177 Adalbertus,
1674 2114 1918 2168 obmisso
1966 2115 2183 2169 interim
2230 2132 2392 2186 opere

800 2197 1220 2264 predicaeionis,
1271 2201 1358 2255 cui
1417 2211 1529 2257 toto
1580 2204 1864 2258 conamine
1909 2195 2230 2272 insistebat,
2262 2221 2393 2261 con-

801 2301 994 2342 versus
1045 2288 1112 2343 ad
1174 2290 1319 2358 illos,
1351 2302 1411 2346 ut
1437 2294 1618 2348 animo
1658 2295 1978 2351 mitissimus
2010 2307 2149 2363 erat,
2181 2298 2389 2367 placide

799 2377 1094 2447 alloquitur
1118 2395 1233 2447 eos,
1263 2383 1449 2439 dicens
1476 2402 1488 2437 :
1523 2384 1667 2450 Scio,
1710 2386 1925 2455 fratres,
1972 2389 2100 2451 scio,
2124 2390 2214 2457 qui
2242 2392 2384 2444 estis.

812 2467 993 2534 Video,
1039 2474 1178 2543 quod
1211 2491 1399 2530 manus
1443 2477 1652 2531 Domini
1701 2479 1865 2549 tetigit
1898 2496 1984 2534 vos
2025 2482 2267 2551 vobisque
2296 2482 2389 2535 tri-

798 2558 904 2611 buit
925 2561 1266 2629 intellectum,
1292 2573 1348 2619 ut
1368 2578 1637 2635 peccatum
1665 2581 1890 2623 vestrum
1921 2584 2285 2641 cognoscentes
2318 2574 2386 2627 ad

798 2648 966 2703 Deum
997 2656 1391 2721 approximetis.
1424 2643 1515 2725 qui
1543 2669 1696 2711 sanat
1730 2660 1979 2713 contritas
2006 2662 2182 2725 corde,
2214 2679 2275 2715 ac
2296 2679 2388 2731 per

794 2744 893 2795 hoc
949 2743 1120 2814 ipsum
1170 2747 1559 2803 misericordem
1614 2750 1808 2817 Deum,
1867 2753 2021 2823 cujus
2070 2772 2161 2825 ego
2204 2773 2384 2811 servus

795 2849 947 2898 sum,
986 2833 1236 2890 denuntio
1286 2838 1355 2869 ⁸³³
1385 2841 1553 2893 errori
1596 2851 1761 2895 vestro
1798 2843 2180 2913 indulgentiam
2202 2848 2386 2915 presti-

793 2923 937 2975 tisse.
975 2922 1198 2993 Propter
1239 2929 1379 2996 quod
1413 2946 1592 2983 servus
1619 2931 1733 3000 ejus
1766 2933 1819 2984 in
1858 2934 2067 2987 nomine
2096 2935 2260 3005 ipsius
2286 2935 2383 2989 Dei

790 3022 841 3067 et
882 3013 1098 3069 Domini
1138 3020 1303 3071 nostri
1348 3018 1476 3074 Jesn
1508 3021 1727 3075 'Cltristi
1782 3027 2034 3078 creatoris
2084 3027 2227 3080 omni
2280 3027 2380 3080 lin-

790 3122 908 3177 gua:
932 3106 1003 3139 ⁸³⁸
1057 3109 1281 3177 officium
1334 3112 1514 3166 reddo.
1573 3112 1689 3169 lliis
1722 3114 1881 3170 dictis
1910 3125 1962 3172 et
2002 3118 2156 3187 signo
2200 3122 2379 3177 crucis

790 3213 953 3268 super
980 3214 1073 3254 eos
1100 3199 1264 3265 facto,
1295 3202 1580 3257 confestim
1610 3204 1843 3259 solutum
1871 3207 2143 3263 vinculum
2182 3210 2377 3282 lingua:

790 3289 1067 3358 ipsorum,
1139 3300 1193 3346 et
1243 3294 1451 3348 cunctis
1505 3296 1848 3366 stupentibus
1898 3310 2161 3368 ceperunt
2207 3302 2375 3370 loqui,

788 3380 1176 3452 Chrismmque
1208 3399 1392 3439 verum
1422 3400 1543 3441 esse
1574 3387 1732 3442 deum
1763 3389 1974 3459 magnis
2005 3390 2228 3446 vocibus
2250 3407 2378 3447 eon-

787 3471 1043 3527 clamare.
1080 3472 1338 3543 Baptismi
1390 3476 1551 3546 igitur
1604 3479 1844 3548 graciam
1874 3479 2126 3549 accipere
2155 3482 2377 3552 cupien-

789 3573 893 3631 tes,
920 3566 1072 3636 prius
1094 3568 1260 3622 verbo
1284 3566 1406 3622 ﬁdei
1434 3577 1657 3639 precatu
1688 3570 1927 3639 ipsorum
1961 3572 2231 3628 instruens
2259 3590 2373 3641 eos,

786 3658 1003 3713 ieeitex
1046 3674 1184 3728 aqua
1210 3667 1265 3713 et
1289 3659 1481 3728 spiritu
1529 3661 1836 3732 regenerari
1869 3662 1957 3716 ⁸³⁸.
1994 3662 2050 3716 lu
2081 3663 2184 3719 ﬁde
2220 3664 2376 3719 deni-

785 3764 892 3816 que
918 3747 1249 3814 conﬁrmati,
1275 3750 1619 3806 sanctissimo
1641 3752 1881 3821 pontiﬁci
1907 3752 2165 3809 alacriter
2187 3769 2377 3811 omnes

786 3841 841 3895 in
909 3855 1196 3896 commune
1269 3844 1610 3914 supplicant,
1665 3846 1908 3901 dicentes
1965 3863 1979 3899 :
2030 3845 2374 3903 Sunctitatem

785 3942 957 3997 tuam,
990 3932 1190 4002 famule
1220 3935 1586 4004 omnipotentis
1618 3935 1731 4001 Dei,
1776 3938 2095 3991 unanimiter
2125 3938 2375 4007 implora-

784 4039 921 4089 mtts,
951 4034 1006 4076 ut
1058 4040 1152 4091 pro
1202 4024 1498 4093 iniquitate,
1536 4042 1694 4094 quam
1723 4028 1930 4097 quidem
1955 4028 2023 4058 ⁸³⁷
2048 4046 2167 4082 ceca
2205 4046 2267 4081 ac
2289 4028 2375 4097 fu-

783 4114 927 4167 riosa
955 4123 1123 4167 mente
1161 4114 1215 4166 in
1240 4123 1289 4167 te
1316 4117 1690 4181 commisimus,
1729 4117 1917 4189 aliquit
1950 4136 2196 4189 magnum
2228 4121 2373 4174 nobis

782 4206 839 4257 in
858 4202 1281 4273 satisfaccionem
1310 4204 1546 4274 imponas
1568 4206 1637 4259 ad
1674 4211 1977 4262 memoriam
2022 4220 2369 4278 posterorum.

779 4296 862 4350 Ad
908 4311 1045 4366 quos
1101 4297 1291 4351 beatus
1337 4298 1519 4367 presul
1572 4317 1583 4351 :
1640 4298 1824 4353 Laudo
1862 4318 1967 4368 vos,
2019 4302 2217 4370 inquit,
2246 4303 2378 4368 ﬁlii,

781 4388 919 4460 quod
967 4388 1062 4442 sub
1112 4406 1273 4444 manu
1304 4390 1401 4445 Dei
1448 4391 1535 4460 pia
1565 4391 1841 4447 devocione
1867 4392 2244 4446 Itumitiamini.
2281 4392 2369 4447 Ve-

780 4492 1074 4536 rumtamen
1119 4484 1403 4538 certissime
1430 4484 1527 4537 hoc
1561 4485 1763 4548 scitote,
1792 4486 1917 4553 quia
1944 4484 2070 4537 illuc
2101 4493 2149 4537 et
2200 4495 2370 4553 cetera

777 4586 989 4645 peccata
1014 4584 1181 4629 vestra
1205 4576 1376 4629 omnia
1405 4576 1543 4630 vobis
1570 4579 1621 4629 in
1650 4576 1958 4645 baptismate
1976 4588 2096 4630 sunt
2122 4576 2363 4647 dimissa,

778 4664 1140 4718 tantummodo
1197 4667 1383 4720 mentis
1448 4666 1781 4736 vigilanciam
1832 4667 2130 4728 observetis,
2182 4684 2244 4720 ne
2294 4670 2362 4721 ad

776 4757 999 4825 pristina
1026 4756 1166 4810 mala
1192 4774 1282 4812 seu
1316 4758 1422 4812 alia
1470 4770 1777 4814 revertentes
1801 4769 2096 4829 perceptam
2128 4761 2364 4831 graciam

777 4850 1053 4903 amittatis.
1096 4848 1339 4918 Cumque
1390 4850 1562 4918 magis
1617 4865 1682 4904 ac
1732 4850 1906 4921 magis
1957 4851 2225 4905 instarent
2269 4851 2362 4918 ⁸³⁸,

777 4942 963 4999 statuit
989 4942 1087 5006 eis,
1128 4952 1185 4996 ut
1229 4952 1353 4999 ante
1377 4943 1846 5012 quadragesimam
1880 4959 1910 4996 a
1942 4945 2361 5014 septuagesima,

774 5034 926 5105 prius
950 5049 1112 5104 quam
1152 5034 1240 5089 alii
1270 5034 1560 5090 Christiani
1590 5035 1853 5105 jejuniam
1881 5034 2221 5099 inchoarent,
2258 5037 2359 5107 ipsi

776 5127 843 5180 ab
882 5140 975 5181 esu
1019 5127 1267 5180 carnium
1310 5139 1483 5196 usque
1528 5125 1595 5180 ad
1647 5126 1789 5180 diem
1837 5126 2082 5181 cinerum
2121 5127 2361 5183 abstine-

774 5226 914 5272 rent.
972 5215 1127 5285 Quod
1158 5226 1475 5288 preeeptum
1517 5216 1710 5272 devote
1746 5217 2129 5287 suscipientes,
2166 5218 2218 5272 in
2250 5220 2359 5272 vita

772 5327 866 5366 sua
900 5310 1132 5365 ﬁdeliter
1172 5310 1545 5365 custodierunt
1590 5324 1655 5364 ac
1697 5310 2004 5379 posteritati
2055 5326 2152 5366 sue
2177 5311 2362 5366 obser-

2505 556 2765 612 miraeula
2822 557 3074 625 faciente,
3129 559 3289 615 ﬁdem
3319 562 3671 619 christianam
3703 575 3810 620 tota
3854 567 4075 624 Polonia

2502 649 2759 718 suscepit,
2784 657 2838 704 et
2862 650 3078 704 fundata
3109 659 3191 706 est
3222 652 3383 707 veluti
3418 668 3514 723 per
3534 671 3697 710 unum
3730 658 3797 712 de
3820 661 4076 728 apostolis

2502 753 2663 809 super
2691 740 2983 810 apostolice
3014 741 3136 797 ﬁdei
3174 743 3382 798 ﬁrmam
3414 755 3647 814 petram,
3698 747 4076 821 profatuntque

2503 839 2712 900 tempus
2742 846 2806 886 ac
2828 832 3044 887 modum
3073 832 3403 889 abstineneie
3422 844 3546 892 ante
3573 840 3772 907 pascha
3800 854 3898 909 pro
3930 857 4074 896 reve-

2501 919 2675 974 rentia
2723 921 2898 975 sancti
2952 921 3227 977 Adalberti
3278 933 3553 995 gratanter
3599 933 3654 981 et
3717 930 4075 984 communiter

2500 1010 2912 1067 custodiendum
2968 1023 3291 1084 acceptans,
3332 1016 3596 1086 plurimos
3638 1033 3809 1073 annos
3859 1020 4076 1074 circiter

2498 1099 2605 1155 230
2628 1100 3072 1172 irrel‘ragahiliter
3085 1105 3415 1169 observavit,
3439 1105 3609 1162 donec
3632 1108 3838 1178 legatus
3858 1110 4073 1178 quidam

2500 1191 2644 1245 sedis
2670 1192 2964 1261 apostolice
2999 1209 3192 1264 magne
3227 1198 3595 1261 auctoritatis,
3634 1199 3821 1254 nolens
3851 1200 3919 1233 "9
3949 1215 4076 1270 gen-

2500 1293 2607 1339 tem
2653 1285 2976 1341 Polouorum
3018 1287 3230 1344 diucius
3280 1289 3402 1343 aliis
3450 1290 3695 1346 ﬁdelibus
3737 1292 3789 1346 in
3818 1294 4076 1347 observa-

2497 1378 2653 1433 cione
2674 1379 2921 1434 annualis
2948 1379 3139 1451 jejunii
3165 1380 3279 1437 fore
3307 1382 3647 1447 dissimilem,
3680 1399 3840 1452 super
3868 1383 4075 1454 prefato

2496 1477 2698 1523 statuto
2745 1470 2888 1525 circa
2939 1487 3139 1525 annum
3181 1472 3248 1503 διο
3293 1473 3505 1527 Domini
3557 1473 3715 1540 1247,
3754 1483 4075 1529 auctoritate

2496 1559 2787 1627 apostolica
2818 1561 3170 1630 dispensavit.

2564 1650 2616 1703 5.
2650 1650 2837 1704 Eeiam
2869 1651 3085 1719 legitur,
3132 1652 3275 1721 quod
3309 1653 3495 1707 volens
3523 1654 3712 1709 beatus
3754 1654 4075 1708 Adalbertus

2497 1741 2733 1795 transire
2765 1742 2829 1795 ad
2875 1751 3049 1797 terras
3089 1744 3223 1797 alias
3262 1759 3609 1814 paganorum,
3640 1746 3845 1800 socium
3877 1745 4074 1799 laboris

2427 1812 2466 1869 Β
2495 1839 2549 1885 et
2589 1832 2799 1886 itineris
2830 1834 2911 1886 sui
2946 1834 3119 1887 virum
3168 1843 3416 1889 sanctum
3459 1835 3676 1889 nomine
3700 1834 4070 1890 Gaudenciutn

2494 1920 2546 1973 in
2576 1920 2788 1976 Gnesen
2841 1938 2936 1992 pro
2966 1938 3023 1977 se
3048 1923 3511 1993 archiepiscopum
3538 1925 3838 1988 constituit,
3871 1926 4039 1995 perdo
4065 1957 4071 1963 -

2493 2022 2718 2082 ctusqne
2779 2014 2831 2066 in
2888 2014 3264 2069 Pomeraniam
3322 2032 3351 2069 a
3405 2017 3539 2071 duce
3586 2026 3727 2071 terre
3777 2016 4072 2070 honoriﬁce

2492 2114 2765 2173 exceptus.
2819 2104 3062 2160 Eundem
3106 2107 3303 2175 quippe
3354 2106 3650 2177 principem
3702 2107 3815 2177 jam
3866 2107 4072 2176 pridem

2492 2206 2710 2250 sanctus
2741 2195 3067 2250 Adalbertus
3115 2196 3168 2250 in
3217 2196 3437 2251 Polonia
3499 2197 3890 2265 baptizaverat,
3949 2211 4071 2249 cum

2492 2286 2618 2340 illuc
2662 2285 2725 2316 ⁸⁸³
2778 2285 3086 2341 advenisset
3130 2301 3227 2355 pro
3275 2288 3381 2340 ﬁlia
3423 2287 3577 2341 ducis
3622 2286 3864 2351 Polonie,
3900 2287 4069 2355 ipsam

2490 2375 2591 2430 sibi
2622 2375 2901 2444 postulans
2942 2378 2994 2430 in
3024 2392 3248 2431 uxorem
3276 2394 3289 2441 ;
3321 2393 3482 2446 quam
3535 2377 3606 2430 illi
3657 2379 3873 2432 tradere
3900 2377 4069 2431 noluit

2490 2478 2776 2537 antequam
2828 2469 2899 2522 ibi
2945 2469 3013 2523 ab
3052 2469 3412 2540 eonpontilicc
3463 2468 3756 2523 Adalbcrto
3814 2468 4066 2537 baptismi

2489 2551 2804 2615 lzivaeht'tttn
2844 2563 3199 2633 percepisset.
3252 2561 3489 2616 Proinde
3535 2570 3795 2616 convocat
3831 2561 3936 2614 dux
3968 2558 4069 2613 Po—

2490 2655 2730 2708 tneranie
2768 2655 3023 2724 populant
3074 2669 3251 2719 suum,
3299 2663 3354 2708 ut
3389 2668 3417 2708 a
3450 2664 3639 2709 sancto
3675 2655 3930 2724 episcopo
3973 2670 4068 2707 au-

2488 2746 2637 2800 diant
2664 2746 2886 2799 verbum
2912 2747 3027 2801 Dei.
3056 2745 3351 2800 Audientes
3378 2747 3543 2817 igitur
3568 2745 3877 2800 Pomcranii
3923 2744 4065 2814 quod

2485 2839 2831 2909 predicaret,
2878 2840 3003 2909 quia
3033 2839 3109 2894 dii
3160 2853 3346 2894 eorum
3375 2854 3512 2908 quos
3563 2838 3831 2901 colebant,
3860 2837 3932 2891 dii
3962 2851 4066 2890 non

2485 2938 2667 2983 essent
2698 2930 2789 2983 sed
2835 2929 3110 2993 demones,
3138 2945 3237 2984 nec
3269 2928 3470 2998 aliquid
3504 2938 3749 2999 prestare
3779 2928 3903 2982 boni
3936 2940 4063 2997 pos-

2484 3031 2629 3087 sent,
2673 3021 3022 3074 vehementer
3066 3020 3326 3090 indignati
3364 3030 3489 3075 sunt
3535 3028 3724 3074 contra
3789 3034 3912 3073 eum
3951 3017 4056 3072 bla-

2486 3110 2850 3180 sphemantes,
2882 3111 3317 3179 conveniuntque
3362 3111 3413 3164 in
3448 3127 3613 3165 uuuut
3660 3110 3750 3179 qui
3783 3110 3925 3164 inter
3970 3123 4063 3165 eos

2408 3175 2451 3235 α
2484 3202 2869 3271 prudettciores
2907 3202 3319 3270 reputabantur,
3371 3216 3492 3255 eum
3545 3215 3706 3269 super
3746 3201 3925 3255 verbis
3952 3199 4065 3254 suis

2484 3292 2809 3360 redarguere
2862 3298 3246 3359 attemptantes
3287 3290 3376 3343 “‘.
3408 3291 3511 3345 Sed
3547 3301 3735 3346 saneto
3774 3290 4065 3345 Adalberto

2481 3384 2645 3437 verba
2682 3382 2787 3436 vite
2838 3381 3051 3450 plenius
3112 3390 3494 3450 prosequente,
3552 3396 3610 3435 se
3644 3382 3694 3435 in
3749 3381 4063 3450 deceptione

2487 3475 2731 3531 devictos
2760 3473 3109 3537 conﬁtentur,
3142 3487 3242 3526 nec
3283 3482 3458 3526 tamen
3490 3488 3518 3525 a
3549 3472 3692 3527 cultu
3715 3479 3974 3527 consueto
4002 3486 4065 3526 ac
4124 3482 4129 3486 ‘

2479 3567 2671 3637 primis
2709 3565 3097 3619 tradicionibus
3156 3579 3214 3617 se
3265 3563 3399 3617 velle
3433 3563 3687 3618 recedere
3716 3562 4059 3633 pollicentur.

2479 3656 2849 3711 Ammirantes
2880 3655 3043 3725 igitur
3074 3653 3225 3709 valde
3250 3670 3411 3724 super
3432 3654 3720 3723 prudencia
3751 3662 3803 3708 et
3843 3667 4061 3722 respon-

2480 3749 2554 3802 sis
2576 3748 2692 3817 ejus
2722 3754 2776 3801 et
2798 3746 3094 3801 venerabili
3124 3761 3356 3817 persone
3400 3746 3566 3816 ipsius
3605 3745 3920 3799 reverencia
3950 3743 4058 3798 ille-

2478 3841 2550 3896 (ειί
2576 3841 2664 3904 ³³³,
2698 3840 2980 3909 ipsumque
3004 3854 3167 3909 super
3188 3853 3529 3893 communem
3554 3846 3753 3892 statum
3781 3837 4057 3891 hominum

2476 3946 2597 3985 esse
2631 3930 2820 3998 aliquit
2847 3930 3191 3993 arbitrantes,
3236 3931 3513 3999 petebant,
3565 3938 3623 3983 ut
3648 3945 3771 3984 cunt
3803 3928 3925 3983 aliis
3957 3928 4061 3982 diis

2476 4039 2662 4079 eorum
2692 4023 2759 4077 ab
2798 4022 2932 4091 ipsis
2961 4038 3018 4077 se
3047 4024 3385 4091 permitteret
3418 4023 3655 4077 adorari.
3692 4022 3810 4089 Quo
3855 4022 4057 4086 audito,

2477 4116 2561 4169 vir
2610 4115 2702 4170 Dei
2752 4114 2977 4168 nimium
3009 4113 3361 4168 contristatus
3384 4129 3446 4168 ac
3485 4122 3633 4168 tanto
3670 4112 3844 4168 errori
3870 4127 4058 4168 eorum

2476 4206 2813 4271 condolens,
2863 4206 3101 4277 graviter
3177 4205 3469 4275 ingemuit,
3525 4203 3777 4259 lacrimas
3846 4218 4059 4273 quoque

2477 4299 2709 4356 ubertim
2741 4299 3072 4367 profundens
3099 4298 3186 4361 ⁸⁸⁵,
3221 4298 3301 4351 sic
3332 4297 3415 4351 eis
3445 4297 3732 4366 respondet
3761 4310 3775 4349 :
3809 4294 3927 4349 Heu
3956 4295 4055 4348 mi-

2474 4391 2620 4445 seri!
2648 4407 2806 4460 quam
2859 4390 2964 4443 ceci
2999 4390 3123 4443 estis
3165 4399 3213 4442 et
3239 4406 3396 4459 quant
3448 4389 3659 4458 perditi,
3704 4397 4058 4458 quantumque

2473 4482 2739 4552 piorandi,
2794 4482 2883 4546 qui
2935 4497 3038 4535 non
3091 4480 3258 4534 solum
3311 4481 3618 4535 demonibus
3673 4481 3911 4550 pessimis
3970 4478 4055 4531 sed

2400 4547 2446 4605 D
2473 4577 2637 4629 eciam
2680 4575 2880 4629 homini
2906 4574 3117 4628 mortali
3152 4574 3402 4628 deitatem
3433 4574 3585 4628 vultis
3630 4574 3923 4636 ascribere;
3958 4588 4055 4642 que

2474 4670 2575 4723 nisi
2600 4668 2695 4721 soli
2721 4666 2828 4721 Deo
2855 4668 3022 4721 inesse
3047 4676 3235 4737 potest.
3271 4668 3360 4734 qui
3387 4677 3573 4721 cuncta
3598 4667 3809 4720 creavit.

2526 4759 2596 4811 '6.
2620 4758 2744 4812 Inde
2768 4757 3049 4812 Prusciam
3085 4772 3234 4812 mare
3265 4758 3555 4820 transiens,
3588 4756 3833 4825 adjunin
3856 4770 3914 4813 se
3941 4758 4053 4812 cui-

2474 4857 2595 4910 dam
2620 4853 2877 4917 Pruteno,
2930 4854 3021 4923 qui
3053 4853 3363 4909 Polonicam
3411 4851 3651 4921 linguam
3687 4851 3857 4916 novit,
3890 4865 4051 4921 quem

2473 4946 2537 4997 ad
2569 4944 2727 4998 ﬁdem
2770 4942 2878 4998 cito
2903 4943 3190 4998 convertit.
3225 4942 3327 5009 Qui
3359 4940 3599 5011 hospicio
3632 4941 3849 4996 beatum
3879 4940 4053 5017 ponti:

2468 5036 2622 5090 ﬁcem
2668 5036 2967 5103 excipiens,
3021 5036 3120 5105 ipsi
3174 5042 3486 5089 reverenter
3515 5032 3860 5101 sequebatur,
3900 5041 3957 5087 et
3984 5034 4048 5086 de

2470 5128 2722 5182 mandato
2777 5127 2913 5198 ejus,
2966 5126 3330 5182 Christianum
3382 5139 3441 5180 se
3492 5139 3610 5180 esse
3639 5125 3706 5180 ad
3739 5133 3946 5193 tempus
3979 5124 4045 5179 ab

2469 5219 2589 5272 aliis
2623 5216 2949 5273 occultabat.

2540 5307 2588 5361 7.
2632 5307 2854 5379 Legitur
2882 5317 2937 5361 et
2985 5307 3074 5372 “',
3122 5307 3265 5375 quod
3310 5305 3630 5360 imminente
3663 5305 3914 5375 passione
3952 5319 4046 5358 sua
