4486 5544
377 356 480 411 893

1822 342 2191 396 MlR.\C|'LA.

3486 328 3590 383 894

376 466 567 536 pagani
596 464 696 517 hoc
724 462 987 524 videntes,
1022 461 1160 513 inter
1186 473 1244 513 se
1273 457 1536 510 clamores
1560 458 1932 509 excitaverunt
1966 460 2008 513 Α
2042 463 2167 515 tem,
2198 468 2259 505 ex
2289 452 2491 520 judicio
2520 452 2570 503 in
2603 450 2771 503 virum
2805 450 3002 515 impetu
3032 447 3172 499 facto
3203 486 3215 507 ,
3242 443 3427 497 multis
3474 456 3594 495 eum

377 555 614 607 dicentes
646 568 661 603 :
696 547 827 601 Ecce
869 550 950 600 hic
977 552 1043 599 ad
1079 564 1168 599 nos
1215 548 1418 597 veniens
1466 545 1852 595 iarantaciones
1889 551 1935 592 et

376 641 633 707 maleficia
682 655 778 691 sua
807 638 874 688 ad
920 635 1299 687 maledicendos
1333 650 1425 685 nos
1471 640 1517 685 et
1570 631 1937 683 morbidundos

376 742 597 785 exercet.
649 728 845 781 Eamus
888 728 1047 794 igitur
1070 734 1117 778 et
1162 740 1256 793 pro
1298 724 1662 777 conservam-ia
1694 729 1937 773 nostraet

376 821 541 888 patrie
589 818 753 871 salute
793 818 1087 870 occidamus
1124 832 1260 869 eum.
1304 814 1436 869 Cum
1470 824 1644 867 autem
1677 811 1829 865 velud
1862 811 1939 862 in-

378 910 494 962 sani
529 909 784 961 adversus
834 916 1076 960 sanctum
1124 913 1467 959 sacrosancta
1540 902 1776 955 misteria
1820 915 1937 968 per-

380 1009 622 1069 agentem
666 998 733 1030 “⁶
775 1008 1175 1061 concurrerent,
1214 1012 1351 1050 unus
1388 1011 1453 1049 ex
1494 996 1621 1065 ipsis
1652 994 1939 1062 respiciens

379 1096 499 1156 past
548 1097 751 1157 tergum
805 1088 935 1141 vidit
985 1088 1297 1139 immensam
1331 1086 1596 1137 flammam
1632 1085 1785 1153 ignis,
1836 1096 1939 1150 que

381 1185 548 1229 totam
601 1176 774 1228 villam
827 1176 1142 1228 comburere
1197 1175 1491 1233 \idebatur,
1543 1183 1596 1227 et
1643 1171 1940 1226 vociferans

380 1266 593 1320 fortiter
642 1268 802 1321 sociis
852 1268 1081 1328 indicat;
1122 1276 1338 1333 propter
1366 1266 1505 1334 quod
1546 1280 1734 1318 onmes
1778 1278 1937 1331 quam

379 1355 625 1409 celeriter
657 1366 1011 1409 revertuntur.
1062 1356 1236 1409 Nichil
1268 1358 1446 1423 itaque
1477 1355 1689 1423 dampni
1722 1355 1821 1408 sibi
1856 1369 1939 1407 ac-

380 1445 574 1498 cidisse
623 1455 1025 1513 cognoscentes,
1075 1446 1164 1497 sed
1199 1444 1440 1498 videntes
1468 1445 1591 1512 quia
1625 1443 1761 1497 illusi
1792 1453 1937 1505 sunt,

380 1535 608 1603 amplius
648 1550 807 1601 quam
838 1545 991 1587 antea
1028 1533 1266 1587 furentes
1292 1539 1357 1586 ad
1390 1534 1615 1587 invicem
1647 1533 1937 1601 loqueban-

381 1632 468 1676 tur
498 1643 509 1675 :
543 1623 902 1677 Fautasticum
948 1625 1043 1691 fuit
1078 1626 1211 1693 quod
1240 1626 1557 1691 aspeximus,
1610 1633 1654 1675 et
1685 1638 1746 1673 ex
1773 1622 1820 1673 vi
1866 1621 1940 1672 in-

378 1716 699 1767 cautacionis
741 1716 853 1781 ejus
890 1715 991 1766 tale
1044 1714 1180 1781 quod
1226 1713 1462 1780 apparuit
1497 1713 1659 1763 nobis.
1696 1710 1940 1763 Secundo

2039 543 2354 597 verberibus
2383 542 2647 604 afficiunt,
2686 556 2749 593 ac
2780 540 2829 591 itt
2858 538 3067 591 vincula
3092 534 3396 601 conjectum
3430 532 3591 584 variis

2037 632 2276 701 afﬂigunt
2304 631 2599 699 suppliciis,
2619 638 2674 682 ut
2704 638 2915 682 sanctas
2941 627 3195 693 reliquias
3216 626 3295 678 eis
3312 630 3595 676 monstret.

2040 723 2277 789 Denique
2309 722 2613 789 relinquens
2645 719 2950 772 mandatum
3009 716 3098 770 Dei
3127 757 3140 777 ,
3184 713 3474 768 derelictus
3513 720 3596 764 est

2039 817 2105 868 ab
2135 830 2232 879 eo;
2259 824 2312 867 et
2339 814 2565 868 traditus
2594 813 2787 882 injuste
2814 809 3059 879 potestati
3099 807 3405 876 impiorum,
3441 801 3599 857 satis-

2038 906 2165 961 fecit
2210 908 2444 975 ipsorum
2494 902 2775 957 voluntati.
2820 900 3127 953 Traduntur
3182 906 3358 949 tamen
3410 900 3598 945 sancta

2041 998 2278 1052 membra
2328 995 2625 1064 propltanis
2659 991 2906 1045 manibus
2949 988 3304 1057 asportanda,
3338 999 3443 1053 que
3474 994 3596 1035 cum

2040 1086 2396 1155 disposicionc
2423 1098 2649 1151 superna
2682 1088 2989 1134 reverenter
3022 1078 3119 1147 ipsi
3167 1074 3379 1129 barbari
3422 1079 3599 1125 custo-

2040 1178 2273 1236 dierunt,
2306 1175 2389 1229 vel
2416 1175 2539 1242 quia
2571 1174 2612 1226 si
2642 1173 2742 1226 hoc
2768 1186 2871 1223 non
2906 1168 3142 1222 facerent
3180 1163 3389 1234 flagello
3413 1162 3595 1216 divino

2041 1267 2247 1335 percuti
2275 1263 2652 1322 formidabant,
2679 1259 2911 1327 autquia
2940 1254 3261 1311 Christianis
3280 1267 3342 1305 ea
3370 1251 3597 1305 vendere

2041 1357 2361 1425 cogitabant.
2390 1354 2467 1407 Illi
2494 1367 2617 1405 vero
2648 1352 2736 1419 qui
2767 1350 2989 1420 digitum
3023 1348 3191 1403 sancti
3231 1343 3497 1415 pontificis
3541 1342 3591 1394 in

2041 1446 2205 1514 piscis
2236 1453 2418 1497 ventre
2444 1448 2817 1509 reperuerunt,
2841 1448 3191 1508 properanter
3216 1434 3285 1465 ⁸⁸³
3309 1473 3324 1496 ,
3375 1441 3431 1485 ut
3462 1430 3593 1497 legi-

2042 1546 2150 1597 tur,
2177 1534 2315 1596 illos,
2347 1533 2483 1600 apud
2508 1546 2643 1598 quos
2668 1527 2972 1583 veneranda
3002 1524 3242 1579 membra
3283 1536 3401 1576 esse
3433 1533 3595 1573 nove-

2042 1634 2203 1687 rant,
2246 1625 2530 1685 adierunt,
2562 1634 2856 1689 omnesque
2898 1617 3067 1672 sancti
3093 1613 3335 1684 corporis
3378 1610 3598 1679 digitum

2044 1717 2242 1770 lumine
2264 1715 2445 1769 celesti
2477 1712 2810 1781 conspiciunt
2840 1710 3070 1773 radiare,
3091 1708 3156 1761 ad
3179 1705 3321 1775 quod
3359 1709 3603 1771 spectan-

380 1801 545 1871 igitur
603 1813 789 1855 contra
830 1812 1069 1855 sanctum
1124 1801 1215 1854 Dei
1266 1802 1523 1853 atrociter
1566 1806 1939 1858 accurrernnl,
1973 1788 2019 1849 B
2048 1806 2171 1859 dum
2206 1804 2519 1857 miraculum
2546 1812 2654 1855 ιυιθ
2683 1800 2805 1852 vina
2834 1797 3105 1853 conﬂuens
3135 1805 3189 1850 ει
3217 1803 3455 1861 stupens,
3485 1804 3602 1843 cor.

380 1889 649 1958 similique
696 1891 898 1943 visione
957 1898 1014 1942 ut
1060 1889 1207 1957 prius
1259 1886 1615 1955 expavefacti,
1659 1887 1713 1939 in
1764 1885 1941 1937 villam

381 1994 539 2034 cursu
580 1996 803 2050 propero
836 1982 1134 2041 redeuntes,
1166 1980 1351 2033 domos
1374 1993 1497 2031 suas
1525 1978 1700 2031 illesas
1726 1975 1943 2028 omnino

383 2087 503 2124 cum
529 2073 776 2126 omnibus
799 2088 901 2140 que
930 2071 1199 2126 habebant
1228 2071 1581 2140 reperierunt,
1606 2083 1738 2138 quas
1761 2068 1945 2119 incen-

381 2160 470 2214 dio
524 2162 736 2228 penitus
775 2170 1090 2229 putaverant
1147 2161 1371 2228 perisse.
1436 2159 1479 2214 Ο
1529 2160 1662 2212 mira
1701 2156 1941 2227 potencia

384 2249 510 2302 Dei!
542 2250 585 2303 Ο
638 2251 1001 2304 inscrntahilis
1057 2250 1281 2304 altitudo
1329 2249 1600 2318 sapiencie
1633 2259 1685 2301 ct
1711 2248 1944 2301 sciencie

382 2339 518 2407 ejus,
552 2356 657 2409 que
705 2330 942 2394 suaviter
972 2342 1257 2408 disponens
1287 2342 1487 2402 omnia,
1542 2340 1664 2392 illud
1704 2338 1941 2391 divinum

385 2446 446 2483 ac
494 2431 688 2484 celeste
738 2441 1130 2484 Sacramenttnn
1161 2430 1450 2483 ludibrium
1494 2429 1829 2490 estimantes,
1867 2426 1944 2479 sic

384 2521 484 2574 levi
517 2521 745 2575 ludibrio
792 2522 1014 2584 delusit,
1058 2530 1112 2573 ut
1173 2521 1447 2574 delusorcs
1479 2520 1691 2589 maligni
1721 2534 1815 2586 per
1843 2518 1944 2569 hoc

387 2612 582 2679 corripi
620 2621 674 2665 et
724 2612 986 2665 sacrificia
1042 2621 1228 2665 sancta
1256 2629 1375 2665 cum
1401 2614 1741 2666 sanctissimo
1770 2607 1945 2681 ponti-

386 2700 485 2755 fice
517 2703 799 2756 assistente
831 2704 1137 2757 conservari
1169 2704 1371 2756 illibata
1405 2704 1660 2758 valerent.

455 2790 508 2844 8.
560 2790 777 2860 Legitur
826 2792 1020 2856 eciam,
1068 2794 1206 2860 quod
1258 2804 1415 2861 caput
1472 2795 1635 2861 ipsius
1678 2795 1943 2849 abscisum

387 2896 545 2948 super
585 2896 839 2935 cacumen
887 2882 1114 2947 arboris,
1170 2883 1266 2936 sub
1316 2900 1418 2952 qua
1467 2886 1681 2936 missam
1708 2884 1946 2938 celebra—

386 2982 557 3036 verat,
597 2975 1006 3042 suspenderunt,
1048 2984 1101 3029 et
1132 2986 1188 3029 ut
1216 2976 1632 3045 circumquaque
1662 2977 1727 3030 ab
1775 2976 1945 3029 omni-

382 3065 484 3119 bus
529 3080 557 3118 a
609 3065 765 3135 longe
810 3066 974 3119 videri
1024 3065 1327 3133 iniquorum
1364 3064 1700 3119 exultacione
1746 3073 1941 3129 posset,

380 3164 550 3211 totam
615 3157 788 3210 trunci
843 3164 1044 3224 partem
1110 3157 1409 3223 proximam
1466 3156 1649 3209 vertici
1712 3155 1939 3209 desectis

383 3244 551 3297 ramis
598 3243 833 3297 totaliter
894 3246 1247 3297 nudaverunt.
1300 3242 1539 3311 Cumque
1602 3257 1795 3311 corpus
1857 3258 1939 3296 sa-

385 3346 536 3385 crum
592 3332 930 3386 membratim
963 3332 1291 3400 discerptum
1325 3334 1427 3386 huc
1470 3333 1699 3401 illucque
1739 3332 1942 3401 disper-

385 3420 612 3482 dissent,
662 3422 856 3489 hospes
904 3422 1071 3490 ipsius
1105 3436 1200 3490 per
1247 3422 1493 3493 angelum
1545 3423 1636 3477 Dei
1687 3422 1945 3476 divinitus

316 3525 321 3530 ·
386 3509 713 3563 ammonitus
745 3510 810 3539 “7
838 3518 941 3572 est,
971 3518 1027 3562 ut
1053 3509 1289 3563 membra
1319 3511 1397 3565 sic
1420 3512 1703 3580 diligenter
1733 3510 1946 3579 collige-

386 3606 771 3666 ret,quatenus
794 3600 865 3652 nil
896 3601 962 3653 de
995 3600 1125 3669 ipsis
1151 3602 1418 3671 deperiret
1440 3612 1492 3655 et
1515 3614 1692 3657 mente
1713 3603 1950 3658 recondi-

387 3696 441 3741 ta
479 3688 909 3741 reverentissime
936 3698 1301 3743 conservaret.
1330 3690 1506 3744 Atille
1530 3693 1712 3746 cetesti
1748 3693 1950 3751 visione

383 3771 682 3842 obedi'ens,
748 3779 800 3831 in
852 3778 1043 3831 timore
1099 3789 1287 3834 sancto
1357 3781 1594 3835 studiose
1662 3785 1952 3853 peragebat

383 3868 525 3935 quod
556 3867 655 3921 sibi
686 3866 859 3921 fuerat
889 3868 1229 3932 imperatum.
1264 3868 1686 3939 Verumptamen
1729 3889 1848 3927 cum
1876 3874 1945 3905 “'

385 3958 593 4028 singula
649 3960 819 4011 frusta
864 3960 1092 4013 solerter
1148 3960 1526 4016 coherentibus
1581 3963 1802 4017 artubus
1848 3964 1943 4017 ad-

384 4056 613 4115 aptaret,
629 4049 786 4101 unius
802 4065 989 4103 manus
1003 4050 1187 4103 deesse
1210 4051 1308 4104 sibi
1336 4051 1555 4121 digitum
1572 4052 1944 4121 deprehendit,

384 4150 542 4204 quem
558 4137 772 4207 quidam
802 4152 866 4191 ex
893 4138 1111 4205 perfidis
1132 4139 1399 4193 abscisum
1424 4150 1640 4207 propter
1663 4141 1938 4202 annulum,

383 4225 656 4279 abstracto
682 4240 823 4289 eum,
845 4229 896 4279 in
919 4226 1135 4282 flumine
1161 4230 1462 4299 projecerat
1491 4230 1557 4263 ⁸³⁸
1582 4229 1736 4285 Hunc
1763 4232 1941 4299 itaque

382 4314 644 4369 sollicitus
670 4316 912 4385 pluribus
942 4319 1129 4373 diebus
1174 4321 1298 4374 hinc
1334 4321 1455 4375 inde
1497 4322 1813 4391 perquirens
1839 4362 1853 4387 ,
1885 4331 1938 4376 et

380 4404 497 4459 loca
524 4421 735 4477 queque
763 4419 1109 4477 perscrutans
1136 4451 1149 4473 ,
1201 4411 1420 4465 minime
1457 4414 1795 4481 reperiebat;
1851 4414 1939 4466 die

380 4504 556 4549 autem
585 4500 815 4567 quadam
848 4516 983 4554 uxor
1010 4500 1123 4569 ejus
1146 4502 1337 4556 mirata
1378 4519 1539 4573 super
1572 4504 1673 4558 hoc
1712 4505 1939 4559 interro-

378 4585 523 4653 gavit
557 4602 698 4652 eum,
728 4590 981 4657 quidnam
1010 4590 1169 4655 foret,
1201 4594 1341 4659 quod
1366 4601 1473 4645 tant
1506 4596 1695 4649 anxius
1729 4604 1937 4649 tantum

378 4675 657 4742 queritans
686 4678 956 4733 circuiret.
986 4680 1085 4745 Qui
1133 4682 1307 4749 primo
1350 4683 1454 4737 ullo
1505 4686 1660 4738 modo
1696 4685 1936 4740 revelare

378 4766 551 4819 uoluit
586 4767 685 4831 “°,
716 4770 809 4824 sed
837 4772 1046 4825 tandem
1083 4773 1255 4827 victus
1281 4775 1423 4828 tedio
1448 4789 1509 4829 ex
1540 4776 1858 4845 inprobitate
1872 4778 1938 4813 ⁸⁸¹

376 4855 638 4925 conjugis,
667 4868 935 4911 secretum
961 4859 1058 4913 sibi
1086 4861 1400 4930 propalavit;
1445 4879 1548 4931 qtte
1598 4880 1718 4917 mox
1758 4874 1941 4935 utpote

377 4945 609 5001 infidelis
641 4950 831 5002 vicinis
856 4952 1112 5019 prodidit,
1142 4953 1373 5021 qualiter
1399 4957 1538 5023 apud
1576 4957 1746 5010 virum
1776 4974 1932 5014 suum

374 5049 529 5089 sacre
554 5038 743 5091 exuvie
764 5038 832 5070 δ”
859 5039 1082 5095 collecte
1104 5052 1262 5110 atque
1289 5044 1561 5098 recondite
1590 5045 1881 5102 baberentu
1893 5064 1934 5103 r.

371 5122 538 5190 Cujus
565 5126 890 5195 prodicionis
912 5131 1037 5200 quia
1078 5132 1159 5185 vir
1186 5140 1376 5187 auctor
1422 5132 1633 5204 fuerat,
1682 5137 1829 5193 illico
1869 5154 1933 5194 os

370 5216 490 5285 ejus
520 5220 588 5273 ita
619 5221 891 5275 inversum
920 5235 1001 5280 est
1024 5232 1381 5289 monstruose,
1414 5235 1471 5280 ut
1496 5228 1583 5283 vix
1605 5245 1819 5287 sumere
1860 5233 1931 5288 ci-

367 5310 496 5365 bum
516 5321 569 5365 et
600 5320 787 5382 potum
809 5352 823 5377 ,
864 5317 1166 5373 nullatenus
1197 5315 1338 5383 loqui
1372 5326 1571 5386 posset.
1612 5318 1810 5390 Pagani
1841 5337 1935 5377 au-

2045 1911 2144 1965 pus
2169 1896 2384 1948 beatum
2416 1902 2562 1945 tanto
2591 1890 2948 1945 clarificatum
2986 1887 3231 1958 prodigio
3258 1885 3327 1916 “‘
3353 1882 3603 1949 deinceps

2045 1982 2294 2051 ampliori
2343 1980 2654 2035 reverencia
2705 1978 3109 2031 confirmabant.
3167 1975 3331 2028 Porro
3372 1973 3604 2027 scientes

1996 2102 2012 2118 ο
2044 2070 2261 2125 Pruteni
2300 2069 2553 2137 reliquias
2622 2067 2873 2135 martyris
2908 2065 3125 2134 gloriosi
3181 2064 3407 2132 principi
3459 2061 3603 2112 chri—

2045 2160 2375 2215 stianissimo
2408 2158 2525 2212 duci
2558 2156 2775 2212 Pulnnic
2821 2168 3014 2225 magno
3052 2151 3293 2209 Boleslao
3328 2149 3604 2221 preciusas

2045 2251 2307 2311 existere,
2342 2248 2556 2301 mittunt
2583 2248 2647 2300 ad
2679 2264 2797 2300 cunt
2827 2247 3080 2300 nunccios
3110 2245 3346 2297 dicentes
3378 2258 3392 2293 :
3427 2239 3600 2293 Nove-

2047 2346 2137 2405 ris,
2182 2344 2326 2395 illum
2361 2344 2511 2395 deum
2534 2354 2699 2405 tuum,
2737 2358 2884 2411 quem
2920 2340 3293 2407 interfuimus,
3332 2337 3469 2406 apud
3516 2352 3579 2388 no

2045 2452 2169 2490 esse.
2220 2434 2279 2488 Si
2306 2435 2376 2488 vis
2409 2450 2649 2501 magnam
2692 2433 2835 2485 nobis
2884 2433 3009 2484 dare
3053 2431 3357 2497 pecuniam,
3386 2426 3608 2496 prompti

2047 2542 2222 2579 sumus
2256 2524 2600 2576 transmittere
2643 2521 2787 2573 illum
2815 2522 2925 2573 tibi.
2952 2520 3186 2573 Audiens
3207 2518 3308 2571 hoc
3342 2514 3609 2570 nobilissi-

2048 2633 2167 2671 mus
2195 2616 2459 2684 princeps,
2492 2614 2710 2682 gavisus
2736 2621 2818 2666 cst
2847 2611 3039 2681 gaudio
3068 2624 3281 2676 magno.
3310 2616 3363 2661 et
3390 2607 3606 2659 mittens

2048 2709 2287 2777 precium
2316 2706 2665 2775 postulatum,
2694 2705 2931 2772 suscepit
2960 2719 3080 2758 cum
3128 2700 3481 2756 veneracione
3510 2696 3603 2751 de-

2048 2798 2155 2851 bita
2177 2812 2367 2863 corpus
2394 2811 2628 2849 sacrum.
2661 2792 2854 2846 Fertur
2895 2792 3092 2845 factutn
3125 2789 3371 2843 mirabile
3403 2787 3455 2839 in
3500 2786 3605 2837 vir-

2050 2900 2162 2941 tute
2188 2887 2279 2939 Dei
2308 2927 2322 2949 ,
2347 2886 2468 2954 quia
2501 2900 2695 2953 corpus
2737 2884 2899 2948 illttd,
2950 2882 3089 2950 quod
3143 2880 3397 2948 templum
3447 2885 3608 2943 atque

2048 2992 2307 3045 organum
2339 2974 2569 3043 Spiritus
2595 2973 2767 3027 sancti
2800 2973 3075 3035 extiterat,
3102 2985 3163 3024 ex
3191 2977 3347 3038 pacto
3374 2980 3610 3035 pagano:

2051 3081 2167 3118 rum
2207 3065 2271 3119 de
2324 3064 2549 3133 pecunia
2596 3061 2939 3131 reponderari
2982 3061 3246 3115 deberet:
3280 3057 3511 3125 positum
3556 3054 3609 3106 in

2052 3166 2271 3216 statera,
2307 3156 2632 3209 levissimum
2666 3153 2864 3207 factum
2889 3152 3148 3221 est,qnod
3171 3151 3321 3219 quasi
3344 3150 3413 3179 “'
3444 3146 3607 3201 nichil

2042 3246 2262 3299 omnino
2295 3245 2467 3297 indice
2492 3258 2625 3311 equa
2660 3242 2810 3295 lance
2839 3242 3140 3309 appendere
3172 3240 3436 3293 videatur.
3466 3236 3598 3291 Cum

2044 3335 2345 3389 deferretur
2374 3334 2441 3363 ⁸⁵⁸
2471 3336 2535 3385 ad
2564 3333 2843 3387 cenobium
2890 3332 3030 3399 quod
3063 3330 3277 3385 Gnesna
3320 3343 3599 3397 nuncupa-

2050 3434 2135 3479 tur
2159 3426 2422 3494 pervenit,
2456 3426 2632 3493 ibique
2659 3425 2724 3477 de
2770 3438 2990 3477 assensu
3020 3422 3242 3491 predicti
3290 3420 3443 3474 ducis
3482 3434 3607 3473 cum

2048 3530 2286 3583 congrua
2318 3515 2671 3568 veneracione
2698 3523 2778 3567 est
2799 3512 3046 3581 primitus
3074 3511 3414 3564 collocatum.
3472 3507 3603 3562 Cre-

2053 3605 2427 3661 brescentibus
2467 3605 2628 3673 igitur
2654 3612 2707 3657 et
2744 3603 2899 3673 longe
2924 3603 3133 3670 lateque
3161 3598 3609 3654 circumsmianti-

2049 3696 2148 3750 bus
2170 3696 2235 3726 ’⁵⁵⁷
2260 3694 2476 3763 gloriosi
2507 3693 2776 3763 pontificis
2802 3694 3074 3761 signorum
3091 3692 3377 3759 preceniis,
3412 3690 3491 3742 vir
3522 3687 3609 3741 ille

2050 3787 2137 3855 qui
2172 3787 2363 3854 hospes
2396 3786 2445 3837 in
2478 3783 2698 3837 Prttscia
2730 3784 2925 3845 fuerat,
2959 3784 3042 3835 cui
3070 3791 3247 3833 reatus
3276 3796 3404 3833 suns
3444 3794 3505 3831 os
3532 3778 3609 3829 in-

2053 3884 2301 3938 torserat,
2327 3876 2391 3928 ad
2422 3874 2685 3941 prcfatum
2737 3873 3119 3927 monasterium
3161 3887 3280 3925 cum
3322 3868 3612 3923 devocione

2049 3968 2216 4029 venit,
2248 3975 2301 4018 et
2325 3966 2457 4018 fusis
2485 3966 2739 4034 precibus
2764 3979 2883 4017 cum
2911 3962 3149 4015 lacrimis
3187 3962 3235 4014 in
3264 3962 3444 4014 animo
3482 3974 3608 4013 con-

2048 4056 2173 4109 trito
2200 4055 2263 4108 ad
2295 4064 2537 4107 sanctum
2568 4054 2915 4106 Adalbertntn
2955 4052 3210 4104 continuo
3257 4066 3351 4103 usu
3405 4062 3613 4101 sermo-

2045 4146 2129 4199 nis
2158 4146 2255 4197 sibi
2290 4144 2555 4197 ruddendo
2595 4143 2904 4211 plenissime
2934 4150 3016 4194 cst
3044 4150 3283 4202 curatus,
3314 4150 3367 4193 et
3411 4138 3609 4192 conﬁr-

2046 4244 2218 4289 matus
2246 4235 2299 4287 in
2337 4234 2495 4296 bono,
2530 4245 2697 4300 usque
2739 4232 2792 4285 in
2823 4232 2980 4285 finem
3022 4232 3127 4283 vite
3154 4244 3247 4285 sue
3279 4229 3385 4283 Deo
3431 4238 3484 4282 et
3514 4228 3609 4281 ho-

2042 4328 2165 4396 spiti
2213 4341 2311 4378 suo
2359 4333 2542 4379 sancto
2575 4323 2796 4392 martyri
2846 4323 2897 4375 in
2954 4331 3137 4375 sancta
3193 4320 3609 4374 convcrsacione

2046 4419 2287 4473 serviens
2316 4417 2611 4485 permansit
2654 4416 2867 4468 ibidem.
2907 4414 3030 4467 Post
3061 4412 3447 4481 aliquantulum
3480 4424 3607 4465 vero

2049 4509 2301 4577 temporis
2322 4516 2441 4562 orto
2456 4508 2741 4561 belloiuter
2756 4523 2991 4575 paganos
3006 4507 3256 4559 linitimos
3280 4514 3329 4559 et
3357 4503 3604 4564 Polonos,

2043 4609 2287 4654 metuens
2334 4600 2584 4668 princeps
2629 4607 2993 4659 memoratus,
3028 4610 3094 4649 ne
3128 4596 3264 4649 forte
3312 4594 3491 4662 aliquo
3538 4594 3609 4645 si-

2045 4692 2217 4745 nistro
2256 4692 2519 4744 bellorum
2548 4698 2740 4743 eventu
2797 4697 3000 4741 tantum
3034 4687 3341 4740 thesaurum
3385 4684 3607 4753 perdere

2043 4792 2242 4849 posset,
2272 4794 2454 4835 sacras
2477 4779 2727 4847 reliquias
2757 4792 2876 4830 cum
2906 4776 3104 4845 ingenti
3134 4776 3302 4844 gloria
3332 4790 3428 4827 vtn
3460 4771 3603 4828 Ydus

2046 4869 2358 4925 Novembris
2389 4872 2440 4923 iu
2470 4865 2681 4925 Gnescn
2717 4868 3009 4931 transtulit,
3041 4868 3127 4920 ubi
3156 4883 3250 4936 per
3274 4866 3438 4935 ipsius
3466 4880 3611 4917 utar-

2045 4961 2178 5031 tyris
2199 4960 2415 5031 gloriosi
2457 4962 2645 5014 merita
2679 4959 2945 5014 mirabilia
2973 4957 3136 5011 multa
3168 4956 3303 5010 fiunt
3326 4954 3415 5005 ⁸⁸⁸.

2110 5051 2161 5107 9.
2196 5051 2437 5120 Denique
2464 5049 2587 5106 Otto
2619 5050 2936 5122 imperator,
2967 5048 3058 5117 qui
3088 5048 3305 5101 beatum
3344 5042 3603 5097 Adalbcr-

2041 5151 2151 5197 tum
2182 5143 2233 5197 in
2256 5144 2363 5201 «ita
2390 5157 2483 5196 sua
2511 5156 2905 5213 preceptorem,
2938 5141 2992 5195 in
3015 5135 3497 5207 justiﬁcacionibus
3518 5134 3614 5188 Dei

2040 5231 2361 5289 familiarem
2398 5240 2557 5301 atque
2586 5231 3025 5290 amantissimum
3054 5230 3320 5285 habuerat
3348 5266 3361 5289 ,
3417 5226 3469 5277 in
3497 5239 3623 5292 gra-

2040 5339 2159 5380 vem
2182 5324 2537 5399 egritudinem
2565 5322 2741 5382 Rome
2764 5323 3003 5380 existens
3028 5320 3248 5387 decidit,
3276 5325 3331 5373 et
3356 5330 3447 5383 spe
3484 5315 3629 5369 salu-

1662 5449 1892 5506 ἾΑΒΙᾹΞ
1932 5452 2341 5506 LECTIONRS-
