4486 5544
861 433 962 489 895

1809 430 1863 484 S.
1906 426 2289 482 ADALBERTI
2329 426 2630 483 EPlSCOPl
2667 429 3044 484 PRAGENSIS

3986 425 4089 480 896

879 544 924 596 is
963 541 1291 597 medicorum
1322 541 1521 609 "’jam
1557 540 1776 593 omnino
1823 539 1997 591 fuerat
2023 540 2325 592 destitutus.
2374 539 2428 591 In
2462 552 2504 604 Α
2536 541 2600 594 de
2658 556 2921 594 consensu
2965 540 3261 609 principum
3302 540 3636 609 presencium
3684 539 3856 609 ipsum
3910 553 4086 609 regem

863 631 1120 684 extremis
1149 631 1312 700 igitur
1358 629 1563 699 positus
1588 668 1602 687 .
1635 627 1904 697 apostolos
1934 627 2172 695 aliosque
2217 637 2432 681 sanctos

865 728 1123 788 patronos
1157 719 1314 773 Urbis
1343 732 1441 787 pro
1470 719 1579 770 vita
1606 714 1970 771 conservanda
2001 715 2313 784 suppliciter
2359 716 2434 769 iu-

865 811 1112 864 vocabat.
1160 809 1264 864 Sed
1293 824 1414 864 cum
1456 808 1600 862 nullo
1649 807 1718 838 “°
1749 807 1904 860 modo
1931 806 2031 859 sibi
2067 807 2253 860 adesse
2307 821 2432 860 sen-

867 898 992 952 tiret
1021 897 1276 951 auxilium
1302 936 1317 962 ,
1346 898 1412 951 ad
1460 897 1540 950 sui
1571 897 1642 964 pii
1669 896 1734 927 ⁸⁶¹
1763 897 1932 966 patris
1969 895 2112 950 beati
2160 896 2432 950 Adalberli

867 1001 927 1040 se
951 986 1225 1040 conventit
1251 986 1606 1055 patrocinium
1635 983 1981 1053 ﬂagitandum
2011 985 2101 1049 ιδ’,
2136 983 2289 1053 cujus
2319 985 2434 1054 plu-

877 1074 1012 1127 rima
1038 1073 1279 1142 preclara
1305 1073 1560 1127 miracula
1591 1082 1932 1142 cognoverat.
1965 1082 2148 1126 votum
2194 1087 2394 1126 vovens
2417 1112 2430 1136 ,

867 1164 1009 1232 quod
1040 1164 1084 1217 si
1111 1178 1232 1218 eum
1265 1163 1516 1216 liberaret
1539 1201 1554 1226 ,
1589 1163 1753 1232 ipsius
1777 1161 1934 1216 vellet
1961 1161 2146 1216 limina
2171 1163 2222 1214 in
2252 1176 2434 1230 perso-

870 1265 938 1303 na
979 1250 1195 1318 propria
1227 1250 1466 1303 visitare.
1493 1249 1624 1303 Mira
1665 1265 1770 1314 res,
1799 1251 1924 1318 quia
1978 1250 2245 1304 mirabilis
2297 1251 2435 1303 Deus

867 1337 922 1392 in
950 1337 1150 1391 sanctis
1177 1337 1310 1391 suis.
1341 1337 1440 1391 Vix
1465 1338 1623 1392 verba
1657 1337 1890 1402 ﬁnierat,
1910 1346 1962 1392 et
1993 1353 2117 1393 ecce
2147 1339 2326 1393 subito
2346 1353 2436 1406 pe-

868 1429 1012 1482 nitus
1050 1443 1212 1482 sanus
1239 1427 1413 1482 factus
1437 1437 1520 1482 est
1554 1428 1763 1482 cunctis
1797 1428 2156 1497 stupentibus,
2187 1442 2436 1496 surgens-

865 1534 973 1588 que
1003 1520 1057 1573 in
1084 1527 1355 1574 momento
1380 1534 1571 1590 papam
1604 1520 1759 1582 adiit,
1789 1520 2105 1573 miraculum
2136 1535 2347 1588 quoque
2375 1535 2437 1573 ac

867 1618 1049 1662 votum
1092 1608 1192 1677 ipsi
1216 1622 1282 1664 ex
1310 1610 1500 1662 ordine
1529 1607 1800 1677 patefecit.
1840 1606 1938 1673 Qui
1981 1608 2198 1678 gavisus
2229 1621 2309 1661 est
2340 1648 2354 1672 ,
2384 1616 2438 1661 ct

870 1697 1180 1761 Dominum,
1204 1699 1294 1766 qui
1339 1708 1555 1751 sanctos
1582 1712 1706 1751 suos
1734 1697 1805 1750 ita
1831 1697 2099 1766 gloriﬁcat
2126 1737 2140 1762 ,
2187 1698 2239 1750 in
2281 1698 2439 1751 beato

867 1785 1158 1840 Adalberto
1188 1787 1422 1856 glorioso
1448 1801 1544 1840 suo
1576 1795 1812 1856 martyre
1839 1787 2127 1840 benedixit.
2154 1786 2286 1840 Cum
2326 1786 2436 1856 (66)

871 1877 1035 1946 igitur
1061 1878 1233 1932 dictus
1261 1879 1553 1946 imperator
1580 1876 1705 1932 Otto
1738 1879 1931 1930 tercius
1959 1892 2055 1946 pro
2083 1877 2292 1948 expleto
2315 1887 2439 1930 voto

871 1966 924 2018 in
956 1965 1229 2020 Poloniam
1255 1967 1582 2032 advenisset,
1614 1976 1870 2034 exceptus
1900 1977 1982 2022 est
2018 1967 2071 2020 in
2095 1969 2443 2038 magniﬁcen-

868 2055 952 2108 cia
983 2063 1037 2108 et
1071 2055 1237 2125 gloria
1269 2071 1458 2124 magna
1482 2070 1510 2108 a
1539 2057 1744 2123 prefato
1775 2057 1907 2110 duce
1934 2055 2155 2111 Polonie
2177 2057 2439 2110 Boleslao.

872 2143 1181 2213 Stravitque
1209 2147 1258 2199 ei
1293 2147 1430 2199 viam
1463 2147 1731 2214 publicam
1759 2147 1823 2200 de
1861 2146 2158 2201 baldekiuis
2195 2156 2250 2200 et
2300 2162 2446 2201 sam-

873 2235 1018 2288 mitis
1066 2235 1399 2302 diversisque
1451 2236 1715 2301 preciosis
1761 2237 1949 2290 sericis
1998 2237 2331 2291 ornamentis
2378 2238 2445 2290 ad

871 2322 977 2376 duo
1008 2339 1203 2394 magna
1228 2325 1459 2378 miliaria
1496 2341 1666 2394 usque
1697 2326 1750 2378 in
1775 2324 1987 2380 Gneseu
2016 2326 2068 2379 in
2103 2327 2355 2395 templum
2381 2327 2445 2380 ad

875 2415 1113 2468 tumbam
1138 2417 1310 2469 sancti
1342 2416 1641 2470 Adalberti.
1681 2417 1878 2471 Videns
1903 2426 2079 2470 autem
2113 2418 2447 2471 christianis-

871 2506 1038 2560 simus
1074 2517 1334 2574 augustus
1363 2508 1505 2561 circa
1556 2509 1802 2561 eumdem
1862 2509 2050 2562 ducem
2083 2516 2284 2560 tantam
2314 2507 2446 2560 divi-

873 2597 1077 2650 ciarum
1143 2599 1482 2667 opulenciam
1552 2598 2021 2668 frequcnciamque
2076 2606 2129 2652 et
2184 2597 2448 2652 excellen-

872 2688 1009 2741 ciam
1039 2689 1165 2757 regii
1195 2699 1482 2758 apparatus
1513 2691 1562 2743 in
1592 2691 1935 2754 ministeriis,
1970 2690 2105 2744 cibis
2131 2699 2184 2744 et
2211 2690 2445 2759 potibus,

877 2779 1021 2832 vasis
1051 2780 1227 2833 aureis
1257 2795 1317 2832 ac
1348 2781 1617 2850 argenteis
1653 2781 1876 2849 aliisque
1925 2779 2314 2834 munilicenciis
2339 2817 2352 2840 ,
2392 2795 2448 2832 se

879 2885 1094 2938 quoque
1147 2871 1214 2925 ab
1264 2885 1327 2925 eo
1360 2881 1465 2924 tam
1519 2873 1681 2942 regali
1746 2888 1905 2940 supra
1946 2872 2164 2925 modum
2196 2871 2447 2924 decencia

876 2969 1184 3028 susceptum
1211 2971 1264 3014 et
1296 2971 1650 3030 pertractum,
1683 2963 1816 3016 dixit
1848 2964 1912 3016 ad
1945 2963 2215 3032 principes
2238 2965 2329 3032 qui
2361 2975 2445 3016 se-

876 3065 998 3102 cum
1037 3060 1230 3103 erant:
1271 3050 1437 3120 Magis
1468 3052 1608 3105 decet
1647 3053 1801 3104 talum
1851 3054 2134 3121 principem
2179 3070 2285 3106 esse
2325 3069 2446 3105 con-

874 3150 1061 3190 sortem
1087 3140 1282 3208 imperii
1304 3157 1459 3207 quant
1487 3141 1796 3210 subjectum.
1830 3141 2160 3210 Sumptoque
2190 3143 2300 3212 (67)
2326 3143 2452 3212 dya-

2534 632 2756 687 Polonie
2783 634 3083 686 coronavit.
3136 631 3224 686 Sic
3255 631 3432 702 itaque
3476 632 3757 686 occasione
3785 628 4090 686 veneracio-

2536 723 2618 775 nis
2647 723 2787 776 beati
2819 721 3092 775 Adalberli
3140 721 3365 789 gloriam
3419 720 3566 791 regni
3596 721 3824 790 primum
3869 718 4088 774 Poloziia

2537 815 2730 880 adepta
2766 821 2868 876 est,
2901 821 3260 880 ceperuntque
3303 811 3571 881 principes
3600 809 3715 877 ejus
3744 817 3939 862 extunc
3983 820 4088 861 nm

2532 916 2654 954 esse
2687 900 2910 968 subjecti
2940 901 3155 970 regibus
3184 899 3568 954 Romanorum.
3598 900 3704 954 lste
3733 897 3842 966 (68)
3877 912 3969 951 rex
3989 895 4091 949 Po-

2533 989 2800 1052 lonorum,
2829 990 3007 1044 dictus
3036 989 3357 1043 victoriosus
3384 999 3438 1043 et
3462 989 3580 1058 pius
3604 987 3878 1042 Boleslaus
3909 1028 3923 1051 ,
3953 986 4091 1040 dila-

2536 1079 2667 1134 tavit
2695 1079 2956 1132 terminos
2991 1078 3136 1148 regni
3169 1086 3222 1130 et
3265 1077 3460 1130 famam
3491 1076 3890 1132 celeberrimam
3921 1075 4094 1142 gentis

2536 1182 2653 1232 sue,
2695 1182 2724 1220 a
2753 1166 2995 1220 Danubio
3022 1166 3282 1234 siquidem
3308 1206 3322 1228 ,
3357 1180 3548 1233 magno
3571 1163 3784 1216 ﬁumine
3813 1162 3957 1231 regni
3990 1160 4093 1215 Un-

2533 1258 2887 1326 garie,usque
2907 1256 2972 1309 ad
2999 1253 3201 1317 Salam,
3225 1252 3442 1306 ﬁuvium
3469 1251 3719 1315 Saxonie,
3738 1250 3873 1319 apud
3905 1248 4090 1311 Hallis,

2535 1356 2642 1401 eta
2672 1346 2853 1409 Kiwe,
2909 1359 3014 1414 que
3063 1353 3144 1397 est
3195 1343 3360 1396 Rusie
3402 1342 3753 1411 metropolis,
3809 1354 3977 1407 usque
4026 1340 4093 1391 ad

2537 1446 2747 1492 montes
2776 1435 3057 1492 Karintliie
3085 1474 3099 1498 ,
3128 1434 3460 1503 principatus
3509 1433 3624 1501 ejus
3669 1431 3958 1486 dominium
3986 1439 4096 1483 ten-

2535 1528 2780 1582 debatur.
2843 1526 2978 1580 Huic
3010 1525 3122 1596 (69)
3177 1524 3437 1579 successit
3488 1523 3629 1576 ﬁlius
3664 1523 3780 1592 ejus
3817 1521 3992 1574 Mesco
4043 1520 4094 1572 in

2538 1635 2781 1688 regnum.
2813 1618 2939 1672 Post
2970 1632 3127 1685 quem
3144 1615 3212 1646 ⁸⁸³
3240 1615 3381 1669 ﬁlius
3429 1613 3542 1682 ejus
3572 1613 3874 1667 Kazmirius
3905 1627 3967 1665 ex
4012 1625 4096 1664 so-

2537 1723 2659 1762 rore
2691 1708 2802 1777 (70)
2832 1706 3042 1761 Ottonis
3069 1703 3409 1773 imperatoris
3435 1703 3658 1772 predicti
3689 1701 4096 1771 cognominatus

2540 1801 2768 1856 Karolus
2796 1801 2994 1854 tercius
3041 1797 3324 1867 regnavit,
3359 1805 3412 1850 et
3443 1805 3562 1864 post
3600 1797 3740 1848 hunc
3765 1802 3987 1860 quartus
4017 1807 4099 1846 re-

2471 1876 2512 1934 Β
2540 1905 2700 1959 gnum
2735 1889 2906 1942 tenuit
2938 1887 3080 1941 ﬁlius
3107 1885 3224 1953 ejus
3249 1885 3526 1939 Boleslaus
3570 1885 3745 1938 dictus
3787 1883 4098 1945 Bellicosus,

2543 1980 2633 2035 sed
2670 1978 3135 2040 sceleratissimus,
3177 1975 3269 2046 qui
3299 1984 3542 2030 sanctum
3573 1974 3905 2029 Stanislaum
3935 1987 4098 2026 vene-

2544 2069 2766 2124 rabilem
2797 2069 2970 2122 virum
2997 2107 3011 2131 ,
3050 2067 3356 2136 episcopum
3386 2065 3798 2119 Cracoviensem
3841 2062 3912 2094 ⁸⁸⁸
3937 2103 3950 2126 ,
4005 2077 4101 2130 pro

2543 2173 2608 2212 eo
2638 2157 2777 2228 quod
2819 2157 2990 2226 ipsum
3015 2169 3112 2225 pro
3136 2153 3508 2224 iniquitatibus
3535 2153 3648 2207 suis
3692 2159 3980 2222 argueret,
4027 2150 4101 2203 in-

2545 2249 2788 2312 terfecit;
2819 2248 2871 2300 in
2894 2262 3000 2315 quo
3030 2245 3227 2300 defecit
3254 2258 3475 2312 regnum
3505 2251 3559 2298 et
3587 2258 3754 2311 usque
3788 2242 3852 2295 ad
3882 2255 4102 2310 presens

2546 2347 2753 2406 tempus
2777 2338 3030 2406 deinceps
3056 2351 3147 2390 rex
3189 2335 3240 2389 in
3265 2334 3484 2389 Polonia
3513 2349 3616 2387 non
3651 2332 3903 2388 surrexit.
3954 2331 4107 2384 Dedit

2544 2445 2672 2499 ergo
2703 2430 2754 2483 in
2783 2428 2991 2499 prel‘ata
3021 2427 3377 2482 coronacione
3401 2425 3526 2480 Otto
3562 2426 3852 2493 imperator
3877 2422 3985 2490 regi
4016 2421 4108 2473 Bo.

2546 2518 2710 2572 leslao
2735 2533 2831 2586 pro
2858 2518 3082 2587 insignis
3110 2516 3382 2585 regalibus
3404 2515 3643 2568 lanceam
3676 2513 3820 2568 beati
3866 2511 4109 2565 Mauricii

2546 2619 2600 2664 et
2628 2625 2789 2664 unum
2812 2625 2877 2664 ex
2915 2609 3084 2664 clavis
3112 2608 3344 2672 Domini,
3375 2605 3590 2675 ﬁlioque
3612 2607 3726 2675 ejus
3755 2603 3989 2657 Mezconi
4021 2617 4109 2654 so-

2548 2714 2723 2753 rorem
2755 2715 2905 2753 suam
2953 2697 3235 2767 despondit
3276 2697 3331 2750 in
3383 2711 3627 2751 uxorem.
3679 2693 3953 2747 Boleslaus
3981 2691 4096 2760 (7i)

2548 2799 2727 2844 autem
2755 2805 2848 2844 rex
2880 2789 3020 2842 inter
3040 2788 3266 2857 plurima
3296 2784 3616 2839 excellencia
3645 2783 3712 2814 ⁸⁸⁵
3741 2795 3964 2836 munera
3991 2781 4114 2832 bra-

2548 2882 2728 2935 chium
2758 2878 2928 2934 sancti
2951 2877 3226 2932 Adalberti
3252 2876 3420 2930 cesari
3438 2874 3735 2929 clarissimo
3757 2869 3945 2924 obtulit
3972 2867 4114 2936 quod

2550 2970 2636 3025 ille
2665 2985 2822 3039 Super
2843 2969 3023 3024 omnia
3053 2968 3189 3023 dona
3223 2967 3527 3036 gratissime
3559 2961 3882 3032 acceptavit,
3910 2969 3962 3013 et
3988 2974 4117 3025 gau-

2547 3063 2680 3116 dens
2701 3063 2764 3113 ad
2791 3061 3003 3129 propria
3034 3067 3116 3114 est
3145 3073 3416 3121 reversus,
3450 3055 3651 3124 gratias
3678 3067 3840 3122 agens
3868 3049 4113 3110 Domino,

2551 3152 2701 3221 cujus
2733 3164 2956 3219 regnum
2983 3157 3225 3203 eternum
3246 3155 3329 3201 est
3351 3154 3404 3200 et
3437 3143 3716 3212 imperium
3744 3153 3900 3208 super
3929 3150 4117 3190 omnes

877 3229 1090 3284 dentale
1122 3231 1185 3284 dc
1213 3232 1386 3300 capite
1425 3247 1541 3298 suo,
1572 3234 1829 3302 imposuit
1858 3248 2019 3303 super
2042 3243 2200 3303 caput
2234 3233 2398 3303 ipsius
2429 3273 2442 3298 ,
2473 3245 2517 3305 C
2551 3241 2602 3294 in
2633 3239 2812 3294 secula
2845 3238 3165 3294 seculorum.
3202 3237 3394 3292 Amen.

2136 3346 2366 3400 VARIE
2408 3348 2808 3405 LECTIONES.

947 3434 1014 3508 "f
1041 3433 1117 3486 bis
1148 3436 1395 3503 scriptum
1427 3453 1472 3490 ε.
1546 3436 1614 3469 ⁵⁶⁰
1649 3436 1752 3491 ullo
1777 3453 1822 3490 c.
1899 3436 1965 3468 ⁵⁶¹
2000 3436 2101 3507 piis
2131 3452 2156 3489 c
2230 3435 2297 3467 ⁸⁸⁸
2320 3436 2690 3507 ﬁagittaudum
2720 3457 2766 3492 c.
2840 3439 2909 3470 ⁸⁸³
2937 3454 3096 3508 quam
3128 3454 3154 3491 c
3225 3436 3294 3469 “"
3321 3433 3722 3489 draconiensem
3745 3446 3792 3484 c.
3865 3427 3934 3459 “'
3961 3436 4119 3481 exce'

876 3502 1068 3558 lencia.

2396 3618 2625 3675 NOTAE.

949 3707 1058 3778 (66)
1093 3710 1167 3762 De
1195 3711 1541 3780 sequentibus
1564 3710 1632 3766 cf.
1674 3711 1887 3765 Martini
1915 3711 2050 3767 Galli
2091 3712 2396 3767 Clironicon
2429 3754 2443 3779 ,

880 3779 1082 3852 Getlaui
1110 3781 1246 3834 1749
1279 3779 1393 3845 lol.,
1423 3797 1474 3850 p.
1508 3782 1594 3845 60,
1624 3783 1712 3843 6-l,
1743 3783 1829 3836 ubi
1855 3782 1966 3835 lirec
1992 3784 2041 3835 in
2075 3782 2208 3836 libro
2238 3784 2302 3836 de
2324 3799 2446 3852 pas-

881 3864 1032 3920 sroue
1054 3851 1327 3904 Adalberti
1354 3853 1452 3920 legi
1484 3851 1754 3904 dicuntur.

880 3989 900 4041 l
1094 3920 1177 3975 ω’.
1213 3922 1382 3975 Vitam
1415 3919 1470 3975 ὃ.
1519 3920 1772 3975 Stanislai
1816 3929 1871 3975 et
1912 3919 2063 3990 Voigt
2091 3919 2226 3974 llist.
2260 3920 2448 3975 Pruss.

957 4057 1185 4131 (68)_(‘.f.
1228 4060 1522 4131 Bogupbali
1565 4060 1767 4115 Chron.
1802 4059 1854 4113 in
1892 4059 2300 4130 Sommersberg
2351 4059 2448 4113 SS.

886 4127 1043 4182 Siles.
1079 4129 1144 4194 ιι,
1170 4147 1220 4199 ρ.
1251 4130 1340 4183 25.

2623 3715 2733 3783 (69)
2800 3715 2872 3768 De
2918 3711 3371 3784 sequentibuscf.
3416 3707 3628 3764 Martini
3659 3703 3793 3761 Galli
3836 3702 4032 3757 Chron.
4064 3715 4114 3767 p.

2554 3784 2728 3857 δεῖξαι
2759 3782 3124 3857 Boguplizilutn
3158 3801 3209 3853 p.
3238 3782 3343 3857 ⁴25ΪΔ
3430 3849 3475 3857 __
3545 3849 3554 3857 _
3581 3847 3611 3857 η
3637 3847 3666 3857 η
3835 3856 3838 3857 ν
3885 3840 3896 3851 .

2600 3836 2867 3935 (7921—32
2910 3836 3213 3916 Ἳιίιῖιιριεῖ,
3273 3852 3380 3905 lilia
3430 3847 3699 3902 Matliildis
3731 3840 3929 3898 sororis
3963 3836 4120 3892 Otto-

2561 3925 2857 4130 :Isgléim.
2903 3993 3115 4046 Martini
3169 3991 3306 4047 Galli
3333 3989 3462 4046 Chr.
3501 4003 3553 4056 p.
3586 3986 3646 4040 6!
3681 4025 3695 4049 ,
3725 3992 3781 4037 et
3827 3977 4120 4049 Boguphal.

1370 4297 4117 4340 _______________________________________

1600 4472 2263 4590 εΔΝοτι
2335 4464 3428 4589 ADALBEBTI

2153 4679 2461 4736 EPISCOPI
2501 4676 2884 4735 PRAGENSIS

1354 4859 1764 4958 HOMILIA
1833 4859 1933 4956 IN
2007 4856 2395 4955 NATALE
2469 4855 2550 4952 S.
2597 4851 2967 4950 ’ALEXII
3024 4843 3682 4946 CONFESSORIS.

1922 5060 2094 5131 (Apud
2126 5057 2370 5113 Bolland.
2399 5055 2523 5113 Julii
2565 5064 2694 5110 tom.
2728 5052 2818 5119 lV,
2848 5069 2897 5122 p.
2928 5050 3079 5116 257.)

2243 5345 2768 5428 MONITUM.
