4486 5544
348 430 448 483 897

1317 422 1595 479 HOMILIA
1637 421 1721 476 DE
1761 422 1817 475 S.
1860 422 2109 476 ALEXIO
2147 420 2610 476 CONFESSORE.

3471 412 3575 467 898

346 534 720 602 antiquitatem
752 548 911 603 quam
940 542 1161 603 pr0pter
1185 532 1453 603 meritum,
1486 546 1606 603 cum
1632 530 1759 583 nihil
1800 531 1918 582 novi
1951 531 2014 582 dc
2042 540 2227 603 sancto
2274 544 2367 603 nos
2395 528 2606 603 doceat,
2656 526 2898 580 rescissis
2931 525 3015 587 iis,
3046 539 3163 593 qure
3211 538 3269 603 ιη¹
3315 520 3578 603 principio

347 591 536 657 scribit
561 614 750 658 auctor
770 591 837 657 ile
863 591 1081 669 praemio
1113 602 1325 654 illorum
1351 602 1438 667 qui
1484 600 1755 669 Christum
1799 612 2097 669 sequuntur
2130 601 2179 650 in
2226 597 2528 669 voluntaria
2554 591 3163 669 paupertate,qu;eque
3204 592 3270 645 ad
3316 591 3579 669 asceticos

347 677 525 741 potius
552 689 709 742 quam
766 659 1050 726 historicos
1085 659 1747 742 spectant.'lllemiiiit__de
1777 683 1837 721 ea
1873 659 2137 742 Baronius
2181 668 2247 742 ad
2291 659 2701 742 aniiuniMlDOl',
2744 680 2875 742 nunt
2914 659 2999 742 19‘,
3031 659 3296 742 additque
3326 661 3494 742 ipsam
3528 659 3581 711 in

349 727 583 795 ecclesia.
627 744 725 797 SS.
773 742 1033 795 Bonifacii
1083 727 1134 793 ei
1177 740 1345 791 Alexii
1398 738 1581 791 Romae
1622 738 1839 798 dictam,
1873 738 2014 804 quod
2049 738 2237 804 repetit
2276 750 2417 787 anno
2446 734 2603 799 1004,
2647 727 2794 788 num.
2848 734 2898 789 8.
2950 734 3015 791 Et
3042 747 3169 787 vero
3196 727 3389 786 dictam
3417 727 3583 782 fuisse

352 811 455 866 isto
486 813 622 877 loco,
651 811 918 881 colligitur
943 826 1008 864 ex
1038 809 1213 864 verbis
1243 808 1437 877 quibus
1468 806 1659 860 affatur
1686 815 1872 861 auctor
1904 807 1957 860 in
1986 806 2091 860 ﬁne
2114 806 2389 859 auditores
2418 818 2563 857 suos.

736 1104 1079 1165 HOMILIA
1125 1103 1183 1162 S.
1233 1100 1686 1162 ADALBERTI
1734 1097 2082 1157 EPISCOPI
2128 1094 2558 1155 PRAGENSIS
2600 1092 2699 1155 AC
2745 1092 3179 1153 MARTYRIS.

431 1334 443 1347 .
472 1334 483 1345 .
515 1333 526 1345 .
560 1330 573 1344 .
602 1330 615 1345 .
643 1328 655 1343 .
686 1329 698 1342 .
731 1290 898 1358 Hujus
920 1290 995 1343 rei
1018 1297 1069 1342 et
1095 1290 1146 1341 in
1175 1287 1347 1349 nobis,
1375 1284 1569 1338 fratres
1594 1283 1918 1344 charissimi,
1955 1290 1996 1347 Α
2027 1279 2258 1334 Romani
2302 1279 2479 1349 populi
2527 1288 2745 1348 accepta
2790 1292 2909 1333 esse
2960 1277 3247 1330 diceretur.
3304 1273 3478 1345 Magni
3524 1282 3599 1327 et-

356 1400 499 1454 smpe
528 1380 828 1449 exemplum
861 1379 1207 1447 sumpsimus,
1240 1392 1359 1430 cum
1389 1375 1579 1428 alicubi
1620 1388 1715 1439 pro
1747 1387 1927 1424 rerum

357 1474 673 1528 necessitate
695 1471 1075 1539 digredientes,
1100 1476 1289 1522 cuncta
1310 1467 1462 1519 nobis
1481 1463 1929 1517 monasteriorum

361 1560 665 1616 habitacula
704 1559 854 1626 quasi
905 1558 1117 1626 prepria
1165 1567 1347 1623 patere
1379 1554 1744 1623 cognovimus.
1791 1551 1932 1603 Cun-

356 1663 474 1705 ctos
522 1653 571 1703 in
603 1659 840 1703 nostrum
889 1647 1205 1715 obsequium
1243 1645 1603 1698 sincerissima
1650 1642 1931 1695 devotione

358 1756 557 1811 prunos
604 1739 929 1806 aspeximus,
972 1746 1025 1789 et
1076 1735 1304 1787 maxime
1350 1734 1401 1785 in
1442 1734 1611 1785 beata“,
1660 1729 1933 1783 memoria:

359 1844 511 1901 patre
543 1839 722 1883 nostro
749 1827 957 1889 Alexio,
982 1824 1134 1891 cujus
1162 1824 1319 1877 hodie
1344 1822 1699 1875 venerandam
1724 1834 1935 1872 assum—

360 1925 559 1993 ptionis
603 1923 742 1975 diem
791 1918 968 1971 debita
1019 1914 1358 1969 solemnitate
1408 1910 1715 1971 recolinms,
1765 1917 1934 1960 totum

361 2015 607 2070 lectionis
639 2012 793 2081 hujus
828 2021 1067 2063 tenorem
1112 2006 1354 2059 videmus
1393 2001 1780 2072 perfectissime
1819 2014 1937 2054 esse

363 2106 706 2173 completum.
760 2099 1043 2154 Derelictis
1097 2096 1239 2150 enim
1282 2094 1531 2147 omnibus
1586 2099 1800 2144 secutus
1855 2098 1937 2143 est

364 2199 655 2257 Christum,
709 2191 923 2262 quando
966 2189 1164 2258 spretis
1210 2186 1477 2247 omnibus,
1511 2191 1660 2251 patre
1690 2180 1938 2235 videlicet

367 2298 423 2341 et
454 2296 641 2344 matre,
678 2296 775 2336 nec
806 2296 910 2333 non
942 2292 1135 2346 sponsa
1164 2289 1284 2329 cum
1323 2272 1523 2325 carnali
1555 2284 1737 2322 amore
1777 2277 1937 2336 atque

368 2378 541 2431 servis
596 2383 651 2428 et
691 2370 897 2425 ancillis
943 2369 1299 2433 universaque
1349 2361 1666 2420 substantia,
1719 2358 1939 2410 marinis

368 2467 620 2520 ﬂuctibus
674 2465 840 2516 nimio
894 2476 1014 2513 cum
1070 2458 1251 2510 labore
1300 2452 1608 2521 superatis,
1687 2450 1938 2503 Edestain

373 2556 545 2626 Syriae
592 2553 803 2606 tandem
852 2547 1093 2617 pervenit
1131 2546 1195 2598 ad
1243 2544 1461 2605 urbem;
1507 2539 1593 2593 ubi
1648 2537 1938 2607 perfectam

2032 1374 2173 1426 enim
2206 1372 2380 1424 meriti
2418 1381 2517 1433 est,
2565 1370 2757 1424 fratres
2800 1370 2925 1431 mei,
2980 1370 3250 1422 hominem
3291 1366 3385 1421 Dei
3418 1368 3599 1421 divina

2034 1478 2161 1515 voce
2188 1462 2464 1531 appellari,
2498 1461 2750 1529 quoniam
2780 1475 2901 1513 cum
2932 1459 3202 1527 propheta
3233 1458 3326 1511 ﬁlii
3359 1457 3595 1511 hominis

2033 1563 2087 1605 et
2132 1568 2236 1605 non
2269 1552 2512 1605 homines
2540 1550 2631 1603 Dei
2664 1551 2729 1602 ab
2759 1550 2946 1603 eodem
2991 1548 3216 1600 Domino
3256 1557 3380 1601 sunt
3415 1546 3599 1615 appel-

2035 1642 2158 1705 lati;
2216 1642 2315 1694 iste
2364 1640 2517 1708 quasi
2567 1641 2795 1708 quodam
2848 1638 3127 1707 privilegio
3171 1637 3336 1690 homo
3385 1635 3476 1689 Dei
3520 1645 3606 1689 est

2036 1729 2361 1781 nominatus.
2402 1726 2552 1781 Sicut
2583 1729 2693 1795 ipse
2724 1726 2976 1795 singulari
3006 1740 3114 1793 prae
3141 1725 3348 1778 caeteris
3376 1724 3603 1778 dimica-

2035 1824 2108 1875 vit
2158 1824 2475 1885 certamine,
2526 1822 2596 1895 ita
2628 1822 2843 1891 speciali
2880 1820 3140 1875 vocabulo
3185 1834 3215 1873 a
3248 1815 3471 1875 Domino
3498 1835 3611 1873 tne-

2039 1915 2143 1966 ruit
2174 1915 2494 1981 nuncupari.

2108 2004 2239 2059 Cum
2271 2004 2412 2057 enim
2458 2003 2703 2058 carnales
2737 2005 2948 2071 nuptias
2973 2017 3154 2057 amore
3183 2002 3363 2056 divino
3400 2001 3608 2055 inﬁamo

2039 2103 2215 2149 matus
2246 2095 2584 2161 contempsit,
2619 2095 2896 2147 Dominico
2940 2094 3135 2146 meruit
3188 2092 3420 2147 thalamo
3448 2109 3613 2163 c0pu-

2038 2184 2135 2236 lari
2188 2193 2350 2251 atque
2403 2185 2541 2237 inter
2598 2184 2683 2236 illa
2743 2184 3083 2236 innocentum
3137 2185 3348 2253 agmina
3400 2185 3609 2255 Agnum

2040 2275 2321 2343 sequentia
2373 2276 2771 2337 connumerari,
2806 2276 2895 2343 qui
2930 2283 3149 2327 cantant
3196 2274 3463 2330 canticum
3511 2292 3611 2329 no.

2040 2381 2161 2418 vum
2190 2375 2311 2419 ante
2340 2366 2524 2418 sedem
2552 2364 2645 2418 Dei
2674 2375 2727 2419 et
2756 2366 2913 2433 Agni.
2964 2364 3026 2418 lii
3057 2374 3180 2418 sunt
3206 2366 3347 2419 enim
3377 2365 3611 2433 quicum

2040 2458 2358 2512 mulieribus
2402 2473 2508 2511 non
2560 2465 2683 2511 sunt
2729 2457 3062 2525 coinquinati
3107 2474 3119 2509 :
3189 2457 3423 2527 virgines
3474 2459 3617 2511 enim

2043 2559 2186 2613 sunt,
2232 2557 2283 2602 et
2315 2559 2614 2617 sequuntur
2640 2549 2849 2618 Agnum
2889 2551 3208 2618 quocunque
3238 2550 3377 2602 ierit.
3430 2548 3620 2604 Merito

373 2643 583 2698 vivendi
638 2656 877 2695 normam
938 2638 1093 2703 longo
1150 2650 1245 2687 usu
1304 2632 1527 2693 didicit,
1586 2639 1638 2681 et
1688 2629 1938 2695 despecto
1971 2651 2014 2708 Β
2047 2644 2144 2694 ho"

1852 2635 1938 2679 είο
1971 2651 2014 2708 Β
2047 2644 2203 2694 homo
2234 2639 2346 2700 Dei,
2384 2640 2435 2691 id
2465 2648 2547 2693 est
2590 2639 2849 2707 templum
2890 2639 3005 2704 Dei,
3040 2640 3235 2707 hospes
3258 2638 3480 2703 Christi,
3525 2639 3617 2692 ha-

374 2734 595 2793 mundo,
628 2729 835 2799 injuriis
878 2725 1309 2795 opprobriisque,
1350 2721 1488 2773 fame
1516 2729 1571 2773 et
1600 2720 1708 2781 siti,
1742 2718 1940 2787 frigore

374 2835 534 2891 atque
565 2822 821 2881 nuditate,
874 2819 1196 2871 mortiﬁcato
1247 2829 1469 2884 corpore
1498 2811 1773 2866 Christum
1816 2810 1942 2864 totis

376 2912 657 2967 desideriis
680 2909 1024 2977 sequebatur.

448 3004 663 3058 Sciebat
708 3002 849 3055 enim
902 3003 1073 3068 ipsum
1126 3001 1176 3053 in
1220 2996 1511 3067 Evangelia
1539 2995 1776 3049 dixisse:
1833 2991 1943 3045 Nisi

377 3099 500 3167 quis
530 3095 920 3150 renuntiaverit
948 3093 1199 3146 omnibus
1223 3107 1339 3159 quze
1370 3088 1627 3157 possidet,
1653 3096 1705 3139 et
1730 3093 1948 3139 secutus

380 3202 464 3239 me
508 3184 691 3245 fuerit,
722 3198 824 3235 non
852 3190 1023 3251 potest
1049 3196 1199 3233 meus
1225 3192 1343 3233 esse
1374 3176 1683 3245 discipulus.
1709 3175 1949 3243 Cumque

379 3277 493 3329 haec
521 3274 811 3327 Dominicze
854 3281 1114 3341 praecepta
1169 3271 1421 3323 diuturno
1466 3276 1703 3335 tempore
1756 3265 1949 3318 ibidem

377 3374 781 3433 exsequeretur,
816 3363 992 3416 divina
1026 3377 1155 3416 voce
1193 3358 1570 3412 manifestatur
1599 3355 1901 3410 hominibus
1935 3373 1946 3406 ε

376 3470 464 3519 ac,
497 3468 563 3506 ne
604 3468 750 3505 vana:
784 3452 966 3521 gloria:
1015 3451 1314 3503 incurreret
1340 3447 1572 3515 culpam,
1606 3446 1728 3498 inde
1767 3446 1954 3498 absce-

379 3545 506 3599 dere
532 3544 827 3612 disposuit;
878 3558 941 3596 ac
986 3543 1065 3596 sic
1102 3543 1226 3595 dum
1258 3540 1521 3593 Tharsum
1568 3553 1728 3592 causa
1777 3538 1952 3591 occul-

383 3636 528 3689 tandi
586 3633 1016 3703 proﬁcisceretur
1057 3632 1165 3685 Deo
1224 3632 1473 3693 volente,
1513 3630 1562 3681 vi
1610 3630 1674 3681 ad
1726 3630 1950 3697 patriam

381 3738 631 3778 reversus
661 3732 760 3775 est.
815 3725 1057 3790 Cumque
1106 3737 1133 3773 a
1166 3730 1318 3790 patre
1358 3735 1455 3788 pro
1488 3734 1722 3789 paupere
1768 3734 1951 3772 susce-

380 3821 502 3880 ptus
530 3819 698 3873 esset,
734 3820 791 3861 ut
819 3809 1061 3869 audistis,
1095 3809 1146 3861 in
1177 3810 1334 3861 domo
1365 3808 1578 3877 propria
1617 3817 1673 3859 ut
1718 3806 1952 3876 pcregri-

381 3916 482 3953 nus
529 3899 798 3951 manebat.
848 3897 890 3951 0
937 3905 1136 3965 quanta
1169 3898 1466 3950 constantia
1503 3905 1810 3965 quantaque
1835 3896 1950 3963 ejus

2044 2732 2336 2786 bitaculum
2386 2732 2617 2799 Spiritus
2662 2732 2830 2785 sancti
2872 2729 3094 2785 effectus
3125 2738 3225 2785 est.
3270 2729 3397 2784 Jure
3445 2731 3620 2785 dictus

2043 2831 2123 2874 est
2147 2836 2243 2891 pro
2286 2820 2455 2875 Roma
2487 2822 2689 2875 orando
2728 2821 2996 2886 exaudivi,
3035 2821 3124 2889 qui
3159 2821 3210 2874 in
3242 2819 3408 2876 Roma
3442 2820 3621 2890 singu-

2045 2912 2212 2967 larem
2260 2914 2465 2967 studuit
2509 2914 2703 2967 ducere
2740 2914 2935 2977 vitam;
2994 2923 3049 2967 et
3096 2915 3230 2968 bene
3276 2914 3325 2967 ei
3376 2914 3625 2984 congruit

2046 3018 2221 3057 sermo
2258 3002 2569 3056 Dominicus
2592 3042 2606 3066 ,
2646 3002 2736 3070 qui
2769 3003 2937 3057 dicit:
2978 3002 3078 3068 Qui
3107 3002 3373 3056 dimiserit
3402 3018 3625 3056 uxorem

2046 3104 2138 3148 aut
2167 3094 2305 3148 ﬁlios
2336 3102 2555 3162 propter
2592 3109 2784 3147 nomen
2820 3108 3019 3159 meum,
3065 3092 3372 3162 centuplum
3400 3093 3628 3163 accipiet

2050 3194 2104 3237 et
2135 3184 2297 3235 vitam
2328 3192 2583 3235 mternam
2609 3182 2921 3251 possidebit.

2122 3272 2273 3339 Quod
2323 3272 2466 3326 enim
2517 3287 2615 3339 pro
2655 3272 2870 3325 Christo
2907 3271 3126 3335 dimisit,
3174 3272 3276 3325 hoc
3319 3271 3626 3340 centuplum

2055 3362 2295 3429 accepit;
2332 3361 2455 3429 quia
2486 3361 2739 3413 nimirum
2777 3361 3025 3429 ceutuplo
3058 3361 3228 3430 majus
3255 3363 3301 3414 ei
3334 3361 3431 3415 fuit
3469 3362 3630 3416 meri-

2056 3462 2163 3506 tum
2214 3452 2477 3505 castitatis
2539 3451 2678 3504 inter
2742 3452 3076 3505 continentes
3128 3461 3346 3520 prepter
3394 3451 3628 3505 fructum

2054 3542 2293 3610 spiritus,
2329 3555 2490 3610 quam
2544 3541 2683 3593 inter
2729 3541 3066 3595 lascivientes
3110 3542 3379 3611 quondam
3414 3552 3632 3611 propter

2055 3633 2383 3687 desiderium
2415 3632 2595 3686 carnis
2622 3651 2635 3685 :
2671 3632 2806 3686 ﬁlios
2834 3633 2995 3685 etiam
3025 3648 3158 3700 quos
3188 3632 3476 3687 carnaliter
3505 3642 3633 3687 tunc

2055 3725 2253 3778 habere
2302 3724 2564 3791 despexit,
2612 3739 2754 3778 nunc
2795 3724 3101 3791 centuplum
3148 3724 3391 3790 accipere
3436 3726 3635 3777 meruit

2056 3813 2343 3882 spiritales.
2396 3813 2753 3867 Ccntenarius
2797 3813 2993 3882 quippe
3046 3828 3323 3877 numerus,
3381 3822 3438 3865 ut
3490 3828 3634 3881 saepe

2056 3906 2256 3959 dictum
2306 3912 2407 3967 est,
2460 3902 2842 3971 perfectionem
2899 3903 3121 3971 ﬁgurate
3176 3902 3475 3955 denuntiat.
3527 3901 3635 3956 Nos

379 3988 481 4042 fuit
519 3989 810 4057 patientia!
864 3987 995 4053 Quis
1036 3987 1179 4039 enim
1231 4001 1453 4038 narrare
1478 3984 1678 4053 poterit
1725 3995 1952 4052 quantas
1981 3990 2024 4051 C
2058 4008 2288 4062 namque
2338 3992 2464 4045 licet
2493 4006 2591 4046 nec
2641 3992 2777 4045 servi
2830 3990 3084 4060 appellari
3131 3991 3302 4058 digni,
3331 3991 3422 4044 ﬁlii
3457 4000 3635 4047 tamen

382 4079 705 4132 tentationes
734 4118 747 4141 ,
810 4087 1105 4145 quantosve
1151 4076 1344 4129 ﬂuctus
1390 4076 1441 4128 in
1486 4075 1565 4128 sui
1607 4076 1956 4129 sacratissimi

381 4172 615 4239 pectoris
660 4186 857 4223 arcano
889 4170 1170 4239 pertulerit
1206 4171 1329 4223 dum
1359 4177 1564 4236 patrem
1591 4182 1687 4236 pro
1720 4181 1777 4221 se
1810 4175 1958 4219 tanto

383 4274 615 4315 mcerore
668 4259 805 4313 afﬁci
869 4262 1232 4329 conspiceret,
1302 4260 1465 4315 sciret
1514 4260 1677 4313 etiam
1730 4266 1958 4312 matrem

387 4360 545 4405 nocte
574 4350 767 4419 dieque
810 4351 859 4402 in
899 4349 1024 4403 ﬂetu
1053 4360 1106 4404 et
1144 4352 1341 4420 gemitu
1378 4350 1707 4418 perdurare?
1741 4348 1960 4403 Videbat

391 4442 609 4509 insuper
628 4455 811 4495 servos
833 4440 1081 4509 proprios
1104 4441 1310 4494 deliciis
1335 4440 1606 4494 abundare
1617 4439 1961 4508 vestibusque

385 4531 637 4602 pretiosis
684 4532 897 4585 indutos
946 4530 1215 4596 incedere,
1247 4539 1300 4585 et
1331 4546 1387 4585 se
1432 4531 1499 4585 ab
1544 4530 1792 4585 omnibus
1838 4544 1963 4585 con-

386 4621 608 4689 temptui
636 4620 819 4674 haberi
850 4637 861 4672 :
896 4619 1151 4674 tolerabat
1186 4620 1251 4673 ad
1284 4622 1397 4673 haec
1420 4620 1708 4689 cpprobria
1749 4618 1961 4673 irrisio-

386 4726 591 4780 nesque
637 4726 847 4775 eorum,
897 4720 950 4766 et
994 4711 1144 4780 quasi
1175 4710 1284 4778 jam
1319 4720 1561 4766 mortuus
1603 4710 1819 4773 saeculo,
1848 4711 1963 4764 solo

386 4812 595 4857 tantum
626 4802 818 4871 spiritu
846 4801 1064 4856 Christo
1097 4802 1332 4855 vivebat.

458 4893 591 4948 Nam
643 4894 913 4964 quomodo
968 4894 1083 4963 ipse
1133 4894 1309 4948 adhuc
1361 4892 1536 4962 fragili
1597 4894 1963 4947 circumdatus

387 4999 613 5054 corpore
659 4985 775 5038 haec
823 4990 899 5037 tot
946 4983 1284 5038 incommoda
1321 4982 1547 5037 sufferre
1593 4982 1814 5046 valeret,
1861 4984 1963 5037 nisi

388 5076 572 5129 divino
606 5088 792 5127 amore
822 5071 937 5140 ejus
963 5089 1057 5128 cor
1087 5074 1230 5126 intus
1261 5086 1545 5127 accensum
1579 5071 1828 5126 arderet?
1859 5072 1964 5126 Sed

388 5166 491 5219 ista
518 5165 698 5218 omnia
745 5164 922 5217 divina
950 5166 1245 5234 agebantur
1274 5162 1556 5232 prudentia
1590 5172 1648 5216 ut
1691 5163 1739 5216 ei
1782 5178 1968 5217 accre-

386 5262 564 5307 sceret
612 5252 823 5321 gloria,
867 5259 920 5305 et
963 5269 1061 5308 nos
1103 5252 1348 5321 exemplo
1390 5250 1662 5319 patientiae
1709 5252 1853 5308 illius
1898 5253 1963 5306 ad

2058 4083 2170 4151 ejus
2199 4098 2413 4145 sumus;
2450 4083 2573 4150 quia
2605 4097 2701 4136 nos
2730 4082 2780 4135 in
2804 4082 2944 4136 hanc
2967 4096 3115 4133 suam
3145 4081 3359 4133 domum
3390 4081 3500 4151 (72)
3538 4082 3636 4135 sub

2060 4172 2354 4227 monastica
2403 4170 2733 4240 professione
2775 4171 2895 4238 pius
2937 4170 3073 4239 apud
3102 4171 3267 4222 Deum
3312 4170 3637 4223 intercessor

2060 4262 2423 4331 congregavit.
2462 4260 2570 4316 Nos
2617 4275 2802 4314 sumus
2828 4258 2942 4326 ejus
2981 4260 3070 4313 ﬁlii
3096 4274 3232 4327 quos
3261 4260 3493 4313 diversis
3519 4274 3640 4313 car-

2060 4354 2255 4408 naliter
2283 4355 2456 4408 editos
2482 4353 2795 4422 parentibus
2834 4354 2885 4405 in
2926 4367 3083 4404 unam
3117 4361 3317 4405 saneta:
3346 4349 3635 4418 professio-

2061 4444 2144 4497 nis
2175 4442 2426 4495 familiam
2458 4441 2772 4511 spiritaliter
2796 4456 2900 4494 non
2947 4447 3125 4495 cessat
3167 4440 3493 4494 coadunare.
3531 4437 3637 4493 Nos

2062 4549 2247 4588 sumus
2271 4533 2365 4587 ﬁlii
2400 4533 2542 4601 ejus,
2586 4533 2629 4586 si
2682 4531 2783 4585 iter
2819 4532 3072 4584 virtutum
3108 4529 3225 4599 ejus
3269 4529 3529 4583 imitando
3563 4537 3641 4583 te—

2062 4637 2282 4686 nemus;
2313 4622 2356 4676 si
2389 4637 2495 4675 non
2522 4637 2551 4674 a
2580 4622 2838 4691 patientia
2877 4636 3037 4690 quam
3071 4619 3121 4672 in
3153 4633 3209 4673 se
3235 4618 3492 4683 ostendit,
3525 4626 3639 4673 tor-

2063 4713 2240 4782 peado
2267 4709 2623 4765 deﬂectimus.

2141 4801 2289 4857 Unde
2318 4818 2537 4857 necesse
2570 4812 2671 4868 est,
2712 4802 2910 4855 fratres
2940 4801 3264 4864 charissimi,
3296 4807 3356 4853 ut
3385 4807 3641 4869 tanquam

2064 4895 2187 4948 boni
2216 4895 2311 4947 ﬁlii
2338 4904 2389 4948 et
2426 4905 2574 4949 tanto
2614 4904 2840 4964 parente
2869 4894 3038 4963 digni,
3070 4892 3314 4962 exempla
3348 4892 3489 4946 illius
3515 4907 3643 4946 san-

2065 4984 2318 5038 ctissimaz
2364 4985 2488 5039 vita:
2531 4986 2684 5055 sequi
2726 5000 2996 5041 curemus.
3044 4981 3155 5036 Non
3188 4998 3285 5037 nos
3342 4996 3371 5034 a
3405 4984 3649 5053 vestigiis

2069 5076 2199 5129 tanti
2246 5075 2414 5145 patris
2454 5079 2741 5146 sequendis
2783 5076 2890 5131 ulla
2946 5076 3140 5129 animae
3187 5075 3268 5129 vel
3308 5076 3491 5129 carnis
3540 5075 3654 5129 ille-

2066 5169 2227 5223 cebra
2258 5178 2494 5234 revocet,
2526 5180 2791 5239 quatenus
2820 5179 2873 5224 et
2902 5169 3003 5240 ipsi
3029 5170 3119 5237 qui
3151 5165 3399 5223 carnales
3429 5166 3657 5222 affectus

2070 5260 2537 5331 substantiamque
2585 5264 2904 5333 reliquimus
2955 5272 3264 5323 terrenam;
3314 5257 3406 5326 qui
3458 5273 3662 5313 uxores

386 5344 571 5397 eadem
622 5342 878 5396 sectanda
924 5343 1234 5399 instrueret.
1278 5342 1447 5397 Nosse
1477 5344 1679 5397 etenim
1710 5345 1963 5400 convenit
1995 5330 2039 5388 Ι)
2065 5351 2271 5410 ducere
2298 5370 2361 5409 ac
2393 5330 2530 5409 [nios
2572 5330 2868 5411 ρατηξιιίιειε
2903 5368 3199 5425 procreare
3229 5348 3483 5417 angelicae
3527 5365 3663 5405 con-
